2324 2958
0 2319 1 2322 ’
48 2316 275 2358 Apostolicae,
299 2326 372 2348 cum
391 2325 506 2347 omnes
528 2314 655 2346 articuli
677 2315 752 2346 fidei
773 2316 859 2347 adeo
883 2316 1021 2353 erudite,

0 2454 1 2473 1
49 2449 113 2483 tur,
135 2449 171 2476 ut
193 2450 225 2475 et
247 2453 325 2476 vera
347 2444 508 2475 sententia
532 2443 712 2480 doctrinae,
735 2453 820 2484 quae
841 2448 893 2474 est
905 2442 1020 2474 Eccle-

0 2531 1 2562 ξ
49 2529 132 2560 ordo
155 2529 189 2560 in
210 2529 485 2569 disputationibus
507 2528 689 2560 secundum
712 2534 888 2569 praecepta
905 2528 1022 2560 artium

51 187 113 219 31¹1
172 160 181 169 l
723 178 943 212 POSTlLLA
960 176 1354 210 MELANTHONlANA.
1973 177 2036 209 318

53 289 119 313 non
141 277 176 309 fit
197 275 267 306 sine
289 279 403 305 nostra
421 273 626 310 assensione,
649 278 682 303 et
704 271 788 303 haee
810 273 882 313 ipsa
903 282 1016 303 assen-
1040 276 1044 321 Ι
1068 271 1221 303 dentibus
1233 268 1451 301 fundamentis
1470 277 1619 302 extructa
1629 271 1836 312 undiquaque
1855 279 1893 302 se
1909 270 2036 309 offerat,

54 323 105 355 sio
142 324 192 351 est
233 322 459 357 argumentum
500 326 562 347 seu
597 315 750 346 indicium
788 315 1015 346 conversionis
1041 333 1044 368 ι
1068 313 1174 344 oculis
1193 318 1225 344 et
1247 313 1362 344 animis
1385 311 1571 354 legentium.

55 368 182 398 nostrae
202 360 246 391 ad
267 359 383 390 Deum.
424 357 611 399 Relinquite
633 357 882 399 imaginationes
894 356 1016 388 Enthu·
1042 372 1044 388 >
1153 355 1280 387 Deinde
1314 365 1379 386 non
1414 356 1510 386 modo
1545 353 1684 386 illustrat
1711 354 1834 386 Paulus
1864 365 1919 394 ea,
1954 366 2038 397 quae

55 404 220 440 siasticas,
250 403 291 433 de
315 402 460 442 raptibus
488 400 764 437 Enthusiastieis,
801 400 842 430 de
874 400 1018 430 necessi·
1042 390 1044 409 ³
1069 399 1159 439 prius
1182 398 1298 429 tradita
1322 404 1396 428 sunt
1421 398 1452 428 in
1476 398 1661 438 prophetis,
1695 405 1727 428 et
1756 398 1907 438 planiora
1929 400 2039 430 omnia

54 454 127 486 nte,
152 446 192 477 de
215 444 403 482 coaeflone,
441 454 524 485 quae
548 453 612 474 non
635 449 775 485 prosunt
796 443 1017 474 conscientiis,
1070 440 1159 479 facit,
1183 446 1214 472 et
1237 440 1425 471 methodum
1449 440 1633 482 legentibus
1645 441 1778 481 praebet
1799 441 1839 471 ad
1859 441 2037 482 prophetas

1042 503 1044 506 ⁴
1070 490 1100 515 et
1123 483 1356 526 Evangelistas
1379 482 1613 523 explicandos:
1643 483 1703 513 sed
1737 490 1769 514 ut
1800 482 1862 514 alia
1893 490 2039 525 tempora

1070 526 1191 558 habent
1225 525 1289 558 alia
1313 526 1507 563 certamina,
1541 527 1589 556 sie
1622 524 1744 556 Paulus
1778 532 1891 557 contra
1926 526 2038 557 Phari·

966 588 972 596 -
1070 579 1182 607 58805,
1204 579 1288 610 quos
1313 568 1425 599 habuit
1442 569 1665 605 adversarios,
1696 567 1903 609 peculiariter
1925 569 1966 601 de
1987 568 2039 600 his

529 626 537 633 ·
726 625 733 632 ·
1044 628 1045 633 =
1070 613 1175 643 tribus
1222 612 1446 643 uaesticnibus
1469 611 1616 642 dimicat:

318 627 380 666 De
412 626 591 667 doen-ma
623 625 745 665 Panh'
1042 652 1046 692 ’ς
1156 623 1298 685 Primum
1331 655 1372 685 de
1405 657 1526 685 iusticia
1553 654 1645 692 leffl's,
1684 663 1781 694 quam
1820 652 2040 685 defendebant

1043 698 1046 733 't
1071 696 1180 728 ludaei
1203 696 1383 738 fingentes,
1417 697 1579 727 hominem
1602 695 1775 726 facientem
1798 706 1897 737 opera
1919 695 2040 737 legalia

131 743 227 778 Quod
249 748 302 773 est
325 751 447 783 corpus
470 739 628 772 Paulinae
652 740 844 772 doctrinae?
1044 754 1045 762 ¹
1070 741 1188 770 iustum
1224 749 1299 770 esse
1323 749 1435 770 coram
1457 738 1548 776 Deo,
1583 746 1613 769 et
1639 737 1844 778 disciplinam
1871 744 2038 770 externam

131 783 330 826 Complexus
372 791 422 816 est
451 783 576 815 Paulus
611 785 797 814 universam
835 782 1019 814 doctrinam
1044 791 1046 826 2
1071 789 1102 812 et
1125 782 1289 813 sacrificia
1312 782 1431 812 mereri
1448 782 1673 812 remissionem
1696 788 1921 821 peecatorum.

46 827 229 865 Ecclesiae,
251 828 284 859 id
302 833 363 866 est,
387 837 501 859 omnes
525 832 635 867 partes
659 837 718 857 seu
730 826 876 856 membra
900 825 1019 855 doctri·
1044 840 1045 859 1
1157 825 1283 855 Deinde
1311 826 1352 855 de
1373 826 1529 861 Ecclesia,
1564 834 1660 864 quam
1690 825 1842 855 dicebant
1871 823 2040 855 Pharisaei

45 881 108 904 nae
144 870 372 908 Christianae,
407 876 462 908 ut,
496 869 538 900 de
571 879 650 900 vera
677 869 741 899 Dei
769 874 800 899 et
830 868 1017 898 mediatoris
1044 889 1045 895 1
1071 869 1169 898 istum
1186 866 1342 908 populum
1366 876 1452 904 esse,
1477 867 1530 908 qui
1553 872 1702 897 servaret
1723 865 1843 908 legem,
1866 877 1928 898 nee
1952 865 2041 897 vole·

45 914 222 956 agnitione,
247 919 278 944 et
300 913 520 950 invocatione,
545 912 586 942 de
609 912 785 947 creatione,
808 911 848 941 de
867 916 1017 951 peccato,
1044 937 1045 940 ,
1071 911 1148 940 bant
1184 910 1286 951 recipi
1319 916 1453 950 gentes,
1487 910 1549 940 nisi
1577 910 1799 940 insererentur
1832 910 1884 940 isti
1919 907 2041 950 populo

47 957 88 989 de
108 955 185 998 lege
206 954 279 995 Det,
303 956 344 987 de
362 955 582 996 promissione
607 955 741 995 propria
763 952 946 994 Evangelii,
977 953 1019 983 de
1044 969 1047 973 ν
1070 963 1130 993 per
1152 953 1448 989 circumcisionem,
1477 958 1507 982 et
1531 953 1748 983 observarent
1779 957 1928 984 caeteras
1951 961 2040 983 cere-

46 998 263 1031 conversione
286 998 426 1029 hominis
449 998 491 1028 ad
509 996 625 1035 Deum,
649 998 689 1028 de
712 995 955 1032 iustificatione,
978 995 1018 1025 tle
1044 1008 1046 1029 ,-
1070 996 1196 1026 monias
1219 995 1441 1036 praescriptas
1463 996 1495 1025 in
1519 994 1611 1036 leges

44 1041 141 1073 bonis
165 1041 339 1081 operibus,
380 1046 412 1071 et
441 1040 529 1071 veris
553 1038 696 1071 cultibus
718 1037 800 1076 Dei,
841 1038 881 1068 de
909 1037 1046 1078 causis:
1155 1037 1265 1069 Tertio
1299 1039 1338 1069 cle
1367 1047 1511 1077 persona
1554 1042 1587 1069 et
1627 1047 1725 1076 reqno
1767 1038 1901 1075 Christi,
1946 1047 2041 1078 quem

44 1082 262 1115 calamitatum
284 1084 318 1114 in
337 1089 406 1114 toto
429 1093 552 1124 genere
574 1081 728 1120 humano,
751 1081 792 1112 de
813 1090 892 1111 vera
904 1078 1019 1111 Eccle-
1071 1081 1333 1121 imaginabantur
1372 1081 1497 1118 Iudaei,
1536 1086 1660 1111 tantum
1693 1079 1855 1110 hominem
1888 1078 2042 1116 futurum,

44 1127 108 1165 sia,
131 1127 172 1158 de
193 1126 373 1157 ministerio
395 1123 567 1166 Evangelii
591 1131 623 1155 et
646 1124 947 1160 Sacramentorum,
978 1122 1018 1153 de
1070 1129 1103 1154 et
1126 1123 1312 1154 habiturum
1331 1132 1408 1153 esse
1431 1133 1567 1165 regnum
1591 1121 1770 1163 politicum.

45 1167 206 1201 electione
228 1167 480 1204 salvandorum,
509 1168 550 1198 de
580 1166 731 1198 Ecclesia
755 1172 787 1197 et
809 1164 1019 1206 imperiorum
1156 1165 1271 1196 Priora
1295 1166 1359 1196 duo
1383 1176 1469 1196 nunc
1500 1166 1593 1197 etiam
1619 1172 1735 1206 urgent
1760 1164 1925 1206 Papistae.
1971 1163 2041 1196 Cla-

46 1212 273 1248 distinctione,
309 1211 350 1241 de
378 1210 564 1241 discrimine
600 1210 741 1241 iustitiae
777 1206 957 1248 spiritualis
988 1213 1019 1237 et

45 1253 219 1296 politicae,
256 1253 297 1284 de
330 1251 468 1283 vinculis
504 1253 709 1283 obedientiae
750 1252 880 1282 debitae
915 1250 1019 1281 ordini

44 1295 191 1338 politico,
222 1296 262 1326 de
285 1294 472 1327 Christiana
494 1293 662 1332 libertate,
698 1295 739 1325 de
761 1292 942 1331 scandalo,
978 1293 1019 1323 de

45 1339 289 1370 resurrectione
313 1344 533 1374 mortuorum,
562 1338 603 1368 de
627 1335 782 1368 secut'uro
804 1336 942 1373 iudicio,
978 1336 1019 1366 de

45 1380 154 1423 gloria
175 1381 304 1421 piorum
327 1381 359 1410 in
384 1379 521 1411 coelesti
545 1381 624 1417 vita,
648 1380 689 1410 de
711 1379 920 1420 sempiternis
942 1388 1019 1419 poe·

45 1425 98 1455 1115
114 1423 296 1463 impiorum.

131 1464 186 1496 De
224 1463 277 1496 his
312 1465 463 1496 omnibus
506 1464 623 1495 recitat
659 1462 782 1494 Paulus
827 1463 1020 1500 doctrinam,

46 1509 158 1541 statim
180 1508 223 1539 ab
253 1507 342 1538 initio
371 1517 432 1547 per
459 1505 560 1538 filium
588 1505 652 1537 Dei
678 1504 876 1547 patefactam
905 1503 1019 1536 Eccle-

45 1551 129 1588 siae,
151 1555 184 1580 et
204 1559 225 1581 a
246 1550 395 1590 patribus
429 1558 470 1580 ac
497 1548 669 1590 prophetis
699 1558 829 1590 semper
856 1557 1020 1589 propaga-

44 1600 124 1631 tam,
146 1597 180 1623 et
202 1590 412 1628 illustratam,
447 1598 478 1622 et
507 1592 539 1622 in
567 1591 740 1632 seripturis
771 1600 929 1632 expresse
956 1597 1020 1622 tra·

46 1636 160 1673 ditam,
190 1633 275 1670 Quia
297 1635 447 1665 omnibus
470 1634 674 1675 temporibus
697 1640 794 1665 sonat
817 1634 931 1665 eadem
953 1643 1020 1664 vox

46 1678 217 1710 doctrinae
239 1677 273 1707 in
294 1686 374 1708 vera
395 1675 561 1714 Ecclesia,
589 1682 622 1707 et
643 1677 728 1707 idem
752 1686 874 1717 corpus
898 1676 1017 1707 doetri-

1044 1107 1045 1119 l

1070 1215 1158 1239 mant
1181 1208 1345 1239 hominem
1369 1218 1444 1239 8558
1466 1209 1586 1239 iustum
1610 1209 1783 1247 operibus,
1816 1215 1847 1238 et
1871 1217 1972 1249 opera
1996 1208 2041 1238 in-

1069 1256 1290 1291 terpretantur
1318 1252 1358 1282 de
1386 1252 1455 1281 suis
1480 1252 1684 1282 ceremoniis.
1739 1249 1863 1282 Dicunt
1894 1260 1931 1281 se
1965 1259 2042 1282 esso

1069 1292 1272 1332 Ecclesiam,
1305 1300 1337 1324 et
1371 1294 1532 1325 neminem
1567 1294 1813 1324 dissentientem
1840 1304 1860 1324 a
1882 1292 2043 1324 Pontifiee

1070 1335 1231 1374 Romano,
1256 1342 1287 1367 et
1309 1337 1405 1368 huius
1429 1337 1658 1367 traditionibus
1681 1346 1759 1367 esse
1781 1337 1960 1367 membrum
1982 1335 2043 1367 Ec—

1071 1377 1203 1410 clesiae.
1249 1378 1332 1410 Cum
1360 1379 1422 1410 11οέ
1450 1379 1497 1410 815
1527 1379 1795 1416 contradicimus,
1829 1385 1859 1409 et
1883 1388 2042 1419 negamus

1070 1422 1231 1452 hominem
1264 1422 1383 1453 iustum
1417 1432 1493 1453 esse
1523 1429 1575 1453 aut
1617 1422 1775 1462 consequi
1817 1421 2043 1452 remissionem

1069 1470 1279 1505 peccatorum
1312 1471 1447 1505 propter
1480 1463 1725 1495 satisfactiones
1760 1470 1791 1495 et
1822 1463 2039 1500 ceremonias,

1070 1515 1153 1547 quas
1175 1507 1238 1546 ipsi
1261 1507 1450 1538 defendunt..
1491 1506 1579 1539 ltem,
1605 1518 1677 1537 eum
1700 1516 1862 1547 negamus
1884 1515 1943 1537 805
1967 1515 2042 1537 8558

1070 1548 1267 1586 Ecclesiam,
1291 1551 1346 1590 qui
1368 1549 1540 1580 manifesta
1564 1548 1652 1580 idola
1675 1556 1817 1586 tuentur,
1841 1548 1882 1580 Et
1906 1549 2041 1580 dicimus

1070 1601 1130 1623 eos
1152 1601 1230 1623 esse
1251 1591 1466 1629 idololatras,
1501 1592 1555 1633 qui
1587 1601 1705 1633 panem
1737 1592 1769 1622 in
1793 1592 1896 1623 Missa
1918 1590 2042 1623 iaciunt

1070 1633 1188 1672 Deum,
1211 1640 1242 1665 et
1264 1644 1338 1666 eum
1364 1636 1537 1672 invocant,
1571 1635 1626 1675 qui
1659 1635 1842 1674 approbant
1864 1634 2042 1666 invocatio-

1069 1686 1146 1709 nem
1169 1683 1379 1708 mortuorum.
1423 1677 1506 1709 Tum
1534 1677 1596 1718 ipsi
1624 1677 1859 1714 vociferantur,
1881 1686 1943 1707 nos
1967 1686 2042 1708 esse

45 1730 109 1753 1188
143 1719 418 1760 comprehensum
451 1725 504 1751 est
537 1720 569 1750 in
603 1719 736 1760 scriptis
772 1719 1018 1760 prophetarum.
1069 1719 1270 1757 haereticos,
1293 1719 1539 1751 schismaticos:
1561 1718 1866 1757 Excommunieant,
1888 1719 2042 1751 damnant

45 1763 122 1796 Ideo
145 1761 270 1793 Paulus
288 1762 379 1793 initio
394 1772 528 1793 suarum
540 1761 764 1803 Epistolarum
780 1762 903 1803 passim
922 1761 1019 1792 diser·
1070 1772 1144 1800 nos,
1167 1763 1253 1794 sicut
1276 1762 1380 1794 Paulo
1403 1763 1522 1794 accidit
1543 1773 1563 1793 a
1585 1763 1654 1793 suis
1676 1762 1889 1794 adversariis.

46 1807 89 1838 tis
110 1805 223 1837 verbis
247 1810 396 1841 testatur,
428 1814 466 1836 se
495 1814 562 1836 non
585 1804 704 1846 afferre
730 1814 850 1835 novam
872 1809 906 1835 et
926 1814 1020 1844 pror·
1158 1804 1221 1839 Qui
1254 1811 1362 1836 tamen
1396 1804 1477 1836 nihil
1508 1805 1719 1843 absterritus,
1760 1803 1901 1836 fideliter
1933 1804 2043 1836 docuit

45 1858 105 1880 sus
138 1849 283 1890 ignotam
317 1846 440 1888 populo
467 1846 530 1878 Dei
567 1847 778 1887 sapientiam,
813 1847 875 1878 sed
903 1856 1020 1878 vocem
1070 1845 1257 1879 Ecclesiam
1291 1848 1332 1879 de
1365 1848 1527 1888 capitibus
1560 1846 1626 1879 illis
1655 1848 1893 1879 controversis.
1944 1845 2042 1878 Refu-

45 1889 233 1932 Evangelii,
270 1900 353 1931 qnae
382 1890 497 1927 unica,
529 1896 704 1931 perpetua,
741 1895 773 1920 et
807 1889 1019 1920 consentiens
1071 1891 1151 1921 tavit
1168 1890 1417 1932 imaginationes
1449 1892 1490 1922 de
1523 1892 1645 1922 iustitia
1676 1893 1754 1929 leyc‘s
1782 1900 1839 1922 seu
1861 1892 1902 1922 de
1924 1893 2042 1922 iustitia

47 1933 197 1966 doctrina
218 1933 260 1964 sit
281 1934 313 1963 in
337 1942 416 1964 vera
438 1931 592 1964 Ecclesia
615 1933 757 1964 omnium
775 1938 968 1973 temporum.
1071 1942 1212 1973 operum.
1262 1932 1386 1964 Docuit
1418 1943 1525 1975 neque
1558 1931 1756 1974 diligentiam
1788 1933 1963 1964 humanam
1995 1932 2042 1964 fa-

133 1978 213 2008 Sunt
234 1982 343 2007 autem
366 1976 397 2006 in
420 1973 515 2006 Pauli
537 1975 671 2016 scriptis
699 1975 784 2006 haec
811 1975 951 2006 maxime
973 1974 1020 2005 in·
1072 1976 1179 2007 ciendi
1206 1985 1309 2016 opera
1336 1974 1423 2018 legis
1451 1974 1604 2012 moralia,
1639 1985 1744 2017 neque
1777 1975 2041 2007 observationem

1072 2019 1329 2050 ceremoniarum
1352 2029 1429 2049 esse
1451 2018 1606 2050 iustitiam
1628 2028 1740 2050 coram
1763 2017 1846 2049 Deo.
1891 2017 2043 2049 Ostendit

1071 2059 1167 2092 aliam
1190 2070 1267 2092 esse
1290 2061 1446 2092 iustitiam
1468 2067 1634 2099 nostram,
1665 2071 1762 2102 quam
1790 2061 1920 2102 ignoret
1948 2061 2041 2097 ratio,

1071 2113 1169 2144 quam
1190 2113 1257 2134 non
1280 2105 1387 2135 tradat
1408 2102 1480 2141 lex,
1516 2104 1577 2134 sed
1611 2114 1708 2144 quam
1735 2102 1862 2135 revelet
1888 2102 2042 2144 Evange-

1070 2145 1161 2184 lium,
1186 2145 1269 2180 Quia
1292 2144 1358 2184 lex,
1383 2146 1496 2187 inquit,
1525 2146 1659 2188 requirit
1683 2144 1864 2186 perfectam
1888 2145 2040 2177 obedien-

1043 2185 1046 2195 '
1070 2189 1155 2220 tiam.
1190 2187 1347 2220 Homines
1370 2198 1450 2219 vero
1474 2189 1506 2219 in
1528 2188 1593 2220 hac
1615 2189 1680 2219 vita
1697 2198 1762 2219 non
1785 2193 1925 2228 possunt
1945 2188 2039 2219 satis*

1070 2231 1181 2262 iacere
1203 2230 1282 2273 legi,
1305 2230 1478 2272 disciplina
1500 2237 1556 2263 aut
1578 2231 1751 2263 virtutibus
1773 2231 1858 2262 suis:
1889 2229 2040 2263 (38181110-

1070 2274 1144 2305 niae
1165 2283 1247 2305 vero
1281 2281 1356 2305 sunt
1378 2274 1446 2316 typi
1479 2279 1639 2306 venturae
1667 2274 1825 2304 victimae.
1877 2272 1955 2304 Ideo
1984 2271 2038 2304 lex

1044 2326 1047 2337 l

46 2019 165 2060 signia,
185 2024 319 2059 propter
342 2028 426 2059 quae
448 2027 514 2049 non
537 2017 694 2048 immerito
717 2016 772 2048 illa
795 2016 1020 2049 anteferuntur

46 2060 156 2093 multis
178 2059 251 2092 aliis
276 2061 492 2092 monumentis
514 2069 574 2091 seu
597 2061 728 2100 scriptis·
750 2059 899 2092 Biblicis.

132 2103 293 2140 Primum,
325 2104 486 2143 interpres
525 2108 558 2133 et
587 2101 697 2134 lumen
725 2102 936 2144 praecipuum
969 2108 1020 2133 est

47 2147 148 2183 totius
170 2146 293 2177 veteris
317 2146 518 2177 Testamenti
536 2143 671 2176 Paulus.
715 2145 781 2176 Sed
805 2151 838 2176 et
860 2146 937 2176 novi
958 2144 1020 2176 Te-

47 2189 200 2223 stamenti
233 2187 326 2219 libris
360 2187 533 2230 plurimum
565 2185 649 2218 lucis
677 2188 774 2219 addit.
832 2188 917 2218 Nam
946 2188 1020 2219 viee

47 2230 192 2264 methodi
215 2240 292 2262 esse
314 2237 454 2272 possunt
478 2230 664 2262 conciones
687 2237 719 2261 et
739 2229 909 2271 Epistolae
926 2229 1021 2261 Pauli

47 2274 92 2306 ad
131 2284 262 2306 omnem
301 2272 475 2305 lectionem
516 2273 702 2313 scripturae
736 2272 955 2314 Propheticae
990 2278 1021 2303 et

1070 2322 1210 2347 accusat
1231 2323 1392 2358 perpetuo
1419 2316 1580 2353 homines,
1617 2323 1647 2347 et
1679 2317 1785 2357 arguit
1817 2325 1882 2346 non
1916 2320 2040 2348 tantum

1070 2365 1207 2390 externa
1230 2358 1360 2396 delicta,
1385 2360 1444 2390 sed
1457 2360 1552 2390 etiam
1571 2358 1756 2389 interiorem
1775 2358 2040 2398 depravationem

1070 2407 1206 2433 naturae
1219 2401 1435 2443 Evangelium
1458 2412 1538 2433 vero
1559 2399 1817 2442 perterrefactos
1841 2409 1943 2432 sensu
1966 2410 2040 2441 pec·

1071 2450 1221 2475 catorum
1244 2454 1391 2483 suorum,
1416 2450 1447 2475 et
1470 2445 1537 2475 irae
1549 2442 1623 2481 Dei,
1647 2443 1829 2474 deducitad
1841 2443 2039 2485 agnitionem

1071 2493 1104 2518 et
1123 2494 1336 2527 conspectum
1359 2487 1564 2524 mediatoris,
1592 2492 1625 2516 et
1646 2495 1706 2526 per
1727 2495 1768 2516 ac
1794 2493 1930 2527 propter
1952 2486 2038 2518 hunc

1070 2529 1158 2560 iubet
1180 2540 1243 2561 nos
1266 2530 1418 2570 accipere
1440 2529 1515 2564 fide,
1537 2529 1652 2569 gratis,
1675 2529 1901 2560 remissionem
1922 2538 2039 2570 pecea-

1069 2577 1188 2610 torum,
1210 2572 1454 2613 imputationem
1476 2571 1628 2609 iustitiae,
1656 2570 1812 2612 Spim'tum
1833 2578 1983 2604 sanetum
2007 2575 2040 2602 et

1069 2615 1168 2646 vitam
1190 2620 1369 2646 aeternam.
1413 2612 1565 2645 Atfirmat
1586 2623 1650 2645 nos
1670 2614 1783 2655 recipi,
1806 2612 1936 2653 plaeere
1955 2613 2035 2649 Deo,

48 2360 133 2391 adeo
155 2357 253 2400 plane
275 2364 308 2390 et
326 2358 513 2390 luculenter
534 2358 577 2389 ab
601 2367 640 2388 eo
654 2358 835 2396 tradantur,
859 2363 891 2390 et
914 2358 1020 2390 citatis

49 2401 313 2444 propheticarum
346 2400 550 2433 Concionum
579 2401 773 2432 testimoniis
803 2401 848 2432 ita
877 2401 1020 2431 monian-

0 2483 1 2522 }
48 2486 119 2518 siae
148 2485 212 2518 Dei
240 2487 391 2527 propria,
427 2486 574 2527 conspici
603 2490 635 2516 et
662 2485 801 2526 agnosci
828 2486 953 2526 possit,
989 2491 1021 2517 et

0 2566 1 2609 J
49 2571 180 2603 dicendi
214 2572 372 2610 usitatus,
410 2571 588 2603 artificiose
622 2569 815 2602 informatus
852 2577 1021 2612 appareat,

0 2614 1 2651 j
49 2618 84 2644 et
104 2613 257 2646 refutatio
275 2614 543 2646 adversariorum
566 2623 607 2645 ex
630 2613 732 2651 veris,
755 2612 874 2651 firmis,
900 2619 934 2644 et.
955 2613 1021 2645 evi-
