2324 2958
125 175 186 208 731

123 277 193 307 est,
228 268 415 300 attributam
445 271 591 308 partem,
624 265 832 302 demensum,
865 263 950 294 Mein
971 262 1096 293 concler-

123 313 219 343 liclia
240 310 419 341 bescheiden
443 308 512 339 teil:
535 307 722 349 Usurpatur
739 308 771 338 in
790 307 910 338 bonam
929 313 960 337 et
978 304 1096 336 malam

124 362 270 397 pattem3
292 353 424 394 saepius
448 353 481 383 in
503 349 638 383 malam:
666 349 720 382 hic
748 351 780 381 in
804 350 924 380 bonam
947 348 1095 380 sumitur.

125 399 277 429 Dominus
294 407 374 436 pars
396 396 492 425 sortis
513 398 542 424 et
565 393 676 424 calicis
697 393 771 422 mei:
794 393 827 423 id
846 398 909 429 est,
928 389 982 422 illa
1006 398 1096 430 pars,

125 451 210 484 quae
244 439 321 471 mihi
355 444 408 470 est
440 437 614 475 attributa,
646 442 698 467 est
728 444 828 467 curae
854 433 1013 465 Dominoz
1048 431 1097 462 sic

125 485 210 516 enim
234 481 382 513 declarat
404 491 442 513 se
464 486 597 522 postea:
625 478 668 508 Τιι
691 478 778 507 Deus
805 480 958 506 :inimicas
986 477 1097 503 sortem

126 537 235 556 meam:
269 525 301 556 id
324 531 394 562 est,
428 530 463 554 tu
491 528 660 554 sustentas
682 519 880 552 Ecclesiam.
938 517 999 549 Hic
1021 525 1098 547 sors

126 571 223 602 etiam
246 568 411 610 significat
433 564 521 597 illam
543 565 746 605 assignatam
769 569 909 603 partemt
932 559 992 591 Est
1013 559 1099 590 enim

126 610 338 652 Metalepsis‚
362 615 394 641 et
415 608 622 651 significatur
645 607 692 645 id,
727 605 816 647 quod
838 609 932 635 sorte
955 601 1098 633 obvenit-

127 656 185 688 Sic
207 653 283 686 alibi
307 654 439 684 dicitur:
476 652 586 681 Otmtes
615 659 692 689 quos
720 648 840 678 dedisti
861 645 951 678 milti,
981 645 1101 674 servavi

126 700 159 729 t’u
182 701 236 728 tuo
258 697 391 726 nomine:
427 694 498 725 Non
519 692 650 733 perdidi
671 701 712 721 ex
733 692 778 720 eis
800 698 994 729 quemquam:
1023 691 1101 719 sunt

126 741 244 774 eadem
267 750 340 771 cum
362 738 474 770 verbis
497 735 629 767 Psalmi.

212 782 306 814 Talia
328 780 514 813 testimonia
537 777 793 813 meminerimus,
821 784 905 816 quae
928 771 1101 805 manifeste

128 827 253 864 dicunt,
274 824 460 856 Ecclesiam
479 822 603 853 servari
622 821 653 852 in
674 819 760 850 omni
779 817 981 848 aeternitate.
1026 814 1101 849 Quo

127 870 268 911 pertinet
291 868 406 904 etiam,
452 865 517 896 uod
540 865 600 894 ait:
623 863 695 892 Mea
712 862 823 900 paseio
845 870 907 889 uon
929 862 974 888 est
996 858 1101 891 irrita,

129 912 185 942 sed
211 915 245 950 ft
266 914 402 951 propter
429 877 624 940 ἶοοΙωίαηι,
657 909 687 934 et
716 907 850 943 propter
880 901 1008 931 salutem
1041 898 1103 929 Ec-

129 955 252 985 cle-riae.

217 997 317 1027 Funes
339 994 515 1024 cecidet-mit
538 991 610 1020 milti
627 992 659 1019 i‘n
675 988 872 1029 praeclar-ia]
917 986 1028 1019 Funes
1046 995 1104 1017 no-

130 1041 230 1072 minat
254 1044 375 1073 sortes,
394 1037 469 1078 quia
488 1033 641 1067 funiculis
660 1034 782 1064 fiebant
804 1040 961 1072 agrorum
984 1029 1104 1060 dimen-

131 1083 244 1115 siones
268 1092 329 1113 seu
352 1079 612 1111 distributiones.
656 1076 756 1106 fimes
779 1073 957 1104 ceciderunt
974 1071 1049 1101 milti
1071 1072 1104 1100 in

127 1125 319 1166 praeclaris.-
342 1123 373 1154 id
393 1129 456 1160 est,
473 1131 546 1152 mea
567 1129 647 1162 pars
671 1124 723 1150 est
744 1115 929 1158 praeclara:
954 1116 999 1146 ita
1020 1113 1106 1145 enim

133 1178 172 1200 se
195 1178 270 1199 mox
293 1165 451 1198 declarat.
504 1162 610 1194 Valde
639 1162 794 1193 usitatum
821 1165 872 1190 est
898 1159 931 1189 in
954 1155 1107 1194 Psalmis,

132 1211 272 1253 primum
295 1218 418 1250 ponere
440 1205 666 1247 Metaphoram
689 1203 850 1244 aliquam,
877 1207 995 1242 postea
1017 1198 1107 1231 illam

132 1256 239 1296 ipsam
262 1250 491 1291 Metaphoram
520 1248 660 1290 propriis
687 1247 798 1278 verbis
821 1244 1044 1285 interpretari,
1073 1248 1108 1273 ut

133 1294 257 1328 Psalm.
276 1294 329 1325 GS.
358 1293 501 1323 Pluviam
523 1291 728 1321 voluntariam
751 1287 929 1327 soyreyabis
951 1286 1038 1316 D1us
1059 1284 1107 1314 lte·

133 1338 266 1369 redime·
287 1341 366 1367 nme.
422 1335 482 1366 Est
504 1333 718 1374 Metapinum,
742 1331 902 1373 sequitur:
932 1328 1024 1359 dubis
1046 1338 1109 1357 ver-

134 1382 201 1412 bum
241 1378 534 1418 Evangelizantimn.
598 1374 825 1406 Animadverti
854 1372 920 1404 hoc
941 1376 1053 1413 potest
1074 1370 1107 1401 in

134 1423 282 1466 plurimis
317 1420 474 1459 Psalmis,
509 1429 706 1461 quamquam
740 1418 771 1447 in
807 1415 981 1456 Prophetis
1011 1414 1108 1445 etiam

134 1473 188 1499 est
217 1466 389 1502 usitatum,
422 1462 552 1494 recitari
581 1459 703 1502 aliquid
727 1459 866 1501 figurate
887 1458 1042 1499 primum,
1076 1461 1109 1487 et

134 1516 251 1551 postea
272 1508 357 1539 idem
380 1506 483 1548 repeti
502 1504 644 1546 propriis
663 1503 789 1534 verbis:
813 1509 859 1537 ut,
880 1502 1056 1530 Sonuerunt
1079 1502 1109 1528 et

134 1553 277 1584 aaronem:
298 1554 368 1580 nint
391 1558 503 1589 aquae;
535 1547 713 1577 conturbati
733 1548 804 1574 sunt
827 1547 942 1574 montes
963 1545 996 1572 in
1014 1542 1108 1580 sorti-

135 1597 244 1626 tudine
265 1596 347 1624 esus.-
377 1592 449 1624 Hoc
473 1597 524 1622 est
546 1589 689 1632 grande,
718 1595 752 1620 et
781 1587 973 1629 figuratum:
1003 1585 1110 1627 sequi—

136 1646 190 1670 tur
217 1644 349 1678 postea:
385 1634 588 1665 conturbatae
617 1636 687 1662 sunt
715 1635 835 1671 yentes,
866 1629 1018 1659 inclinata
1040 1630 1110 1657 stmt

135 1691 248 1721 rayno,
273 1686 335 1711 etc.
381 1679 473 1713 Quae
497 1677 583 1707 dicta
608 1682 684 1706 sunt
712 1675 849 1716 primum
879 1673 1036 1714 figurate,
1064 1671 1110 1701 di-

138 1730 255 1756 cuutur
278 1722 374 1754 etiam
398 1720 544 1762 proprie:
568 1719 668 1750 Scitis
687 1718 772 1749 enim
790 1717 971 1748 orationem
990 1715 1112 1746 debere

138 1773 293 1798 constare
315 1765 455 1796 maxima
477 1773 515 1793 ex
539 1768 634 1802 parte
656 1761 789 1802 proprio
811 1768 975 1790 sermone.

222 1808 281 1839 Est
317 1816 435 1848 magna
468 1804 631 1847 elegantia
660 1806 691 1835 in
721 1801 862 1833 Psalmis
892 1801 1008 1832 dextre
1031 1799 1110 1831 iudi-

139 1852 237 1885 canti.
284 1850 356 1881 Non
380 1856 455 1880 sunt
481 1848 673 1879 barbaricae
697 1846 929 1882 confusiones,
952 1851 987 1874 ut.
1008 1842 1111 1874 homi-

138 1905 200 1926 nes
223 1891 307 1925 male
329 1893 510 1923 sentientes
535 1891 575 1921 de
594 1891 742 1920 doctrina
761 1887 981 1929 pronuntiant.
1027 1885 1111 1916 Sunt

139 1937 326 1969 sententiae
351 1935 471 1976 optime
494 1934 675 1969 ordinatae,
700 1939 730 1962 et
754 1938 890 1962 ornatae
914 1939 1042 1960 summo
1066 1928 1112 1958 ni-

139 1986 211 2012 tore
235 1985 267 2011 et
290 1977 464 2020 elegantia.
520 1977 576 2008 Sic
606 1975 704 2017 igitur
733 1975 762 2005 in
789 1974 852 2004 hoc
876 1971 1006 2003 Psalmo
1030 1970 1112 2012 figu-

141 2031 210 2054 rate
234 2023 367 2053 dicitur:
392 2021 506 2051 Fam,
531 2019 560 2050 id
585 2026 652 2053 est,
677 2028 767 2048 uncae
790 2023 918 2053 sortes,
949 2024 1015 2043 mea
1034 2023 1114 2053 pars

140 2070 184 2096 est
209 2065 364 2105 opulenta.

141 2113 184 2138 at
209 2107 298 2137 milti:
331 2107 361 2137 id
386 2113 450 2142 est,
485 2104 556 2146 Ego
586 2103 692 2134 liabeo
724 2102 890 2144 egregiam
931 2099 1114 2131 haeredita-

143 2160 225 2187 tem,
260 2151 366 2182 habeo
401 2155 525 2181 certam
552 2145 734 2177 Ecclesiam
767 2146 797 2175 in
829 2153 950 2186 genere
972 2142 1114 2173 humano

144 2203 309 2235 tamquam
333 2192 445 2223 florem
470 2191 600 2233 generis
626 2189 772 2225 humani,
797 2196 973 2227 excerpam
997 2195 1037 2216 ex
1063 2195 1114 2227 ge·

142 2246 222 2269 nere
244 2236 388 2268 humano
412 2233 553 2276 aliquam
583 2238 720 2273 partem.
777 2230 986 2271 Cogitemus,
1015 2238 1116 2268 quan-

144 2288 211 2312 tum
235 2280 355 2311 bonum
380 2278 420 2308 sit
445 2287 521 2308 esse
545 2281 698 2307 vocatum
721 2275 762 2304 ad
787 2273 978 2303 societatem
1002 2269 1117 2301 Eccle-

144 2323 223 2354 siae.
270 2320 390 2362 Magna
415 2331 468 2351 rvs
492 2326 542 2351 est
565 2325 595 2350 ct
620 2314 858 2348 inenarrabilis.
904 2315 1012 2355 Atque
1034 2312 1118 2344 haec

145 2373 195 2396 est
225 2365 326 2406 prima
362 2373 437 2404 pars
468 2360 607 2398 9511111ιί,
642 2360 793 2391 Precatio
822 2364 896 2390 cu'm
926 2357 1118 2388 recitatione

147 2418 286 2445 causae,
311 2417 369 2437 cur
394 2407 545 2447 patiatur,
570 2411 602 2435 ct
627 2415 684 2444 pro
709 2403 826 2444 quibus
850 2406 1014 2442 precetur.
1061 2400 1118 2431 Se-

146 2451 254 2492 quitur
272 2450 418 2481 scrundn
439 2459 528 2489 pars,
544 2457 627 2488 quae³
650 2451 702 2477 est
725 2445 900 2487 gratiarum
925 2443 1023 2480 tit-tio,
1046 2453 1119 2473 cunt

146 2493 355 2534 expositione
378 2493 465 2522 modi
489 2490 704 2522 liberationis.

239 2536 314 2576 Agit
339 2535 472 2576 gratias.
497 2533 583 2575 quod
609 2532 766 2563 liberatus
792 2531 845 2563 sit.
869 2531 952 2561 sic-ut
976 2529 1006 2559 in
1029 2526 1118 2558 Psal-

149 2580 209 2610 mis
240 2589 340 2619 saepe
373 2579 414 2608 ita
445 2578 622 2607 miscentur
650 2575 857 2615 precationes
888 2579 919 2603 et
942 2571 1119 2613 gratiarum

150 2622 318 2655 actionem
343 2621 415 2661 qnia
440 2618 559 2650 Psalmi
583 2617 660 2649 sac-ti
685 2623 760 2648 sunt
783 2623 858 2658 post
882 2615 1119 2651 liberationem,

751 169 864 202 PHlL.
887 169 992 202 MEL.
1018 167 1205 201 SCRIPTA
1228 164 1489 199 EXEGETICA.

412 2064 488 2095 Mox
514 2062 680 2102 sequitur:
715 2060 919 2091 Ilzwreditos,
944 2055 1113 2096 praeclara
1134 2062 1139 2075 ¹

2059 165 2122 199 ⁷32

1147 270 1209 291 seu
1230 265 1307 300 post
1329 257 1562 290 exhibitionem
1582 256 1798 290 liberationis.
1843 258 2036 291 Benedicent
2053 259 2123 292 Do-

1146 303 1242 339 mino,
1265 302 1322 343 qui
1341 302 1498 333 cortsuluit
1521 301 1614 333 mz'lu‘:
1637 300 1704 339 vel,
1726 301 1780 342 qui
1795 299 1862 341 fuit
1880 302 1958 333 mila·
1973 303 2123 335 consilio

1148 345 1235 376 rius:
1268 344 1300 375 id
1323 349 1386 382 est,
1419 354 1516 387 agam
1540 344 1665 386 gratias
1688 342 1839 384 Domino,
1871 343 2015 377 laudabo
2038 354 2124 384 eum,

1147 387 1361 427 asseverabo,
1382 387 1471 429 quod
1494 386 1555 417 sim
1573 392 1727 418 servatus
1749 388 1893 427 potentia
1915 388 2037 419 divina.

1235 428 1366 461 Gratias
1389 439 1491 472 agere
1512 435 1563 461 est
1585 427 1681 460 fateri
1703 435 1811 460 mente
1822 436 1853 461 et
1873 440 1942 469 ore,
1965 431 2124 472 quodbe·

1148 471 1300 504 neficium
1322 470 1454 504 aliunde
1476 472 1658 513 acceperis,
1680 476 1713 502 et
1734 470 1779 503 illi
1791 472 1934 505 tribuere
1952 471 2124 511 bonorem,

1150 515 1238 556 quod
1261 515 1305 546 sit
1326 513 1415 547 illius
1437 525 1572 546 munus:
1595 525 1662 546 non
1685 514 1748 546 sibi
1771 525 1942 557 arrogare,
1961 516 2050 557 quod
2074 521 2125 548 est

1150 556 1304 588 alienum.
1347 557 1473 590 lustitia
1495 564 1547 589 est
1569 568 1663 589 suum
1687 557 1804 599 cuique
1827 559 1992 590 tribuere:
2016 558 2125 589 Grati-

1150 600 1231 631 tudo
1254 606 1306 631 est
1328 600 1490 642 quaedam
1513 601 1650 632 iustitia:
1686 600 1773 642 lirgo
1796 601 1906 632 tribuit
1929 601 2126 633 beneficium

1151 641 1198 674 illi
1216 643 1303 674 unde
1326 643 1460 684 accipit:
1489 642 1530 674 Et
1558 641 1760 674 intellectum
1790 644 1997 685 gratitudinis
2021 650 2053 674 et
2077 644 2125 674 in·

1152 685 1360 727 gratitudinis
1382 685 1496 716 indidit
1519 686 1631 728 generi
1653 686 1796 717 humano
1818 685 1928 723 Deus;
1957 687 2033 728 quia
2056 685 2126 718 vult

1153 727 1302 769 conspici
1325 727 1423 759 fstam
1446 729 1600 760 iustitiam
1623 735 1655 760 et
1677 728 1838 759 exerceri.

1240 769 1414 802 Gratitudo
1437 776 1490 802 est
1511 771 1642 812 species
1665 771 1825 809 iustitiae,
1858 771 2006 803 tribuens
2030 781 2128 803 acci>

1152 818 1243 854 ptum
1265 812 1462 844 beneficium
1483 811 1542 851 illi,
1565 823 1586 844 a
1607 824 1671 855 quo
1695 819 1747 844 est
1768 811 1965 854 profectum,
1985 819 2019 845 et
2029 811 2128 845 simul

1154 854 1308 897 obligans
1331 865 1369 887 se
1390 855 1538 887 vicissim
1559 856 1603 886 ad
1625 855 1736 888 officia
1758 855 1878 898 aliqua.
1910 855 1981 887 Fuit
2005 856 2128 888 debent

1154 907 1356 941 agnoscere,
1379 907 1419 929 se
1441 897 1566 930 babere
1588 898 1687 930 vitam
1711 899 1872 931 beneficio
1896 898 1980 937 Dei,
2014 907 2047 930 et
2069 909 2128 940 po-

1155 947 1228 972 stea
1250 941 1380 983 magnis
1402 939 1573 972 laboribus
1595 947 1628 972 et
1650 942 1779 982 magnis
1791 942 1931 973 miseriis
1944 948 2126 982 parentum.

1156 983 1239 1019 Quis
1262 990 1332 1022 est,
1365 983 1421 1025 qui
1443 983 1551 1025 possit
1569 984 1718 1025 cogitare
1745 989 1888 1023 tantum;
1922 990 2062 1024 quantus
2085 984 2129 1015 sit

1155 1025 1251 1058 labor
1280 1027 1415 1063 matris3
1448 1027 1480 1058 in
1510 1026 1624 1068 primis
1647 1026 1754 1057 tribus
1775 1027 1840 1057 iam
1860 1027 1968 1063 annis,
2002 1033 2035 1056 et
2063 1035 2129 1057 non

1156 1069 1265 1102 solum
1283 1069 1396 1111 quanti
1418 1068 1564 1107 labores,
1586 1069 1647 1100 sed
1669 1069 1781 1110 quanti
1803 1068 1940 1100 affectus
1963 1068 2074 1100 cordis
2097 1073 2131 1100 et

1157 1112 1385 1144 solicitudines
1407 1112 1440 1143 in
1462 1112 1534 1143 istis
1558 1111 1741 1143 laboribus.
1775 1109 2001 1143 Contemnere
2023 1116 2132 1142 autem

1157 1154 1234 1187 illos
1268 1153 1414 1193 labores,
1447 1161 1480 1186 et
1513 1154 1664 1193 affectus,
1699 1161 1821 1195 quanta
1855 1160 1906 1185 est
1934 1154 2131 1190 immanitas,

1158 1209 1255 1241 quam
1275 1197 1453 1229 tetra-res!
1499 1196 1556 1229 Sic
1574 1198 1672 1239 igitur
1695 1198 1788 1228 dico:
1818 1195 1912 1228 Deus
1935 1196 2050 1227 indidit
2071 1194 2133 1226 ho-

1157 1242 1299 1273 minibus
1332 1239 1534 1272 intellectum
1568 1246 1602 1271 et
1634 1249 1768 1271 sensum
1801 1239 2017 1281 gratitudinis*
2031 1244 2062 1270 et
2086 1239 2134 1269 in-

1158 1284 1377 1326 gratitudinis.
1445 1283 1569 1314 Omnes
1592 1282 1787 1314 offendimur
1815 1281 2066 1324 ingratitudine,
2099 1287 2133 1312 en

1161 1336 1276 1358 omnes
1311 1335 1426 1357 sumus
1448 1325 1585 1367 ingrati:
1618 1331 1726 1356 tamen
1750 1325 1958 1356 considerate
1985 1324 2134 1356 ordinem

1159 1370 1314 1406 divinum,
1347 1367 1441 1400 Deus
1474 1365 1545 1399 vult
1577 1368 1729 1410 agnosci,
1762 1367 1850 1398 unde
1879 1367 1920 1398 sit
1949 1365 2134 1408 profectum

1158 1411 1365 1444 beneficium.

1244 1453 1281 1485 ln
1304 1454 1391 1486 omni
1425 1453 1624 1495 gratitudine
1657 1451 1918 1493 comprehensae
1949 1457 2026 1483 sunt
2049 1451 2136 1483 duae

1161 1498 1318 1537 virtutes,
1351 1496 1475 1528 veritas
1497 1501 1530 1527 et
1551 1496 1694 1531 iustitia;
1723 1496 1847 1526 veritas
1870 1494 1991 1526 fatetur
2013 1493 2137 1526 benefr-

1161 1542 1246 1573 eium
1269 1539 1406 1572 alterius
1429 1548 1519 1577 esse,
1543 1539 1666 1571 iustitia
1687 1537 1830 1580 obligat,
1853 1544 1888 1569 ut
1910 1537 2056 1569 vicissim
2079 1534 2137 1568 ali-

1161 1584 1237 1626 quid
1259 1583 1394 1615 reddas.
1439 1581 1485 1613 lta
1519 1582 1660 1614 debebat
1693 1581 1774 1612 fieri.
1819 1581 1876 1613 Sic
1903 1580 2002 1622 igitur
2034 1579 2138 1622 inquit

1161 1626 1330 1658 Psalmus:
1353 1625 1547 1657 Benedicam
1560 1625 1717 1657 Domino:
1739 1624 1770 1654 id
1785 1630 1846 1662 est,
1874 1623 2020 1655 laudabo
2045 1632 2137 1654 eum:

1162 1671 1268 1702 dicam
1303 1667 1497 1701 beneficium
1527 1678 1604 1700 esse
1633 1667 1756 1709 ipsiuS‚
1789 1667 1894 1698 dicam
1923 1676 1976 1700 me
1998 1666 2138 1706 abipso

1162 1713 1271 1745 divina
1293 1712 1440 1754 potentia
1462 1721 1539 1743 esse
1561 1715 1790 1741 sustentatum.
1836 1708 1980 1740 Messias
2003 1707 2070 1746 ille,
2092 1708 2140 1740 η’»

1162 1757 1190 1788 si
1213 1762 1305 1788 esset
1327 1754 1433 1793 Deus,
1457 1764 1523 1785 non
1545 1754 1705 1795 potuisset
1729 1750 1874 1794 perferre
1898 1752 1993 1782 istam
2012 1751 2139 1791 passio-

1162 1798 1365 1873 nem‚unia
1383 1795 1476 1829 nulla
1499 1802 1652 1828 creatura
1676 1801 1804 1833 creata,
1839 1800 1951 1835 potest
1973 1794 2139 1825 sustinere

1160 1852 1242 1874 tram
1297 1850 1338 1872 et.

1250 1884 1317 1922 Qui
1337 1882 1493 1914 consuluit
1516 1881 1608 1912 mihi:
1644 1879 1707 1918 vel,
1729 1881 1787 1922 qni
1806 1879 1884 1911 milti
1899 1877 1966 1919 fm't
1989 1879 2138 1910 confilio-

1162 1928 1244 1965 rt‘us,
1266 1927 1320 1968 qui
1344 1925 1426 1957 rexit
1448 1934 1553 1956 meam
1576 1931 1717 1956 mentem
1740 1921 1892 1961 consilio,
1915 1929 1947 1954 et
1966 1922 2139 1954 confirm»

1163 1971 1209 2002 vit
1232 1979 1299 2004 me;
1322 1969 1408 2000 sicut
1430 1977 1533 2009 saepe
1555 1968 1686 2005 auditis,
1708 1966 1820 1998 Verba
1844 1966 1978 1997 notitiae
1990 1974 2139 2006 compre-

1163 2013 1314 2046 hendunt
1336 2011 1485 2043 affectus.
1552 2009 1734 2041 consultor
1758 2009 1940 2046 confirmat,
1965 2009 2011 2039 eri
2037 2008 2072 2046 't‚
2093 2008 2139 2039 iu-

1165 2063 1232 2088 vat.
1279 2052 1357 2086 Vult
1388 2054 1514 2085 dicere:
1543 2052 1618 2094 lpse
1641 2053 1771 2084 retinuit
1802 2053 1833 2083 in
1858 2062 1908 2082 me
1932 2051 2084 2083 fiduciam
2107 2057 2139 2082 et

1165 2098 1364 2141 agnitionem
1377 2095 1452 2134 Dei,
1476 2102 1508 2128 et
1531 2096 1562 2127 in
1587 2095 1649 2127 bac
1671 2095 1748 2127 mihi
1772 2095 1857 2126 dedit
1878 2095 1990 2128 robur.
2015 2100 2048 2125 ut
2072 2103 2140 2125 non

1167 2141 1340 2173 deficerem
1363 2150 1383 2170 a
1405 2138 1499 2177 Deo,
1528 2149 1593 2169 non
1613 2139 1777 2170 irascerer
1800 2137 1884 2169 Deo.
1951 2136 2142 2178 Loquamur

1167 2186 1209 2216 de
1228 2183 1349 2215 nostris·
1373 2182 1618 2220 tentationibus,
1666 2191 1727 2213 uae
1751 2187 1827 2213 sunt
1850 2181 2003 2212 minores
2026 2179 2141 2212 Suma-

1167 2238 1242 2259 mus
1265 2225 1438 2257 Davidem.
1485 2225 1595 2256 David
1617 2192 1752 2266 pffilttur
1774 2234 1814 2255 ex
1839 2233 1962 2265 regne,
1992 2223 2142 2254 sauciata

1169 2276 1218 2301 est
1241 2269 1447 2301 conscientia
1468 2268 1539 2300 eius
1561 2265 1761 2299 horribiliter
1773 2272 1922 2307 peccato.
1968 2265 2142 2297 lutersecv

1170 2319 1219 2344 rat
1244 2313 1345 2343 virum
1369 2312 1537 2352 optimum,
1561 2316 1716 2352 rapuerat
1739 2310 1808 2341 eius
1833 2309 2018 2351 coniugem,
2048 2318 2142 2349 prae-

1172 2357 1286 2387 buerat
1315 2355 1527 2386 occasionem
1561 2359 1609 2384 tot
1637 2351 1822 2387 scandulis
1861 2352 1937 2383 item
1977 2351 2143 2388 seditioni,

1171 2409 1269 2440 quam
1292 2397 1393 2429 multa
1415 2407 1536 2439 inagna
1558 2395 1647 2427 mala
1669 2402 1783 2427 secuta
1806 2401 1916 2428 erunt.
1949 2400 2144 2435 constupra-

1172 2448 1226 2472 tae
1250 2439 1379 2472 fuerunt
1402 2440 1472 2472 cius
1496 2441 1668 2481 coniuges,
1692 2438 1769 2470 nihil
1794 2444 1904 2480 potest
1928 2437 2144 2468 dicitamtra-

1174 2485 1293 2525 gicum,
1330 2484 1417 2524 quod
1452 2493 1517 2514 non
1540 2482 1700 2514 acciderit
1725 2489 1810 2512 tunc.
1868 2480 1902 2511 ln
1926 2479 1990 2511 illis
2014 2490 2066 2511 ma
2114 2480 2144 2510 is

1174 2525 1410 2557 calamitatibus
1434 2532 1542 2557 tumen
1566 2524 1658 2557 Deus
1682 2523 1824 2555 consulit
1848 2524 1889 2561 ci,
1923 2523 1955 2554 id
1978 2528 2040 2560 est,
2085 2531 2145 2563 pse

1174 2569 1271 2600 habet
1306 2568 1581 2607 consolationem,
1610 2568 1726 2599 retinet
1760 2567 1869 2605 fidem,
1902 2575 1964 2598 coe
1985 2565 2055 2597 etus
2079 2575 2145 2596 non

1174 2613 1282 2645 delicit
1305 2623 1324 2643 a
1347 2611 1433 2645 Deo:
1458 2611 1551 2644 Deus
1574 2610 1745 2643 confirmat
1768 2620 1862 2648 eum,
1894 2615 1927 2641 ut
1951 2609 2087 2640 retineat
2108 2606 2145 2638 fi-
