2324 2958
206 227 271 259 235

205 319 420 362 Evangelioa,
443 319 527 355 Quia
549 319 700 352 Christus
722 319 915 354 miraculum
938 322 1026 353 istud
1049 320 1127 353 fecit
1148 321 1182 352 in

206 363 298 395 Cana
330 361 514 394 Galilaeae:
548 362 741 404 Baptizatus
776 369 826 394 est
855 365 887 395 in
918 364 1107 395 Bethabara
1136 363 1182 395 lu—

206 407 320 437 daeae.
364 405 424 436 Est
457 411 565 437 autem
601 406 757 438 distantia
789 405 964 438 multorum
997 406 1180 444 miliarium,

206 459 291 490 quae
319 458 386 479 uno
415 448 467 479 die
494 458 560 479 non
590 450 693 490 potuit
723 450 904 481 conticere:
950 449 1033 484 Quia
1067 449 1182 479 itinera

205 489 420 532 plaerumque
442 489 521 522 fecit
541 490 705 530 Christus,
727 502 794 523 non
817 491 924 530 solus,
947 492 1005 523 sed
1030 502 1102 522 cum
1127 501 1181 522 co-

205 535 321 566 mitatu
350 540 381 565 et
409 535 525 566 turbis.
569 534 611 566 Et
645 541 752 566 textus
787 536 818 566 in
842 535 964 566 toanne
997 535 1058 571 ait,
1093 534 1182 576 quod

206 587 272 608 non
301 577 412 608 statim
440 582 517 619 post
550 578 746 619 baptismum
775 578 952 609 recesserit
980 587 1000 608 a
1031 577 1183 615 iordane,

205 620 266 651 sed
305 618 434 662 aliquos
473 630 515 651 ex
554 621 758 652 auditoribus
792 621 962 661 Baptistae
1001 620 1181 657 vocaverit,

206 663 386 700 Andream,
406 661 550 701 Petrum,
571 662 808 695 Nathanaelem
827 669 857 694 et
879 661 1073 703 Philippum.
1108 662 1182 705 Ego

205 705 271 737 hoc
289 704 479 745 simpliciter
496 712 608 738 teneo:
627 705 812 738 Ecclesiam
831 713 975 736 veterem
991 705 1182 736 nominasse

205 747 324 780 festum
348 747 605 790 Epipltaniorum
633 750 675 780 ab
703 749 767 780 ista
790 749 982 779 ostensione
1005 748 1182 779 divinitatis

205 792 238 823 in
261 791 433 832 Baptismo
457 790 597 830 Christi,
628 801 692 834 qua
722 790 813 822 nulla
841 801 985 832 unquam
1014 789 1102 821 sacta
1131 797 1183 821 est

204 833 365 866 illustrior
388 841 418 865 et
442 834 712 876 magnificentior.
749 833 893 875 ideoque
915 832 1074 865 sinn-ulari
1098 831 1183 865 cele-

205 878 325 909 britate
347 876 412 908 hoc
436 876 554 908 festum
578 875 757 908 celebravit
779 877 884 917 prima
906 876 975 908 Ecc
991 877 1071 914 esta,
1097 886 1182 918 quae

205 926 238 952 et
267 919 554 961 Theophaniorum
582 919 703 951 festum
731 919 928 958 nominavit,
957 920 1051 961 quasi
1079 919 1184 958 dicas,

205 962 324 995 festum
347 963 476 995 divinae
497 962 722 1004 apparitionis.

291 1005 393 1036 Facta
416 1012 465 1036 est
489 1012 597 1037 autem
627 1006 709 1037 haec
740 1005 889 1036 ostensio
917 1005 1112 1043 divinitatis,
1141 1005 1184 1036 ad

207 1049 391 1080 Iordanem.
433 1048 529 1080 Unde
553 1049 671 1079 dicitur
690 1048 861 1079 iordanis?
893 1047 965 1089 Ego
986 1048 1087 1079 credo
1106 1057 1184 1079 esse

206 1103 227 1124 a
248 1092 370 1129 larad,
401 1092 588 1123 descendit:
620 1097 657 1122 ut
686 1092 729 1122 sit
751 1091 855 1128 idem,
878 1091 965 1132 quod
995 1091 1183 1128 descensio,

208 1136 250 1168 ein
271 1135 398 1173 abscindi,
423 1136 487 1166 οἷς(
505 1135 562 1166 ΝΘ
582 1135 721 1171 betunbct
742 1134 847 1175 imcutit
870 1142 934 1166 vom
955 1134 1078 1175 gehuge.
1118 1132 1183 1165 Alii

207 1178 318 1210 dicunt
344 1187 421 1208 esse
443 1187 463 1208 a
487 1179 574 1214 laer,
597 1177 629 1207 id
652 1183 722 1215 est,
745 1183 893 1214 torrem,
917 1183 950 1207 et
972 1176 1069 1214 Dan,
1099 1176 1185 1212 Quia

207 1231 247 1253 ex
271 1219 327 1251 illo
351 1219 438 1256 loco,
459 1220 515 1251 ubi
539 1218 598 1251 suit
615 1221 719 1252 tribus
738 1220 825 1257 Dan,
849 1220 983 1250 oriatur.
1019 1219 1086 1251 Sed
1106 1226 1184 1260 puto

205 1273 324 1295 nomen
359 1263 508 1294 Iordanis
541 1262 662 1301 fuisse,
694 1268 872 1304 antequam
901 1261 977 1293 Dan
1012 1272 1051 1294 eo
1085 1263 1184 1293 venit.

205 1306 338 1338 D.:bent
360 1306 457 1337 nobis
480 1304 555 1337 loca
579 1306 643 1337 ista
666 1307 794 1338 cariora
818 1315 895 1337 esse
919 1312 1055 1346 propter
1083 1304 1184 1336 filium

206 1349 288 1387 Dei,
314 1355 345 1380 et
368 1354 504 1390 propter
528 1355 660 1380 caetera
683 1359 783 1390 opera
807 1348 1002 1385 divinitatis,
1033 1358 1118 1389 quae
1140 1349 1184 1379 ibi

206 1398 281 1424 sunt
303 1390 458 1423 exhibita.
504 1391 721 1423 Barbaricum
744 1397 813 1429 est,
843 1390 922 1422 nihil
953 1401 1071 1422 curare
1095 1390 1182 1422 talia.

205 1435 279 1466 Fuit
302 1435 344 1466 ibi
367 1433 505 1476 pulchra
529 1435 722 1466 amoenitas.
767 1434 916 1465 Iordanis
939 1439 990 1464 est
1017 1433 1184 1475 limpidum

205 1478 344 1516 flumen,
372 1477 460 1518 quod
483 1477 625 1508 vicinum
648 1488 764 1519 agrum
794 1482 827 1508 et
851 1476 971 1518 rigavit
995 1482 1027 1508 et
1049 1475 1185 1508 foecun-

206 1521 306 1552 davit.
352 1519 424 1551 Fuit
459 1521 616 1551 terminus
645 1518 821 1551 orientalis
850 1518 1003 1550 Iudaeae.
1054 1519 1184 1560 Singuli

205 1564 325 1595 debent
349 1563 380 1594 in
404 1569 512 1593 mente
536 1562 660 1594 habere
687 1563 792 1593 ideam
819 1568 851 1593 et
879 1562 1055 1602 imaginem
1084 1563 1183 1593 totius

205 1605 294 1638 illins
323 1606 480 1647 regionis·
526 1605 620 1637 Sicut
651 1606 692 1637 ab
722 1605 903 1636 Occidente
931 1603 987 1635 illa
1012 1611 1101 1635 terra
1128 1605 1184 1636 ha-

205 1650 273 1681 buit
286 1648 391 1686 Mare,
411 1649 460 1680 sic
479 1649 632 1690 praecise
651 1649 692 1679 ab
713 1649 849 1679 Oriente
870 1648 983 1678 habuit
1003 1649 1183 1680 lordanem.

205 1691 337 1724 Versus
357 1692 525 1724 Meridiem
546 1691 659 1723 habuit
679 1691 756 1722 loca
775 1692 880 1722 vicina
902 1691 1069 1732 Aegypto.
1102 1691 1184 1722 Ver-

207 1745 265 1767 sus
289 1735 554 1776 Septentrionem
579 1734 639 1766 suit
660 1733 770 1776 Tyrus
793 1740 825 1765 et
849 1733 964 1765 Sidon.

293 1778 354 1813 Qui
385 1783 461 1808 sunt
488 1776 553 1809 loci
583 1777 803 1819 principales,
833 1777 887 1818 qui
916 1777 1123 1808 continentur
1152 1778 1184 1808 in

206 1820 342 1852 historia
372 1820 528 1861 Baptismi
557 1820 703 1852 Christi?
750 1821 879 1851 Primus
913 1826 963 1851 est
994 1820 1035 1851 de
1065 1820 1185 1851 Sacra-

206 1865 324 1895 mentis
344 1864 374 1894 in
396 1873 527 1905 genere.
570 1863 746 1895 Secundus
766 1864 806 1894 de
827 1863 948 1901 causis,
969 1873 1073 1904 quare
1092 1863 1185 1894 Citri-

208 1913 280 1937 stus
299 1906 438 1938 voluerit
465 1906 640 1947 baptizari:
676 1906 739 1937 Ubi
763 1907 859 1937 etiam
884 1907 1054 1937 dicendum
1075 1913 1124 1937 est
1145 1907 1186 1937 de

208 1950 369 1981 sententia
391 1950 485 1980 liuius
506 1950 596 1980 dicti:
620 1953 653 1979 nt
678 1950 864 1989 impleamus
883 1959 998 1979 omem
1019 1951 1184 1980 iustitiam.

207 1993 350 2031 Tertius,
371 1991 605 2023 Testimonium
629 1993 669 2023 de
692 1994 797 2023 tribus
822 1993 972 2033 personis
998 1993 1174 2023 divinitatis

209 2036 282 2071 Quo
306 2036 445 2078 pertinet
471 2036 621 2066 doctrina
643 2036 684 2066 de
707 2036 894 2067 discrimine
914 2046 1012 2066 vei-:ie
1032 2042 1061 2066 et
1083 2034 1186 2067 falsae

208 2079 435 2110 invocationis,
483 2079 628 2114 Quartus
653 2079 693 2109 de
718 2078 808 2109 Voce
840 2077 894 2108 illa
920 2080 1022 2119 patris
1046 2086 1187 2110 sonante

209 2122 249 2154 de
273 2120 385 2154 coelo:
420 2121 483 2153 Hic
505 2126 550 2153 cst
572 2122 657 2163 filius
680 2132 764 2153 mens
786 2123 931 2152 clitro-ms.

521 2287 584 2326 De
616 2287 746 2341 primo
779 2287 875 2326 loco.

298 2379 382 2414 Quid
414 2384 461 2409 est
487 2379 758 2409 Sacramentum?
804 2377 859 2407 Est
893 2379 1078 2409 ceremonia
1108 2379 1187 2409 divi-

211 2423 298 2454 nitus
323 2422 482 2455 instituta,
508 2431 592 2463 quae
615 2428 666 2451 est
689 2422 817 2462 signnm
843 2421 1080 2460 promissionis.
1128 2422 1186 2452 La-

210 2464 266 2497 tini
297 2470 426 2496 veteres
455 2471 652 2505 usurparunt
679 2475 794 2495 vorem
819 2464 1024 2494 stu-rmnenti
1054 2475 1112 2505 pro
1142 2465 1187 2495 iu—

212 2515 371 2540 ramento.
417 2509 482 2539 Sed
513 2518 574 2538 nos
604 2506 777 2548 loquamur
807 2517 880 2537 cum
912 2505 1079 2537 Ecrltsia:
1116 2507 1187 2538 Non

210 2551 329 2593 pudeat
355 2561 416 2582 nos
441 2551 576 2581 materni
601 2551 774 2581 sermonis.
815 2548 964 2580 Ecclesia
1001 2556 1048 2580 est
1086 2557 1190 2580 muter

211 2600 336 2626 nostra.
383 2593 437 2625 Sic
460 2600 568 2624 mitem
592 2591 735 2635 loquitur
758 2591 920 2629 Ecclesia,
944 2599 975 2622 ut
996 2594 1188 2625 ¹*sict-nmen-

211 2643 278 2669 tum
302 2638 445 2668 nominet
470 2638 582 2669 ritum.
607 2635 659 2667 vel
683 2636 900 2668 ceremoniam
923 2646 943 2666 u
968 2635 1040 2666 Deo
1065 2637 1189 2667 institu-

212 2686 294 2718 tam,
332 2679 383 2711 vel
414 2681 544 2722 signum
573 2691 592 2710 u
617 2679 690 2711 Deo
714 2679 918 2717 ordinatum,
946 2679 1090 2710 additum
1115 2690 1189 2721 pro-

834 226 948 259 PHlL.
976 226 1082 259 MEL.
1108 226 1296 259 SCRIPTA
1317 225 1581 258 EXEGETICA.

2147 227 2213 260 236

1234 320 1384 351 missioni
1407 320 1546 362 gratiae,
1567 330 1628 362 per
1650 331 1748 362 quam
1765 321 2017 362 promissionem
2035 320 2130 353 Deus
2147 331 2212 354 nos

1235 363 1360 404 recipit,
1380 361 1513 394 exhibet
1530 364 1628 395 nobis
1646 364 1872 394 remissionem
1891 371 2115 404 peccatorum,
2137 364 2211 407 Spi-

1235 407 1329 437 ritum
1351 412 1501 437 sanctum
1524 412 1557 437 et
1580 412 1712 437 caetera
1734 406 1893 437 beneficia
1918 407 2103 439 coniuncta.

1322 447 1486 480 Differunt
1508 448 1714 480 ceremoniae
1742 449 1785 479 ab
1811 448 1996 479 actionibus
2019 447 2211 484 moralibus,

1235 491 1319 526 Quia
1337 490 1426 523 aliud
1445 497 1496 523 est
1514 490 1603 533 loqui
1623 492 1664 522 de
1682 491 1882 528 actionibus,
1905 501 1990 532 quae
2008 497 2086 522 sunt
2102 491 2211 534 signa,

1235 544 1295 565 seu
1318 545 1456 576 quorum
1479 534 1553 565 finis
1577 534 1782 565 immediatus
1806 540 1875 572 est,
1902 540 1938 564 ut
1961 532 2082 576 aliquid
2111 535 2213 576 signi-

1234 577 1348 608 ficent:
1382 577 1483 609 Aliud
1505 587 1586 608 vero
1609 583 1659 608 est
1683 575 1772 618 loqui
1796 577 1837 607 de
1855 577 2075 614 invocatione,
2097 577 2139 609 de
2156 587 2212 618 pa·

1234 620 1363 657 tientia,
1392 620 1432 650 tle
1461 620 1600 651 caeteris
1628 620 1804 651 virtutibus
1835 629 1896 650 seu
1926 621 2099 660 operibuS,
2129 629 2214 661 quae

1236 668 1313 693 sunt
1336 663 1484 694 actiones
1507 661 1665 694 morales.
1710 663 1895 693 Patientiae
1914 662 1989 693 finis
2009 663 2213 694 immediatus

1236 715 1302 736 non
1326 711 1394 742 est,
1426 711 1463 737 ut
1491 705 1654 747 significet
1683 705 1823 746 aliquid,
1857 706 1916 735 sed
1947 711 1983 737 ut
2012 706 2077 736 isto
2112 714 2214 746 opere

1235 753 1399 789 praestem
1423 747 1496 779 Deo
1518 749 1745 779 obedientiam.
1791 747 2002 779 immediatus
2025 747 2100 779 finis
2123 748 2215 779 invo-

1236 791 1376 822 cationis
1404 797 1472 828 est,
1502 800 1568 822 non
1599 797 1722 822 tantum
1752 797 1783 822 ut
1815 791 1966 822 obediam
1988 789 2063 822 Deo
2088 791 2216 832 praeci·

1235 833 1336 874 pienti
1360 832 1449 864 hunc
1475 832 1616 870 cultum,
1643 834 1705 865 sed
1732 840 1768 865 ut
1794 835 1953 875 accipiam
1983 844 2004 865 a
2026 833 2099 865 Deo
2127 834 2215 865 bona

1235 885 1439 908 necessaria.

1323 918 1416 954 Quae
1435 924 1485 950 est
1504 917 1621 960 regula
1641 919 1683 950 de
1700 929 1764 950 usu
1783 919 2095 950 Sacramentorum?
2116 916 2216 950 Nulla

1235 972 1290 993 res
1310 968 1373 999 est,
1398 962 1647 993 Sacramentum
1666 967 1759 993 extra
1776 972 1872 994 usum
1894 963 2086 994 institutum.
2119 961 2215 994 item:

1236 1003 1334 1036 Nulla
1357 1005 1542 1036 ceremonia
1568 1005 1667 1036 habet
1690 1005 1852 1036 rationem
1874 1005 2094 1043 sacramenti,
2123 1011 2217 1036 extra

1235 1058 1332 1079 usum
1366 1048 1551 1078 ordinatum
1585 1047 1751 1079 divinitus.
1797 1047 1889 1078 Haec
1921 1054 1975 1079 est
2007 1048 2118 1090 magni
2146 1058 2216 1079 mo-

1237 1091 1353 1128 menti,
1386 1096 1419 1122 et
1447 1089 1544 1121 valde
1572 1090 1765 1122 necessaria
1798 1088 1931 1140 regula,
1965 1089 2051 1126 Quia
2083 1100 2217 1131 semper

1237 1132 1297 1165 suit
1321 1134 1527 1165 consuetudo
1547 1134 1577 1164 in
1597 1134 1719 1164 mundo
1738 1133 1969 1165 transtormari
1992 1134 2089 1175 signa
2106 1133 2138 1164 in
2157 1143 2216 1164 nu-

1237 1177 1341 1214 mina,
1372 1175 1422 1208 rel
1447 1175 1563 1207 saltem
1586 1177 1618 1207 in
1641 1175 1766 1214 cultus,
1796 1183 1827 1207 et
1852 1185 1953 1216 opera
1975 1176 2142 1208 meritoria
2163 1174 2218 1207 vel

1237 1220 1479 1261 propitiatoria:
1503 1226 1535 1250 ut
1560 1219 1707 1260 Serpens
1729 1229 1856 1250 aeneus
1879 1220 1912 1250 in
1935 1220 2069 1251 deserto
2091 1217 2152 1251 suit
2174 1219 2218 1250 si-

1238 1273 1355 1304 gnum:
1390 1261 1513 1293 Postea
1535 1268 1644 1293 tamen
1663 1262 1772 1293 iudaei
1795 1261 1967 1294 coluerunt
1987 1270 2140 1304 tanquam
2158 1271 2218 1294 nu-

1237 1315 1321 1337 men.
1352 1305 1564 1336 inflammatio
1584 1305 1786 1336 victimarum
1805 1305 1846 1335 de
1866 1304 1963 1336 coelo
1981 1312 2052 1336 erat
2069 1305 2217 1347 signumz

1238 1348 1304 1379 Sed
1325 1346 1482 1379 Chaldaei
1506 1355 1538 1379 et
1558 1348 1682 1379 Persae
1701 1348 1810 1389 ignem
1829 1348 1936 1389 ipsum
1956 1347 2121 1379 finxerunt
2139 1357 2219 1380 esse

1237 1390 1356 1422 Deum.
1398 1390 1570 1421 Sacrificia
1594 1390 1702 1422 ludaei
1727 1389 1965 1422 transtulerunt
1987 1391 2018 1421 in
2043 1400 2127 1432 opus
2150 1401 2218 1422 me·

1237 1434 1396 1470 litorium,
1421 1443 1480 1464 seu
1504 1433 1775 1474 propitiatorium.

1323 1475 1412 1507 ldem
1435 1474 1668 1507 universaliter
1691 1475 1755 1506 dici
1782 1480 1890 1516 potest
1913 1475 1954 1506 de
1976 1475 2083 1506 abusu
2106 1475 2219 1516 signo-

1237 1529 1324 1556 rum,
1356 1519 1443 1560 quod
1475 1519 1626 1549 omnibus
1657 1519 1860 1558 temporibus
1890 1518 1956 1548 sint
1985 1516 2219 1550 transformata

1237 1563 1268 1593 in
1292 1563 1436 1599 numina,
1459 1560 1513 1592 vel
1536 1571 1639 1602 opera
1662 1561 1839 1592 meritoria.

1324 1604 1450 1635 Contra
1472 1603 1560 1635 hunc
1583 1614 1664 1645 ergo
1689 1605 1828 1635 abusum
1853 1603 1994 1634 tenenda
2017 1609 2068 1634 est
2088 1601 2218 1646 regula,

1238 1649 1279 1679 de
1301 1658 1366 1689 qua
1389 1648 1465 1678 dixi.
1511 1645 1644 1678 Nullum
1667 1647 1812 1688 signum,
1837 1645 1928 1678 nulla
1951 1647 2138 1678 ceremonia
2162 1656 2219 1678 ex-

1238 1697 1288 1722 tra
1310 1700 1406 1722 usum
1429 1701 1449 1721 a
1470 1689 1544 1721 Deo
1567 1691 1768 1726 insatutuiii,
1791 1689 1890 1720 habet
1914 1689 2074 1721 rationem
2097 1689 2218 1722 Sacra-

1237 1734 1352 1765 menti:
1393 1733 1433 1764 [t
1456 1735 1485 1764 si
1508 1733 1582 1774 quis
1607 1731 1705 1763 vellet
1729 1731 1831 1763 lavari
1855 1733 1887 1762 in
1912 1732 2076 1773 baptismo
2099 1738 2218 1764 contra

1239 1777 1388 1808 morbum
1419 1775 1598 1813 Gallicum,
1632 1782 1722 1806 esset
1757 1774 1931 1806 manifeste
1965 1774 2217 1807 idololatricam.

1239 1820 1296 1851 sic
1320 1818 1466 1850 Coenam
1490 1818 1622 1850 Domini
1652 1817 1835 1849 transferre
1862 1819 1904 1849 ad
1932 1816 2018 1849 alios
2046 1828 2145 1856 usus,
2174 1818 2218 1850 ad

1239 1873 1325 1904 quos
1348 1872 1413 1893 non
1437 1869 1488 1893 est
1510 1862 1675 1899 instituta,
1708 1868 1757 1892 est
1788 1859 1989 1899 idololatria,
2022 1860 2107 1897 Quia
2131 1862 2219 1892 sicut

1239 1906 1337 1937 edere
1362 1905 1613 1946 promissionem
1636 1903 1742 1935 solius
1768 1904 1828 1935 nei
1852 1910 1921 1935 est:
1957 1903 2004 1935 lta
2026 1903 2133 1935 solius
2155 1902 2219 1936 Dei

1239 1955 1288 1980 est
1320 1949 1522 1979 constituere
1552 1949 1820 1985 Sacramentum,
1854 1945 1908 1978 vel
1936 1948 2060 1979 addere
2087 1947 2219 1990 signum

1239 1991 1459 2032 promissioni.
1506 1990 1595 2021 llaec
1619 1990 1789 2021 Elementa
1813 2001 1873 2022 seu
1897 1991 2000 2031 prima
2022 1990 2112 2022 initia
2135 1991 2220 2022 bene

1240 2035 1398 2066 discenda
1427 2040 1504 2065 sunt
1534 2035 1564 2064 in
1592 2032 1761 2064 Evvlesia.
1796 2040 1828 2064 et
1858 2033 1992 2064 assidue
2020 2031 2219 2065 inculcanda

1241 2078 1438 2109 rudioribus.
1487 2076 1591 2107 lindie
1615 2076 1836 2114 circumcisio,
1859 2087 1924 2107 non
1949 2083 1999 2107 est
2023 2077 2219 2108 Sacramen-

1240 2127 1321 2152 tum:
1369 2121 1452 2155 Quia
1486 2121 1557 2150 eius
1592 2131 1671 2149 usus
1706 2120 1848 2150 debebat
1887 2119 2008 2151 durare
2047 2120 2219 2161 tantisper,

1239 2164 1345 2195 donec
1369 2162 1512 2193 Messias
1535 2170 1623 2193 esset
1648 2162 1825 2193 exhibitus.

1327 2206 1392 2237 lam
1416 2206 1589 2237 constituta
1623 2205 1684 2236 liae
1712 2205 1904 2247 hypothesi:
1938 2206 2026 2246 quod
2054 2203 2134 2236 nihil
2161 2204 2218 2236 ha-

1240 2250 1316 2281 beat
1346 2250 1504 2279 rationem
1532 2250 1754 2279 sarnum-nti.
1783 2249 1845 2279 nisi
1875 2249 2007 2289 truendo
2037 2255 2087 2279 est
2117 2250 2149 2280 in
2177 2258 2218 2280 eo

1240 2303 1312 2329 usu,
1335 2293 1419 2323 sicut
1445 2293 1598 2322 «livinitus
1623 2299 1670 2322 est
1697 2292 1892 2323 institutum:
1915 2292 2061 2322 dicemus
2081 2292 2123 2323 de
2141 2301 2219 2323 cnu-

1239 2336 1304 2373 sis,
1334 2345 1436 2376 quare
1460 2334 1552 2365 Deus
1576 2336 1734 2365 addiderit
1759 2335 1968 2376 promissioni
1997 2335 2104 2377 signu.
2149 2334 2219 2366 Sed

1240 2379 1404 2409 ordiemur
1428 2377 1527 2418 paulo
1550 2377 1661 2409 altius.

1326 2423 1460 2456 Quaero
1496 2421 1608 2459 igitur.
1648 2431 1750 2462 quare
1785 2419 1873 2451 Deus
1912 2419 2047 2451 ediderit
2083 2420 2218 2460 primam

1241 2464 1515 2505 promissionem?
1561 2464 1673 2495 Potest
1711 2464 1795 2495 enim
1831 2464 1945 2494 mirum
1981 2463 2101 2501 videri,
2140 2463 2218 2505 quid

1242 2518 1324 2548 optrs
1351 2506 1461 2539 suerit.
1493 2513 1524 2537 ut
1555 2507 1708 2538 ederetur
1731 2507 1906 2547 promissio
1930 2506 2074 2547 gratiae,
2103 2506 2145 2538 tie
2168 2516 2218 2537 re-

1241 2549 1488 2582 conciliatione.
1524 2549 1574 2581 vel
1605 2550 1793 2592 receptione
1822 2550 1954 2591 generis
1982 2548 2131 2587 humani,
2165 2546 2218 2581 vel

1241 2594 1448 2625 restitutione
1471 2594 1611 2624 iustitiae
1634 2594 1664 2624 in
1691 2592 1830 2623 homine.

1329 2635 1540 2677 Respondeo.
1572 2635 1664 2667 Deus
1682 2636 1782 2668 edidit
1801 2636 1936 2677 primam
1956 2634 2218 2675 promissionem,

1241 2685 1277 2712 ut
1300 2680 1446 2711 sciamus
1470 2690 1510 2711 ex
1534 2679 1637 2721 ipsius
1660 2689 1762 2716 voce,
1790 2688 1869 2710 vere
1897 2687 1959 2709 nos
1986 2678 2099 2719 recipi.
2143 2676 2217 2709 Nou
