2324 2958
213 154 278 186 64³

299 245 553 283 Salsamentum,
585 245 658 276 aive
676 242 828 276 lactucae
849 243 1040 285 simpliciter
1063 241 1186 285 signifi-

215 296 291 322 cant
313 288 495 320 doctrinam
513 285 599 330 legis
617 292 651 318 et
672 285 856 329 Evangelii.
899 286 1047 318 Necesse
1070 291 1122 317 est
1143 285 1185 316 ad

214 334 418 364 ceremonias
441 330 605 362 accedere
616 329 893 371 praedicationem
916 329 1017 360 verbi.
1052 328 1186 360 Patres-

213 373 352 407 (amittas
374 374 406 404 in
429 371 487 404 illo
510 371 598 411 loco,
621 373 676 404 ubi
697 372 914 404 comedebant
931 381 1064 413 agnum,
1086 371 1186 401 adde-

214 419 293 449 bant
322 416 522 452 doctrinam3
556 415 691 447 Levitae
713 421 746 446 et
773 414 973 446 Sacerdotes
1004 414 1100 444 etiam
1123 423 1186 444 suo

213 459 289 492 loco
314 459 478 490 docebant
501 458 534 489 in
557 457 687 498 templo.
729 457 777 488 lta
800 467 898 495 nunc,
922 457 1186 497 quotiescunque

213 501 399 534 celebratur
422 500 535 533 Coena
558 501 589 532 in
613 500 776 537 Ecclesia,
810 500 908 531 debet
941 499 1100 529 accedere
1130 499 1187 529 do-

214 546 333 583 ctrina,
356 545 442 576 sicut
464 549 574 575 textus
598 544 714 584 inquit:
750 542 1004 582 Quotiescunque
1027 539 1188 580 feceritis,

212 589 246 619 in
268 588 449 619 memoriam
471 587 531 618 mei
546 585 660 626 facite.
706 584 789 616 Hinc
811 585 960 626 sequitur
993 593 1078 624 opus
1112 593 1188 614 esse

213 631 342 668 studiis,
377 630 464 671 quia,
499 636 534 661 ut
556 629 737 660 doceantur
758 626 826 665 alii,
860 632 991 668 oportet
1013 636 1076 658 nos
1098 627 1189 668 prius

213 674 352 706 discere.

334 786 442 837 Quid
474 785 698 838 significant]
729 798 844 824 renes
876 781 1069 823 accincti?

298 885 510 926 Responaeo.
549 883 622 914 Non
648 883 805 914 debemus
827 882 942 923 vagari
967 881 1186 922 opinionibus,

214 930 297 961 sicut
323 927 413 959 multi
438 927 572 963 faciunt,
596 927 650 967 qui
679 932 794 966 putant
826 935 902 956 esse
925 925 1027 956 decus
1051 923 1185 966 ingenii,

214 978 246 1004 et
270 969 472 1003 delectantes
495 971 558 1000 ista
580 967 762 1010 petulantia
782 967 927 1009 fingendi
950 967 1122 1007 opiniones
1146 967 1186 997 de

213 1014 288 1046 Deo
310 1020 341 1045 et
364 1014 465 1044 rebus
488 1012 616 1043 divinis.
664 1010 787 1043 Paulus
810 1010 928 1051 inquit:
963 1010 1112 1050 Redi-qne
1134 1019 1185 1039 ca-

212 1058 321 1099 ptivas
343 1060 458 1087 memes
482 1059 607 1086 vestras
630 1055 661 1085 in
674 1053 852 1094 obsequium
865 1052 990 1084 Christi
995 1064 1006 1088 ,-
1029 1053 1187 1083 debemus

851 150 961 184 PfflL.
984 149 1087 182 MEL.
1109 148 1294 183 SCRIPTA
1316 147 1577 182 EXEGE'ncA.

2143 149 2209 185 Cu

1239 249 1310 281 tus3
1334 250 1429 274 vetus
1451 240 1699 274 Testamentum
1719 246 1773 274 est
1793 239 1917 284 politia.
1951 241 2106 284 oportuit

1239 283 1296 316 illa
1317 285 1444 316 servari
1467 295 1487 316 a
1508 284 1635 316 sanctis
1658 289 1690 315 et
1713 285 1864 317 omnibus
1897 282 1971 316 aliis
1993 285 2026 316 in
2047 283 2106 317 illa
2127 252 2211 327 m

1239 327 1283 359 tin
1306 333 1465 362 externam
1490 326 1639 359 Membra
1661 327 1738 358 novi
1761 326 1964 360 Testamenti
1988 333 2064 360 sunt
2086 333 2211 360 tantam

1239 370 1316 401 viva
1348 377 1382 402 et
1404 376 1520 402 sancta
1543 370 1698 401 membra.
1753 369 1828 401 Non
1858 370 1957 401 debet
1983 370 2146 404 accedere
2167 370 2210 402 ad

1239 413 1498 444 communionem
1533 422 1671 449 coenae,
1705 413 1761 454 qui
1794 422 1859 443 non
1883 418 1934 443 est
1957 411 2120 450 Sanctus,
2153 413 2210 455 qui

1239 465 1305 487 non
1339 456 1408 497 agit
1440 455 1690 496 poenitentiam,
1733 455 1786 496 qui
1826 465 1891 486 non
1932 456 2134 486 convertitur
2166 455 2212 488 ad

1240 496 1355 529 Filium
1379 497 1454 535 Dei,
1487 499 1540 539 qui
1565 503 1614 529 est
1639 497 1709 528 sine
1728 499 1842 529 timore
1861 504 1893 528 et
1916 498 1992 536 fide,
2022 498 2077 538 qui
2110 496 2212 530 habet

1239 541 1443 582 propositum
1465 540 1645 581 peccandi3
1678 539 1753 571 talis
1777 540 1805 570 si
1828 541 1977 578 accedat,
2001 541 2133 582 indigne
2156 550 2212 577 ao·-

1212 590 1215 633 Ι
1240 584 1338 620 cedit,
1360 583 1446 614 sicut
1471 581 1591 614 Paulus
1614 583 1671 613 ait:
1710 586 1811 614 sumit
1838 584 1902 614 sibe·
1931 584 2088 615 iudicium.
2140 582 2212 618 Lex

1240 624 1468 657 ceremonialis
1488 625 1636 658 mosaica
1658 624 1717 656 fuit
1739 624 1884 666 politica,
1908 627 2049 666 oportuit
2074 635 2212 660 servan

1239 669 1304 699 ista
1328 667 1460 709 legalia,
1486 667 1618 709 politiae
1641 678 1760 705 cansa,
1791 678 1887 709 quam
1900 667 1992 699 Deus
2015 667 2120 700 voluit
2141 678 2212 700 set—

1240 720 1320 742 vare
1343 721 1448 752 usque
1471 711 1513 741 ad
1536 711 1736 742 nativitatem
1759 710 1914 741 Messiae.
2156 712 2159 714 ’

1326 753 1501 784 Secundus
1524 762 1606 784 usus
1629 752 1688 784 suit
1709 752 1900 793 spiritualis:
1924 753 1956 784 id
1986 760 2049 791 est,
2071 753 2214 791 sanct'u,

1239 796 1412 838 agentibus
1436 794 1680 836 poenitentiam,
1705 795 1757 827 vel
1780 797 1963 827 conversis.

1327 838 1385 869 tiis
1426 845 1522 879 typus
1569 844 1640 868 erat
1673 845 1913 869 sacramentum
1955 844 1987 869 et
2024 836 2213 878 obsignatio

1239 880 1330 912 fidei:
1375 880 1440 921 lpsi
1462 881 1626 911 intuentes
1648 880 1745 911 istum
1770 890 1890 921 agnum
1914 886 1946 911 et
1965 880 2214 918 manducantes,

1239 923 1442 965 cogitabant,
1455 922 1555 960 Ecce,
1577 922 1622 953 ita
1634 923 1828 954 mactabitur
1842 924 1983 958 victima,
2003 933 2068 964 qua
2080 923 2216 956 victima

1238 976 1301 997 nos·
1329 971 1522 1002 vescentes,
1549 964 1793 996 sanctificamur
1823 971 1854 996 et
1878 964 2055 997 liberamur
2077 975 2119 996 ex
2142 974 2213 996 ser-

1239 1009 1340 1040 vitute
1362 1009 1491 1049 peccati
1514 1013 1545 1039 et
1568 1008 1701 1045 mortis,
1733 1013 1764 1038 et
1787 1008 1948 1038 donamur
1979 1008 2044 1038 vita
2067 1013 2213 1039 aeterna.

1241 1051 1311 1083 Hac
1346 1051 1409 1082 fide
1444 1060 1482 1081 se
1516 1051 1747 1081 sustentabant
1780 1050 1822 1081 ad
1857 1049 1982 1088 Deum,
2015 1050 2216 1081 invocabant

213 1109 346 1132 manere
375 1100 457 1130 intra
485 1103 589 1129 metas
614 1103 742 1134 certas,
775 1107 858 1138 quas
882 1095 1062 1126 circumdat
1090 1095 1187 1125 nobis
1211 1090 1214 1130 ἱ
1240 1104 1326 1132 eum,
1349 1092 1608 1125 consolabantur
1630 1102 1678 1130 se,
1713 1098 1745 1123 et
1776 1091 1994 1124 laetabantur.
2039 1091 2137 1123 Nulla
2162 1098 2216 1124 est

214 1144 351 1174 verbum
374 1141 450 1172 Dei:
475 1141 541 1171 sed
564 1139 715 1172 homines
735 1149 799 1169 non
826 1137 940 1169 volunt
962 1148 1000 1169 se
1017 1138 1187 1168 continere
1212 1135 1214 1156 ¹
1240 1137 1325 1168 enim
1348 1137 1513 1167 invocatio
1536 1135 1599 1167 Dei
1623 1136 1693 1166 sine
1717 1134 1850 1166 laetitia.

214 1187 299 1217 intra
346 1185 405 1215 has.
446 1191 560 1214 metas.

629 1182 759 1224 Vulgus
806 1182 920 1212 haeret
963 1181 994 1211 in
1041 1190 1187 1211 ceremo-
1212 1197 1215 1219 ‚
1240 1178 1380 1210 laetatur
1415 1179 1445 1209 in
1481 1178 1574 1216 Deo,
1609 1189 1673 1208 non
1709 1185 1759 1209 est
1787 1179 1962 1208 invocatio.

1902 1135 2040 1170 Quando
2067 1145 2125 1166 cor
2147 1144 2216 1166 non

2019 1177 2217 1219 Ubicunqm

214 1228 288 1266 niis,
311 1228 399 1258 docti
422 1227 589 1266 sapientes
607 1232 684 1256 sunt
701 1224 888 1266 vagabundi
912 1224 943 1254 in
967 1223 1188 1264 opinionibus,
1212 1231 1215 1264 g
1241 1222 1323 1252 fides
1347 1228 1397 1253 est
1420 1230 1575 1256 accensa.
1608 1219 1709 1251 efficit
1743 1219 1899 1251 laetitiam
1933 1221 1965 1251 in
1995 1220 2096 1252 corde
2118 1230 2215 1251 acco

214 1269 383 1310 indulgent
423 1270 497 1306 sibi,
542 1266 747 1298 delectantur
787 1267 945 1297 varietate
987 1266 1215 1305 opinionnm‚'

215 1310 429 1346 commiscent
459 1310 701 1351 philosophiam
733 1315 765 1340 et
799 1309 981 1340 doctrinam
1004 1306 1188 1344 Ecclesiae,

1242 1265 1338 1294 dente
1362 1264 1403 1294 ad
1428 1263 1543 1294 Deum.
1578 1262 1694 1294 Moses
1719 1263 1849 1304 quoties
1873 1272 1954 1294 usus
1976 1269 2027 1293 est
2051 1262 2116 1294 boc
2139 1263 2215 1300 ritu,

1242 1307 1338 1337 dixit:
1359 1306 1500 1337 Domine
1514 1305 1618 1342 Deus,
1637 1314 1772 1336 aeterne
1785 1312 1889 1345 pater,
1907 1305 2059 1336 conditor
2071 1305 2214 1336 omnium

214 1357 346 1388 turbant
369 1353 612 1395 simplieitatem
634 1353 821 1387 (loctrinae;
853 1352 941 1382 iubet
971 1351 1069 1390 igitur
1090 1360 1189 1381 renes
1213 1348 1217 1384 ἰ
1242 1359 1363 1386 rerum,
1386 1348 1440 1388 qui
1468 1353 1498 1378 te
1522 1346 1707 1387 patefecisti
1731 1347 1836 1383 Adae,
1869 1348 1958 1383 Sem,
1991 1346 2075 1382 Noe,
2109 1346 2216 1380 Abra„-

215 1409 292 1431 esse
314 1398 495 1430 accinctos·
540 1395 650 1427 Renes
679 1395 869 1437 significant
891 1394 1065 1435 opiniones
1087 1399 1119 1424 et
1142 1390 1189 1423 af-
1214 1393 1217 1422 i
1242 1391 1352 1429 hamo,
1386 1390 1491 1427 isaac,
1526 1389 1639 1428 iacob,
1671 1390 1729 1421 tibi
1762 1389 1886 1430 gratias
1909 1398 1986 1430 ago,
2019 1387 2108 1429 quod
2138 1388 2217 1420 edo·

214 1442 334 1475 sectus

303 1483 423 1515 Postea
447 1482 576 1513 dicitur:
611 1484 695 1512 state
717 1483 856 1512 tenmtes
879 1479 1027 1511 baculos:
1058 1477 1088 1508 id
1125 1483 1189 1515 est,
1214 1509 1217 1515 A

1242 1435 1319 1465 xisti
1343 1444 1405 1465 nos
1428 1433 1598 1474 Aegypt03
1628 1439 1660 1464 te
1681 1433 1813 1469 invoco,
1843 1431 1943 1463 credo
1971 1437 2048 1463 tuae
2077 1430 2217 1472 promis-

1242 1477 1338 1515 sioni,
1362 1477 1416 1517 qui
1440 1485 1477 1507 es
1501 1476 1663 1507 missurus
1693 1476 1865 1506 victimam.
1896 1484 1981 1515 quae
2004 1473 2156 1514 patietur,
2183 1472 2218 1505 in

216 1528 373 1560 debemus
408 1535 484 1557 esse
514 1525 619 1565 parati
643 1525 685 1555 ad
720 1521 829 1561 exilia,
859 1528 890 1554 et
914 1522 1079 1559 miserias3
1114 1521 1191 1561 quia
1214 1521 1218 1561 Ι
1243 1530 1340 1561 quam
1363 1520 1412 1550 ira
1424 1519 1641 1550 derivabitur:
1666 1518 1738 1549 Hac
1760 1516 1825 1548 fide
1847 1523 1878 1548 te
1901 1518 2034 1554 invoco,
2056 1521 2218 1557 exspecto

214 1568 369 1603 Ecclesia
391 1575 441 1600 est
463 1569 611 1600 subiecta
635 1567 742 1603 cruci3
765 1566 882 1597 deinde
906 1565 1063 1596 debemus
1090 1564 1190 1601 scire,

216 1613 303 1656 quod
327 1611 409 1643 baec
432 1618 500 1643 tota
529 1611 598 1641 vita
620 1610 663 1641 sit
685 1610 842 1641 transitus
877 1608 919 1639 ad
952 1608 1052 1638 vitam
1085 1613 1190 1638 aeter-
1216 1639 1218 1651 ἰ

216 1666 303 1695 nam,
320 1656 404 1689 sicut
429 1654 559 1686 eductio
593 1663 634 1684 ex
658 1652 811 1694 Aegypto
840 1652 871 1682 in
909 1658 1029 1682 terram
1053 1649 1190 1691 promis-

218 1709 301 1731 sam:
335 1697 475 1739 Oportet
509 1706 571 1727 nos
607 1706 646 1727 ex
670 1696 829 1727 servitute
862 1694 990 1736 peccati
1023 1698 1056 1724 et.
1078 1693 1190 1724 mortis

219 1742 312 1773 educi
334 1742 366 1772 in
402 1741 527 1771 ›atriam
561 1740 593 1770 id
617 1744 667 1770 est
703 1739 734 1769 in
758 1738 858 1769 vitam
877 1735 1067 1768 coelestem.
1101 1734 1191 1766 Haec

391 1752 401 1781 l
530 1762 539 1777 ³
671 1761 679 1777 ⁵
1216 1734 1220 1807 i
1245 1775 1420 1808 versaliter
1444 1776 1611 1806 omnibns:
1635 1780 1751 1815 postca
1774 1779 1847 1804 sunt
1862 1778 2081 1807 sacramenta,
2104 1770 2136 1801 id
2155 1777 2218 1808 est,

220 1783 375 1825 simplex,
405 1789 437 1814 ct
462 1792 526 1813 non
550 1781 665 1823 procul
700 1781 849 1822 quaesita
872 1779 1035 1821 expositio
1058 1779 1126 1819 typi
1149 1779 1192 1808 sit

1243 1562 1499 1603 redemptionem
1529 1568 1561 1593 et
1591 1561 1796 1593 eductionem
1825 1570 1867 1590 cx
1896 1559 2033 1590 sunnnis
2063 1558 2218 1596 miseriis,

1243 1612 1275 1637 et
1297 1606 1397 1637 vitam
1425 1610 1602 1636 aeternam.
1658 1602 1748 1635 Talis
1783 1602 1864 1633 fides
1898 1601 2063 1633 accedens
2098 1601 2131 1631 in
2155 1610 2218 1632 usu

1244 1648 1370 1680 externi
1404 1649 1503 1685 ritus,
1537 1646 1697 1685 faciebat,
1725 1652 1760 1677 ut
1794 1645 1936 1685 sumptio
1969 1644 2046 1686 agni
2080 1643 2219 1674 haberet

1243 1701 1338 1723 usum
1361 1689 1572 1731 spiritualem.

1331 1734 1387 1764 Sic
1411 1733 1532 1764 caeteri
1556 1732 1622 1774 typi
1646 1731 1783 1772 primum
1807 1736 1882 1761 sunt
1906 1727 2125 1770 paedagogici
2149 1727 2218 1758 uni-

223 1828 318 1859 vobis
352 1827 383 1858 in
419 1832 620 1866 ‹:onspectu;
653 1830 686 1855 et.
719 1825 861 1865 cogitate
897 1824 937 1853 de
966 1821 1221 1853 misericordia*
1247 1819 1435 1861 obsignatio
1459 1816 1652 1859 spiritualis,
1684 1815 1807 1847 =scilicet
1838 1815 1966 1846 sanctis
1995 1813 2218 1856 cogitantibus

221 1870 296 1908 Dei,
320 1869 406 1911 quod
431 1879 489 1909 per
513 1869 609 1898 istum
634 1873 744 1908 typum
759 1865 858 1897 voluit
881 1875 942 1896 nos
962 1865 1092 1895 docere.
1127 1863 1193 1894 lam
1219 1884 1222 1908 l
1247 1863 1311 1893 tide
1331 1863 1370 1892 de
1395 1861 1684 1902 promissionibus,
1714 1866 1743 1889 et
1775 1858 1837 1889 hac
1862 1857 1945 1888 tides
1969 1867 2027 1897 per
2050 1862 2219 1887 externam

223 1913 371 1955 sequitur
394 1912 542 1954 quaestio
568 1911 608 1941 de
632 1920 692 1941 usu
711 1910 789 1951 typi.

466 2033 701 2088 Quotuplex
740 2040 802 2073 est
833 2031 952 2072 usus?

309 2124 451 2168 Duplex,
474 2125 598 2166 primus
635 2123 895 2165 paedagogicus‚
928 2120 1081 2152 videlicet
1109 2119 1197 2161 quod

224 2171 431 2202 docebantur
455 2168 603 2199 homines
638 2167 678 2198 de
703 2166 764 2197 hac
789 2176 842 2203 re,
875 2165 963 2206 quod
995 2171 1133 2195 ventura
1156 2163 1197 2193 sit

225 2214 367 2250 victima,
390 2218 420 2243 et
443 2211 530 2253 quod
565 2209 622 2242 illa
654 2210 697 2240 sit
719 2208 960 2250 exspectanda:
995 2207 1084 2244 Item,
1108 2206 1197 2247 quod

225 2267 288 2290 nos
312 2257 373 2296 ipsi
398 2266 462 2286 non
487 2255 589 2285 simus
612 2253 754 2284 mansuri
779 2258 935 2293 perpetuo
966 2251 996 2281 in
1027 2249 1089 2281 hac
1122 2249 1198 2286 vita,

225 2300 284 2333 ned
310 2299 396 2342 quod
421 2297 632 2329 transibimus
667 2297 697 2327 in
732 2306 842 2326 veram
866 2294 1000 2335 patriam
1036 2299 1066 2323 et
1093 2298 1197 2322 neter-

225 2353 311 2374 nam.
356 2341 505 2377 Quaero:
536 2350 579 2371 an
599 2349 708 2371 omnee
731 2342 763 2370 tn
786 2339 890 2370 lsrael
911 2341 1052 2374 sanctos,
1083 2339 1111 2366 et
1136 2345 1198 2366 non

225 2389 353 2417 tanc-tos
371 2387 547 2425 oportuerit
563 2392 694 2414 sect-rure
717 2383 803 2413 illum
828 2383 948 2412 t't'ltmt?
982 2381 1035 2410 lta.
1072 2377 1198 2409 Rursus

226 2439 365 2469 quaero:
390 2429 436 2460 An
451 2437 559 2458 omnes
577 2429 683 2457 suncti
704 2430 734 2456 vt
754 2434 817 2456 non
833 2426 937 2455 smtclc'
958 2423 1092 2453 debean!
1113 2431 1198 2452 accc-

226 2472 305 2503 dere
337 2472 382 2502 od
411 2479 542 2501 coenam
576 2467 729 2500 Domini?
773 2467 857 2498 Nun.
915 2466 1007 2501 Quae
1038 2470 1086 2495 est
1111 2463 1199 2495 diffe-

227 2514 359 2545 tentia?
422 2513 490 2544 une
525 2512 738 2553 quaestiones
773 2519 925 2552 inagnum
965 2507 1073 2539 lumen
1107 2517 1200 2548 prae-

228 2557 305 2588 bent
343 2556 384 2589 ad
426 2556 601 2587 discrimen
635 2554 768 2586 Veturia
803 2558 836 2584 et
868 2552 954 2584 Novi
987 2550 1198 2583 Testamenti.

229 2599 311 2631 Nam
347 2609 465 2630 novum
488 2598 732 2630 Testamentum
766 2601 816 2628 est
852 2600 1077 2627 testamentum
1101 2592 1200 2634 Spiri-

1248 1903 1596 1937 commoneiactionem
1621 1902 1823 1934 accenditur.
1857 1901 1930 1932 Non
1954 1901 2099 1941 cogitate
2122 1899 2219 1932 inan·

1220 1946 1223 1979 ἔ
1247 1947 1351 1978 fuisse
1374 1945 1615 1987 spectaculum:
1651 1954 1756 1986 neque
1783 1945 1982 1980 existimate,
2016 1941 2120 1974 fuisse
2147 1950 2221 1971 sot»

1248 1991 1355 2022 didam
1379 1996 1526 2031 gentem,
1559 1988 1732 2019 habentem
1767 1985 1886 2018 multos
1910 1986 2039 2026 ineptos
2067 1991 2099 2016 et
2123 1983 2221 2015 rusti-

1249 2044 1308 2065 cos
1333 2034 1426 2070 ritus,
1448 2033 1507 2063 sed
1532 2031 1590 2062 suit
1613 2040 1696 2073 gens
1719 2029 1869 2070 elegans,
1899 2038 1984 2069 quae
2007 2027 2118 2058 hahuit
2149 2024 2220 2067 pul·

1249 2077 1428 2107 cherrimus
1452 2082 1481 2106 ct
1511 2073 1776 2116 elegantissimas
1798 2071 2020 2103 ceremonias:
2054 2068 2140 2105 Quid
2162 2078 2221 2109 pt>

1249 2120 1325 2150 tatis
1350 2118 1524 2149 Dominum
1548 2117 1728 2157 cogitasse,
1752 2126 1826 2147 cum
1850 2115 1943 2146 dicit:
1973 2113 2146 2145 Desiderio
2166 2112 2222 2143 de·

1249 2162 1391 2193 sidet-ari
1418 2162 1542 2192 Pascha
1564 2161 1732 2192 comedere
1759 2159 1927 2193 robis-nan,
1963 2157 2029 2188 Aca
2061 2159 2120 2187 oet'c
2140 2155 2222 2186 ltock

1250 2206 1318 2236 und
1338 2205 1489 2235 herle-liele
1512 2205 1567 2235 luat
1590 2204 1672 2234 nu‘clae
1695 2203 1880 2240 rer-maycr?
1912 2199 1996 2235 Quid
2014 2196 2119 2230 voluit.
2133 2194 2224 2228 aliud

1251 2249 1371 2284 dicere,
1395 2258 1508 2288 quam:
1544 2256 1606 2287 ego
1642 2246 1712 2286 ipse
1736 2244 1788 2276 bic
1821 2244 1930 2275 iaceo:
1965 2241 2038 2283 Ego
2067 2250 2141 2274 sum
2167 2237 2225 2271 m·

1250 2301 1372 2331 agnus,
1407 2301 1502 2331 quem
1537 2289 1702 2331 significat
1733 2288 1795 2318 iste
1834 2295 1941 2326 agnus
1975 2284 2125 2325 typicus,
2157 2291 2223 2323 qm

1252 2339 1426 2364 vescentur
1450 2333 1510 2364 mei
1535 2329 1705 2372 discipuli,
1746 2331 1787 2361 de
1811 2329 1930 2371 quibus
1958 2327 1990 2358 in
2014 2325 2127 2358 ultima
2149 2332 2224 2366 pre·

1251 2377 1380 2407 catione
1393 2376 1487 2407 dixit:
1512 2374 1580 2414 1:590
1602 2385 1652 2406 me
1670 2384 1733 2415 pro
1755 2374 1803 2405 eis
1819 2373 1999 2410 sanctifico:
2021 2370 2107 2401 sicut
2120 2376 2224 2408 nupu·

1251 2419 1425 2451 audivi-tis
1460 2419 1501 2450 de
1540 2417 1596 2450 illa
1629 2417 1836 2458 precatione,
1880 2423 1965 2456 quae
2005 2419 2056 2444 est
2094 2409 2226 2443 maximi

1251 2463 1418 2499 momenti,
1452 2468 1483 2493 et
1508 2461 1603 2493 debet
1629 2470 1705 2492 asse
1728 2459 1829 2491 infixa
1852 2457 1978 2489 animis.
2034 2455 2092 2486 sio
2159 2453 2227 2485 itur

1252 2505 1367 2537 discite
1391 2515 1478 2537 nunc
1501 2511 1612 2547 typum
1635 2504 1750 2540 istum,
1781 2501 1858 2544 quid
1881 2498 2083 2542 significarit.
2180 2494 2225 2527 od

1253 2559 1326 2581 cum
1350 2546 1494 2585 facietis,
1528 2553 1559 2578 et
1593 2544 1690 2579 simul
1723 2546 1831 2587 agetis
1853 2540 2104 2585 poenitentiam,
2137 2539 2224 2570 invo-

1253 2592 1349 2622 nlctir·
1373 2590 1488 2623 dulcet»
1507 2588 1764 2622 consol-donea.

2289 694 2310 826 ,i

2292 2140 2310 2218 ,0⁴-
2297 2115 2303 2134 υ
