2324 2958
155 187 221 220 ⁷83
792 182 900 216 PHIL.
923 181 1026 214 MEL.
1050 181 1234 215 scnw‘rA
1257 180 1518 213 EXEGETICA.
2089 182 2151 214 ⁷8⁴

154 287 217 320 est,
239 290 280 312 ne
302 279 512 322 mergamini,
544 287 586 309 ne
608 277 845 320 opprimamini,
878 287 921 308 ne
953 275 1127 308 vincamini
1151 277 1154 329 Ξ
1179 273 1302 306 nullum
1343 273 1409 316 legi
1442 275 1577 307 suavius
1617 280 1673 306 aut
1713 273 1860 311 dulcius,
1901 284 1998 316 quam
2028 273 2151 307 Nonni-

154 323 401 357 tentationibus.
1151 332 1154 356 ς
1178 317 1319 357 Scripsit
1351 323 1461 349 autem
1487 322 1641 358 poemata
1669 327 1729 349 sua
1753 315 1972 358 Apollinaris,
2005 327 2044 349 eo
2072 323 2152 349 tem-

240 365 275 397 111
297 366 360 397 hac
389 374 470 397 vero
498 363 709 395 invocatione
735 368 904 395 teneamus
933 362 1021 392 hanc
1050 369 1127 392 con·
1151 357 1154 387 l
1178 370 1270 401 pore,
1292 360 1423 402 quando
1446 359 1586 392 lulianus
1610 360 1773 400 Apostata
1791 359 1967 401 prohibuit,
1990 369 2032 392 ne
2054 360 2152 392 doco-

154 408 365 441 solationem:
408 409 507 440 Nemo
545 410 653 447 rapiet
687 416 760 438 ores
792 416 876 438 meas
909 415 951 436 ea:
983 404 1128 435 manibus
1178 409 1291 436 rentur
1314 401 1369 435 filii
1393 401 1655 435 Christianorum
1677 403 1710 434 iu
1743 401 1868 434 scholis
1890 401 2057 440 Ethnicis,
2091 412 2153 434 neo

153 455 241 484 meis.
304 450 453 492 Rapere,
494 449 661 491 significat
698 448 820 480 luctam
861 447 1054 479 certantium
1095 450 1127 476 et
1178 445 1328 487 legerent
1350 446 1474 487 scripta
1492 446 1674 487 sapientum
1709 445 1907 486 scriptorum
1931 445 2018 486 apud
2039 444 2152 476 Ethai-

153 494 366 536 pugnantium
388 493 473 524 inter
495 503 543 523 se.
588 491 689 524 Filius
702 491 764 523 Dei
787 497 875 522 tenet
898 499 960 521 nos
983 489 1015 519 in
1039 498 1126 519 com-
1179 498 1248 520 cos.
1294 487 1382 519 Vidit
1404 490 1488 520 enim
1512 488 1721 519 Christianos
1751 489 1929 519 instructos
1953 486 2152 529 eloquentia,

153 536 252 578 plexu
275 546 350 572 sue,
373 535 632 577 comprehensos
645 535 794 565 manibus
812 532 865 564 vel
885 531 1027 563 brat-hiis
1044 531 1126 567 suis,
1179 540 1279 572 posse
1303 530 1415 572 plures
1438 542 1477 563 ex
1508 530 1656 562 Ethnicis
1690 531 1731 562 ad
1765 541 1802 562 se
1836 531 2018 567 attrahere,
2052 531 2152 561 desti-

153 585 261 621 gestat
285 589 346 610 nos
369 579 402 610 in
425 580 500 610 sinu
521 587 593 609 su0.
645 575 805 608 Diabolus
835 582 950 606 contra
973 572 1042 604 vult
1064 582 1126 604 nos
1179 579 1266 605 tutos
1308 574 1489 605 eruditione
1521 573 1675 615 paulatim
1718 574 1908 604 interituros
1941 583 2038 605 esse:
2076 573 2154 614 quia

153 622 282 663 eripere
316 631 358 653 ex
390 621 465 652 sinu
498 627 532 652 et
565 619 739 661 complexu
772 617 827 649 filii
853 617 924 648 Dei.
970 616 1036 647 Sed
1059 626 1126 647 non
1151 623 1154 666 Ι
1178 626 1272 647 suam
1305 616 1488 647 doctrinam
1519 627 1584 648 non
1618 617 1746 657 possint
1780 614 1958 657 explic-are.
2020 615 2154 647 inscitia

177 664 311 696 erficiet.
357 662 463 695 Maior
486 669 518 694 et
546 664 710 703 potentior
738 668 788 692 est
813 660 899 691 tilius
922 659 1002 695 Det,
1029 669 1126 700 quam
1179 658 1314 690 multum
1338 659 1444 690 damni
1467 658 1561 690 affert
1580 658 1762 690 Ecclesiae.
1804 659 1836 690 id
1861 656 2032 689 manifesta
2054 667 2153 699 expo

186 705 334 744 iabolus;
355 707 441 738 sicut
463 707 595 737 dicitur:
624 708 727 737 Maior
749 709 805 744 eet,
823 707 877 743 qui
898 708 930 733 m
960 703 1046 733 robis
1067 706 1126 738 est,
1151 719 1152 722 =
1179 701 1293 732 rientia
1317 701 1459 732 ostendit
1481 702 1533 733 sic
1554 701 1633 733 fieri.
1679 701 1828 733 Necesse
1859 701 1958 741 igitur
1986 700 2046 732 fuit
2075 709 2152 732 con-

152 760 246 790 quam
275 753 330 790 qui
360 754 411 781 est
440 752 474 781 in
502 750 628 780 mundo.
693 747 787 778 Item:
828 748 984 785 Princeps
1017 745 1129 775 mundi
1150 746 1153 752 ’
1178 750 1229 774 tra
1251 743 1388 775 fraudes
1411 741 1523 775 iuliani
1541 744 1742 775 constituere
1758 744 1964 775 Christianos
1987 743 2152 784 propriam

152 794 312 825 iuda-atus
333 796 389 824 est.
1150 781 1153 827 ξ
1178 784 1335 818 scholam.
1393 785 1440 817 lbi
1462 785 1664 827 Apollinaris
1698 785 1800 818 multa
1830 786 1981 826 scripsit3
2013 785 2153 817 reddidit

237 835 376 866 Etiamsi
408 835 507 876 igitur
539 840 590 865 est
623 842 742 874 magna
776 829 879 862 moles
912 835 1125 871 peccatorum
1150 837 1153 880 Ι
1178 827 1299 860 multos
1334 826 1510 865 Psalmos,·
1548 830 1732 869 composuit
1771 828 1969 860 Comoedias
2009 834 2040 859 et
2073 826 2153 858 Tra?

152 883 354 915 nostrorum,
389 883 497 908 tamen
530 875 614 907 haec
649 885 713 906 non
747 874 913 905 deterreat
947 882 1026 910 nos,
1061 881 1126 912 quo
1150 888 1152 902 t
1178 871 1324 912 goedias
1370 870 1420 901 Ex
1442 870 1494 902 his
1517 877 1596 911 puto
1625 870 1728 902 fuisse
1755 873 1851 902 etiam
1874 870 1963 902 illam
1987 871 2028 902 de
2050 870 2154 902 Geor*

152 922 259 952 minus
283 918 461 951 clamemus
489 919 530 950 ad
553 918 668 949 Filium
691 916 767 948 Dei:
803 916 852 947 Tu
880 914 1022 946 Domine
1050 913 1128 945 lesu
1149 920 1153 936 ⁸
1179 915 1233 955 gio
1256 918 1288 944 01
1311 912 1563 954 christophoro.
1618 913 1722 944 Vobis
1754 921 1834 945 nota
1866 920 1918 945 est
1948 912 2003 944 illa
2025 913 2155 954 pictura

152 961 283 995 Christe
307 963 430 993 d'uxisti:
465 964 562 993 Νειηο
587 963 694 1000 rapiet
713 969 785 991 oves
807 968 903 990 meas.
958 957 1030 998 Ego
1053 966 1126 988 sum
1149 937 1153 993 Ι
1178 957 1287 998 magni
1321 955 1492 997 Gigantis,
1531 956 1585 997 qui
1618 961 1727 996 portat
1760 955 1926 987 Christum
1960 965 2020 997 per
2053 964 2153 986 mara.

153 1012 208 1037 tua
231 1004 374 1043 ovicula,
396 1005 509 1042 audio,
539 1003 721 1044 amplector
757 1003 892 1032 verbum
916 1008 1016 1032 tuum.
1062 999 1125 1030 De-
1149 995 1152 1035 ἷ
1177 997 1261 1030 Eum
1299 999 1468 1030 nominant
1505 999 1775 1038 Clartstophorum.
1840 998 2010 1040 Significat
2044 1003 2154 1030 autem

152 1047 250 1080 fende
270 1058 322 1079 me
345 1054 460 1079 contra
477 1047 625 1083 insidias,
649 1044 750 1076 libera
775 1054 825 1075 1110
849 1054 888 1073 ex
907 1042 1034 1084 laqueis
1047 1042 1125 1073 Dia·
1179 1042 1348 1073 doctorem
1371 1040 1557 1079 Ecclesiae,
1590 1050 1650 1072 seu
1684 1041 1944 1082 praedicatorem
1971 1039 2154 1080 Evangelii.

153 1089 231 1123 boli.
276 1090 310 1121 ln
329 1089 384 1121 tali
408 1090 615 1120 invocatione
638 1097 710 1119 cum
732 1088 916 1128 cogitamus
939 1086 980 1116 de
1003 1084 1125 1116 nostris
1148 1047 1152 1119 1
1180 1083 1255 1116 [deo
1279 1083 1470 1126 plerumque
1493 1089 1601 1114 exstat
1623 1082 1680 1114 illa
1707 1084 1837 1125 pictura
1865 1084 1897 1114 in
1921 1082 2045 1123 pariete
2067 1088 2155 1112 exn>

152 1133 291 1165 miseriis
314 1138 347 1164 et
369 1131 552 1170 doloribus,
572 1131 677 1172 magis
701 1130 736 1160 fit
759 1130 934 1171 perspicua
963 1128 1127 1159 sententia
1178 1128 1265 1159 τίοι-0
1299 1127 1435 1158 turrium
1468 1127 1499 1157 in
1533 1124 1684 1167 templis:
1725 1136 1920 1167 quamquam
1960 1125 1993 1155 111
2034 1133 2157 1166 genem

152 1175 246 1208 huius
270 1173 478 1206 dulcissimae
502 1173 755 1210 consolationis,
777 1173 817 1203 de
841 1182 905 1213 qua
926 1181 992 1202 non
1017 1176 1127 1212 potest
1179 1169 1420 1201 accommodari
1461 1175 1570 1210 potest
1615 1169 1657 1200 ad
1699 1167 1876 1210 quemlihet
1915 1166 2155 1199 confessorem.

152 1219 233 1250 satis
256 1217 318 1249 dici
342 1216 409 1248 ulla
431 1218 568 1248 ratione.
1180 1212 1275 1243 Hunc
1299 1218 1429 1253 oportet
1453 1221 1529 1242 esse
1553 1211 1740 1253 Gigantem,
1763 1212 1795 1242 id
1820 1217 1880 1246 est,
1907 1209 1983 1241 forti
2008 1216 2039 1240 et
2061 1209 2156 1241 firmo

239 1259 390 1292 Christus
417 1259 588 1290 confirmat
622 1258 847 1289 certitudinem
879 1255 976 1287 huius
1009 1264 1128 1286 conso·
1179 1256 1301 1286 animo:
1325 1260 1460 1296 gestare
1472 1253 1651 1291 Christum,
1674 1253 1780 1289 idest,
1800 1254 1975 1284 ostendere
1988 1252 2156 1284 Christum

152 1302 296 1341 lationis,
323 1302 443 1343 insigni
466 1301 652 1333 testimonio
676 1301 717 1331 de
736 1297 933 1341 aequalitate
963 1298 1128 1339 potentiae
1178 1296 1315 1338 populo,
1338 1297 1520 1328 doctrinam
1553 1297 1683 1328 tradere
1716 1295 1849 1337 populo.
1906 1295 2004 1326 Circa
2027 1305 2100 1326 eum
2123 1296 2155 1325 in

153 1346 264 1378 Patris
287 1351 320 1377 01
341 1343 423 1376 Filii.
469 1346 536 1383 Eyo
558 1349 591 1376 et
607 1348 705 1384 pater
725 1353 820 1374 unum
841 1351 957 1382 sumus,
987 1340 1073 1371 sicut
1095 1340 1128 1370 in
1179 1341 1260 1371 mari
1292 1340 1370 1370 sunt
1394 1339 1538 1381 grandes
1572 1338 1735 1375 Balenae,
1769 1348 1856 1380 quae
1887 1338 2048 1369 devorare
2082 1346 2155 1368 eum

152 1388 215 1420 bae
237 1394 307 1420 tota
330 1388 492 1419 concione
515 1387 612 1418 ctiam
636 1383 737 1418 multa
759 1383 823 1416 alia
845 1389 921 1415 su-nt
939 1382 1127 1414 testimonia
1180 1381 1306 1414 volunt.
1350 1379 1429 1413 illae
1453 1380 1643 1423 significant
1664 1381 1802 1411 insidias
1825 1379 1970 1417 Diaboli,
1994 1385 2025 1410 01
2048 1380 2157 1410 minan

153 1432 195 1464 de
228 1431 396 1462 divinitate
430 1428 571 1468 Christi,
604 1434 639 1460 ut
673 1438 747 1459 cum
781 1427 897 1468 inquit:
936 1427 1004 1465 Eyo
1037 1429 1128 1456 vitam
1178 1424 1418 1467 Tyrannorum.
1464 1424 1637 1455 Praecedit
1670 1433 1743 1454 eum
1777 1432 1880 1454 senex
1914 1422 1946 1453 in
1970 1421 2100 1459 littore,
2123 1427 2159 1453 et

152 1479 315 1506 aeternam
337 1473 379 1505 do
401 1476 456 1504 eis.
511 1471 604 1502 ltemz
650 1470 718 1511 Eyo
747 1471 847 1502 habeo
871 1473 1054 1509 potestatem
1072 1477 1126 1508 po-
1179 1473 1268 1499 tenet
1298 1465 1485 1503 lucernam3
1524 1466 1590 1497 hoc
1619 1472 1687 1503 est,
1722 1463 1780 1497 1110
1813 1465 1922 1507 dirigit
1950 1465 2035 1496 inter
2061 1473 2156 1495 suum

153 1518 251 1550 11011άί
281 1519 415 1548 animam
448 1525 561 1553 meam,
595 1519 628 1546 et
658 1517 768 1545 iterwn
791 1512 980 1552 accipiendi.
1037 1510 1128 1541 Haec
1179 1511 1270 1542 iuxta
1292 1508 1398 1541 lucem
1421 1515 1637 1540 monstratam
1660 1509 1692 1539 in
1717 1508 1902 1549 Prophetis.

153 1561 240 1591 dicta
262 1565 338 1591 sunt
360 1558 537 1600 perspicua
560 1563 592 1589 et
612 1555 722 1598 plana.
762 1555 832 1586 Nos
855 1561 978 1586 tantum
1003 1554 1127 1595 cogite·
1265 1552 1299 1584 111
1330 1552 1465 1593 Greorgii
1497 1552 1625 1593 pictura
1659 1550 1769 1582 allusit
1802 1549 2001 1592 Apollinaris
2029 1549 2082 1581 ad·
2109 1548 2158 1581 b

153 1612 224 1635 mus
248 1602 288 1634 de
311 1599 543 1643 applicatione.
588 1600 662 1632 Non
687 1598 788 1630 simus
810 1598 854 1629 ita
876 1597 974 1628 mersi
997 1597 1030 1628 in
1053 1605 1127 1627 coe·
1179 1594 1289 1628 hulam
1330 1594 1443 1627 Persei
1477 1593 1649 1625 liberantis
1683 1594 1937 1626 Andromedam.
1991 1591 2159 1633 Georgius

153 1656 246 1682 num,
278 1651 314 1676 ut
347 1654 412 1675 non
446 1642 583 1674 velimus
615 1641 737 1683 aliquid
772 1641 918 1683 cogitare
953 1640 993 1671 de
1026 1639 1127 1670 rebus
1179 1638 1345 1681 significat
1369 1637 1570 1679 Principem,
1599 1647 1661 1668 seu
1695 1637 1951 1679 gubernatorem
1978 1633 2159 1676 politicum,

153 1687 264 1726 tantis,
297 1687 357 1718 sed
396 1692 431 1718 ut
471 1686 627 1727 cogitatio
665 1685 707 1716 sit
741 1681 930 1719 esficacior3
968 1681 1127 1713 faciamus
1179 1685 1271 1714 einen
1294 1684 1463 1721 Repetam,
1493 1679 1644 1718 Fit'rsten,
1669 1681 1816 1719 Graffen,
1846 1680 1914 1710 und
1935 1679 2053 1709 Her-ru.
2099 1675 2158 1708 111·

154 1730 251 1763 nobis
274 1729 434 1761 eiusmodi
464 1729 551 1760 dicta
574 1726 826 1759 familiarissime
854 1733 945 1764 nota,
979 1731 1011 1756 et
1035 1735 1128 1756 exer-

155 1782 287 1805 ceamus
309 1772 342 1804 in
365 1771 554 1813 quotidiana
576 1770 798 1802 invocatione:
832 1767 1062 1810 confugiamus
1085 1767 1127 1798 ad

152 1814 255 1848 filium
274 1814 353 1853 Dei,
388 1821 421 1846 01
455 1814 655 1855 experientia
688 1813 858 1850 ostendet,
891 1811 952 1842 has
976 1808 1127 1842 consola-

155 1859 263 1890 tiones
292 1868 357 1888 non
385 1867 462 1888 esse
491 1858 619 1888 inanem
649 1856 791 1887 sonitum
820 1855 1008 1886 verborum.
1053 1853 1127 1884 Non

155 1902 265 1933 vincet
288 1899 469 1937 Diabolus,
504 1900 563 1930 sed
583 1899 744 1930 Dominus
778 1898 886 1929 vincet
920 1898 952 1928 in
981 1897 1038 1933 iis,
1073 1897 1127 1938 qui

155 1950 231 1975 sunt
254 1953 337 1975 oves
353 1943 536 1979 audientes,
559 1951 623 1973 non
637 1946 896 1977 contemnentes
919 1950 985 1971 non
997 1939 1129 1970 rabiose

157 1993 188 2018 et
210 1985 357 2018 furenter
379 1991 612 2027 repugnantes.

1181 1726 1281 1757 debet
1308 1725 1445 1765 primum
1479 1733 1556 1755 esse
1577 1722 1722 1763 γεωργδς,
1755 1723 1788 1753 111
1810 1727 1879 1758 est,
1912 1719 2077 1762 agricola:
2110 1721 2160 1751 sol

1180 1769 1242 1800 das
1262 1768 1342 1799 land
1361 1767 1554 1799 selamin-ken
1579 1766 1647 1797 und
1665 1768 1790 1796 zieren:
1823 1764 1921 1795 debet
1949 1760 2105 1794 excolere
2127 1767 2160 1793 et

1180 1821 1299 1842 ornare
1333 1810 1486 1841 ditionem
1520 1818 1613 1839 suam
1656 1806 1837 1849 religione.
1882 1806 2029 1843 iustitia,
2079 1803 2159 1846 leg-¹»

1181 1855 1255 1891 bus,
1283 1861 1379 1894 pace,
1413 1849 1596 1892 disciplina.
1642 1850 1733 1881 Haec
1756 1849 1884 1881 cultura
1918 1855 1969 1879 est
2004 1857 2046 1889 op
2071 1849 2158 1879 osita

1182 1896 1441 1931 vastationibus,
1488 1903 1572 1935 quas
1617 1892 1763 1924 efficiunt
1807 1891 1964 1934 Tyranni.
2061 1899 2157 1921 omen

1187 1941 1306 1970 Turcae
1344 1936 1512 1979 siguificat
1550 1942 1762 1967 vastatorem.
1830 1931 2030 1966 Aristoteles
2069 1933 2158 1969 dicit,

1183 1982 1409 2023 magistratum
1434 1988 1510 2010 esse
1540 1978 1712 2009 custodem
1746 1977 1842 2019 legis.
1899 1977 1955 2008 Sic
1979 1982 2010 2007 ct
2034 1973 2159 2007 Paulus

1183 2025 1242 2055 ait:
1266 2026 1473 2063 Magistratus
1495 2026 1543 2053 est
1567 2025 1713 2053 minister
1726 2023 1787 2052 Dei
1807 2022 1852 2052 ad
1873 2021 2039 2051 nudatam
2056 2020 2158 2056 malie,

1182 2071 1212 2098 et
1235 2068 1383 2097 honorem
1405 2066 1503 2096 bonis.
1550 2063 1640 2095 Haec
1663 2070 1739 2095 sunt
1767 2063 1900 2104 propria
1930 2072 2033 2103 opera
2056 2060 2159 2102 Magi-

1182 2116 1318 2146 stratus,
1350 2109 1432 2139 tueri
1457 2117 1591 2149 pacem,
1627 2113 1658 2138 et
1693 2105 1908 2146 disciplinam.
1963 2104 2046 2135 Cum
2081 2103 2158 2134 sub-

1183 2153 1239 2183 diti
1262 2161 1328 2183 non
1354 2151 1474 2181 habeut
1497 2160 1624 2192 pacem,
1659 2159 1725 2180 non
1748 2154 1889 2189 possunt
1909 2145 2022 2178 colore
2045 2154 2160 2188 agro&

1184 2201 1215 2226 01
1238 2204 1361 2236 augere
1392 2204 1459 2223 rem
1494 2191 1699 2223 familiarem:
1734 2192 1812 2222 Sine
1844 2189 2019 2231 disciplina
2050 2194 2158 2220 autem

1184 2247 1273 2268 mera
1297 2243 1347 2267 est
1371 2236 1553 2272 barbaries,
1577 2241 1607 2266 et
1632 2233 1783 2265 confusio
1806 2244 1845 2264 110
1866 2233 1996 2264 licentia
2019 2241 2158 2263 morum

1185 2280 1262 2310 ldco
1295 2279 1462 2321 coniungit
1498 2279 1561 2309 ista
1597 2276 1738 2310 Paulus.
1772 2287 1845 2308 cum
1869 2277 1957 2307 iubet
1981 2283 2077 2305 orare
2098 2282 2160 2314 pro

296 2147 485 2181 PlCTURA
515 2145 600 2179 SEU
629 2145 772 2177 maes)
799 2143 988 2176 GEoRGn.

244 2241 408 2274 Hesterno
443 2241 494 2273 die
527 2238 696 2272 celebrata
728 2244 779 2270 est
806 2238 961 2269 memoria
985 2237 1130 2279 Georgii.

158 2285 305 2328 Pingitur
328 2292 360 2317 ut
395 2294 517 2326 eques,
557 2283 610 2325 qui
641 2288 764 2323 pugnet
798 2287 912 2312 contra
943 2280 1130 2311 Draconem

1186 2322 1394 2364 Magistrum.
1430 2327 1463 2353 111
1494 2322 1636 2363 quietam
1667 2326 1699 2351 01
1723 2317 1928 2360 tranquillam
1958 2317 2056 2347 vitam
2079 2325 2159 2358 ago·

1186 2375 1258 2396 mus
1297 2366 1327 2395 in
1368 2366 1487 2405 pietate
1522 2370 1554 2395 et
1593 2362 1775 2394 honestate.
1842 2361 1943 2396 Quies
1984 2359 2161 2401 opponitur

1187 2406 1293 2442 bellis.
1327 2406 1529 2443 tumultibus,
1562 2406 1790 2437 seditionibus.
1824 2402 2017 2435 latrociniis.
2051 2407 2160 2431 vast»

1186 2452 1338 2481 tionibus.
1383 2448 1618 2491 Tranquillitas
1640 2448 1802 2489 siguificat
1826 2450 1960 2481 ηαξίην.
2000 2444 2160 2480 ordinem,

1187 2501 1215 2524 ct
1253 2494 1446 2524 concinnam
1481 2492 1721 2523 connexionem
1762 2491 1897 2521 citium.
1943 2487 2160 2519 reverentiam

159 2327 354 2366 terribilem,
388 2334 420 2359 et
445 2338 517 2359 eum
540 2325 725 2363 interficiat,
759 2330 793 2356 ut
827 2322 941 2355 liberet
978 2321 1131 2364 puellam,

160 2381 245 2413 quae
278 2371 422 2413 pingitur
456 2369 594 2410 genibus
625 2368 718 2400 nexis
753 2368 784 2398 in
818 2373 906 2397 terra
939 2365 1024 2397 humi
1059 2376 1131 2406 pro-

160 2420 274 2445 strata.
308 2414 417 2444 fredo
441 2412 537 2445 hanc.
562 2418 593 2442 ct
615 2409 739 2442 similes
762 2408 843 2441 alins
868 2410 1025 2451 picturas,
1048 2418 1132 2449 quac

160 2457 279 2488 usitate
298 2455 429 2487 fuerunt
452 2457 483 2486 in
507 2454 670 2488 Ecclesia.
692 2458 839 2494 sumptas
863 2462 940 2483 esse
968 2463 1007 2482 ex
1035 2449 1132 2491 Apol—

159 2498 272 2531 linaris
295 2499 512 2540 poematibus.
557 2497 588 2528 ts
619 2496 676 2529 suit
702 2496 902 2537 Episcopus,
937 2495 1034 2525 homo
1069 2493 1131 2524 elo-

161 2552 277 2583 quens,
302 2541 400 2572 valuit
425 2542 573 2581 ingenio,
607 2547 639 2571 et
674 2537 731 2570 fuit
767 2540 873 2569 honus
897 2545 1015 2579 poeta:
1048 2537 1133 2567 sicut
1187 2543 1341 2570 tuntuam,
1365 2535 1626 2569 beneficentiam.
1649 2540 1680 2564 01
1699 2533 1903 2564 mode-viam.
1940 2530 2034 2561 Pacis
2052 2535 2159 2559 autem

162 2586 245 2615 luter
279 2584 486 2615 Christianos
528 2583 618 2615 multi
661 2581 788 2613 fuerunt
822 2579 899 2612 olim
934 2578 1134 2611 excellentes
1188 2579 1260 2609 linis
1296 2586 1363 2615 cst,
1398 2589 1462 2609 uon
1497 2585 1621 2608 tautum
1645 2583 1679 2607 ut
1712 2581 1872 2616 augeatur
1902 2584 1956 2604 res
1980 2570 2160 2607 familiai-h.

163 2628 322 2658 Oratores
356 2634 387 2658 ot
428 2633 554 2667 poetae.
619 2625 690 2668 Ego
724 2635 839 2666 poema
874 2622 1134 2655 Christianorum
1188 2622 1246 2652 scd
1271 2628 1304 2652 ut
1328 2628 1522 2653 exerceatur
1552 2621 1673 2661 pictas,
1702 2619 1734 2649 id
1757 2624 1828 2654 est,
1856 2623 2059 2659 propagetur
2081 2622 2160 2644 ver·
