2324 2958
75 209 141 244 485
762 202 981 238 PosmLA
998 200 1351 234 MELANTHONIAN
1354 202 1393 233 A.
2011 203 2073 235 486

76 303 188 337 ludaei
215 301 275 342 tili!
299 299 462 340 senilitas:
495 298 573 341 quia
599 298 680 340 ipsis
707 303 785 330 sunt
812 298 950 330 traditae
973 308 1048 338 pro·
1099 306 1166 330 non
1188 294 1320 327 fremitu
1341 295 1504 325 adversus
1527 294 1652 334 ipsum,
1686 296 1746 327 sed
1776 296 1989 329 confessione
2019 307 2074 328 no-

76 346 271 378 missiones:
309 342 361 374 Ex
387 344 532 384 ipsorum
561 341 664 382 stirpe
692 346 788 372 natus
818 347 869 372 est
892 341 1047 373 Messias:
1072 371 1075 379 ζ
1100 346 1190 371 strae
1212 338 1376 375 miseriae,
1400 342 1433 368 et
1454 335 1574 368 fiducia
1596 338 1850 373 misericordiae.
1897 339 2074 372 Profitetur

77 389 159 432 ipsis
181 387 323 429 oportuit
343 386 435 426 prius
456 384 639 427 praedicari
652 382 830 415 Christum.
876 383 944 415 lmo
957 383 1049 415 Chri-
1101 382 1197 414 etiam
1220 390 1258 412 se
1281 380 1434 417 credere,
1458 380 1561 411 micas
1585 379 1758 422 Evangelii
1787 382 1888 414 divini
1910 384 2075 424 pertinere

79 438 151 464 stus
169 431 243 472 'ipse
265 427 368 460 voluit
389 429 475 460 inter
502 437 562 460 eos
592 427 756 467 conspici,
789 427 902 458 audiri.
959 426 1050 457 Haec
1100 425 1145 457 ad
1167 430 1283 467 gentes
1305 432 1447 465 quoque.

78 480 132 511 δι
152 483 271 515 magna
292 471 541 513 praerogativa:
563 471 649 502 sicut
670 468 797 501 Paulus
818 469 939 510 inquit:
977 468 1050 498 Tra·
1074 460 1076 476 ¹
1187 467 1248 498 Est
1270 467 1403 508 insigne
1426 463 1611 507 exemplum
1639 466 1834 498 urbanitatis
1857 477 1918 499 seu
1939 467 2074 509 leporis,

79 517 150 548 dita
171 519 241 547 sunt
263 516 308 544 eis
331 514 459 544 oracula
487 513 559 543 Dei.
603 513 699 544 Item:
742 512 878 546 Quorum
901 515 971 541 sunt
994 522 1050 551 pa·
1102 515 1136 542 et
1157 515 1291 542 constat
1308 508 1510 540 lnversione.
1555 507 1676 539 Graeci
1698 516 1818 540 vocant
1835 512 1943 550 βίαιον,
1961 511 1995 541 id
2013 517 2075 549 est,

79 565 159 595 ves,
181 568 223 589 ex
238 557 346 598 quibus
364 561 410 587 est
433 555 584 587 Christus.
629 555 724 587 Item:
757 554 900 585 Christus
918 555 982 593 ficit
999 555 1051 583 mi-
1103 552 1298 591 violentum,
1321 552 1381 581 das
1404 551 1447 580 da
1471 552 1613 590 zwinyet3
1643 551 1776 592 quando
1798 551 1921 594 aliquid
1943 554 1976 584 in
1999 563 2076 585 con-

78 604 176 634 εἱειει-
196 601 452 631 circumcisionis.
508 598 592 630 Tota
624 597 680 630 illa
708 596 821 640 politia
848 596 907 629 fuit
930 596 1052 629 consti-
1103 596 1238 628 trarium
1260 595 1408 626 vertitur.
1453 593 1560 625 Habet
1584 603 1734 635 magnam
1759 595 1834 625 vim.
1880 595 1923 626 Ut
1945 597 2076 637 quando

78 651 150 677 tnta
169 649 204 676 et
226 649 436 680 conservata,
457 647 493 674 ut
514 647 606 673 esset
625 640 722 673 locus
745 647 869 679 certus,
888 641 944 672 ubi
966 638 1053 672 filius
1104 644 1281 670 accusatur
1309 636 1470 680 UlysseS,
1505 636 1593 678 quod
1617 635 1817 669 interfecerit
1844 637 1996 669 Aiacem:
2035 638 2078 668 Tu

77 692 288 724 nasceretur,
323 685 587 727 conspiceretur,
621 685 773 722 doceret,
799 688 983 726 pateretur,
1004 691 1052 714 re·
1105 681 1269 720 sepeleisti:
1289 680 1376 719 Ergo
1399 679 1557 709 occidisti.
1603 677 1660 710 llle
1683 680 1828 711 invertit:
1857 680 1924 710 Imo
1945 682 1975 710 st
1996 683 2077 711 occi-

79 735 248 772 surgeret,
281 734 315 760 et
343 729 398 760 ubi
427 727 569 759 subinde
597 727 772 759 ederentur
801 727 990 758 testimonia
1012 726 1057 757 do
1077 709 1080 742 ἱ
1106 725 1236 762 ‹Iis-tem,
1258 734 1319 753 uon
1341 722 1543 762 sepeliissem,
1561 722 1616 751 sed
1631 722 1788 762 fuyissem,
1834 722 1958 755 Paulus
1976 733 2078 764 saepe

79 772 216 805 Messia.
262 771 418 813 Magnum
440 769 501 802 fuit
522 769 588 802 hoc
611 770 817 808 beneficium,
840 768 971 811 alligari
992 767 1054 799 Ec·
1105 767 1206 798 utitur
1233 766 1297 798 hac
1328 765 1450 797 forma:
1495 765 1583 795 Daca
1613 769 1659 795 est
1687 765 1757 794 Iex.-
1796 765 1884 806 Eryo
1913 767 2076 805 iustificat:

80 814 216 848 desiam
238 815 278 846 ad
303 820 425 845 certum
449 812 569 844 locum.
615 813 689 845 Fuit
707 814 738 844 in
762 814 826 844 isto
849 810 972 854 populo
990 811 1054 842 Ec·
1105 809 1172 839 Imo
1194 811 1222 839 si
1243 811 1440 849 iustificaret,
1464 819 1525 838 non
1547 812 1626 838 esset
1648 819 1727 848 opus
1745 810 1961 848 promissione.

81 857 184 892 clesia
211 857 282 889 fere
310 857 438 887 duobus
468 855 599 888 milibus
627 866 787 888 annornm
820 857 861 887 ab
885 853 1053 886 Abraham
1191 853 1276 884 Sunt
1297 857 1405 884 autem
1429 856 1461 882 et
1482 849 1568 883 aliae
1585 849 1707 883 multae
1730 849 1856 887 formae
1878 851 2020 893 leporis,
2040 853 2079 887 de

79 910 186 943 usque
206 900 249 932 ad
271 898 447 931 Christum.
1106 896 1224 936 quibus
1248 896 1310 926 iam
1339 904 1406 926 non
1436 894 1552 925 dicam.
1608 894 1676 926 Sed
1700 894 1813 932 hortor
1835 894 2080 932 adolescentes,

165 943 232 975 Sed
255 947 364 974 tamen
387 942 496 983 posita
514 952 575 974 seu
599 951 763 973 concessa
791 941 854 972 hac
877 949 1053 981 praeroga·
1106 944 1141 969 ut
1164 939 1195 969 in
1225 938 1359 979 scriptis
1383 942 1570 975 auctorum,
1603 943 1636 968 et
1665 936 1839 979 colloquiis
1866 936 2079 971 familiaribus·

78 986 164 1024 tiva,
191 995 259 1017 non
287 983 420 1016 fuerunt
446 983 603 1016 exclusae
629 995 771 1026 prorsus
794 989 929 1026 genteS,
959 982 1054 1014 etiam
1105 981 1352 1023 ingeniosorum
1374 980 1540 1012 hominum
1567 980 1630 1020 ipsi
1653 981 1832 1012 observent
1855 979 2005 1022 exempla
2028 991 2080 1012 ur-

78 1033 188 1060 stante
209 1027 265 1060 illa
287 1027 411 1069 politia.
457 1026 603 1059 Subinde
631 1026 729 1069 aliqui
755 1037 795 1058 ex
819 1027 971 1068 gentibus
996 1034 1052 1056 vo·
1108 1024 1278 1062 banitatis,
1304 1034 1388 1065 quae
1411 1033 1447 1054 re
1470 1023 1543 1064 ipsa
1565 1029 1616 1054 est
1640 1023 1762 1065 ingenii
1791 1022 1963 1062 celeritas,
1997 1033 2081 1064 quae

80 1072 146 1104 mti
168 1077 262 1103 sunt:
297 1077 329 1102 et
361 1070 451 1112 quod
478 1071 519 1101 ad
551 1071 698 1102 meritum
727 1070 858 1108 attinet,
892 1074 1052 1110 exaequat
1106 1076 1182 1098 mox
1206 1067 1328 1108 cogitat
1353 1064 1563 1101 collationem
1593 1075 1701 1097 rerum
1725 1065 1895 1104 similium,
1924 1072 1980 1098 aut
2004 1065 2081 1097 facit

79 1112 204 1146 Paulus
227 1120 344 1155 gentes
368 1113 511 1144 ludaeis:
548 1113 674 1147 Omnes,
699 1113 822 1154 inquit,
851 1116 921 1141 sunt
941 1121 1051 1151 pecca-
1105 1108 1353 1141 translationem
1376 1119 1569 1147 causarum,
1602 1114 1658 1140 aut
1685 1107 1783 1140 aliam
1812 1110 1976 1150 quandam
1999 1109 2080 1150 figu-

80 1161 177 1187 tores:
200 1155 325 1188 nullum
342 1156 396 1188 hic
420 1156 605 1194 discrimen,
617 1154 714 1186 ·nulla
738 1155 970 1197 praerogativa
993 1160 1053 1184 est.
1106 1163 1176 1184 rain
1199 1152 1361 1183 sermonis
1384 1152 1494 1183 subito
1517 1149 1661 1192 profert,
1693 1151 1725 1182 in
1756 1152 1973 1184 admonendis
1995 1151 2082 1190 aliis,

79 1199 156 1231 Non
178 1198 287 1231 solum
310 1205 447 1240 genteS,
476 1199 536 1229 sed
563 1199 659 1229 etiam
689 1198 830 1229 ludaeos
853 1203 984 1239 oportet
1006 1195 1054 1227 fa·
1105 1201 1160 1226 aut
1183 1194 1372 1236 placandis,
1394 1201 1450 1226 aut
1474 1193 1708 1233 consolandis,
1731 1201 1785 1226 aut
1809 1195 2003 1233 excitandis,
2027 1202 2082 1227 aut

79 1243 153 1281 teri,
169 1242 258 1283 quod
281 1251 347 1272 non
369 1241 514 1272 habeant
533 1242 655 1276 merita,
674 1241 762 1283 quod
787 1251 854 1272 non
876 1241 942 1272 sint
965 1240 1054 1282 digni
1106 1237 1305 1276 refutandis,
1328 1243 1364 1269 ut
1387 1236 1531 1278 postulat
1556 1239 1702 1269 occasio.

79 1294 190 1317 coram
220 1283 305 1316 Deo.
364 1284 400 1314 In
429 1284 496 1315 vita
524 1290 660 1315 externa
690 1283 765 1326 plus
795 1282 963 1325 aliquanto
994 1283 1054 1315 suit
1191 1281 1265 1312 Fuit
1299 1281 1443 1312 coniunx
1477 1281 1648 1312 cuiusdam
1677 1280 1833 1321 principis
1863 1281 2017 1322 gravida,
2051 1286 2083 1311 et

77 1327 264 1360 honestatis
285 1327 373 1368 apud
396 1326 549 1366 Iudaeos,
573 1337 669 1368 quam
692 1327 778 1368 apud
804 1332 932 1369 gentes.
975 1326 1054 1358 Ideo
1107 1325 1235 1365 peperit
1262 1322 1394 1355 molam.
1449 1322 1621 1355 Venerunt
1649 1322 1804 1355 mulieres
1827 1324 1868 1356 ad
1892 1322 2081 1361 Dominum,

77 1368 287 1413 peculiariter
303 1369 456 1401 Christus
481 1375 648 1411 comparat
671 1375 788 1411 gentes
809 1370 959 1408 canibus,
978 1380 1054 1410 pro·
1107 1374 1283 1408 postquam
1306 1373 1357 1398 est
1381 1367 1466 1398 edita
1495 1365 1592 1397 mola.
1643 1366 1898 1408 Significarunt,
1928 1366 2004 1407 quid
2028 1376 2082 1397 ac-

78 1418 154 1455 pter
181 1413 334 1444 tetriores
365 1410 579 1443 confusiones
608 1422 751 1450 morum,
783 1418 815 1443 et
837 1412 1054 1454 impuritatem
1108 1410 1252 1441 vidisset·
1313 1409 1471 1447 Domine,
1505 1419 1567 1448 ¹198
1599 1410 1632 1440 in
1666 1419 1786 1451 magna
1819 1420 1878 1449 spe
1912 1410 2083 1440 vobiscum

79 1456 169 1488 vitae
191 1461 356 1486 externae.
1108 1462 1254 1491 eramuS,
1288 1453 1450 1484 dominam
1480 1461 1557 1483 esse
1587 1452 1774 1493 gravidam,
1808 1459 1839 1483 et
1866 1452 2083 1493 precabamur

166 1498 234 1530 Sed
257 1498 346 1539 quod
367 1498 409 1528 ad
433 1495 496 1528 Dei
514 1498 669 1529 iudicium
691 1498 822 1536 attinet,
852 1507 966 1529 omnes
989 1503 1054 1529 tam
1108 1494 1232 1534 Deum,
1249 1501 1285 1527 ut
1309 1501 1399 1526 esset
1423 1494 1503 1525 felix
1526 1500 1651 1534 partus·
1697 1495 1763 1526 Sed
1786 1494 1870 1536 proh
1893 1493 2004 1526 dolor!
2027 1492 2083 1525 ali-

80 1541 190 1573 ludaei
221 1550 319 1581 quam
345 1544 462 1581 gemes
491 1546 602 1571 carent
634 1539 741 1582 gloria
773 1540 836 1572 Dei
867 1540 974 1579 [Rom.
991 1540 1055 1579 3.]:
1107 1543 1158 1568 ter
1180 1548 1218 1568 se
1240 1548 1294 1569 res
1316 1539 1431 1569 habet:
1472 1537 1579 1568 Edidit
1607 1536 1738 1569 molam.
1784 1538 1869 1573 Quid
1893 1537 2014 1568 edidit?
2036 1538 2083 1568 in-

83 1583 127 1614 Ut
149 1593 234 1613 omne
257 1593 293 1611 os
311 1583 479 1617 obturetur,
502 1587 535 1612 ut
558 1587 642 1613 totus
664 1583 794 1613 mundus
812 1584 848 1622 fit
866 1594 935 1613 reus
953 1594 1056 1613 coram
1108 1581 1177 1622 quit
1199 1580 1264 1615 ille.
1305 1580 1463 1612 Mulieres
1488 1581 1645 1611 vereundi
1669 1581 1794 1611 dicunt:
1839 1580 1901 1609 Ein
1925 1580 2081 1609 dlorzkalb.

80 1625 159 1656 Deo.
205 1624 247 1656 Et
270 1623 364 1655 Rom.
380 1625 430 1655 ll.
462 1624 623 1655 conclusit
645 1626 729 1656 Deus
752 1637 852 1656 omnes
874 1626 929 1655 snb
946 1637 1054 1666 pecca·
1110 1624 1155 1661 O,
1179 1624 1348 1665 respondit
1370 1621 1440 1655 ille:
1475 1623 1520 1652 Es
1542 1624 1584 1652 ist
1607 1623 1708 1653 besser
1736 1625 1786 1653 ein
1808 1623 1894 1658 kalo,
1927 1623 2006 1653 (lema
2035 1625 2084 1652 ein

1108 1666 1194 1695 kitztl.
1240 1666 1302 1696 Ein
1331 1666 1402 1695 kalb
1430 1666 1491 1695 Ιεαιι
1519 1676 1589 1695 mun
1619 1676 1713 1696 essen.
1760 1666 1850 1697 Haec
1878 1671 1931 1697 est
1952 1665 2083 1698 insulsi—

1108 1714 1181 1747 tas,
1204 1719 1268 1740 non
1294 1715 1344 1740 est
1368 1708 1474 1749 lepos.

1194 1752 1304 1792 Lepos
1331 1758 1383 1783 est
1412 1750 1608 1780 lieble'clzkeit.
1655 1752 1730 1782 Non
1758 1759 1808 1783 est
1832 1753 1993 1790 omnium,
2024 1753 2084 1782 sed

1108 1793 1339 1827 excellentium
1367 1796 1592 1837 ingeniorum,
1625 1795 1757 1835 quando
1786 1795 1858 1836 quis
1889 1801 1999 1835 potest
2027 1793 2084 1826 ali-

1108 1838 1185 1879 quid
1209 1844 1284 1879 apte
1307 1839 1428 1874 dicere,
1447 1843 1502 1868 aut
1519 1838 1723 1878 respondere
1746 1849 1821 1870 cum
1844 1837 1984 1878 quadam
2008 1847 2085 1869 con-

1109 1882 1281 1919 cinnitate,
1302 1887 1358 1912 aut
1379 1880 1496 1922 figura.

1195 1924 1364 1955 Demades
1393 1923 1563 1962 laudatur,
1592 1925 1681 1966 quod
1705 1923 1801 1956 suerit
1824 1922 1962 1964 lepidus.
2008 1921 2085 1954 Ale·

1109 1967 1237 1999 xandro
1261 1973 1389 1998 mortuo
1415 1967 1545 1997 dicebat
1561 1968 1741 1999 exercitum
1759 1968 1831 1998 eius
1851 1966 1989 1998 similem
2008 1977 2085 1998 esse

1110 2009 1248 2052 Cyclopi
1273 2010 1396 2041 effosso
1421 2008 1531 2041 oculo.

1197 2053 1350 2084 Ciceroni
1373 2053 1536 2084 obiectum
1560 2059 1621 2090 cst,
1638 2053 1724 2094 quod
1746 2052 1858 2093 plures
1876 2052 2084 2093 perdidisset,

1111 2106 1208 2138 quam
1232 2102 1401 2127 servasset
1424 2106 1484 2127 suo
1509 2097 1707 2127 testimonio.
1752 2096 1858 2129 Recte,
1878 2096 1990 2136 inquit,
2013 2097 2085 2135 qnia

1106 2140 1180 2179 plns
1202 2143 1248 2169 est
1271 2139 1344 2168 mihi
1361 2139 1452 2178 fidei,
1475 2149 1565 2178 quam
1583 2139 1764 2177 facundiae.

1198 2181 1279 2214 Cum
1301 2181 1493 2213 Alexander
1511 2181 1732 2223 Lampsacum
1754 2180 1937 2218 deleturus,
1960 2181 2086 2211 videret

1112 2226 1153 2257 ad
1177 2235 1214 2256 se
1237 2225 1399 2256 accedere
1422 2225 1676 2263 Anaximenem,
1707 2232 1738 2256 ut
1762 2235 1822 2266 pro
1844 2224 1948 2265 patria
1972 2224 2085 2264 depre-

1113 2274 1262 2306 caretur,
1298 2269 1381 2300 iurat
1415 2279 1452 2299 se
1486 2278 1552 2299 non
1585 2266 1765 2306 facturum,
1804 2267 1891 2309 quod
1925 2267 2086 2307 petiturus

1113 2316 1203 2342 essct
1237 2311 1473 2343 Anaximenes.
1535 2310 1596 2342 Hic
1636 2311 1760 2351 pergit,
1802 2317 1833 2341 et
1868 2310 1947 2350 petit
1985 2307 2085 2340 deleri

82 2365 196 2394 panem
213 2355 340 2384 canibus
362 2354 443 2383 dari.
489 2354 555 2385 Sed
575 2352 690 2386 mulier
706 2355 770 2386 ista
788 2356 878 2387 addit
895 2356 1060 2396 exceptio·
1112 2353 1341 2395 Lampsacum.
1398 2354 1445 2385 Ita
1476 2364 1549 2385 cum
1579 2353 1738 2394 religione
1761 2353 1931 2384 iuramenti
1954 2353 2085 2393 impedi-

86 2407 162 2430 nem
184 2397 335 2439 regulae:
360 2397 539 2427 Assentior.-
567 2397 622 2426 sed
645 2401 745 2426 tamen
775 2402 804 2427 et
836 2399 942 2428 catelli
965 2398 1061 2428 edunt
1113 2404 1204 2429 retur
1227 2396 1435 2435 Alexander,
1458 2406 1523 2428 non
1547 2395 1603 2428 suit
1630 2397 1708 2426 urbs
1733 2394 1852 2427 delata.

86 2440 126 2470 de
147 2442 236 2470 micis
258 2441 441 2470 cadentibus
460 2441 513 2469 snb
537 2450 666 2469 mensum
685 2440 826 2478 filiorum.
879 2441 983 2473 Sumit
1007 2452 1060 2472 ee·
1084 2453 1088 2461 ·
1199 2440 1387 2482 imperator.
1424 2438 1564 2471 Carolus
1587 2437 1677 2470 salse
1700 2438 1934 2478 respondebat,
1959 2448 2030 2469 cuni
2055 2438 2085 2468 in

86 2481 219 2515 lerrime
239 2484 427 2515 instantiam
450 2484 491 2514 ab
516 2483 657 2524 imagine
685 2493 818 2521 canum,
847 2494 943 2525 quam
971 2485 1060 2516 obie-
1113 2483 1250 2515 comitiis
1274 2483 1574 2515 Ratisbonensibus
1604 2482 1839 2512 convenissent
1862 2490 1976 2512 omnes
2000 2481 2086 2522 prin-

88 2533 180 2558 oerat
202 2526 231 2558 ei
253 2526 428 2558 Dominus.
474 2526 633 2558 Concedit
657 2536 694 2557 se
717 2536 793 2557 esse
816 2526 987 2565 catellam,
1011 2526 1060 2558 lu·
1113 2527 1221 2568 cipes,
1245 2527 1299 2568 qui
1324 2534 1388 2558 turn
1412 2527 1455 2557 ibi
1481 2532 1589 2561 erant,
1613 2531 1645 2556 et
1667 2530 1814 2565 peterent
1835 2534 1895 2565 pro
1919 2523 2015 2555 Duce
2038 2524 2085 2555 lu-

87 2568 191 2600 daeos
213 2579 291 2600 esse
312 2568 399 2600 filios
422 2570 453 2599 in
478 2570 586 2600 domo.
633 2569 698 2600 Sed
722 2569 910 2610 profitetur,
932 2580 970 2601 se
992 2580 1061 2601 cre·
1112 2569 1262 2602 liacensi.
1315 2570 1425 2610 Aegre
1454 2569 1517 2599 boc
1549 2567 1678 2599 serebat
1707 2567 1886 2608 imperator
1914 2576 2085 2608 egressus.

87 2611 183 2650 dere,
205 2612 294 2653 quod
318 2613 491 2654 recipiatur
515 2619 650 2653 propter
673 2612 761 2643 hunc
785 2611 972 2651 Dominum,
997 2623 1060 2644 non
1114 2619 1208 2644 torve
1231 2622 1290 2644 eos
1313 2612 1505 2653 aspiciebat.
1550 2610 1695 2642 Tandem
1718 2611 1862 2641 dicebat:
1892 2609 1953 2640 Tot
1980 2620 2031 2639 res
2057 2610 2084 2639 in

87 2660 222 2696 propter
244 2653 368 2697 legem,
392 2662 423 2686 et
447 2656 510 2687 scit
532 2654 638 2687 Deum
663 2653 726 2686 coli
752 2653 854 2693 velle,
883 2666 947 2687 non
972 2654 1062 2698 fuga,
1115 2655 1179 2687 hoc
1203 2663 1366 2687 conventu
1389 2655 1556 2695 proposui,
1581 2653 1677 2685 utiles
1701 2663 1739 2684 ac
1763 2652 1926 2685 salutares
1953 2653 2009 2683 tuti
2029 2651 2086 2683 lna-

1831 2711 1884 2736 ³1·

81 1673 158 1703 trun,
182 1672 216 1698 ut
239 1668 368 1697 onmium
390 1668 580 1699 misereatur.

167 1709 251 1742 Cum
272 1716 380 1741 autem
402 1716 435 1742 et
457 1710 633 1753 indignitas
658 1711 830 1742 obiiciatur
851 1712 903 1742 isti
927 1710 1056 1742 mulier-

82 1753 179 1787 culae
199 1752 376 1791 Ethnicae,
405 1759 437 1785 et
466 1752 564 1786 simul
590 1754 890 1795 comprehendatur
919 1755 1055 1786 tentatio

81 1795 366 1839 particularitatis:
401 1796 494 1835 vide,
528 1807 626 1838 quam
659 1797 830 1839 ingeniose
864 1796 980 1829 mulier
1008 1807 1055 1828 re-

82 1839 256 1881 spondeat.
302 1838 460 1870 Concedit
482 1850 596 1871 verum
619 1850 713 1877 esse,
744 1841 833 1881 quod
856 1841 952 1881 panis
975 1838 1056 1871 tilio-

81 1893 154 1914 rum
177 1892 244 1913 non
267 1882 309 1913 sit
331 1882 535 1914 obiiciendus
559 1881 706 1921 catellis,
728 1883 760 1915 id
783 1889 850 1921 est,
875 1882 996 1915 fatetur
1019 1893 1057 1915 se

82 1925 249 1967 indignam
278 1934 371 1962 esse,
401 1931 431 1955 et
459 1925 673 1957 immundam:
704 1933 735 1957 et
763 1926 903 1958 ludaeos
932 1926 1057 1958 babere

82 1978 236 2010 magnam
268 1968 544 2010 praerogativam.
608 1968 676 2000 Sed
715 1980 791 2000 mox
824 1970 914 2000 addit
947 1969 1057 2001 inver-

83 2012 222 2049 sionem,
240 2021 304 2052 qua
324 2011 400 2041 data
417 2011 571 2042 instantia
593 2012 635 2042 ab
659 2013 774 2043 eodem
797 2011 961 2053 exemplo,
985 2023 1057 2044 cor-

83 2054 160 2096 rigit
182 2054 453 2091 concessionem,
478 2059 510 2084 et
532 2052 653 2085 refutat
675 2065 735 2086 seu
758 2054 858 2086 solvit
885 2065 1058 2097 argumen-

83 2103 151 2130 tum
185 2096 335 2134 Domini,
376 2097 464 2137 quod
499 2103 661 2138 tamquam
696 2096 842 2136 fulmen,
883 2109 949 2130 non
984 2097 1059 2134 leve

85 2145 199 2172 contra
228 2150 301 2171 eam
329 2139 493 2170 vibratum
523 2146 605 2171 erat.
654 2140 718 2170 Sed
741 2145 854 2174 eumen,
886 2141 1006 2183 inquit,
1030 2145 1059 2171 et

85 2182 191 2213 αιίεΙΙί
205 2183 352 2221 fruuntur
370 2184 474 2220 micis,
496 2193 575 2222 quae
597 2182 745 2213 dem’dunt
769 2184 808 2214 (le
834 2194 935 2214 mensa
962 2184 1058 2213 (1071ιί-

83 2236 191 2256 nomm
208 2236 340 2257 suorum.
387 2224 471 2261 Quid
493 2226 596 2267 potuit
619 2225 682 2258 dici
704 2227 875 2269 argutius?
902 2228 980 2269 quid
1005 2237 1058 2259 ve-

82 2269 235 2302 uastius?

172 2311 252 2344 Erat
285 2309 501 2353 asperrimum
536 2311 673 2342 dictum:
713 2311 786 2342 Non
815 2313 904 2342 decet
926 2312 1060 2352 filiorum

1077 903 1089 2423 ——————————————————————ae——-
