2324 2958
207 184 271 217 343

205 280 304 316 riam,
334 288 400 320 qua
430 276 528 309 deleti
553 283 630 308 sunt
654 276 778 309 Persae
801 278 833 308 in
858 277 1000 309 Graecia
1024 278 1186 309 trucidato

204 322 352 354 exercitu
376 321 549 351 Mardonii.

292 364 474 395 Pausanias
498 363 695 394 invitaverat
718 362 919 394 Simonidem
930 363 971 393 ad
986 362 1185 399 convivium,
1212 354 1216 418 ἱ

206 414 239 439 et
260 417 334 438 cum
357 406 484 437 videret
509 406 628 437 sedere
651 406 806 444 tacitum,
839 406 935 436 iussit
960 415 1051 442 eum,
1078 410 1113 435 ut
1142 405 1188 435 vi-

206 461 277 482 rum
306 450 490 491 sapientem
524 448 676 489 proferre
710 448 833 490 aliquid
852 449 884 479 in
908 448 1060 478 medium.
1131 445 1189 478 llle

206 499 338 534 captata
361 492 539 523 occasione
561 492 702 523 subiecit
721 492 869 523 tandem:
894 491 923 519 0
946 490 1119 527 Pausania,
1140 500 1189 519 cv-

204 537 285 575 9ita,
307 535 391 575 quod
413 535 502 565 homo
525 536 578 568 sis,
601 539 730 573 μέμνησο
752 534 919 575 ἄνθρωπος
941 531 994 570 ὧν,
1018 533 1112 573 quasi
1143 532 1189 563 di-

206 585 314 610 ceret:
346 578 470 615 nescis
491 578 569 619 quid
592 577 649 608 tibi
672 577 806 608 evenire
836 577 958 617 possit,
981 585 1055 607 cum
1079 575 1188 606 omnia

205 621 348 654 humana
373 622 437 652 sint
456 620 600 662 fragilia.
626 620 727 661 ldque
749 621 870 651 accidit
893 629 959 649 non
983 616 1087 649 multo
1099 625 1190 659 post,

207 665 284 706 quia
320 674 393 695 cum
428 664 581 705 Byzantii
617 663 783 704 rapuisset
813 662 943 693 honesti
973 662 1056 692 civis
1079 661 1190 699 filiam,

206 713 239 739 et
261 717 335 739 eam
353 712 454 738 noctu
478 707 509 737 in
534 713 660 737 terrore
682 704 916 742 interfecisset,
939 711 970 735 et
984 711 1119 745 propter
1141 710 1191 745 ty—

207 750 389 788 rannidem,
422 757 453 781 et
489 750 696 790 suspiciones
720 749 760 779 de
791 747 961 785 consiliis,
996 747 1192 787 proditionis

208 799 385 826 revocatus
408 798 498 824 esset
521 793 563 824 ab
587 791 741 833 EphoriS,
771 791 893 823 damna
902 799 958 824 tus
981 789 1041 821 fuit
1064 790 1193 832 capitiS‚

208 842 240 868 et
261 837 294 868 in
313 835 469 877 templum
493 833 690 877 confugiens
715 832 802 866 fame
823 835 866 866 ibi
890 833 997 877 periit.
1035 832 1118 865 Tum
1138 843 1192 864 ex·

207 885 321 921 pertus
345 886 396 910 est
421 889 458 910 se
480 878 644 909 hominem
668 886 754 908 esse.

293 921 425 953 Utinam
450 930 511 952 nos
531 919 655 962 singuli
680 929 831 951 essemus
855 919 952 952 huius
971 917 1193 950 commonefa-

209 965 327 996 ctionis
350 970 509 1005 perpetuo
533 973 705 994 memores.
730 962 860 995 Verum
875 962 1026 995 homines
1045 962 1193 993 derident

208 1008 270 1039 has
295 1008 473 1039 conciones
498 1007 538 1037 de
556 1006 730 1037 modestia.
776 1007 853 1038 Ideo
876 1005 1071 1038 attrahimus
1094 1005 1193 1035 nobis

210 1060 348 1093 poenas.
374 1051 450 1092 quia
473 1055 597 1080 certum
621 1054 673 1080 est
695 1048 913 1090 petulantiam
941 1055 974 1080 et
1004 1048 1193 1089 superbiam

209 1104 276 1125 non
299 1092 422 1124 babere
445 1091 575 1123 felicem
597 1092 731 1131 exitum,
758 1098 793 1124 ut
816 1093 848 1124 in
873 1103 975 1124 versu
998 1090 1125 1124 oraculi
1149 1091 1195 1122 di-

211 1142 300 1169 ctum
319 1142 370 1168 est
393 1136 434 1166 ad
459 1134 671 1166 Pausaniam.

295 1208 391 1244 στεῖχε
416 1204 500 1242 δίκῃς
522 1198 627 1243 ἆσσον,
649 1204 733 1243 μαλά
756 1217 800 1235 τοι
821 1204 910 1235 κακὸν
928 1204 1082 1246 ἀνδράσιν
1100 1201 1197 1245 ὕβρις,

295 1248 317 1277 1
332 1259 392 1287 qno
414 1257 516 1287 poena
542 1251 644 1283 vocat,
664 1248 753 1287 affert
775 1249 891 1277 iniuria
916 1248 1068 1277 damnum.
1107 1246 1197 1283 Item,

296 1288 382 1332 ὕβρις
403 1290 551 1330 μαγνῆτας
574 1290 598 1320 τ’
609 1289 760 1329 ἀπώλεσε,
783 1293 834 1322 καὶ
855 1292 1024 1332 κολοφῶαν.

296 1350 338 1381 Et
362 1351 404 1381 de
423 1349 602 1382 insolentia
625 1357 819 1393 erumpente
842 1357 935 1382 extra
963 1358 1070 1383 metas
1094 1359 1192 1382 voca-

210 1394 308 1427 tionis
331 1393 450 1426 dicitur
465 1394 551 1435 apud
570 1393 789 1426 Herodotum:
834 1395 864 1425 εἴ
880 1406 924 1430 τις
945 1395 1060 1434 μεγάλα
1083 1393 1198 1430 διώκει,

211 1437 248 1469 τὰ
271 1437 405 1478 παρόντα
440 1435 474 1467 οὗ
508 1441 626 1478 φέρων,
659 1442 850 1477 μαινομένων
873 1440 900 1468 οἱ
923 1437 955 1468 δὲ
978 1437 1094 1478 τρόποι,
1161 1435 1198 1465 Si

212 1481 283 1521 quis
306 1490 419 1519 mayna
441 1484 594 1514 sectatur,
630 1484 660 1510 et
682 1491 742 1510 ηοιι
765 1485 867 1510 manet
889 1482 922 1510 in
944 1491 1000 1510 sua
1025 1481 1196 1513 voc-atione,

209 1525 265 1554 isti
282 1527 353 1553 sunt
374 1533 473 1553 mores
492 1524 683 1561 furientium.
729 1523 810 1562 ‘51⁰8
832 1524 889 1556 „nb
913 1525 1042 1556 ”bermut
1066 1524 1115 1562 [pat
1138 1523 1195 1554 lein

214 1572 265 1610 gut
289 1566 366 1599 eabe.
414 1565 586 1605 VidemuS,
609 1567 688 1608 quid
711 1566 769 1598 fiat
795 1568 881 1599 inter
903 1567 1081 1608 principes.
1127 1565 1197 1597 Oro

211 1608 312 1642 filium
331 1609 408 1648 Dei,
442 1615 477 1641 ut
506 1616 619 1641 servet
643 1608 799 1652 reliquias
821 1609 1008 1642 Ecclesiae.
1076 1608 1197 1640 Veniet

210 1652 390 1694 aliquando
409 1651 518 1684 Turca
537 1659 569 1684 et
593 1653 712 1685 obruet
734 1663 810 1691 nos,
833 1653 922 1685 sicut
943 1653 1068 1686 factum
1091 1657 1143 1684 est
1164 1652 1197 1682 in

209 1695 372 1739 Ungafia,
397 1701 429 1727 et
453 1694 529 1727 olim
552 1696 583 1726 in
610 1696 754 1728 Graecia
777 1703 809 1728 et
829 1697 924 1728 Asia.

295 1738 420 1770 Decem
445 1739 550 1769 tribus
571 1737 705 1770 lsra‘e'lis
718 1738 928 1771 nonfuerunt
951 1738 1096 1771 inferiori
1119 1747 1197 1769 con-

209 1782 344 1820 ditione,
367 1791 464 1823 quam
488 1783 593 1813 nostri
606 1782 758 1814 homines
782 1789 869 1821 sunt,
893 1790 922 1813 et
943 1789 1053 1814 tamen
1072 1782 1197 1822 disper-

210 1835 269 1857 sae
303 1832 392 1861 sunt,
427 1835 499 1855 cum
531 1832 646 1857 essent
669 1826 834 1857 abductae
857 1827 899 1857 ab
923 1832 1062 1857 externo
1085 1823 1196 1862 hoste,

210 1869 305 1900 cuius
338 1866 532 1898 calamitatis
558 1874 729 1909 spectator
758 1879 832 1900 cum
861 1874 949 1899 esset
974 1868 1115 1905 Esaias,
1141 1867 1196 1898 de-

209 1909 320 1953 plorat
342 1920 414 1941 eam
445 1908 508 1941 hac
532 1911 616 1943 tristi
646 1921 746 1943 voce:
770 1912 958 1952 Iniquitates
988 1915 1114 1941 nostrae
1136 1911 1195 1939 sic·-

210 1958 244 1984 ut
266 1955 349 1983 venti
371 1953 601 1992 dissipaverunt
624 1963 690 1985 nos.

212 1997 333 2029 tionem
357 1995 442 2038 legis
467 1996 507 2027 de
529 1998 713 2038 puerperis.

298 2039 369 2071 Hae
402 2037 518 2080 elapso
553 2046 702 2082 tempore
739 2041 920 2072 constituto
955 2041 1128 2071 veniebant
1165 2038 1224 2069 in*

213 2081 381 2124 templum.
445 2081 619 2114 Habe-bant
655 2090 768 2114 certos
792 2085 886 2122 ritus,
920 2084 1039 2125 quibus
1062 2083 1196 2113 munda-

211 2127 344 2164 bantur,
366 2126 420 2168 qui
443 2132 537 2156 erant
556 2125 896 2158 commonefactiones
916 2127 957 2157 de
976 2126 1196 2167 promissione

212 2170 352 2212 gratiae,
387 2175 420 2200 et
451 2169 609 2200 exercitia
645 2170 730 2201 fidei.
799 2169 967 2211 l'uerpera
991 2169 1223 2211 agnoscebat=

212 2213 473 2255 generationem.
508 2213 696 2244 secundum
721 2219 871 2244 naturam
901 2213 1005 2250 hanc,
1041 2221 1118 2243 esse
1141 2212 1196 2242 im·
1221 2231 1224 2254 1

211 2255 376 2287 mundam.
400 2254 578 2297 flagitabat
602 2266 686 2298 opus
699 2266 775 2287 esse
795 2257 1060 2298 regeneratione:
1086 2260 1196 2296 peten-

212 2299 286 2330 dam
310 2308 387 2330 esse
406 2299 635 2330 remissionem
659 2306 873 2341 peccatorum
903 2300 1098 2340 promissam
1122 2308 1197 2338 pro·
1221 2311 1224 2336 1

212 2347 285 2384 pter
309 2348 482 2373 venturum
507 2340 695 2374 Dominum.

300 2384 378 2416 ltem
413 2385 610 2417 monebatur
643 2385 675 2416 in
711 2385 792 2426 ipsis
816 2385 932 2416 ritibus
958 2385 1195 2425 purificationis
1220 2384 1224 2417 l

212 2427 254 2460 de
277 2428 552 2466 sanctificatione,
575 2429 739 2466 castitate,
762 2435 795 2459 et
818 2427 892 2459 aliis
916 2427 1034 2459 officiis
1065 2427 1194 2459 honesti
1220 2453 1221 2466 ¹

213 2471 366 2511 coniugii.
393 2472 473 2502 Nam
498 2469 550 2502 lex
575 2472 709 2503 iubebat
733 2471 851 2503 offerre
869 2481 1002 2513 agnum.
1027 2470 1195 2512 qnisigni-

213 2514 290 2547 fient
314 2514 480 2545 Christum
493 2515 669 2553 victimam,
694 2513 955 2546 ltemcolumbas
976 2513 1026 2545 vel
1040 2520 1194 2545 turtures.
1219 2498 1222 2554 l

299 2557 456 2589 Societas
479 2557 708 2593 cotum-rum
732 2563 783 2589 est
806 2559 916 2600 imago
941 2557 1096 2599 coniugii,
1120 2557 1194 2588 ideo
1219 2570 1222 2592 t

214 2601 312 2632 etiam

215 2644 275 2675 bin.

758 1956 820 1987 Sed
846 1955 947 1986 redeo
967 1955 1007 1986 atl
1033 1953 1197 1996 significa·
1222 1954 1224 1978 ἓ

365 2607 460 2632 oetae
488 2601 626 2643 pingunt
651 2611 782 2633 currum
809 2601 948 2632 Veneris
973 2611 1046 2631 cum
1070 2599 1194 2631 colum·
1220 2594 1222 2642 J»

351 2643 468 2676 rahunt
494 2654 625 2676 currum
651 2644 791 2676 Veneri.-
815 2642 1001 2675 columbae.
1036 2653 1100 2674 non
1124 2649 1195 2675 tan-
1219 2650 1222 2679 ξ

847 183 955 214 t’fflL.
983 183 1084 214 MEL.
1109 183 1292 215 SCRIPTA
1321 182 1582 214 ExfflffiTttux.

1222 1878 1326 1908 ,num
1360 1873 1392 1898 et
1426 1866 1600 1908 pecudum.

1222 1912 1225 1933 Ὺ
1247 1911 1466 1942 Numerorum
1492 1909 1542 1941 ls.
1563 1916 1592 1940 et
1618 1909 1742 1950 passim
1766 1907 1855 1947 alibi,
1879 1909 1933 1940 ubi
1958 1907 2091 1950 legitur,
2113 1909 2229 1950 primo-

1222 2105 1223 2116 .
1249 2084 1456 2114 dimebantur
1485 2089 1576 2113 certa
1606 2081 1756 2122 pecunia.

1222 2154 1223 2157 ,
1248 2136 1411 2168 agnorum
1433 2135 1499 2156 non
1525 2124 1643 2156 licebat
1669 2124 1782 2155 redimi
1803 2124 1957 2165 pecunia:
1993 2124 2051 2156 Sic
2084 2130 2116 2155 et
2150 2121 2228 2155 alia-

2158 187 2223 222 :344

1211 279 1213 315 j
1239 281 1307 306 tum
1330 281 1466 316 propter
1483 274 1748 313 foecunditatem,
1773 277 1835 308 sed
1858 278 1935 318 quia
1954 278 2129 311 columbae
2152 290 2223 312 ser-

1212 318 1215 349 2
1241 324 1317 348 vant
1346 319 1418 350 iura
1442 318 1641 361 coniugalia,
1665 325 1695 350 et
1709 321 1906 360 praesertim
1918 326 2077 359 turturem,
2100 323 2142 355 de
2154 325 2223 366 qui·

1241 361 1304 392 bus
1329 361 1529 394 Aristoteles
1554 363 1671 404 inquit:
1695 372 1772 391 nnus
1795 366 1897 392 turtur
1923 363 2015 394 habet
2038 375 2129 394 unam
2153 376 2223 397 cmc-

1240 405 1339 442 inqem
1357 407 1516 443 turturem,
1539 416 1594 435 nec·
1617 404 1783 445 copulatur
1801 405 1954 444 pluribus.

1330 446 1371 478 Ut
1400 448 1498 489 igitur
1531 446 1704 480 columbae
1733 455 1810 479 sunt
1832 446 2019 480 foecundae
2041 451 2113 482 sine
2132 450 2224 483 adul-

1241 490 1339 520 terio:
1375 489 1433 522 Sic
1466 490 1724 522 matrisfamilias
1755 491 1857 522 decus
1881 497 1949 529 est,
1984 502 2060 524 esse
2088 492 2224 526 foecun-

1242 532 1328 563 dam.
1396 532 1464 564 Sed
1492 534 1535 564 sit
1559 540 1672 565 casta.
1697 544 1763 565 non
1788 533 1951 572 adultera,
1974 535 2018 566 sit
2040 536 2225 576 φιλότεκνος,

1242 573 1353 614 diligat
1375 574 1501 607 liberos
1524 583 1556 608 et
1578 576 1691 608 foveat
1715 587 1785 608 eos.

1329 617 1512 651 Columbus
1537 620 1633 651 etiam
1656 620 1789 651 adiuvat
1813 617 2013 658 foemellam,
2038 627 2072 652 ut
2089 622 2161 662 ipse
2178 622 2225 653 in—

1243 661 1343 692 cubet
1372 662 1461 700 ovis,
1496 673 1569 694 cum
1599 662 1754 695 columba
1781 669 1833 693 est
1861 663 2035 702 infirmior,
2069 675 2169 705 quam
2191 672 2226 696 ut

1244 705 1351 745 possit
1373 705 1509 737 assidue
1531 706 1689 737 incubare
1713 705 1796 737 ovis.

1332 747 1412 779 ltem
1436 746 1611 780 columbae
1634 749 1719 780 inter
1741 758 1780 780 se
1798 755 1873 780 sunt
1889 750 2088 788 concordes,
2110 748 2227 782 ludunt

1245 791 1364 821 mutuis
1388 789 1524 822 osculis.
1570 791 1618 822 lta
1642 792 1830 834 coniugium
1855 792 1953 823 debet
1976 802 2051 823 esse
2080 793 2227 824 societas

1246 842 1401 871 concam,
1425 833 1600 865 coniuncta
1623 844 1698 866 cum
1720 834 1921 866 humanitate
1941 840 1973 865 et
1986 834 2229 868 benevolentia.

1332 875 1411 907 ltem
1435 875 1610 908 columbae
1633 882 1710 908 sunt
1732 878 1804 909 sine
1822 875 1923 908 felle:
1947 876 2004 909 Sic
2023 888 2089 910 non
2108 878 2230 911 debent

1246 929 1324 951 esse
1346 920 1430 950 inter
1453 920 1614 963 coniuges
1637 920 1713 951 odia
1735 925 1768 952 et
1790 921 2000 952 acerbitates.
2034 921 2231 963 Quanquam

1247 963 1332 994 enini
1356 963 1548 995 exoriuntur
1572 963 1733 994 interdum
1755 963 2001 1005 indignationes
2032 970 2064 996 et
2087 973 2230 996 commo-

1247 1006 1355 1037 tiones
1391 1006 1541 1037 subitae:
1572 1012 1681 1037 tamen
1711 1015 1778 1038 non
1809 1007 1932 1038 debent
1961 1007 2168 1050 degenerare
2197 1007 2231 1039 in

1247 1049 1335 1087 odia,
1360 1055 1392 1080 et
1415 1049 1626 1080 acerbitates.

1333 1091 1428 1123 Talia
1450 1090 1552 1123 multa
1575 1090 1679 1123 voluit
1701 1090 1891 1133 significare
1904 1091 1999 1124 Deus
2017 1092 2051 1123 in
2062 1091 2232 1125 oblatione

1249 1133 1486 1166 columbarum.
1554 1135 1594 1166 Et
1623 1135 1763 1176 pertinet
1786 1133 1850 1166 buc
1874 1135 1996 1168 dictum
2019 1133 2229 1168 Salomonis:

1249 1177 1349 1207 Ludit
1371 1179 1526 1217 sapientia
1547 1177 1608 1207 Dei
1625 1179 1657 1206 in
1682 1177 1753 1207 orbe
1776 1181 1934 1207 terrm-mn.
1998 1176 2092 1210 Deus
2113 1189 2231 1220 propo-

1249 1221 1315 1253 suit
1337 1219 1511 1252 multarum
1535 1220 1732 1252 mirabilium
1756 1230 1864 1252 rerum
1889 1221 2062 1263 imagines,
2084 1221 2118 1253 in
2139 1227 2230 1253 natu—

1250 1274 1287 1295 ra
1309 1264 1532 1296 animantium.

1335 1307 1454 1339 Totum
1483 1305 1646 1338 theatrum
1677 1312 1814 1338 naturae
1843 1305 1980 1338 visibilis
2004 1305 2107 1339 voluit
2137 1306 2232 1340 Deus

1249 1360 1327 1382 esse
1350 1348 1702 1382 commonefactionem
1725 1350 1766 1382 de
1788 1360 1851 1381 sua
1873 1348 2056 1388 voluntate,
2079 1351 2121 1381 de
2138 1351 2233 1383 mort-

1250 1394 1333 1431 bus,
1362 1394 1439 1425 item
1462 1393 1503 1424 tle
1526 1393 1684 1434 operibus
1708 1393 1779 1424 suis
1803 1402 1887 1434 quae
1910 1391 1988 1425 facit
2010 1393 2045 1423 in
2067 1391 2232 1425 Ecclesia.

1248 1438 1358 1477 Ipsum
1393 1437 1583 1478 coniugium
1622 1435 1789 1478 significat
1829 1436 1926 1466 etiam
1967 1436 2233 1467 coniunctionem

1249 1478 1372 1511 Christi
1396 1485 1428 1511 et
1452 1477 1635 1510 Ecclesiae.
1692 1477 1846 1510 Christus
1870 1479 1943 1519 ipse
1961 1478 2100 1517 ἐπωάζει,
2118 1477 2152 1510 id
2170 1484 2234 1517 est,

1249 1523 1385 1554 incubat
1408 1522 1494 1561 ow‘s,
1519 1526 1695 1565 regenerat
1717 1531 1780 1553 nos
1805 1522 1837 1553 in
1860 1519 2024 1553 Ecclesia.
2050 1521 2115 1554 Sed
2126 1530 2232 1564 pergo

1249 1565 1292 1597 ad
1316 1566 1497 1598 secundam
1519 1563 1626 1607 legem
1649 1565 1690 1597 de
1712 1564 1951 1607 primogenitis

1444 1732 1507 1772 De
1541 1732 1629 1786 lege
1661 1731 2032 1786 primogenitorum.

1335 1823 1406 1855 Lex
1436 1822 1498 1855 Dei
1533 1821 1723 1865 postulabat
1749 1823 1858 1853 omnia
1886 1822 2106 1863 primooenita
2128 1820 2229 1854 homi-

1668 1865 1760 1897 Haec
1789 1863 1843 1896 lex
1873 1871 1962 1897 extat
1994 1847 2100 1897 Exod.
2127 1864 2179 1897 13.
2198 1872 2232 1896 et

1249 1954 1359 1996 genita
1394 1953 1503 1984 omnia
1536 1951 1640 1983 fuisse
1675 1957 1872 1983 consecrata
1904 1961 1965 1982 seu
1998 1952 2108 1983 dicata
2142 1950 2229 1984 Deo.

1222 1998 1316 2028 'Sed
1350 1995 1567 2070 primogenita
1600 1994 1781 2032 hominum,
1814 2004 1986 2036 equorum,
2022 2001 2054 2026 et
2089 1992 2230 2026 aliorum

1248 2040 1354 2071 anima
1370 2040 1447 2077 ium,
1472 2049 1609 2080 quorum
1634 2048 1699 2068 non
1724 2044 1795 2070 erat
1818 2048 1900 2069 usus
1923 2037 1955 2069 in
1974 2036 2159 2076 sacrificiis,
2182 2047 2229 2069 re-

1824 2080 1929 2112 Boum
1953 2081 2174 2122 primogenita
2196 2086 2229 2113 et

1248 2179 1319 2201 rum
1343 2169 1517 2210 pecudum.
1540 2178 1624 2209 quae
1647 2173 1797 2209 poterant
1821 2168 1958 2198 mactari
1981 2168 2013 2198 in
2036 2165 2230 2202 sacrificum

1248 2213 1351 2244 asinis
1381 2211 1596 2253 frangebatur
1624 2211 1748 2248 cervix,
1778 2220 1839 2241 nec
1905 2211 2002 2242 cunia
2025 2209 2228 2241 redimeban-

1249 2262 1312 2288 tur.
1337 2253 1448 2286 Voluit
1474 2253 1628 2285 fortassis
1651 2254 1840 2295 significare
1896 2263 1968 2292 euS,
1991 2263 2029 2285 se
2052 2263 2117 2284 non
2141 2251 2229 2284 velle

1249 2299 1364 2330 asinos
1401 2298 1431 2329 in
1464 2297 1646 2329 ministerio
1669 2307 1748 2334 suo,
1780 2296 1841 2328 etsi
1861 2295 1952 2328 multi
1975 2296 2127 2328 omnibus
2150 2302 2226 2327 tem-

1222 2342 1385 2383 'poribus
1419 2341 1515 2373 etiam
1550 2351 1590 2371 ex
1625 2340 1837 2372 sacerdotum
1871 2340 1987 2370 ordine
2020 2345 2096 2370 sunt
2132 2338 2228 2371 nimis

1247 2385 1356 2427 magni
1382 2391 1410 2415 et
1437 2384 1541 2415 vrasst
1565 2383 1656 2415 asini.

1336 2427 1446 2458 Mares
1480 2426 1689 2469 primogeniti
1722 2435 1762 2457 ex
1797 2424 1962 2457 hominum
1996 2433 2135 2467 gauere,
2169 2430 2227 2457 ant

1249 2471 1497 2502 remim-tmmur
1520 2471 1562 2501 ad
1587 2467 1753 2510 templum,
1778 2475 1812 2500 ut
1836 2466 1979 2505 Samuel,
2009 2473 2065 2499 aut
2088 2467 2227 2500 redime-

1249 2515 1367 2544 bantur
1396 2514 1541 2555 quinqne
1574 2511 1666 2544 siclis
1700 2512 1841 2553 argenti.
1897 2510 2008 2543 Siclus
2041 2517 2092 2543 est
2126 2511 2225 2552 τετρό-

1247 2556 1393 2598 δραχμοι,
1417 2557 1447 2586 itt
1469 2562 1530 2590 est.
1565 2554 1654 2587 valet
1683 2562 1824 2597 quatuor
1847 2554 2035 2592 drachmas,
2072 2553 2117 2590 38
2139 2562 2178 2586 nn
2201 2564 2225 2586 ο·

1247 2600 1358 2633 t'tbrtitb
1383 2602 1426 2631 rin
1462 2601 1558 2631 bulbei-
1585 2599 1701 2631 Ποία.
1747 2605 1865 2639 aequat
1901 2597 1971 2629 fere
1994 2593 2156 2629 malcrum
2201 2596 2225 2629 l-

1247 2643 1388 2675 midium.
1435 2641 1612 2682 δίδραχμον,
1637 2642 1667 2672 id
1687 2648 1752 2674 est.
1787 2641 1955 2682 quadrans
1989 2638 2119 2674 thaleri.
2154 2645 2225 2672 emt
