2324 2958
193 159 236 192 39
825 150 936 182 Ptin..
959 148 1062 181 ltu-31..
1086 145 1271 180 SCRIPTA
1289 142 1553 176 EXEGETICA.
2150 144 2193 176 40

193 249 283 294 quod
305 260 370 281 non
394 255 444 281 est
457 247 561 285 Deus,
585 247 729 278 tribuunt
753 251 925 276 creaturae
948 243 1090 273 divinum
1108 239 1164 271 ho-

193 303 318 331 norem,
341 298 372 323 et
395 291 522 333 quidem
546 289 704 320 eiusmodi
728 293 913 324 creaturae,
936 294 1020 326 quae
1032 291 1165 314 nonex-

193 336 283 368 audit
317 344 444 375 preces·
490 331 587 364 Certe
620 341 694 363 cum
724 329 842 371 aliquis
865 329 996 359 invocat
1019 326 1163 361 Petrum,

194 376 344 415 Paulum,
367 382 397 407 et
419 374 504 406 alios
524 379 683 411 mortum,
705 373 782 414 quid
801 373 932 403 invocat
944 369 1006 400 nisi
1018 365 1165 417 Idolum}

193 420 328 452 Invocat
351 418 434 450 enim
456 416 580 458 aliquid
603 416 691 458 quod
710 425 776 447 non
798 414 906 450 audit,
940 418 971 443 et
1002 411 1164 458 tribuit-et

193 462 382 504 potentiam,
406 460 494 501 quod
517 459 668 500 inspiciat
692 457 806 494 corda,
830 462 861 487 et
907 454 972 485 uod
992 457 1095 501 possit
1117 460 1164 482 iu-

193 515 282 536 vare.
318 503 379 538 Qui
402 509 454 534 est
475 511 622 533 summus
644 500 764 538 honos,
789 499 843 530 uni
862 495 1010 528 soiDeo
1022 494 1162 525 debitus.

278 546 334 578 Sic
363 544 542 586 prohibitio
577 544 718 584 coniugii
748 539 918 572 manifeste
941 543 1064 579 pugnat
1089 545 1162 566 cum

192 589 370 630 scriptura.
394 597 479 629 quae
502 587 599 618 docet
621 586 707 617 hanc
729 583 978 625 prohibitionem
1007 588 1082 610 esse
1096 578 1164 629 ’do-

192 632 328 663 ctrinam
353 629 618 666 Doemoniorum,
642 635 673 659 et
692 627 827 668 praebet
849 625 994 665 impurus
1019 619 1162 653 coeliba-

191 680 244 705 tus
274 683 408 704 causam
442 671 551 703 multis
585 670 757 711 flagitiosis
790 667 996 703 libidinibus,
1029 669 1163 705 propter

192 726 274 758 quas
297 714 390 747 Deus
413 715 566 745 irascitur
588 714 645 744 toti
669 712 781 754 generi
803 710 955 741 humano.
999 750 1006 757 ⁵

277 757 323 788 lta
351 758 422 788 sine
445 755 511 788 ulla
534 756 735 787 dubitatione
765 754 1029 792 circumgestatm
1052 755 1084 780 et
1106 749 1163 780 ad-

193 801 299 832 oratio
322 800 418 842 panis
442 799 638 836 consecrati,
661 803 692 828 et
704 795 807 827 Missa
825 793 994 826 Pontificia
1006 790 1163 823 horribile

190 842 313 875 idolum
347 848 407 873 est.
453 842 518 873 Sed
553 840 702 872 homines
737 848 802 869 non
832 834 1065 878 magnifaciunt
1087 835 1162 873 ista,

191 887 266 928 quia
291 884 437 926 plerique
460 890 535 915 sunt
560 883 638 914 ebrii
664 880 911 917 consuetudine,
945 884 976 910 et
999 878 1162 909 maximus

191 934 350 963 tvrannus
380 933 431 959 est
466 925 679 957 consuetudo.
743 923 866 954 Omnes
900 920 1051 952 volumus
1085 920 1163 958 dici,

191 964 276 1002 sicut
299 969 406 1001 affecti
430 979 553 1000 sumus.
599 967 758 998 amamus
781 963 915 996 similia:
939 963 1034 995 Sicut
1056 968 1107 994 est
1129 964 1163 994 in

190 1023 289 1045 versu
304 1010 525 1053 Empedoclis:
550 1010 581 1040 πό
603 1009 688 1049 γλυκὺ
710 1011 760 1040 ἐπὶ
781 1010 889 1047 γλυκεῖ,
911 1009 961 1037 καὶ
983 1006 1091 1048 πικρὸν
1112 1008 1164 1037 ἐπὶ

191 1056 298 1096 πικρῷ.
331 1053 436 1085 Dulce
459 1055 499 1085 ad
523 1052 632 1091 dulce,
656 1062 800 1083 amarum
824 1051 865 1081 ad
888 1049 1161 1081 amarumtendit.

274 1097 331 1128 Sic
353 1098 451 1139 igitur
473 1097 557 1128 dico.
603 1092 769 1126 Scandala
792 1099 866 1124 sunt
890 1092 1040 1130 vitanda,
1074 1090 1163 1123 scili-

191 1147 241 1171 cet
265 1138 321 1171 illa
344 1138 513 1177 scandala,
537 1148 620 1179 quae
640 1143 715 1168 sunt
739 1146 792 1167 res
816 1134 937 1167 malae:
983 1135 1043 1166 sed
1066 1144 1162 1166 scan-

190 1181 297 1214 dalum
315 1181 534 1223 pharisaicum
558 1191 621 1211 non
646 1186 753 1221 potest
788 1179 900 1216 vitari,
926 1178 1001 1219 quia
1030 1183 1163 1219 oportet

189 1235 250 1256 nos
274 1225 408 1256 obedire
428 1223 580 1255 mandato
605 1224 730 1254 divino:
756 1224 865 1261 Καρία*
883 1222 978 1253 Μυῖα.

275 1267 345 1299 Nec
369 1265 454 1298 valet
477 1273 721 1308 argumentum:

274 1354 363 1384 Bona
384 1355 476 1392 fama
499 1356 550 1383 est
563 1352 749 1391 appetenda-

272 1397 436 1426 Praebens
457 1397 653 1426 occasionem
671 1394 834 1425 scandalis
844 1394 976 1431 tzeqltyir
982 1394 1116 1431 famam.

272 1439 356 1476 Eryo
379 1447 441 1468 mm
464 1441 550 1469 recte
570 1440 663 1476 facit.

270 1521 469 1562 Respondeo
492 1522 533 1552 ad
558 1521 724 1552 Maiorem.
772 1520 864 1551 Bona
884 1520 972 1551 sama
990 1525 1042 1551 est
1059 1529 1160 1560 appe·

186 1565 294 1602 tenda,
318 1563 443 1595 scilicet
468 1574 528 1595 suo
552 1564 676 1595 ordine.
724 1563 882 1601 Primum,
906 1568 940 1594 ut
959 1572 1160 1594 conserven-

187 1615 237 1639 tur
260 1607 412 1638 mandata
434 1607 562 1644 divina,
591 1616 651 1638 seu
674 1613 707 1638 ut
732 1616 798 1637 non
821 1606 1011 1637 discedatur
1029 1606 1070 1637 ab
1094 1605 1160 1637 hoc

184 1651 288 1692 primo
312 1656 343 1682 et
366 1660 493 1681 summo
517 1649 688 1681 mandato:
713 1651 822 1689 Fuye'te
845 1651 939 1681 idola.
975 1648 1059 1680 Huic
1070 1659 1160 1680 man·

185 1694 261 1724 dato
294 1693 348 1733 qui
382 1694 600 1732 obtemperat,
630 1699 659 1723 et
696 1691 779 1733 fugit
803 1690 1036 1730 idololatriam,
1059 1691 1160 1723 habet

184 1734 313 1767 samam.
348 1735 414 1766 Sed
439 1736 492 1765 uhi
517 1743 547 1766 et
570 1735 656 1776 apud
680 1745 763 1776 quos
773 1735 788 1766 ’ἒ
811 1735 1027 1776 Respondeo:
1050 1735 1085 1765 ln
1104 1745 1159 1766 ve-

186 1789 223 1810 ra
245 1776 394 1809 Ecclesia
413 1778 498 1818 apud
523 1784 611 1809 recte
634 1778 829 1810 iudicantes.
873 1777 938 1809 Alii
961 1783 1038 1809 sunt
1049 1784 1159 1809 autem

185 1819 276 1852 multi
310 1819 581 1857 calumniatores,
615 1821 669 1862 qui
697 1821 794 1852 etiam
817 1828 908 1852 recte
930 1819 1019 1852 sacta
1042 1821 1158 1862 depra-

187 1870 274 1895 vant.
318 1863 511 1904 Quanquam
545 1870 653 1894 autem
681 1874 794 1894 verum
817 1870 868 1895 est
891 1863 979 1906 quod
1002 1862 1158 1896 Salomon

185 1907 302 1947 inquit:
343 1909 503 1937 calmmu'a
532 1908 639 1937 turbat
664 1911 840 1946 sapientem
859 1912 890 1939 et
909 1909 1086 1946 labefactat
1105 1918 1157 1939 ro-

184 1950 244 1980 bur
262 1950 379 1986 cordas.
415 1955 445 1979 et
478 1949 595 1990 ubique
619 1947 768 1980 locorum
792 1957 867 1981 sunt
891 1949 1040 1981 homines
1064 1957 1157 1981 natu—

185 2001 222 2022 ra
245 1991 408 2028 maledici,
438 1992 491 2032 qui
518 1992 627 2022 vident
651 1989 810 2023 festucam
834 1993 864 2023 in
888 1992 984 2024 oculo
1009 1991 1158 2031 alienus,

184 2035 309 2065 trabem
329 2042 449 2071 autem,
473 2035 525 2076 qui
550 2042 599 2065 est
623 2035 653 2064 in
678 2035 822 2075 ipsorum
846 2034 955 2073 oculo,
989 2047 1054 2067 non
1079 2047 1157 2067 con-

182 2076 345 2107 siderant:
381 2083 488 2108 tamen
514 2087 577 2107 non
604 2078 645 2107 ita
668 2078 912 2109 extimescenda
936 2087 1011 2110 sunt
1036 2080 1158 2120 probra

181 2118 291 2150 talium
316 2118 502 2156 hominurn,
535 2126 568 2150 ut
593 2120 779 2151 omittamus
803 2123 1004 2152 necessaria.
1050 2120 1158 2153 Debe-

182 2172 254 2192 mus
277 2162 360 2193 enim
384 2162 527 2203 dirigere
550 2169 662 2193 nostra
686 2162 841 2201 consilia,
864 2165 1022 2201 actiones,
1057 2163 1158 2203 sacta,

181 2206 223 2235 ad
248 2215 394 2235 normam
420 2205 562 2236 mandati
587 2206 696 2236 divini.
745 2205 912 2238 Debemus
947 2214 1035 2238 recte
1059 2208 1158 2239 doce-

183 2257 229 2284 η’,
253 2247 364 2277 intenti
389 2257 465 2278 esse
488 2248 519 2278 in
545 2248 745 2279 retinendam
770 2257 798 2280 et
825 2250 974 2280 tuendam
991 2251 1158 2281 veritatem

182 2290 359 2320 doctrinae.
407 2289 453 2321 lta
477 2301 558 2333 erga
579 2290 686 2322 Deum
709 2290 853 2323 fruemur
877 2294 961 2323 bonu
987 2294 1158 2324 conscien—

183 2333 238 2369 iia,
272 2339 303 2362 et
338 2332 531 2365 habebimus
568 2336 685 2365 bonam
718 2333 834 2365 samam
857 2336 943 2376 apud
967 2343 1054 2367 recto
1078 2337 1158 2368 iudi-

182 2381 295 2405 cantes
319 2376 349 2405 in
376 2375 534 2406 Ecclesia.

269 2416 325 2448 Fui
351 2417 506 2458 prolixior
530 2420 560 2449 in
585 2419 635 2449 his
660 2418 881 2454 declarandi„
907 2422 979 2461 quin
1001 2420 1158 2453 latissime

181 2467 268 2500 patet
291 2459 355 2491 hoc
378 2462 516 2492 dictum:
564 2464 692 2498 Beatus.
711 2467 765 2502 qni
793 2474 854 2494 mm
875 2466 978 2502 fueri!
999 2467 1158 2496 xcnmlnlt-

181 2508 271 2533 satus
293 2506 326 2534 In
350 2514 415 2535 me:
440 2504 478 2534 Et
504 2503 674 2544 plurimum
700 2504 800 2537 refert
813 2507 1013 2546 distinguere
1027 2509 1157 2547 specics

182 2546 333 2576 «inerma
369 2547 528 2579 scandali.
573 2546 738 2579 Teneatnr
761 2556 868 2580 autc-m
894 2548 1036 2587 Regula.
1071 2551 1157 2591 qnod

181 2598 276 2618 omne
302 2587 492 2621 scandalunt
515 2589 733 2631 phuirisaicum
757 2592 797 2622 eit
823 2589 952 2622 salim-in
966 2593 1156 2625 accidentis.

1216 238 1283 269 lam
1305 237 1402 268 venio
1425 236 1468 268 ad
1491 241 1634 274 caetera,
1655 245 1740 278 qnae
1762 236 1860 268 etiam
1883 243 1960 269 sunt
1972 237 2193 270 Grammatico

1215 282 1247 312 in
1270 280 1335 311 hoc
1354 285 1454 311 textu.

1301 322 1412 364 Negat
1435 321 1586 353 Christus
1609 320 1765 352 loannem
1787 330 1864 353 esse
1883 320 2095 354 Calamum
2115 332 2193 354 vcn-

1214 366 1257 397 tis
1280 365 1448 408 agitatum.
1494 363 1585 396 Haec
1607 364 1734 405 pictura
1757 363 1922 406 significat
1949 364 2114 397 hominem
2136 364 2195 397 ali-

1216 408 1294 451 quid
1317 407 1542 439 instituentem
1564 417 1627 438 sua
1650 407 1852 438 curiositate.
1895 407 1981 439 Nam
2004 408 2111 439 omnia
2135 407 2194 439 hu-

1215 461 1312 483 mana
1340 450 1492 481 instituta
1525 450 1610 482 citra
1638 450 1776 481 verbum
1798 448 1864 481 Dei
1897 455 1975 482 sunt
2002 450 2195 489 arundines,

1216 504 1300 536 quae
1323 493 1491 535 agitantur
1513 503 1533 524 a
1556 493 1674 524 ventis.
1721 490 1990 531 Pharisaeorum,
2013 492 2194 535 Anabapti·

1215 543 1354 574 starum,
1376 540 1408 566 et
1430 533 1568 567 aliarum
1591 542 1758 568 sectarum
1780 535 1942 574 doctrina,
1966 541 2017 567 est
2034 534 2196 575 calamus,

1214 580 1269 621 qui
1293 589 1313 610 a
1335 578 1442 609 ventis
1465 588 1484 609 a
1510 579 1616 610 ‘tatur.
1663 577 1703 609 Et
1724 578 1869 609 ostendit
1888 579 2018 610 tandem
2041 585 2195 617 eventu&

1213 631 1329 653 verum
1362 630 1440 652 esse
1473 622 1480 629 '
1508 621 1554 653 ud
1576 620 1716 653 Christi:
1760 622 1872 653 Omnis·
1901 620 2068 662 plantatio,
2100 631 2196 662 quam

1214 674 1278 697 mm
1319 665 1483 704 plantavit
1510 669 1606 704 pater
1639 674 1728 696 meus
1767 666 1934 704 coelestis,
1967 665 2195 698 eradicabitur.

1214 707 1313 744 Item,
1354 707 1445 744 Quod
1470 716 1534 738 non
1568 711 1620 738 est
1649 717 1690 739 ea:
1717 708 1786 739 Deo
1814 708 2014 739 doesolvemr.
2071 706 2196 739 Contra

1213 752 1353 782 loannes
1377 759 1444 779 non
1467 754 1519 780 est
1542 747 1706 788 calamus,
1737 750 1843 781 ventis
1877 750 2042 792 agitatus,
2075 749 2109 781 id
2130 755 2194 788 est,

1214 803 1275 824 sua
1299 792 1491 823 curiositate
1513 790 1636 833 aliquid
1659 793 1738 824 novi
1760 792 1945 824 instituens.

1301 832 1405 867 Simul
1427 840 1536 865 autem
1559 834 1665 877 pingit
1686 835 1795 877 imago
1818 835 1988 874 arundinis
2005 835 2196 867 inconstan-

1214 878 1291 909 tiam
1315 887 1441 915 eorum,
1475 877 1531 919 qui
1565 875 1705 908 consilia
1739 884 1794 909 aut
1817 878 2002 910 doctrinam
2023 877 2196 910 inflectunt

1213 921 1256 953 ad
1290 920 1486 962 cupiditates
1520 918 1574 951 vel
1608 917 1791 961 applausus
1812 919 1920 962 vulgi,
1955 927 1988 953 et
2010 926 2195 963 potentum:

1214 963 1410 1005 Quanquam
1440 962 1507 994 hoc
1540 962 1652 994 vitium
1676 963 1800 994 rectius
1822 963 1963 996 refertur
1985 964 2027 995 ad
2049 973 2195 1005 sequens

1213 1007 1404 1041 membrum,
1440 1015 1513 1037 cum
1544 1004 1699 1037 Christus
1729 1011 1829 1048 negat
1863 1007 2018 1038 loannem
2050 1008 2198 1039 indutum

1213 1060 1286 1082 esse
1309 1050 1454 1081 mollibus
1477 1050 1626 1080 vestibus.

1299 1092 1475 1133 Significat
1508 1092 1594 1122 enim
1627 1090 1819 1123 dissimilem
1853 1101 1930 1123 esse
1951 1097 2197 1124 assentatorum

1212 1136 1245 1167 in
1267 1134 1366 1173 aulis,
1387 1133 1623 1166 inflectentium
1645 1143 1684 1165 se
1706 1134 1748 1165 ad
1771 1133 1893 1175 placita
1905 1133 2033 1177 Regum
2050 1144 2092 1166 ac
2103 1133 2196 1166 Prin-

1213 1179 1334 1219 cipum.
1379 1176 1421 1208 Et
1454 1180 1563 1208 tamen
1598 1187 1664 1208 non
1689 1178 1788 1208 modo
1810 1183 1965 1218 potentes
1988 1175 2198 1209 delectantur

1211 1219 1460 1257 adulatoribus,
1494 1220 1553 1251 sed
1589 1221 1685 1251 etiam
1719 1219 1841 1252 stultae
1866 1218 2080 1258 multitudini,
2115 1218 2197 1251 nihil

1211 1269 1264 1295 est
1287 1261 1353 1294 illis
1377 1263 1516 1305 gratius.
1551 1263 1615 1294 Sed
1638 1261 1813 1304 loquamur
1836 1273 1924 1295 nunc
1947 1263 1988 1294 de
2000 1262 2099 1302 aulis,
2112 1273 2197 1305 quas

1212 1305 1368 1339 Christus
1391 1306 1489 1337 etiam
1511 1305 1566 1336 hic
1589 1305 1712 1337 diserte
1735 1307 1890 1337 nominat.

1299 1348 1406 1379 Homo
1444 1357 1526 1390 ergo
1560 1349 1701 1380 amictus
1734 1347 1890 1380 mollibus
1915 1348 2120 1379 vestimentis
2144 1354 2197 1380 est

1235 1392 1378 1423 arasitus
1399 1389 1541 1429 aulicus,
1564 1392 1619 1432 qui
1642 1401 1710 1422 non
1732 1397 1785 1422 est
1802 1391 1961 1429 hirsutus,
1980 1390 2036 1422 vel
2046 1390 2196 1432 hispidus

1212 1403 1356 1466 lhomino
1391 1443 1464 1465 suo.
1509 1433 1672 1464 Scribitur
1695 1432 1796 1466 Solon
1830 1435 2059 1475 interrogasse
2088 1433 2196 1465 Aeso·

1212 1487 1301 1518 pum,
1324 1476 1492 1518 quomodo
1515 1477 1651 1508 deberet
1673 1474 1764 1518 loqui
1788 1486 1861 1508 cum
1874 1475 2014 1509 Croeso.
2045 1475 2196 1518 Respon-

1213 1521 1260 1551 dit
1283 1520 1458 1561 Aesopus:
1503 1520 1572 1550 Aut
1594 1529 1692 1561 quam
1714 1520 1896 1557 minimum,
1919 1525 1975 1550 aut
1998 1529 2098 1561 quam
2119 1528 2195 1551 sna-

1212 1563 1383 1594 vissimum
1426 1560 1548 1601 ἧκιστα,
1585 1560 1603 1600 ἦ
1631 1559 1748 1600 ἣδιστα.
1809 1561 1869 1593 Est
1899 1562 2031 1604 quidam
2061 1559 2195 1593 libellus

1211 1604 1324 1639 Italica
1345 1604 1460 1648 lingua
1482 1605 1626 1646 scriptus
1649 1605 1691 1636 de
1712 1605 1780 1637 vita
1803 1603 1912 1637 aulica
1927 1605 1969 1636 ad
1982 1605 2195 1637 imitationem

1211 1649 1308 1681 trium
1330 1648 1490 1681 librorum
1514 1648 1554 1679 de
1578 1647 1731 1679 Oratore.
1760 1650 1793 1680 ln
1812 1657 1852 1680 eo
1875 1648 2002 1688 scripto
2025 1646 2126 1679 multa
2148 1647 2195 1679 di-

1213 1698 1332 1724 cuntur
1365 1692 1407 1723 de
1440 1692 1568 1723 artibus
1601 1689 1728 1722 auliciS.
1785 1690 1837 1722 De
1870 1691 1991 1733 quibus
2014 1696 2067 1722 est
2095 1691 2192 1723 etiam

1211 1734 1265 1767 hic
1289 1744 1405 1767 versus
1428 1734 1470 1766 ad
1495 1734 1592 1765 vitam
1616 1732 1757 1766 aulicam
1780 1734 2068 1765 accommodatus:

1301 1797 1360 1833 Da,
1382 1798 1502 1835 captae,
1520 1804 1667 1834 muneras,
1688 1797 1839 1834 plurima,
1859 1803 1978 1835 pauca,
2000 1795 2089 1826 m'ltt'l.

1299 1863 1511 1895 Constructio
1547 1862 1630 1894 baec
1664 1869 1725 1894 est.
1777 1861 1831 1894 Da
1872 1861 2033 1903 plurima,
2079 1862 2192 1904 capias

1211 1916 1329 1949 pauca,
1363 1916 1518 1948 quaeras,
1554 1906 1585 1936 id
1620 1912 1688 1943 est,
1724 1906 1907 1937 scisciteris
1931 1903 2022 1937 nihil.
2067 1905 2137 1939 {Ber
2161 1915 2192 1946 ³¹¹

1210 1949 1274 1992 ³2³⁰?
1296 1951 1350 1982 vict
1373 1950 1472 1991 {rugen
1498 1950 1552 1980 snb
1577 1949 1756 1985 rcformieren
1779 1950 1844 1986 mil,
1867 1950 1916 1981 bct
1941 1948 2021 1987 lcufft
2046 1948 2191 1980 sortienda

1211 2003 1259 2025 on.
1305 1992 1375 2024 Nec
1399 2000 1519 2024 temere
1544 1992 1664 2023 dictum
1688 1999 1756 2023 est:

1297 2063 1399 2094 Exeat
1422 2063 1506 2095 aula.
1529 2064 1583 2100 qm·
1605 2063 1669 2091 rull
1689 2070 1762 2092 esse
1781 2063 1864 2100 ριήε,

1297 2121 1404 2152 Vocat
1430 2120 1524 2152 Deus
1546 2121 1642 2152 etiam
1667 2119 1854 2162 Principes,
1885 2127 1915 2151 et
1945 2118 2030 2150 alios
2054 2126 2192 2151 sanctos

1211 2165 1373 2202 homines,
1409 2165 1462 2205 qui
1494 2174 1568 2195 cum
1592 2163 1632 2194 iis
1656 2170 1730 2194 sunt
1756 2164 1786 2194 in
1810 2162 1908 2200 aulis,
1931 2162 1974 2194 ad
1997 2163 2191 2195 societatem

1210 2206 1395 2240 Ecclesiae.
1441 2206 1541 2238 Tales
1560 2212 1747 2248 agnoscunt
1760 2206 1877 2242 Deum,
1902 2212 1933 2237 et
1955 2206 2115 2247 praebent
2134 2205 2191 2237 ho-

1210 2251 1307 2292 spitia
1331 2249 1514 2281 Ecclesiae.
1560 2250 1622 2282 Sed
1658 2256 1733 2281 sunt
1768 2249 1799 2280 hi
1834 2247 1916 2281 alias
1950 2247 2075 2290 plures,
2106 2247 2190 2280 alias

1211 2294 1396 2335 pauciores.
1443 2292 1508 2324 Dat
1532 2299 1638 2323 tumen
1667 2292 1758 2324 Deus
1781 2291 1911 2334 aliquos
1934 2302 1994 2333 pro
2016 2302 2078 2323 sua
2099 2292 2190 2323 boni-

1211 2343 1289 2375 tate,
1312 2337 1403 2368 Sit-ut
1427 2337 1585 2377 scriptum
1609 2343 1682 2366 est:
1727 2336 1830 2375 [ἴε-,σεε
1849 2339 1992 2375 yentmm
2011 2336 2194 2367 adorabunt

1210 2390 1289 2411 enm.
1336 2381 1424 2417 itinn,
1460 2379 1498 2410 Ιη
1532 2381 1747 2411 cam-emenda
1779 2379 1884 2417 li‘eyes
1912 2383 1945 2410 et
1968 2379 2138 2419 Principes
2156 2389 2188 2409 m

1210 2433 1314 2459 anum,
1338 2426 1371 2454 ut
1393 2426 1539 2455 serrium
1558 2424 1699 2454 Domino.
1732 2422 1828 2458 Quod
1851 2421 1972 2453 dictum
1997 2428 2046 2452 est
2067 2421 2189 2453 descri-

1209 2466 1276 2507 ptio
1300 2466 1413 2507 optimi
1436 2473 1543 2497 status
1568 2466 1598 2495 in
1623 2476 1744 2505 genere
1766 2464 1920 2497 humano.
1955 2465 1998 2496 lbi
2022 2465 2107 2496 enim
2132 2463 2188 2495 no·

1211 2515 1280 2540 rent
1316 2509 1483 2550 regimina.
1509 2510 1562 2539 nbi
1589 2519 1645 2540 rex
1670 2515 1699 2540 et
1724 2507 1866 2550 populns
1886 2515 1960 2539 sunt
1987 2507 2187 2545 concordes,

1210 2558 1240 2583 et
1264 2554 1462 2583 conxeniunt
1482 2553 1512 2582 in
1528 2550 1678 2583 Ecclesia
1701 2553 1741 2583 ad
1768 2553 1835 2583 veri
1850 2550 1910 2582 Dei
1936 2551 2187 2587 invocationem,

1209 2596 1263 2626 ubi
1295 2606 1359 2626 non
1388 2602 1461 2626 sunt
1488 2595 1733 2633 dissensiones,
1769 2605 1832 2626 non
1858 2595 2108 2635 persecutiones
2134 2603 2186 2624 εε-

2323 656 2324 662 ᾼ
2320 540 2324 597 --
2320 523 2322 528 ,
2317 447 2324 505 γε,
