2324 2958
67 131 131 164 333

68 225 120 257 cia
147 221 266 255 Christi
299 217 415 250 confisi
449 224 544 257 sunt,
577 224 751 260 postquam
784 217 940 250 auxilium
968 219 1038 251 eius

69 270 103 300 in
124 270 212 298 tanto
232 260 378 303 periculo
402 267 467 293 tam
490 267 642 302 potenter
663 261 789 302 experti
811 267 897 292 sunt.

153 306 343 339 Tribuamus
378 314 459 346 ergo
494 304 581 335 hanc
614 303 744 335 laudem
766 302 840 334 Deo
873 304 972 335 etiam
1006 305 1038 336 in

70 351 148 394 ipsis
169 347 421 384 afflictionibus,
456 347 543 388 quod
573 352 607 378 et
632 352 829 387 potestatem
858 345 977 377 habeat
1007 353 1039 378 et

71 392 265 426 voluntatem
287 389 419 420 iuvandi
441 399 514 420 nos.
551 389 725 431 Erigamus
749 395 780 420 et
805 388 1037 420 confirmemus

69 444 130 470 nos
149 432 213 464 hoc
234 430 402 472 exemplo,
429 438 465 463 ut
493 438 676 463 statuamus
705 431 792 473 quod
821 441 883 462 nos
906 441 1037 473 quoque

68 477 260 511 Ehcraturus
283 475 327 505 sit
344 484 404 505 suo
430 480 587 516 tempore.
629 474 774 505 Liberati
798 474 894 505 etiam
913 484 932 504 a
951 474 1036 511 Deo,

67 520 229 556 discamus
252 517 366 548 maiori
390 516 509 548 fiducia
532 527 668 557 sperare
696 518 728 547 in
758 527 841 548 cum.
887 516 1037 548 Accedat

66 567 99 595 ot
118 559 320 602 praedicatio
345 559 443 590 divini
473 560 621 592 beneficii
651 559 740 600 apud
768 557 869 597 alim,
900 565 935 590 ut
963 570 1037 601 pro-

64 608 201 646 pagetur
223 601 330 643 gloria
352 601 424 633 Dei.

147 645 204 676 Sic
226 646 335 686 imago
359 643 498 686 elegans
522 650 571 676 est
595 645 627 675 in
656 643 719 675 hac
749 643 887 676 historia
917 645 1037 676 doctri·
1061 662 1066 692 ί

61 697 124 720 nae
146 688 187 719 de
208 685 452 718 afflictionibus.
1061 693 1065 734 Ι

1062 747 1065 804 l

1061 812 1065 850 ¹.

59 877 260 931 Imagines
292 876 504 930 pingentes
537 890 602 924 ea,
641 877 743 930 quae
777 877 965 918 accidunt
996 878 1037 917 in

433 936 665 976 Ministerio.
1061 942 1066 1009 ἶ

147 1035 230 1066 Cum
252 1042 360 1066 autem
384 1034 536 1076 Apostoli
560 1034 748 1078 significent
778 1036 809 1066 in
836 1035 950 1077 primis
979 1036 1036 1067 mi-

57 1078 182 1110 nistros
202 1076 384 1115 Ecclesiae,
409 1079 619 1109 considerent
643 1078 730 1109 hanc
751 1078 924 1120 imaginem
943 1089 1036 1119 prae·
1062 1058 1066 1134 Ι

58 1121 154 1162 cipue
176 1119 234 1157 illi,
257 1122 311 1163 qui
335 1119 511 1162 aliquando
533 1121 706 1153 accessuri
729 1128 805 1152 sunt
828 1121 870 1152 ad
893 1121 1037 1152 ministe-
1062 1142 1065 1152 .

57 1163 151 1195 rium.
206 1163 245 1194 Hi
280 1170 476 1204 praeparent
510 1174 548 1195 se
583 1164 625 1194 ad
658 1164 890 1205 navigationes
923 1164 1034 1202 maris,

57 1206 148 1248 quod
170 1207 334 1247 significat
357 1207 522 1243 mundum,
546 1207 579 1237 in
603 1216 666 1247 quo
689 1216 820 1246 semper
838 1206 979 1238 offerunt
998 1216 1036 1237 se

79 1247 196 1280 lurima
223 1247 385 1289 pericula,
419 1251 496 1290 quia
525 1247 693 1290 procellae
720 1256 753 1280 et
775 1250 881 1288 venti,
910 1250 943 1280 id
972 1255 1034 1287 est,

91 1290 191 1323 iaboli
213 1298 245 1323 et
269 1291 385 1323 horum
408 1302 533 1333 organa
558 1292 703 1333 tyranni,
726 1291 901 1329 haeretici,
924 1300 956 1323 et
979 1291 1034 1323 alii
1061 1305 1064 1328 ι

56 1334 156 1374 impii,
179 1335 318 1366 subinde
341 1335 474 1365 turbant
497 1335 664 1372 mundum,
692 1341 724 1365 et
747 1335 892 1366 excitant
915 1335 1035 1366 ssuctus

57 1377 181 1414 varios,
206 1378 325 1417 quibus
347 1377 483 1408 assidue
506 1383 717 1419 oppugnatur
738 1378 962 1409 ministerium.

144 1418 297 1450 Arbitror
326 1426 435 1450 autem
465 1426 495 1450 et
525 1419 758 1461 Christophori
791 1420 967 1462 imaginem
993 1421 1036 1452 ad

57 1461 147 1492 hunc
179 1472 274 1492 usum
307 1462 397 1492 initio
432 1461 615 1494 confictam.
642 1472 737 1500 esse,
770 1469 806 1494 nt
835 1463 1036 1504 significaret

57 1504 227 1535 doctorem
251 1503 435 1545 Evangelii,
460 1515 520 1536 seu
543 1505 725 1536 ministrum
748 1503 933 1537 Ecclesiae.
970 1505 1035 1537 Ge-

56 1546 99 1577 rit
120 1546 174 1577 hic
197 1545 363 1577 Christum
387 1548 634 1578 monstrandum
653 1546 725 1578 aliis
748 1547 952 1586 hominibus,
975 1549 1034 1579 sed

57 1594 187 1628 oportet
220 1589 252 1619 in
286 1588 342 1619 tali
378 1590 449 1620 viro
483 1600 637 1631 magnum
671 1591 768 1621 animi
803 1593 904 1622 robur
938 1602 1032 1623 esse:

55 1631 196 1672 ideoque
219 1631 361 1672 pinwitur
386 1642 505 1673 magna
533 1634 683 1673 corporis
714 1631 830 1664 moles.
875 1633 960 1664 Nam
989 1635 1034 1665 in-

54 1673 147 1705 finita
169 1656 316 1714 peric-:fia
344 1675 516 1706 subeunda
543 1681 621 1706 sunt
649 1676 781 1707 docenti
804 1675 1032 1717 Evangelinm.

55 1715 165 1752 Quare
190 1724 220 1747 et
243 1717 307 1748 iste
329 1717 430 1748 heros
460 1727 518 1758 per
548 1728 656 1756 mare,
687 1729 727 1749 ac
757 1719 883 1750 medios
911 1719 1032 1751 fluctus

55 1759 189 1791 incedit:
221 1769 252 1790 et
282 1760 423 1801 undique
451 1761 573 1792 circum
597 1771 670 1792 eum
694 1767 808 1792 natant
831 1763 942 1793 variae
967 1761 1033 1794 bel·
1059 1764 1061 1796 ς’

53 1801 142 1841 luae,
165 1802 326 1833 minantes
349 1803 492 1834 exitium.
1058 1797 1062 1838 Ι

142 1843 241 1881 Puer,
264 1855 358 1886 quem
383 1846 478 1887 gerit,
506 1847 646 1887 exiguus
671 1854 733 1878 est.
780 1846 863 1877 Nam
886 1848 1032 1888 potentia
1058 1839 1061 1858 ¹

55 1886 179 1919 Christi
207 1887 384 1929 aliquando
419 1889 596 1930 perexigua
635 1890 782 1927 videtur,
817 1889 971 1921 laborant
1000 1896 1031 1921 et
1058 1906 1060 1928 1

78 1929 280 1961 ericlitantur
299 1929 464 1971 Apostoli,
489 1942 550 1963 nec
574 1932 724 1964 videntur
742 1932 889 1963 adiuvari
909 1944 928 1964 a
945 1933 1030 1964 Deo.

1058 1948 1059 1956 i

1057 1966 1059 1974 ι

84 1978 96 2003 t
118 1974 265 2014 queritur
288 1973 549 2014 christophorus
574 1975 762 2006 inusitatum
789 1976 919 2016 pondus
944 1986 1031 2007 esse.

53 2014 143 2047 Puer
181 2017 252 2057 ipse
291 2017 440 2057 opprimit
475 2015 628 2048 baiulum.
674 2017 782 2060 Saepe
817 2019 902 2049 enim
937 2018 1030 2051 Deus

53 2058 125 2099 ipse
148 2059 277 2090 videtur
298 2060 468 2089 adversari
491 2069 531 2090 ac
554 2060 669 2098 irasci,
693 2067 726 2091 et
749 2067 850 2092 terret
874 2062 963 2102 pios,
991 2072 1031 2093 ac
1056 2061 1059 2103 J

53 2110 139 2142 pene
161 2103 202 2133 ad
227 2102 490 2142 desperationem
514 2102 626 2144 adigit.
671 2103 801 2135 Interim
831 2111 939 2136 tamen
969 2105 1031 2136 eri·
1056 2106 1059 2134 ἴ

53 2144 101 2186 git
131 2154 168 2175 se
196 2143 419 2185 Polyphemus
449 2145 529 2182 iste,
563 2155 603 2176 ac
632 2152 795 2177 sustentat
822 2156 860 2178 se
890 2148 1030 2188 quadam
1056 2173 1059 2181 .

53 2187 191 2218 arbore:
218 2187 282 2219 hoc
307 2193 376 2224 est,
399 2188 505 2218 sancti
528 2188 563 2219 in
583 2190 764 2220 terroribus
789 2196 976 2221 sustentant
1000 2197 1032 2222 et
1055 2190 1059 2216 l

54 2229 182 2271 erigunt
206 2240 243 2261 se
266 2231 370 2261 verbo
393 2229 465 2260 Dei.
511 2229 551 2261 Et
575 2229 631 2262 illa
649 2232 750 2263 arbor
767 2232 906 2273 primum
925 2233 1029 2270 arida,
1056 2235 1058 2240 '

54 2278 169 2313 postea
194 2273 312 2304 llorere
334 2273 457 2312 incipit.
504 2272 587 2304 Nam
616 2274 767 2306 doctrina
795 2276 880 2315 parit
909 2275 1030 2308 multos
1055 2273 1059 2318 l

53 2315 160 2347 bonos
189 2314 334 2353 fructus,
368 2322 478 2347 servat
510 2322 541 2346 et
570 2317 738 2348 doctorem
770 2324 802 2349 et
826 2317 1030 2350 Ecclesiam:
1056 2322 1057 2333 ³

54 2367 239 2400 quanquam
267 2358 355 2399 impii
384 2359 528 2389 iudicant
556 2359 738 2391 doctrinam
766 2361 899 2393 inanem
927 2367 959 2392 et
981 2362 1030 2392 in—
1055 2371 1058 2388 v

53 2399 165 2432 utilem
187 2410 275 2432 esse.

140 2443 247 2475 Praeit
271 2449 378 2475 autem
400 2444 433 2475 in
458 2443 566 2475 littore
589 2453 689 2475 senex
721 2455 794 2476 cum
819 2444 954 2487 lychno,
999 2449 1029 2479 is
1055 2447 1057 2475 ἔ

743 125 959 158 POSTlLLA
987 124 1262 159 MELANTIJON
1265 125 1340 157 IAN
1342 126 1383 158 A.

1060 1735 1061 1738 =
1086 1722 1209 1747 mutant
1233 1728 1341 1749 mores
1365 1730 1467 1760 saepe
1491 1721 1521 1751 in
1545 1719 1618 1751 aliis
1642 1720 1736 1751 locis.

2002 130 2066 164 334

1090 220 1211 263 ubique
1234 220 1366 261 cupiant
1396 230 1454 251 eos
1483 222 1630 262 perditos
1658 231 1753 261 esse,
1783 223 1859 255 ldeo
1889 233 2004 256 secum
2033 225 2066 257 in

1089 273 1169 304 pera
1192 263 1315 303 piscem
1338 272 1378 293 ac
1402 273 1518 303 panem
1541 265 1635 305 gerit.

1175 305 1270 337 Hanc
1292 305 1478 347 imaginem,
1503 316 1586 347 quae
1610 305 1685 338 olim
1708 308 1739 340 in
1763 309 1913 341 omnibus
1936 309 2066 351 templis

1089 348 1178 388 picta
1200 346 1278 386 fuit,
1303 348 1513 380 considerent
1535 348 1785 388 adolescentes,
1809 358 1841 382 ut
1868 353 2065 384 admonean-

1089 396 1142 422 tur
1165 391 1205 422 de
1227 389 1382 431 periculis
1405 392 1591 429 ministerii,
1622 399 1653 423 et
1677 394 1905 433 considerent,
1935 394 2066 436 qualem

1090 443 1184 472 esse,
1215 440 1246 465 et
1269 434 1346 475 quid
1370 434 1535 465 sustinere
1557 433 1796 474 Christianum,
1825 448 1865 468 ac
1888 439 2066 479 praecipue

1090 477 1259 508 doctorem
1278 475 1448 518 Evangelii
1468 483 1628 518 oporteat.
1656 478 1727 508 Nec
1745 479 1857 511 inutile
1877 479 1962 511 soret
1981 480 2061 512 ban<

1090 520 1274 558 materiam,
1303 518 1380 560 styli
1404 520 1581 551 exercendi
1604 530 1706 553 causa
1730 523 1862 553 tractari
1892 534 1911 553 a
1937 524 2060 555 discen-

1089 563 1191 600 tibus,
1227 568 1258 594 et
1289 561 1431 593 conferri
1460 561 1654 604 allegoriam
1684 563 1780 595 huius
1811 565 1962 607 imaginis
1993 577 2065 597 cum

1089 604 1226 636 historia
1257 604 1432 636 noviculae
1460 604 1596 644 Christi,
1627 605 1844 646 periclitantis
1875 609 2004 649 quidem
2032 609 2064 640 in

1090 657 1211 689 magna
1234 653 1439 688 tempestate,
1461 649 1522 680 sed
1545 655 1654 680 tamen
1677 656 1840 681 servatae.

1179 812 1339 852 Pictura
1371 820 1555 854 motuum
1588 815 1628 854 in
1659 814 1975 868 Rebuspublicis.

1174 901 1211 933 ln
1238 905 1400 943 poematis
1431 911 1464 935 et
1492 906 1625 945 scriptis
1655 906 1810 936 oratoriis
1839 906 1936 937 etiam
1966 906 2066 946 impe-

1088 944 1210 976 riorum
1245 952 1277 977 et
1310 946 1637 988 Rerumpublicarum
1672 947 1819 989 pezicula
1853 947 2067 980 conseruntur

1090 997 1164 1018 cum
1186 989 1399 1030 navigatione
1422 990 1454 1020 in
1477 992 1569 1022 mari.
1615 991 1689 1026 Qua
1714 991 1754 1022 de
1779 1002 1814 1022 re
1842 993 1980 1032 praebet
2008 1002 2067 1023 no-

1091 1030 1139 1061 bis
1164 1032 1334 1063 materiam
1362 1034 1528 1074 cogitandi
1556 1034 1653 1065 etiam
1684 1034 1754 1065 dies
1784 1034 1981 1072 hodiernus,
2013 1034 2067 1076 qui

1089 1078 1140 1104 est
1163 1073 1234 1104 dies
1257 1074 1309 1106 28.
1333 1075 1485 1106 Ianuarii.

1174 1115 1233 1147 Est
1258 1119 1342 1148 enim
1365 1119 1504 1159 insignis
1528 1118 1582 1150 hic
1610 1120 1681 1151 dies
1710 1127 1814 1150 morte
1846 1119 2066 1151 celebratissi-

1088 1168 1214 1189 morum
1243 1160 1382 1192 duorum
1410 1161 1554 1204 Regum,
1584 1162 1695 1193 Caroli
1719 1162 1849 1204 Magni,
1879 1169 1911 1194 et
1934 1162 2066 1194 Ottonis

1087 1200 1197 1233 Tertii.
1243 1205 1324 1235 Sunt
1347 1211 1453 1235 autem
1478 1206 1555 1236 anni
1579 1206 1653 1236 200.
1682 1204 1735 1237 vel
1762 1204 1860 1246 paulo
1889 1205 1995 1237 minus
2020 1206 2066 1236 in-

1087 1250 1138 1275 ter
1160 1251 1298 1277 mortem
1323 1247 1504 1289 utriusque.
1550 1248 1634 1280 Nam
1658 1248 1769 1280 Caroli
1798 1247 1918 1279 familia
1948 1258 2066 1291 regna-

1087 1287 1133 1318 vit
1157 1289 1287 1319 circiter
1309 1299 1415 1320 annos
1442 1290 1512 1322 100.
1558 1291 1606 1323 lta
1629 1298 1661 1323 et
1685 1291 1818 1323 ilenrici
1841 1292 1991 1332 Aucupis
2020 1290 2066 1322 fa-

1086 1328 1192 1368 milia,
1222 1342 1309 1373 quae
1337 1331 1397 1363 fuit
1421 1334 1603 1373 Saxonica,
1633 1334 1703 1365 fere
1732 1345 1837 1365 annos
1865 1334 1935 1365 100.
1966 1334 2067 1365 tenuit

1087 1373 1267 1413 imperium.
1312 1374 1362 1406 Ex
1385 1375 1448 1408 hac
1471 1375 1592 1408 familia
1616 1377 1781 1409 Saxonica
1803 1377 1862 1408 luit
1887 1377 1966 1408 Otto
1988 1376 2066 1408 Ter-

1087 1416 1169 1454 tiuS,
1198 1418 1292 1448 cuius
1320 1420 1497 1451 autoritate
1526 1421 1725 1452 constitutus
1748 1428 1799 1451 est
1823 1421 1968 1452 Senatus
1991 1419 2066 1451 Ele-

1087 1464 1215 1490 ctorum
1238 1460 1270 1490 in
1294 1460 1488 1500 Germania,
1518 1462 1618 1503 paulo
1642 1469 1718 1494 ante
1742 1464 1811 1495 eius
1835 1469 1990 1501 mortem,
2018 1463 2066 1494 vi-

1086 1500 1205 1532 delicet
1228 1513 1315 1534 anno
1340 1502 1463 1536 Christi
1487 1506 1617 1537 circiter
1642 1506 1735 1537 1000.

1173 1544 1318 1577 Fuerunt
1346 1557 1388 1578 ex
1419 1547 1539 1579 familia
1563 1549 1730 1580 Saxonica
1761 1556 1828 1581 tres
1858 1548 1981 1580 laudati
2005 1548 2065 1580 lm-

1086 1593 1271 1627 peratores:
1307 1589 1473 1622 Hem-icus
1501 1592 1656 1633 AucepS,
1691 1592 1768 1624 Otto
1793 1592 1816 1622 1.
1847 1598 1880 1623 et
1910 1592 1988 1624 Otto
2012 1591 2065 1623 111.

1085 1629 1169 1661 Nam
1200 1631 1277 1662 Otto
1300 1631 1343 1667 11,
1384 1631 1454 1665 fere
1487 1634 1602 1665 similis
1636 1634 1697 1666 fuit
1730 1634 1929 1666 Domitiano.
1978 1635 2066 1667 Vixit

1086 1672 1211 1704 Romae
1235 1680 1265 1706 et
1289 1675 1400 1707 didicit
1422 1687 1531 1708 mores
1552 1677 1785 1716 Romanorum,
1809 1679 1895 1709 sicut
1913 1677 2065 1709 homines

1782 1721 1833 1752 Ac
1862 1721 1962 1751 credo
1986 1719 2065 1751 Dia-

1087 1757 1197 1789 bolum
1221 1760 1252 1789 in
1277 1760 1371 1792 malis
1395 1761 1573 1801 sodalitiis,
1590 1764 1694 1794 tetiam
1719 1763 1939 1795 mediocribus
1963 1763 2065 1794 homi-

1084 1802 1181 1832 nibus
1205 1800 1320 1834 afllare
1342 1814 1439 1836 suum
1462 1806 1564 1837 virus.
1610 1807 1692 1838 Nam
1720 1807 1871 1838 homines
1900 1817 1966 1838 non
1996 1813 2064 1837 tan-

1084 1849 1151 1875 tum
1176 1855 1428 1887 corrumpuntur
1447 1847 1541 1879 malis
1561 1849 1733 1889 exemplis,
1758 1856 1790 1881 et
1810 1850 2065 1882 conversatione

1083 1897 1203 1928 prava,
1233 1890 1293 1920 sed
1316 1891 1411 1921 etiam
1435 1890 1578 1923 Diabolo
1608 1891 1744 1925 afflante
1770 1904 1866 1925 suum
1890 1903 2062 1923 venenum.

1084 1930 1224 1966 Quando
1255 1933 1331 1964 boni
1362 1933 1532 1975 Principes
1563 1936 1735 1967 admittunt
1765 1936 1912 1967 homines
1945 1934 2061 1973 malos,

1084 1973 1137 2014 qui
1162 1982 1238 2006 sunt
1263 1987 1387 2017 organa
1407 1976 1551 2015 Diaboli,
1577 1986 1654 2010 tnnc
1675 1986 1939 2020 corrumpuntur,
1963 1988 2061 2019 quam

1057 2018 1059 2026 '
1084 2018 1134 2047 vis
1156 2024 1253 2049 antea
1279 2019 1397 2051 suerint
1422 2021 1509 2052 boni.

1170 2062 1226 2092 Sic
1251 2062 1329 2093 Otto
1354 2063 1530 2095 Secundus
1554 2064 1613 2095 snit
1639 2064 1762 2096 Romae
1785 2065 1869 2105 apud
1894 2062 1969 2094 illos
1993 2074 2060 2095 ma-

1083 2103 1136 2134 los
1158 2103 1327 2143 homines,
1361 2116 1445 2147 quos
1476 2106 1588 2138 maluit
1615 2108 1748 2145 imitari,
1784 2118 1878 2147 quam
1904 2108 2060 2146 optimum

1083 2153 1219 2188 patrem.
1262 2148 1381 2180 Habuit
1408 2150 1582 2191 coniugem
1606 2150 1780 2187 Graecam,
1804 2150 2058 2191 Theophaniam.

1391 2314 1453 2354 De
1495 2314 1647 2354 Ottone
1679 2315 1747 2354 Ill.

1168 2404 1272 2436 Natus
1311 2405 1409 2447 igitur
1449 2404 1506 2436 snit
1541 2407 1620 2435 (mo
1655 2405 1784 2436 Tertius
1821 2415 1860 2436 ex
1895 2406 2058 2448 sanguine

1081 2446 1212 2479 Graeco
1235 2453 1267 2478 et
1287 2448 1495 2480 Germanico.
1532 2448 1599 2479 Fnit
1626 2448 1705 2478 tanti
1729 2449 1890 2479 acuminis
1913 2455 1944 2480 et
1969 2448 2056 2480 cele-

51 2485 217 2527 significat
241 2486 441 2527 Prophetas,
472 2487 528 2528 qui
557 2493 634 2518 ante
656 2486 822 2520 Christum
852 2495 963 2521 natum
987 2490 1028 2522 de
1054 2489 1057 2518 Ι
1080 2490 1184 2521 ritatis
1203 2491 1334 2532 ingenii,
1357 2497 1391 2522 ut
1407 2492 1581 2528 diceretur,
1606 2491 1779 2522 Mirabilia
1796 2492 1913 2523 mundi.
1953 2491 2056 2523 Mers-

53 2537 94 2560 eo
122 2530 289 2560 vaticinati
318 2536 412 2567 sunt,
444 2535 476 2560 et
510 2530 696 2561 testimonio
726 2539 788 2562 suo
817 2541 880 2562 nos
910 2532 1028 2564 confir·
1054 2543 1057 2578 ,γ’
1079 2533 1175 2576 purgi
1204 2534 1270 2565 vidi
1298 2533 1416 2565 librum
1443 2533 1610 2564 cuiusdam
1641 2533 1797 2574 Episcopi
1820 2533 2055 2576 Merspurgen-

52 2577 152 2603 nant.
196 2571 312 2613 Neque
335 2581 416 2604 vero
439 2573 534 2604 deest
557 2573 662 2604 victus
686 2573 765 2614 piis,
787 2575 918 2606 tametsi
940 2575 1027 2617 impii
1053 2590 1056 2606 ι
1080 2576 1138 2613 sis,
1161 2577 1216 2618 qui
1239 2575 1299 2609 suit
1322 2578 1354 2608 in
1375 2576 1451 2608 aula
1475 2576 1607 2608 Ottonis
1630 2576 1740 2615 Tertii,
1763 2577 1799 2608 ln
1823 2587 1861 2609 eo
1885 2577 1970 2610 libro
1993 2579 2054 2610 ait:
