2324 2958
163 176 228 210 835
798 173 908 208 PHlL.
931 173 1034 207 MEL.
1056 174 1241 208 SCRIPTA
1261 174 1523 208 EXEGE'HCA.
2094 179 2158 212 836

165 270 198 301 id
222 274 285 307 est,
302 265 485 309 spiritualia
507 272 540 298 et
563 265 750 309 corporalia
771 268 869 300 bona.
914 267 982 300 Sed
1004 268 1059 300 hic
1080 269 1136 300 ob·
1187 269 1280 300 verbi
1306 268 1370 306 tui,
1399 276 1434 300 ut
1463 269 1506 300 sit
1534 270 1618 301 inter
1645 279 1708 301 nos
1730 279 1812 312 pura
1835 276 1867 302 et
1889 271 2078 312 incorrupta
2101 272 2158 304 do·

165 311 366 343 servandum
389 315 459 347 est,
482 309 569 352 quod
594 309 733 341 loannes
757 310 851 342 dicit:
880 310 1052 341 Petendum
1074 320 1138 340 esse
1189 312 1294 342 ctrina
1317 311 1358 342 de
1379 310 1464 343 Deo.
1510 311 1588 343 Vult
1608 310 1759 344 Christus
1779 322 1840 344 nos
1857 313 1997 355 primum
2016 315 2158 346 omnium

164 353 329 385 necandum
346 352 532 382 voluntatem
551 353 624 382 eius.
667 351 778 385 Docet
796 354 880 385 enim
899 354 1042 395 petenda
1061 362 1138 386 esse
1162 383 1164 392 ,
1188 359 1312 395 petere,
1329 360 1363 385 ut
1381 353 1474 386 Deus
1497 355 1682 386 innotescat
1704 355 1814 387 nobis:
1837 357 1924 397 quia,
1944 356 2053 396 Ignoti
2074 357 2159 387 nulla

167 396 383 438 congruentia
407 405 481 426 cum
504 395 666 426 mandatis
688 394 762 427 Dei.
1161 393 1164 427 Ι
1189 396 1316 435 cupido.
1362 396 1466 428 Nemo
1496 398 1585 428 timet
1607 403 1663 429 aut
1687 403 1774 429 amat
1796 408 1865 429 rem
1884 400 2036 440 ignotam.
2081 399 2158 431 ldeo

250 438 300 469 Tu
323 447 389 469 non
412 438 515 468 debes
537 448 557 468 a
579 437 652 469 Deo
673 444 802 479 petere,
830 444 865 470 ut
888 437 1028 479 aliquem
1051 437 1138 468 occi·
1161 429 1165 498 ι
1188 439 1220 469 in
1245 439 1348 479 primo
1370 446 1548 480 praecepto
1572 440 1680 471 statim
1706 441 1900 481 praecipitur
1922 442 2064 483 agnitio:
2087 441 2158 481 1390

166 482 237 519 dat,
265 490 361 522 quem
389 480 511 512 iniuste
538 480 646 511 odisti.
690 480 764 512 Non
793 481 896 512 debes
919 480 1025 512 Deum
1048 480 1138 511 mini-
1162 501 1164 520 7
1189 492 1252 510 sum
1274 481 1360 510 Deus
1382 485 1465 517 tuus3
1488 482 1560 512 Non
1578 482 1702 512 habebis
1721 482 1808 513 Deos
1824 483 1951 513 alienos.
1997 483 2158 516 Convenit

165 530 268 555 strum
299 522 410 554 lacere
441 522 487 554 tui
520 521 642 554 furoris
677 529 707 554 et
735 524 939 565 cupiditatis3
962 529 995 553 et
1028 528 1136 553 tamen
1162 521 1164 555 ἒ
1188 523 1284 565 igitur
1306 524 1408 564 prima
1427 526 1536 566 petitio
1561 536 1633 556 cum
1657 532 1835 566 ptaecepto
1858 527 1973 566 primo.

165 565 342 598 multorum
363 575 483 606 preces
502 571 579 597 suut
603 566 778 604 eiusmodi,
801 567 889 607 quod
911 565 1059 596 homines
1083 575 1137 606 pe·
1161 563 1165 624 Ι
1275 565 1429 597 Adveniet
1457 578 1581 607 reynum
1609 572 1718 607 τιιιιηιε]
1770 569 1979 609 Agnitionem
2010 571 2159 611 sequitur

166 614 254 646 tunt,
276 614 311 640 ut
332 607 425 640 Deus
448 607 505 639 fiat
527 608 673 640 minister
694 609 916 650 cupiditatum,
932 609 1051 649 quibus
1075 607 1137 648 ipsi
1189 609 1395 650 gubernatio.
1447 609 1540 652 Rege
1570 617 1602 642 tu
1632 621 1694 642 nos
1724 611 1756 642 in
1786 610 1849 642 hac
1873 612 1937 643 vita
1962 618 1993 643 et
2016 613 2049 643 in
2071 613 2160 644 omni

165 650 327 683 laborant.
379 651 448 682 Sed
477 651 642 682 discamus
670 657 782 692 petere
809 661 829 682 a
852 650 925 682 Deo
947 649 1024 688 illa,
1053 659 1136 691 quae
1188 652 1392 683 aeternitate.

166 704 232 725 non
255 699 332 725 sunt
355 700 471 724 contra
493 693 681 725 mandatum
703 694 785 725 eius.
830 693 885 730 Ut,
906 692 974 724 hoc
997 703 1060 724 non
1085 699 1137 723 est
1275 693 1355 724 Post
1388 695 1660 736 gubernationem
1694 699 1843 737 sequitur
1874 696 1971 727 etiam
1992 697 2080 728 actio
2102 707 2159 728 uo-

166 742 283 769 contra
305 735 507 768 voluntatem
531 735 604 774 Dei,
628 736 761 777 quando
783 734 900 777 aliquis
924 741 1087 777 aegrotat,
1105 741 1137 767 et
1189 743 1276 767 stra:
1311 737 1385 766 Fiat
1420 737 1559 767 voluntas
1588 742 1659 777 tua]
1691 739 1722 769 id
1757 745 1824 776 est,
1853 738 1932 770 fiant
1967 740 2160 771 vocationes

165 780 247 820 petit
275 779 499 810 sanationem:
527 779 603 820 quia
631 778 723 810 Deus
753 777 823 809 vult
851 779 996 809 invocari
1026 779 1057 808 in
1080 776 1137 809 tali
1189 786 1281 810 tuae:
1321 779 1386 809 Las
1415 780 1504 809 deine
1535 782 1713 810 vocationes
1742 781 1847 819 slehen.
1898 781 1964 812 Fac
1987 789 2021 812 ut
2045 792 2160 813 omnes

169 823 380 853 necessitate.
426 820 504 852 Vult
526 822 681 863 agnosci,
704 821 791 862 quod
814 821 886 862 ipse
908 821 950 851 sit
973 827 1068 852 autor
1091 821 1137 851 vi·
1189 822 1220 853 in
1244 820 1429 859 functione,
1462 823 1592 863 inquam
1626 824 1687 854 abs
1721 830 1753 854 te
1788 823 1941 854 collocati
1977 831 2070 862 suut,
2103 825 2160 855 tibi

167 871 238 902 tae,
261 865 337 896 item
361 864 449 906 quod
479 863 558 895 velit
586 863 716 905 aliquos
739 864 868 901 vivere,
898 863 952 904 qui
983 864 1136 901 doceant,
1190 865 1426 904 obtemperent.
1490 864 1593 896 Recte
1627 865 1669 895 sit
1702 867 1912 897 constitutum
1948 867 2160 899 ministerium

167 908 221 949 qui
251 907 398 939 serviant
425 905 599 939 Ecclesiae
628 913 661 937 et
688 905 918 948 Reipublicae,
949 907 1001 947 qui
1031 905 1137 937 Deum
1190 905 1436 948 Evangelicum,
1459 907 1626 938 Doctores
1650 915 1740 939 recta
1764 909 1915 946 doceant,
1939 915 1970 939 et
1994 909 2059 940 sint
2082 920 2160 941 con-

168 949 352 988 celebrent,
388 949 473 981 sicut
501 950 660 991 seriptum
689 955 756 980 est:
789 949 861 979 Non
890 950 1003 978 mortui
1031 947 1137 977 Iamla-
1191 950 1328 986 cordes,
1364 950 1527 981 coniuncti
1561 949 1792 981 benevolentia
1823 959 1852 981 et
1883 953 2030 983 veritate.
2086 951 2159 982 Non

166 992 239 1023 bunt
261 996 291 1022 te
314 992 462 1028 Domine:
491 992 524 1023 id
548 997 617 1030 est,
645 998 679 1023 tu
707 992 757 1022 vis
780 990 909 1033 aliquos
932 991 1060 1029 vivere,
1084 991 1138 1032 qui
1191 991 1276 1023 alius
1310 990 1445 1024 alterius
1480 992 1555 1023 odio
1597 999 1726 1024 moveat
1764 999 1820 1024 aut
1854 993 2007 1024 defendat
2040 993 2162 1026 falsum

166 1040 285 1067 sonent
308 1044 424 1066 vocem
447 1040 533 1066 tuam
556 1040 588 1066 et
609 1035 754 1066 serviant
775 1033 961 1066 Ecclesiae.
1191 1035 1321 1076 dogma.
1371 1034 1438 1065 Fac
1466 1041 1499 1066 ut
1523 1042 1704 1075 potestates
1727 1045 1787 1067 seu
1809 1035 2019 1077 magistratus
2041 1035 2163 1067 faciant

251 1078 308 1110 Sic
337 1077 369 1109 in
398 1083 592 1118 paupertate
617 1075 689 1108 vult
710 1076 804 1108 Deus
827 1083 859 1108 te
888 1084 1001 1118 petere
1023 1086 1138 1107 neces·
1191 1076 1333 1109 officium
1356 1087 1467 1117 suum,
1490 1078 1574 1108 sicut
1598 1078 1771 1109 mandasti.

167 1121 255 1153 saria
291 1121 334 1152 ad
373 1120 469 1151 huius
508 1120 595 1151 vitae
633 1120 923 1151 sustentationem:
959 1119 1035 1161 quia
1070 1118 1137 1149 vult
1277 1120 1350 1150 Non
1375 1119 1483 1150 valeat
1507 1119 1687 1158 Diabolus,
1712 1121 1766 1162 qui
1790 1119 1858 1152 vult
1882 1126 2033 1152 evertere
2056 1120 2164 1152 studia

167 1163 318 1205 agnosci,
336 1163 426 1205 quod
448 1163 520 1204 ipse
542 1163 584 1193 sit
607 1162 703 1193 dator
725 1161 835 1193 talium
859 1163 1033 1199 bonorum,
1050 1162 1138 1203 quod
1191 1169 1222 1194 et
1245 1161 1449 1199 Ecclesiam,
1479 1164 1532 1204 qui
1558 1162 1627 1194 vult
1650 1162 1761 1194 facere
1783 1161 1997 1194 confusiones
2020 1163 2164 1194 infinitas

167 1212 257 1239 curet
280 1211 322 1237 te.
368 1204 428 1236 Est
450 1215 552 1247 grave
575 1214 658 1236 onus
681 1211 875 1245 paupertaS,
899 1206 958 1236 sed
983 1205 1036 1246 qui
1060 1205 1138 1245 petit
1191 1206 1222 1236 in
1247 1205 1485 1246 gubernatione
1508 1204 1641 1245 politica
1664 1213 1695 1236 et
1719 1207 1911 1237 domestica:
1941 1206 1994 1247 qui
2024 1204 2094 1237 mlt
2117 1206 2163 1237 di-

166 1259 187 1280 a
208 1248 282 1279 Deo
305 1258 412 1289 opem,
434 1248 620 1289 experietur
643 1258 708 1279 non
731 1257 808 1278 esse
831 1248 953 1278 irritam
975 1247 1138 1288 precatio·
1190 1247 1312 1278 vellere
1346 1248 1472 1278 animos
1507 1249 1699 1290 coniugum,
1735 1255 1905 1289 pareutum
1937 1256 1967 1279 et
2002 1255 2162 1279 natorum.

167 1301 256 1322 nem:
286 1289 379 1322 Sicut
402 1290 535 1322 dicitur:
568 1290 660 1319 lacta
689 1300 791 1319 curam
822 1294 903 1319 tuum
931 1291 962 1318 ἰη
988 1289 1137 1319 Domino:
1190 1290 1280 1322 llaec
1304 1290 1447 1332 ingentia
1470 1290 1556 1321 mala
1579 1291 1730 1331 prohibe,
1753 1291 1793 1321 Ut
1816 1291 1957 1322 voluutas
1981 1294 2033 1320 lua
2051 1292 2108 1329 fiat
2130 1293 2162 1319 t'n

167 1335 234 1372 ipse
259 1337 290 1363 ee
318 1333 512 1362 sustentabit.
557 1332 651 1363 Item:
684 1332 753 1362 Scit
780 1332 878 1362 Pater
908 1336 1020 1366 vester,
1053 1332 1137 1371 quod
1191 1337 1284 1366 terra,
1307 1335 1386 1362 sieut
1409 1334 1440 1361 ἰιι
1464 1333 1566 1361 coelo:
1590 1334 1622 1364 id
1647 1339 1714 1371 est,
1737 1335 1823 1364 sicut
1846 1335 2040 1375 angelorum
2065 1343 2163 1364 voca-

166 1376 215 1405 lu‘s
237 1375 374 1405 omnibns
396 1385 474 1414 opus
496 1375 648 1406 habeatis.
1191 1376 1297 1406 tiones
1327 1375 1384 1405 tibi
1413 1376 1562 1406 serw'unt
1592 1376 1663 1406 sine
1693 1377 1896 1413 turbatione,
1927 1376 1977 1407 sic
2000 1376 2083 1406 inter
2104 1374 2162 1406 ho-

251 1418 335 1450 Sunt
363 1424 471 1450 autem
500 1428 556 1449 res
586 1418 749 1459 petendae
777 1427 892 1449 omnes
915 1416 1137 1459 pulcherrimo
1190 1418 1294 1449 mines
1319 1417 1530 1458 perficiantur
1552 1418 1746 1449 vocationes
1764 1419 1835 1449 sine
1852 1418 2049 1450 turbatione.
2084 1417 2163 1449 ltem

166 1461 280 1493 ordine
303 1460 563 1502 comprehensae
590 1461 623 1491 in
647 1460 797 1492 oratione
820 1460 1006 1491 Dominica:
1040 1459 1138 1489 Pater
1191 1459 1298 1502 angeli
1323 1461 1553 1500 obtemperant
1577 1466 1696 1501 sponte
1721 1467 1751 1492 et
1774 1461 2019 1502 promptissimo
2043 1461 2164 1498 studio,

165 1508 284 1538 noster,
308 1509 370 1535 etc.
417 1503 528 1539 Quare
556 1503 708 1535 nominas
735 1502 881 1532 Patrem?
925 1502 1138 1543 Respondeo.
1190 1504 1238 1534 sic
1271 1504 1368 1534 etiam
1396 1513 1474 1535 vera
1502 1501 1657 1535 Ecclesia
1687 1504 1902 1545 obtemperet.
1952 1503 2018 1534 lmo
2042 1503 2073 1534 in
2094 1509 2164 1534 toto

166 1547 273 1578 Patris
307 1545 485 1588 appellatio
519 1545 721 1588 intelligatur
752 1545 807 1579 hic
842 1545 1064 1577 essentialiter
1097 1545 1138 1576 de
1190 1556 1313 1588 genere
1344 1546 1486 1578 humano
1516 1545 1589 1584 fiat,
1623 1546 1711 1588 quod
1740 1552 1775 1577 tu
1805 1547 1871 1584 vis,
1907 1546 1994 1588 quod
2017 1552 2051 1577 tu
2074 1546 2164 1577 insti-

166 1595 234 1621 tota
258 1590 441 1621 divinitate:
474 1588 546 1620 Etsi
570 1599 631 1619 suo
654 1589 753 1620 modo
776 1594 866 1619 recte
889 1587 1004 1620 referri
1027 1594 1139 1630 potest
1187 1590 1288 1621 tuisti.

165 1633 261 1664 etiam
284 1633 325 1664 ad
348 1633 484 1674 primam
506 1641 682 1673 personam
705 1631 894 1669 divinitatis.
910 1632 996 1663 sicut
1014 1631 1137 1672 passim
1278 1632 1324 1663 lta
1357 1630 1494 1672 pulchre
1534 1631 1617 1663 haec
1651 1641 1688 1663 se
1720 1631 1860 1663 invicem
1895 1637 2163 1672 consequuntur·-

166 1674 317 1707 Christus
340 1681 506 1716 tamquam
524 1674 686 1706 Mediator
709 1673 885 1715 compellat
905 1674 1045 1705 Patrem.
1092 1673 1138 1705 lta
1189 1676 1312 1716 agnitio
1336 1681 1368 1706 et
1391 1675 1585 1717 gubernatio
1609 1675 1729 1712 divina,
1750 1680 1781 1706 et
1800 1675 1930 1705 vocatio
1949 1684 2009 1705 seu
2026 1673 2162 1705 functio.

167 1726 199 1749 tu
227 1717 408 1760 alloqueris
437 1717 569 1749 Patrem
597 1717 731 1749 Domini
763 1718 868 1748 nostri
898 1717 972 1749 lesu
1002 1717 1137 1755 Christi,
1191 1717 1333 1749 Primum
1373 1724 1502 1759 oportet
1541 1727 1602 1749 nos
1638 1717 1743 1748 Deum
1776 1727 1974 1758 agnoscere.
2041 1716 2163 1747 Postea

166 1761 219 1802 qui
250 1762 347 1792 etiam
375 1767 450 1791 tuus
478 1767 574 1802 pater
602 1766 655 1791 est
681 1766 818 1802 propter
848 1759 963 1791 Filium
990 1761 1136 1791 missum.
1190 1771 1275 1802 opus
1299 1767 1347 1792 est
1372 1761 1468 1792 nobis
1492 1760 1729 1802 gubernatione
1752 1759 1874 1797 divina,
1891 1766 1921 1790 et
1946 1766 2012 1790 tum
2032 1765 2163 1800 oportet

166 1804 229 1835 Sed
253 1810 287 1835 tu
311 1814 348 1835 es
371 1802 458 1834 filius
481 1803 675 1844 adoptione:
699 1803 850 1834 Christus
874 1810 924 1835 est
950 1809 1065 1834 natura
1088 1803 1136 1834 Fi-
1191 1814 1252 1835 nos
1284 1804 1378 1834 etiam
1410 1803 1437 1834 ei
1467 1803 1592 1835 servire
1623 1803 1654 1833 in
1685 1801 1869 1840 functione,
1905 1802 1995 1833 iuxta
2024 1802 2161 1833 dictum:

167 1845 238 1877 lius.
295 1846 371 1877 ldeo
403 1845 634 1887 complecteris
665 1845 718 1878 hic
748 1845 843 1877 simul
873 1846 1137 1887 promissionem.
1190 1846 1340 1876 Subditus
1363 1850 1428 1875 esto
1452 1846 1529 1875 Deo.
1566 1845 1656 1883 ltcm,
1676 1845 1859 1875 Conmendo
1880 1845 1948 1874 Deo
1967 1846 2046 1874 ciam
2068 1849 2160 1874 tunm.

165 1890 251 1930 quod
277 1888 353 1920 velit
378 1899 440 1919 nos
463 1888 556 1920 Deus
579 1889 726 1930 recipere
748 1895 882 1930 propter
901 1887 1030 1927 Filium,
1049 1889 1135 1920 iuxta
1190 1894 1218 1919 ct
1242 1891 1309 1928 Ipse
1328 1889 1437 1926 fam'et.

166 1933 301 1964 dictum:
324 1933 433 1961 Sumus
456 1931 566 1961 dilecti
586 1933 617 1960 in
641 1932 766 1961 dilecto.
1275 1932 1343 1963 Sed
1366 1939 1400 1963 ut
1423 1932 1606 1963 serviamus
1630 1931 1804 1968 vocationi,
1821 1941 1904 1971 opus
1924 1930 2083 1962 habemus
2106 1930 2161 1962 ad-

250 1974 388 2011 Quoties
418 1975 534 2015 incipis
557 1975 795 2015 precationem,
819 1976 920 2005 debes
944 1975 1134 2006 discernere
1191 1973 1352 2006 miniculis
1387 1984 1494 2005 rerum
1529 1980 1747 2005 externarum.
1812 1973 1916 2004 llomo
1951 1984 2016 2005 non
2050 1979 2161 2014 potest

167 2027 279 2049 verum
308 2016 414 2048 Deum
438 2027 457 2047 a
481 2017 716 2048 commenticiis
746 2018 949 2056 numinibus,
980 2024 1012 2049 et
1041 2016 1136 2049 simul
1190 2027 1267 2049 esse
1289 2018 1362 2048 sine
1388 2024 1550 2058 tempore,
1585 2015 1677 2054 loco,
1712 2019 1818 2054 victu,
1853 2015 2016 2057 hospitio,
2050 2015 2161 2047 delen-

166 2061 311 2102 cogitnre
335 2061 596 2101 promissionem.
1189 2062 1294 2092 sione.
1344 2060 1417 2091 Non
1442 2067 1515 2090 suut
1541 2059 1712 2091 faciendae
1736 2058 1811 2090 illae
1833 2058 2060 2100 phantasticae
2083 2059 2160 2090 ima-

252 2104 313 2138 Ωιι·
335 2113 367 2132 es
388 2104 421 2132 in
444 2102 560 2140 roem!
607 2102 720 2134 Monet
748 2113 809 2134 nos
839 2103 880 2134 de
903 2103 1136 2144 omnipotentia
1189 2104 1391 2144 ginationes,
1419 2104 1537 2144 quibus
1568 2103 1664 2134 ctiam
1689 2113 1729 2134 ex
1760 2103 1926 2133 veteribus
1950 2103 2080 2144 quidam
2104 2112 2161 2143 op—

167 2144 244 2181 l)ei;
273 2147 357 2177 sicut
389 2146 419 2176 in
451 2144 592 2176 Psalmis
621 2152 653 2176 et
681 2146 769 2187 apud
800 2145 983 2187 Prophetas
1013 2146 1135 2186 passim
1189 2147 1297 2187 cupati
1320 2146 1462 2183 fuerunt,
1477 2157 1549 2177 cum
1570 2146 1729 2183 scribunt,
1748 2145 1836 2175 homo
1854 2147 1895 2175 51'1
1914 2144 2031 2183 ἄπολις,
2050 2143 2159 2180 ἄθυτος·

164 2187 288 2220 similes
312 2189 554 2229 descriptiones
578 2194 720 2219 exstant.
774 2188 859 2217 Deus
882 2193 985 2218 noster
1013 2191 1045 2218 in
1069 2199 1135 2217 ror·
1190 2189 1279 2220 llaec
1310 2196 1383 2219 sunt
1416 2188 1635 2230 phantastica.
1681 2190 1819 2230 Oportet
1844 2188 2005 2219 hominem
2029 2197 2105 2219 esse
2128 2188 2159 2218 in

165 2231 220 2263 liu
249 2233 350 2261 omnia
383 2241 578 2271 quaerunque
608 2230 720 2263 uoluit.
751 2232 838 2269 ferie.
885 2230 977 2262 ltem:
1013 2231 1135 2261 sorsum
1189 2233 1305 2270 domo,
1333 2242 1436 2273 pago,
1467 2233 1652 2273 ubicunque
1683 2232 1735 2262 sit.
1787 2231 1953 2271 l‘uerpera
1981 2231 2046 2262 indi
2073 2230 2159 2261 etin

165 2274 317 2303 melorum
342 2274 482 2304 Domini:
507 2285 572 2305 non
597 2274 684 2315 quod
708 2273 785 2305 alibi
809 2285 873 2306 non
898 2275 937 2305 sit
963 2277 1025 2312 (est
1051 2275 1133 2305 enim
1188 2282 1282 2315 partu
1313 2274 1424 2305 nidulo
1454 2274 1584 2316 aliquo,
1614 2275 1669 2306 ubi
1700 2275 1823 2315 pariat,
1853 2275 1907 2305 ubi
1939 2273 2048 2304 valetu
2074 2274 2159 2304 inem

165 2317 320 2359 ubique).
350 2318 410 2349 sed
434 2318 510 2358 quia
533 2318 564 2348 in
588 2315 691 2349 coelis
716 2318 870 2348 maiestas
893 2319 964 2349 eius
988 2317 1018 2347 in
1043 2317 1134 2348 clara
1188 2324 1291 2349 curet.
1339 2317 1428 2349 llaec
1452 2319 1605 2349 divinitus
1629 2318 1672 2348 ita
1695 2324 1771 2349 sunt
1796 2317 1957 2348 ordinata.
2002 2315 2078 2347 ldeo
2102 2316 2159 2347 do-

165 2358 238 2391 luce
262 2359 401 2401 refulget
424 2361 454 2391 in
479 2367 661 2401 conspectu
685 2359 876 2401 augelorum
901 2366 932 2391 et
957 2359 1132 2391 electorum
1188 2368 1237 2390 vct
1274 2371 1335 2391 uos
1370 2359 1522 2392 Christus
1561 2367 1671 2402 petere
1710 2370 1826 2402 panem
1867 2366 2015 2391 nostrum
2054 2359 2158 2401 quoti-

165 2402 346 2440 hominum,
371 2404 488 2444 quihus
511 2414 547 2434 sc
570 2403 614 2434 ihi
639 2404 856 2435 communicat
879 2403 1078 2439 immediate,
1103 2410 1132 2433 et
1186 2404 1326 2434 dianum.

165 2452 213 2475 est
239 2446 345 2476 omnia
368 2447 398 2476 in
422 2447 584 2477 omnibus.

251 2490 465 2527 Sourtifirrtnr
489 2500 592 2518 nomen
616 2492 729 2527 omnnl
777 2489 860 2524 Quid
891 2489 1053 2531 significat
1084 2499 1134 2517 tto-

165 2531 252 2562 men?
297 2530 501 2572 Responde-o.
548 2532 661 2561 Nonum
685 2538 735 2563 cst
759 2532 856 2569 idem,
879 2532 965 2574 quod
990 2532 1133 2571 cognitio

166 2583 225 2605 seu
248 2574 371 2604 notitia.
418 2573 488 2605 lloc
512 2585 593 2614 ergo
615 2575 713 2616 petis:
743 2574 794 2606 Da
817 2575 913 2606 nobis
936 2575 1133 2615 agnitionem

167 2626 224 2647 seu
256 2616 400 2647 notitiam
432 2617 476 2648 tui
506 2628 632 2649 veram:
664 2617 761 2656 hem,
791 2628 903 2649 verum
934 2616 1133 2649 intellectum

1273 2447 1442 2487 Significat
1474 2453 1583 2477 autem
1615 2446 1729 2476 Panis.
1760 2446 1867 2477 omniu
1892 2446 1978 2476 bona
2003 2454 2157 2485 corpora-

1188 2488 1248 2523 liuz
1271 2500 1404 2529 pacem.
1429 2491 1569 2526 victum,
1593 2488 1787 2530 hospitium,
1816 2487 1977 2529 pluviam,
2004 2497 2158 2521 messem,

1189 2533 1305 2562 honam
1339 2531 1572 2563 valetudinem.
1603 2533 1800 2563 mediocrem
1830 2538 1951 2562 statum
1980 2530 2157 2572 regiminis.

1187 2575 1396 2607 Qm›e1'cle'mms
1419 2575 1549 2605 (Graece
1572 2575 1701 2605 dicitur:
1727 2575 1894 2610 ἐπιούσιος.
1918 2573 2004 2615 quod
2024 2583 2090 2604 non
2112 2573 2157 2604 di-

1187 2618 1269 2649 citur
1292 2617 1344 2649 hic
1369 2619 1409 2649 dc
1433 2616 1591 2659 spirituali
1615 2628 1717 2659 pane.
1746 2618 1831 2649 sicut
1859 2615 1960 2659 aliqui
1990 2622 2157 2648 verterunt
