2324 2958
89 156 151 188 113
772 152 990 185 PosTlLLA
1012 152 1411 185 MELANTHOMANA.
2031 159 2042 189 l
2053 159 2091 189 14

87 251 221 283 aonitae
243 250 276 281 in
298 248 383 280 Deo.
406 247 569 289 Epicurus
588 256 655 277 non
679 247 790 278 tribuit
813 246 952 288 gloriam
975 246 1062 285 Deo,
1116 253 1148 278 et
1183 248 1346 278 donantur
1375 248 1470 278 uobis
1506 258 1571 288 pam
1596 255 1628 280 et
1652 248 1775 280 laetitia
1798 261 1857 291 per
1882 250 1967 282 hurc
1988 251 2089 284 filium

89 277 166 325 di’cit
183 292 290 325 Deum
312 289 393 323 nihil
416 300 503 322 esse.
549 288 630 321 saul
653 299 842 330 quanquam
860 290 982 321 iudicat
1005 287 1062 320 ali-
1115 295 1227 321 natum
1260 300 1302 321 ex
1325 288 1430 320 Maria
1454 290 1601 333 Virgine,
1638 302 1723 333 quae
1747 294 1808 324 etsi
1831 294 2091 326 interturbamur

89 337 166 379 quid
199 345 277 368 esse
305 333 425 372 Deum,
458 339 566 365 tamen
599 343 666 363 non
700 332 811 363 tribuit
845 332 875 362 ei
909 331 1061 373 gloriam,
1115 333 1148 363 in
1170 331 1233 364 hac
1257 333 1324 363 vita
1346 332 1446 364 variis
1466 335 1715 372 tentationibus,
1749 337 1908 367 tamenin
1931 336 2001 375 his,
2036 339 2090 379 qui

111 380 165 411 uia
187 379 286 410 sentit
303 387 377 409 eum
401 386 478 408 esse
502 373 678 407 crudelem.
743 374 789 406 At
816 373 927 405 David
949 375 1062 406 tribuit
1115 375 1254 407 retinent
1277 375 1386 413 fldem,
1411 378 1724 408 consummabuntur
1746 379 1778 409 in
1801 385 1869 409 tota
1887 381 2090 418 aeternitate,

122 432 162 453 eo
195 420 344 464 gloriam,
378 419 510 462 quando
544 427 726 460 resurgens
760 427 801 448 ex
824 416 922 458 lapsu
944 427 1061 458 appre·
1115 419 1169 449 ubi
1203 417 1345 460 hymnus
1376 418 1439 449 iste
1471 419 1598 463 iptegre
1622 430 1661 450 ac
1685 420 1831 459 perfecte
1861 421 2089 463 complebitur.

86 464 199 496 hendit
222 463 478 495 misericordiam
500 461 698 503 promissam
721 461 753 491 in
776 458 855 491 filio.
1115 461 1267 492 Percurri
1289 461 1468 502 praecipua
1490 463 1635 493 membra
1658 461 1829 495 historiae:
1859 464 1955 497 Nunc
1978 466 2090 497 adiun-

173 507 210 539 Si
231 517 298 538 non
332 511 421 537 esset
443 505 563 536 tradita
585 503 762 545 promissio
797 504 838 535 de
861 501 1006 540 Christo,
1029 509 1062 534 et
1115 514 1190 545 gam
1213 504 1301 535 dicta
1325 513 1487 544 expressa
1510 505 1631 536 veteris
1655 504 1851 537 Testamenti
1875 508 1915 539 de
1934 509 2090 540 missione

87 550 268 582 secundum
300 548 387 580 hanc
420 547 672 590 promissionem
706 544 859 577 Christus
883 545 1060 584 exhibitus,
1114 545 1169 577 tilii
1187 546 1262 578 Dei.

86 602 152 624 non
173 598 289 633 posset
311 592 409 623 tribui
431 590 504 622 Deo
528 588 645 631 gloria.
948 631 955 638 .

170 634 239 667 lam
263 635 457 676 cogitemus,
481 642 579 705 {luam
601 631 700 673 pauci
722 632 804 670 sint,
837 631 894 673 qui
915 631 1061 662 tribuant

86 677 160 710 Deo
180 687 294 709 veram
317 676 468 719 gloriam,
515 685 556 706 oc
570 681 632 713 est,
655 675 709 716 qui
727 675 870 705 tribuant
893 674 923 705 ei
946 683 1059 705 omnes
1186 712 1193 719 η
1476 713 1483 719 .

86 722 237 758 virtutes,
262 721 350 762 quod
371 720 414 751 sit
438 720 543 750 iustus
566 716 598 748 in
621 718 799 758 puniendo,
823 723 855 748 et
865 717 1060 748 misericors
1143 712 1262 752 Dleta
1294 713 1534 768 Prophetlca
1566 713 1617 752 de
1650 713 1798 754 EJeSSia
1835 715 2057 769 insigniora.

85 765 118 796 in
137 763 337 804 recipiendo,
361 768 393 794 et
414 761 546 804 quidem
567 770 668 802 perae
691 766 826 802 propter
838 759 926 791 hunc
949 758 1060 798 filium,

86 817 182 849 quem
215 812 304 837 amat
335 811 442 847 pater,
472 809 505 835 et
537 809 675 845 propter
697 813 793 845 quem
817 801 888 834 vult
910 811 973 833 nos
995 800 1060 833 sal-
1199 802 1323 834 Omnes
1353 809 1385 834 et
1419 801 1539 845 singuli
1562 813 1643 835 vera
1666 805 1846 845 gratiarum
1869 807 1997 838 actione
2032 808 2088 839 de-

85 860 174 881 vare,
1114 846 1507 888 hemus'magnitudinem
1531 847 1626 877 istius
1651 848 1760 887 operis
1784 849 1912 887 intueri,
1935 855 1967 880 et
1990 850 2087 881 simul

170 891 293 923 Postea
311 894 433 922 canunt
470 890 511 921 Et
534 893 568 921 in
590 893 682 920 terra
702 898 782 928 pa-r3
817 887 998 929 loquuntur
1020 888 1061 918 de
1114 889 1237 930 gratias
1260 898 1360 930 agere
1383 899 1444 930 pro
1468 890 1619 921 omnibus
1637 890 1806 922 beneficiis
1830 890 1887 923 filii
1910 891 1991 930 Dei,
2027 903 2087 933 pro

86 942 169 974 pace
201 938 314 964 mutua
347 934 431 964 inter
453 931 559 963 Deum
578 938 610 962 et
629 931 796 969 homines,
831 940 891 962 seu
914 931 955 962 de
977 939 1061 971 pace
1115 929 1323 970 collectione,
1358 933 1607 974 gubernatione,
1643 938 1674 964 et
1698 932 1883 966 salvatione
1905 934 2087 967 Ecclesiae.

88 976 322 1014 conscientiae,
343 973 510 1013 videlicet,
533 975 622 1016 quod
640 975 703 1005 iam
715 973 808 1005 Deus
827 971 1060 1005 reconciliatus
1113 976 1191 1006 Item
1213 980 1339 1015 petere,
1362 981 1397 1005 ut
1421 975 1508 1006 adsit
1530 976 1626 1006 nobis
1650 974 1737 1007 filius
1748 975 1824 1014 Dei,
1848 984 1942 1019 regat
1966 984 1998 1009 et
2022 977 2087 1010 sal·

86 1025 138 1050 est
159 1018 359 1057 hominibuS,
381 1024 413 1049 et
435 1017 584 1050 homines
613 1017 778 1058 accipiunt
806 1015 893 1047 hanc
914 1016 1062 1048 reconci-
1115 1022 1169 1048 vet
1191 1027 1265 1048 nos.
1289 1017 1379 1049 Haec
1402 1025 1436 1048 ut
1459 1018 1589 1059 possint
1612 1019 1644 1049 in
1663 1019 1759 1049 nobis
1784 1019 1866 1058 fieri,
1889 1021 2008 1052 debent
2031 1032 2088 1053 no-

85 1060 269 1100 liationem,
304 1068 335 1092 et
369 1061 478 1093 sciunt
511 1070 549 1092 se
569 1070 636 1092 non
660 1060 832 1091 damnatos
856 1064 888 1090 et
910 1059 1060 1090 abiectos
1114 1059 1164 1090 bis
1187 1060 1219 1090 in
1243 1066 1425 1101 conspectu
1448 1070 1525 1092 esse
1549 1062 1735 1093 testimonia
1748 1064 1869 1094 veteris
1887 1063 2088 1096 Testamenti

86 1113 174 1135 esse.
1114 1103 1155 1133 de
1176 1101 1244 1133 tilio
1266 1101 1338 1134 Dei.
1793 1130 1799 1135 .

171 1146 316 1178 Tandem
339 1146 462 1177 addunt
482 1144 608 1187 angeli:
631 1145 961 1177 Homim'bzwlaett'tia.
983 1143 1060 1175 Non
1200 1146 1345 1178 Primum
1374 1146 1472 1188 igitur
1501 1152 1534 1177 et
1571 1148 1833 1188 antiquissimum
1869 1150 2089 1181 testimonium

85 1190 170 1221 enim
198 1199 336 1231 possum
365 1187 564 1220 vocabulum
597 1187 732 1224 εὗδοκιας
761 1188 964 1219 commodius
987 1188 1061 1219 red·
1114 1194 1181 1219 est:
1208 1188 1301 1226 [Gen.
1315 1188 1359 1227 3.]
1384 1191 1499 1221 Semen
1522 1192 1666 1222 mulieris
1688 1193 1885 1223 conculcabit
1904 1197 2001 1233 caput
2020 1203 2089 1224 ser-

84 1232 174 1270 dere,
198 1242 296 1274 quam
318 1230 484 1263 vocabulo
505 1229 662 1262 laetitiae.
727 1231 852 1273 Agnita
875 1231 1061 1262 misericor·
1111 1234 1229 1272 pentis-
1295 1231 1331 1262 ld
1353 1232 1588 1274 interpretatur
1621 1232 1762 1264 loannes
1786 1235 1953 1276 inquiens:
1988 1236 2089 1268 bilius

83 1275 148 1312 dia,
172 1281 204 1306 et
226 1273 495 1306 reconciliatione
516 1272 617 1311 facta,
640 1273 737 1305 simul
755 1273 930 1305 inchoatur
948 1275 980 1305 in
1002 1284 1060 1305 no-

83 1318 134 1349 bis
156 1316 291 1349 laetitia.
337 1317 490 1349 Gaudent
510 1316 659 1348 homines
683 1326 721 1348 se
743 1317 868 1348 habere
896 1327 991 1358 spem
1010 1317 1060 1347 τί-

82 1367 136 1392 tae
156 1359 316 1398 melioris,
339 1359 478 1391 libenter
499 1359 574 1391 Deo
597 1359 770 1398 obediunt,
807 1359 1004 1391 confitentur
1027 1365 1060 1390 et

82 1403 207 1445 gratias
225 1408 335 1445 agunt.
380 1402 487 1434 Homo
498 1402 660 1434 Etlmicus
682 1413 749 1433 non
770 1401 871 1433 habet
892 1401 1060 1441 laetitiam,

83 1455 157 1478 cum
180 1447 304 1488 cogitat
326 1452 403 1487 post
423 1445 511 1476 hanc
532 1446 631 1476 vitam
654 1443 734 1476 nihil
755 1451 896 1483 restare,
919 1445 994 1477 ideo
1018 1446 1059 1477 de

82 1488 232 1520 omnibus
254 1489 361 1529 impiis
384 1498 463 1519 vere
481 1488 600 1519 dicitur
621 1488 654 1519 in
676 1497 798 1519 versu:

1113 1276 1176 1305 Dei
1191 1278 1349 1314 apparuit,
1373 1280 1410 1306 ut
1427 1277 1574 1307 destmmt
1594 1285 1693 1316 opera
1712 1278 1846 1309 Diaboli.
1912 1277 1985 1309 Hac
2010 1288 2088 1309 con-

1111 1315 1276 1348 solatione
1309 1324 1486 1349 senserunt
1518 1319 1612 1361 primi
1641 1325 1797 1360 parentes
1819 1330 1857 1351 se
1878 1319 2038 1352 vivificari
2055 1322 2087 1352 in

1111 1360 1261 1391 maximis
1285 1361 1475 1400 pavom'bus.
1533 1360 1765 1393 Intellexerunt
1788 1362 1990 1394 salvatorem
2012 1374 2088 1405 pro-

1109 1403 1247 1434 missum
1266 1401 1410 1435 futurum
1429 1413 1505 1435 esse
1528 1404 1713 1436 hominem:
1742 1404 1783 1436 Et
1816 1412 1927 1437 tamen
1958 1406 2086 1438 habitu-

1111 1456 1183 1477 rum
1217 1446 1360 1477 divinam
1381 1448 1559 1488 potentiam
1591 1447 1634 1478 ad
1656 1446 1836 1480 tollendum
1859 1456 2031 1490 peccatum
2053 1455 2086 1481 et

1109 1494 1259 1520 mortem.
1304 1488 1523 1530 Aguoverunt
1546 1500 1626 1531 ergo
1650 1490 1682 1521 in
1705 1500 1743 1522 eo
1766 1497 1903 1523 naturas
1926 1492 2020 1523 duas.

176 1532 300 1570 Vimque
322 1541 393 1562 cum
411 1534 533 1570 yemitu
551 1532 639 1570 tityi!
658 1531 826 1570 indiqnata
837 1531 895 1562 sub
915 1531 1057 1562 umbras.
1197 1531 1387 1562 Secundum
1411 1532 1532 1564 dictum
1555 1532 1683 1564 illustre
1707 1539 1740 1564 ct
1760 1534 1892 1576 insigne
1910 1541 1962 1566 est
1986 1534 2084 1573 [Gen.

80 1571 153 1606 Soli
174 1579 281 1605 autem
305 1574 479 1605 credentes
492 1572 656 1604 laetantur
673 1574 706 1604 in
726 1573 812 1611 Deo,
835 1572 968 1605 ethaeo
991 1572 1058 1605 lae·
1112 1573 1196 1612 12.]=
1218 1574 1259 1605 In
1280 1578 1402 1607 semine
1424 1580 1477 1607 tuo
1499 1577 1723 1608 benedicentur
1745 1586 1854 1608 omnes
1867 1582 1986 1617 yeme-5.
2020 1577 2083 1609 Be-

82 1617 150 1648 titia
174 1614 392 1657 complebitur
409 1617 442 1647 in
464 1616 533 1647 vita
554 1621 702 1647 aeterna.
1109 1617 1251 1648 nedictio
1286 1619 1462 1658 opponitur
1484 1618 1721 1658 maledictioni,
1755 1626 1787 1651 et
1806 1630 1920 1651 rursus
1944 1626 1995 1651 est
2017 1631 2084 1652 ma—

165 1658 210 1690 Ut
232 1664 342 1690 autem
359 1657 470 1702 angeli
504 1664 638 1696 canunt,
671 1659 715 1690 ita
736 1657 852 1689 volunt
875 1668 938 1689 nos
978 1669 1058 1700 quo·
1109 1670 1175 1700 gna
1198 1659 1397 1694 consolatio,
1418 1660 1459 1692 Et
1483 1663 1559 1702 quia
1582 1661 1676 1692 dicit:
1710 1672 1826 1694 omnes
1845 1669 1961 1704 gentes
1985 1664 2084 1695 bene·

81 1712 144 1744 que
166 1702 331 1739 accinere‚
354 1701 550 1744 intelligere,
573 1710 769 1743 agnoscere,
799 1702 950 1742 accipere
973 1701 1058 1733 haec
1109 1702 1274 1740 dicentur,
1308 1702 1408 1734 facile
1429 1710 1566 1746 apparet
1587 1713 1654 1735 non
1678 1706 1819 1745 promitti
1842 1716 1978 1747 regnum
2002 1705 2083 1747 poli-

81 1746 179 1783 bona,
203 1751 234 1776 et
257 1743 446 1776 celebrare:
481 1745 626 1776 tribuere
648 1743 721 1775 Deo
746 1743 904 1786 gloriam,
933 1743 1058 1776 habere

74 1798 202 1829 pacem,
226 1794 258 1818 et
281 1788 436 1819 laetitiam
459 1788 490 1818 in
514 1787 598 1819 Deo.

161 1830 306 1862 Mundus
331 1837 447 1862 contra
468 1829 559 1869 facit,
583 1829 676 1861 multi
700 1836 913 1862 contemnunt
935 1829 1055 1869 Deum,

76 1883 145 1905 non
167 1874 292 1911 timent,
315 1883 382 1904 non
405 1873 573 1905 confidunt
597 1874 636 1904 ei.
666 1872 706 1904 Hi
730 1883 797 1904 nou
820 1873 967 1905 tribuunt
979 1873 1055 1904 Deo

99 1915 226 1947 loriam.
295 1914 424 1947 Deinde
454 1926 519 1947 non
552 1916 674 1947 habent
696 1926 830 1957 pacem,
866 1916 1056 1947 irascuntur

76 1926 161 1996 ineo,
185 1963 217 1989 et
239 1958 385 1990 vicissim
408 1959 520 1990 reiecti
543 1958 752 1998 suntaDeO,
770 1961 850 1991 Sunt
868 1969 951 1990 vasa
975 1960 1054 1997 irae,

1109 1746 1206 1776 ticum
1228 1746 1260 1775 in
1284 1745 1416 1784 Iudaea,
1437 1748 1498 1778 sed
1520 1748 1771 1789 promissionem
1800 1747 1891 1789 loqui
1915 1749 1956 1779 de
1974 1748 2083 1780 salva-

1107 1789 1196 1819 tione
1218 1789 1361 1820 omninm
1381 1791 1539 1831 gentium,
1571 1789 1656 1825 Quia
1685 1791 1870 1822 benedictio
1894 1801 1959 1822 non
1983 1792 2083 1833 signi-

1107 1830 1184 1862 ficat
1203 1832 1465 1872 oppressionem,
1490 1834 1550 1864 sed
1562 1834 1800 1875 protectionem
1823 1840 1855 1865 et
1867 1833 2082 1866 salvationem

1106 1874 1148 1905 ad
1171 1875 1270 1905 vitam
1292 1880 1470 1907 aeternam.

1191 1916 1335 1948 Tertium
1358 1924 1410 1949 est
1434 1918 1527 1956 [Gen.
1552 1919 1636 1958 494:
1660 1921 1729 1951 Non
1741 1923 1912 1959 auferetur
1923 1925 2081 1960 sceptrum

1104 1962 1145 1991 (Ie
1167 1962 1257 2001 Iuda,
1280 1962 1381 1992 donee
1400 1963 1523 1993 tenerit
1544 1963 1678 1994 Sclztlolt.
1744 1961 1891 2003 Respicit
1917 1962 2015 1994 Iacob
2039 1964 2081 1994 ad

1104 2003 1239 2044 primam
1274 2004 1538 2044 promissionem,
1573 2010 1605 2036 et
1637 2006 1721 2036 sicut
1751 2006 1793 2037 ibi
1822 2006 1942 2037 dictum
1965 2012 2017 2037 est
2041 2006 2081 2037 de

1105 2047 1229 2077 semine
1252 2045 1409 2085 mulieris,
1432 2047 1476 2078 ita
1498 2058 1559 2089 per
1583 2049 1765 2088 tapinosin,
1801 2048 1855 2080 vel
1879 2049 2081 2080 extenuatio-

1105 2099 1178 2120 nem
1201 2088 1400 2131 singularem
1421 2097 1521 2122 vocat
1545 2101 1618 2121 eum
1641 2089 1797 2129 Schiloh,
1832 2092 1920 2132 quod
1945 2098 2006 2129 est,
2029 2092 2080 2131 χό-

1105 2143 1170 2171 ριον
1203 2131 1308 2170 αὐτῆς,
1345 2133 1376 2163 id
1400 2140 1462 2171 est,
1497 2132 1605 2165 foetus
1625 2135 1705 2165 eius.
1774 2134 1891 2174 Χόριον
1915 2133 2082 2174 significat

1105 2173 1278 2206 fasciolam
1301 2176 1488 2217 cingentem
1511 2175 1645 2214 foetum,
1670 2177 1730 2207 sed
1753 2176 1999 2218 synecdochice
2023 2188 2080 2218 po—

1104 2219 1191 2249 nitur
1214 2228 1275 2259 pro
1298 2219 1372 2259 ipso
1395 2217 1496 2250 foetu.
1541 2218 1735 2250 Nominatur
1764 2226 1871 2251 autem
1895 2219 2038 2250 Messias
2061 2230 2081 2250 a

1104 2259 1209 2291 fascia
1231 2259 1287 2291 illa
1310 2267 1444 2302 propter
1466 2268 1616 2293 naturam
1639 2262 1831 2299 humanam,
1866 2273 1961 2303 quam
1986 2272 2081 2294 assu·

77 2011 163 2043 quae
185 2007 282 2032 ruunt
306 2002 339 2032 in
363 2002 509 2033 exitium.
576 2002 651 2033 Non
673 2003 820 2033 sentiunt
841 2000 998 2033 laetitiam
1021 2003 1053 2033 in

76 2043 163 2082 Deo,
198 2042 363 2075 laetantur
384 2045 418 2075 in
441 2043 604 2076 scelerate
626 2043 725 2076 factis
753 2043 963 2086 aliquamdiu,
993 2045 1052 2076 sed

78 2087 141 2117 ista
158 2085 282 2117 laetitia
304 2097 372 2118 non
395 2093 446 2118 est
469 2087 630 2119 diuturna.

163 2127 356 2170 Cogitemus
390 2140 521 2171 semper
553 2131 636 2162 istos
669 2131 754 2162 duos
783 2136 899 2162 coetus
923 2140 1000 2162 esse
1018 2131 1052 2162 iu

78 2181 200 2213 genere
229 2171 390 2203 humano:
428 2172 519 2204 Unus
553 2179 616 2209 est,
649 2174 682 2204 in
705 2183 770 2214 quo
793 2174 958 2215 praesidet
983 2180 1052 2205 tota

77 2215 238 2245 divinitas.
284 2213 325 2246 Et
343 2214 453 2256 angeli
472 2221 548 2247 sunt
570 2223 816 2257 praecentores
862 2216 910 2247 Pii
930 2223 960 2248 et
983 2226 1052 2248 cre-

77 2257 193 2288 dentes
213 2267 278 2288 non
302 2256 409 2289 solum
433 2264 509 2290 sunt
531 2259 711 2297 auditores,
742 2260 804 2291 sed
826 2260 888 2301 ipsi
909 2269 975 2291 una
999 2270 1052 2290 ac-

77 2300 198 2331 cinunt.
267 2299 362 2331 Alter
386 2308 502 2332 coetus
527 2307 590 2338 est,
612 2301 649 2332 in
670 2312 735 2343 quo
755 2309 832 2333 sunt
855 2301 972 2334 hostes
995 2302 1053 2334 filii
1105 2304 1161 2335 mit
1183 2313 1223 2334 ex
1246 2303 1393 2346 Virgine.
1439 2304 1567 2335 Deinde
1596 2312 1731 2346 propter
1755 2304 1982 2336 infirmitatem.
2019 2305 2081 2336 Fa-

76 2342 150 2380 Dei,
173 2343 292 2384 quibus
315 2344 482 2384 praesidet
504 2343 677 2382 Diabolus,
695 2344 831 2376 trahens
854 2356 967 2377 secum
986 2355 1053 2377 ma·
1105 2346 1175 2377 scia
1194 2345 1262 2384 illa,
1285 2357 1369 2388 quae
1392 2349 1577 2378 nominatur
1600 2348 1698 2388 χόριον
1732 2354 1761 2378 et
1794 2348 1992 2386 secundina,
2030 2354 2081 2380 est

77 2395 177 2427 gnum
200 2395 318 2426 agmen
338 2396 462 2418 eorum.
487 2387 541 2427 qui
566 2384 786 2428 blasphemias
807 2395 923 2419 contra
946 2387 1052 2419 Dcum
1106 2395 1244 2421 cruenta
1267 2396 1298 2420 et
1317 2390 1492 2428 immunda,
1518 2397 1548 2422 et
1573 2389 1692 2429 foetus,
1718 2401 1790 2421 cum
1813 2391 1951 2432 primum
1975 2392 2081 2422 editur

77 2426 215 2465 ululant,
240 2429 295 2469 qui
318 2429 426 2460 odium
452 2428 526 2467 Dei,
549 2429 711 2461 fremitum
734 2436 767 2468 et
795 2431 1053 2472 indignationem
1106 2432 1136 2463 in
1156 2431 1282 2470 lucem,
1317 2440 1366 2463 est
1391 2438 1537 2464 tenerum
1561 2433 1714 2474 quiddam
1738 2439 1769 2464 et
1792 2432 1923 2475 fragile.
1989 2432 2080 2465 Talis

77 2469 240 2501 adversus
273 2471 397 2510 Deum,
433 2478 465 2502 et
494 2478 611 2513 postea
644 2478 798 2504 aeternos
821 2473 954 2505 dolores
979 2483 1052 2505 sen·
1106 2481 1155 2505 est
1180 2474 1332 2506 Christus
1346 2476 1471 2506 sudans
1485 2477 1688 2517 sauguinem,
1712 2483 1743 2507 et
1755 2477 1903 2517 pendens
1922 2477 1953 2507 in
1967 2486 2078 2513 cruce,

76 2513 168 2544 tiunt.
1104 2518 1160 2548 ubi
1184 2519 1282 2548 sentit,
1305 2517 1440 2549 effusam
1465 2519 1542 2550 iram
1566 2519 1668 2559 patris
1692 2519 1721 2549 in
1746 2529 1794 2550 se.
1861 2520 2002 2551 Additur
2024 2530 2079 2550 au-

163 2554 224 2586 Hic
259 2557 460 2597 cogitemus,
494 2557 525 2588 in
560 2567 625 2598 quo
660 2563 757 2590 coetu
792 2557 930 2590 velimus
965 2569 1052 2590 esse.
1078 2546 1081 2609 Ι
1105 2567 1185 2591 tem:
1223 2562 1338 2592 Gentes
1371 2563 1416 2591 ml
1443 2572 1510 2593 eum
1544 2563 1829 2601 conqrzqqabzmeur,
1859 2562 1889 2593 id
1915 2568 1977 2600 est,
2011 2561 2078 2593 Erit

78 2598 199 2629 Sumus
234 2600 342 2630 vocati
365 2610 385 2631 a
408 2599 481 2631 Deo
506 2600 547 2630 ad
565 2607 732 2632 aeternam
755 2599 861 2633 lucem
887 2608 918 2633 et
942 2603 1053 2640 vitam,
1078 2614 1081 2629 ι
1106 2609 1203 2644 caput
1226 2602 1407 2635 Ecclesiae.

232 2666 377 2686 MEMNTH.
394 2667 473 2687 OPER.
490 2667 553 2688 ch.
570 2668 646 2686 XXiV.
1859 2667 1871 2687 8
