2324 2958
148 185 212 219 ⁷63
779 184 887 218 PfflL.
908 183 1013 217 MEL.
1035 183 1219 217 SCRIPTA
1241 181 1503 216 EXEGEthA.
2084 186 2148 220 754

148 285 299 312 sanctum
354 279 535 320 procedere
563 288 583 309 a
606 277 705 310 Patre
734 284 767 310 et
788 277 886 310 Filio:
919 278 990 310 Nos
1013 284 1120 310 autem

1174 283 1310 315 tantum,
1332 286 1398 307 non
1421 277 1527 316 iuvat,
1561 283 1594 309 ut
1616 277 1726 309 ludaei
1748 277 1900 310 viderunt
1922 288 2034 311 coram
2056 287 2146 321 pate·

149 323 334 366 cogitemus
369 332 430 353 nos
454 320 578 363 alloqui
612 331 725 353 verum
755 320 881 359 Deum,
916 321 1119 352 conditorem
1174 318 1336 350 sactiones
1360 318 1436 358 Dei,
1459 326 1650 362 spectarunt
1672 319 1727 351 illa
1738 331 1858 363 magna
1871 321 2040 360 miracula,
2063 333 2147 364 quae

149 364 234 397 coeli
265 371 297 396 et
326 371 450 402 terrae,
484 362 686 404 patefactum
715 365 746 395 in
770 364 938 398 Ecclesia,
973 364 1120 394 datorem

149 409 234 450 legis
263 413 296 439 et
324 407 573 448 promissionis,
608 412 640 438 et
668 407 798 438 dantem
833 407 1016 437 testimonia
1045 416 1120 446 pro-

147 450 267 493 phetis,
291 451 344 492 qui
368 456 419 481 est
442 449 541 481 Pater
564 455 732 487 aeternuS,
764 456 795 480 et
819 448 931 483 Filius,
963 455 992 479 et
1018 447 1119 488 Spiri-

1174 361 1266 393 Deus
1292 362 1401 400 edidit,
1426 368 1458 394 et
1480 369 1587 394 tamen
1608 373 1672 394 non
1696 364 1917 395 crediderunt.
1941 363 2034 396 Multi
2048 366 2146 397 etiam

1173 405 1324 436 viderunt
1347 404 1513 437 Christum
1537 405 1643 437 oculis
1663 407 1847 446 corporeis,
1869 417 1931 438 nec
1951 408 2147 440 tamenindo

1172 445 1291 478 salvati
1314 454 1402 479 sunt.
1467 448 1541 479 Non
1564 447 1687 480 sufficit
1710 449 1808 490 igitur
1830 450 1913 480 visio
1945 449 2145 491 corporalis:

147 499 199 526 tus
222 499 368 524 sanctus.
415 492 554 528 Quando
578 493 675 524 dicis:
698 495 795 524 Pater
817 497 933 528 noster,
956 494 1010 531 qm·
1030 500 1065 521 es
1088 493 1120 520 in
1144 482 1150 543 Ι
1172 489 1257 525 Quia
1280 500 1346 521 non
1370 491 1458 522 subit
1481 499 1633 528 mentem,
1657 492 1729 522 sine
1752 491 1875 532 Spiritu
1898 499 2028 524 sancto.
2053 492 2146 525 Deus

147 536 260 569 coelis:
292 545 412 567 nomen
448 536 573 574 Patris,
607 536 737 576 ponitur
767 533 1002 566 essentialiter:
1037 532 1120 567 Quia

147 578 326 621 alloqueris
361 584 464 609 totam
500 578 722 616 divinitatem,
758 575 987 618 complecteris
1022 575 1119 607 etiam

147 620 263 654 Filium
291 627 323 653 ct
346 620 502 662 Spiritum
530 626 692 652 sanctum.
744 620 826 650 Nam
857 619 1120 660 quandocunque

147 664 183 696 fit
205 663 377 696 antithesis
401 663 580 695 divinitatis
604 669 636 695 et
660 669 904 698 creaturarum,
938 669 1005 692 tum
1028 661 1120 691 invo-

148 709 233 740 catio
257 707 382 738 directa
404 707 445 738 ad
461 705 582 743 Deum,
605 705 657 737 vel
680 706 720 736 ad
740 704 883 741 Patrem,
908 702 1121 745 intelligenda

147 756 200 782 est
223 750 264 781 de
288 755 353 781 tota
377 750 528 780 trinitate.
586 747 708 779 Postea
742 746 845 778 altera
869 747 1024 787 cogitatio
1044 756 1120 776 esse

148 793 257 831 debet,
281 803 323 824 an
347 799 378 823 et
408 801 511 833 quare
542 791 741 822 exaudiaris:
784 788 890 827 Plato,
922 788 1121 829 Xenophon,

148 836 307 874 dubitant,
331 845 371 867 an
397 835 621 866 exaudiantur.
655 833 702 864 Tu
727 833 830 864 debes
854 838 1010 869 statuere,
1033 831 1121 872 quod

148 879 361 912 exaudiaris;
408 884 440 909 et
475 878 562 918 quod
601 876 788 907 exaudiaris
826 881 960 916 propter
994 873 1120 905 Filium.

146 921 277 953 Ethnici
306 930 414 962 neque
443 921 484 951 ad
514 930 628 951 verum
663 918 769 950 Deum
799 919 977 955 accedunt,
1014 926 1121 958 neque

147 964 268 1001 sciunt,
291 973 332 995 an
357 963 587 995 exaudiantur:
612 962 696 997 Quia
718 967 795 992 sunt
818 963 889 991 sine
904 960 1018 991 notitia
1030 965 1121 1001 pate-

147 1005 326 1039 factionum
360 1005 441 1043 Dei,
480 1011 513 1036 et
554 1011 666 1037 carent
700 1004 814 1035 notitia
847 1002 1056 1040 Mediator-is,
1090 1007 1123 1033 et

147 1050 376 1092 promissionis
411 1048 547 1091 gratiae.
614 1046 690 1078 Ideo
729 1047 846 1077 videtis
880 1047 913 1077 in
950 1045 1123 1086 poematis,

148 1093 314 1135 quomodo
348 1091 505 1123 inchoent
533 1100 612 1121 suas
646 1089 856 1130 precationes
891 1099 964 1121 cum
998 1088 1123 1120 dubita-

149 1137 253 1168 tione:
275 1141 309 1168 ut
331 1134 474 1166 Hiarbas
498 1133 585 1175 apud
607 1131 799 1175 Virgilium:

320 1212 361 1217 ——
384 1195 433 1226 An
455 1198 486 1225 te
505 1197 630 1233 yenitor
652 1202 722 1224 cum
738 1193 878 1232 fulmina
900 1196 1027 1231 torques

276 1239 341 1270 Nec
362 1238 529 1277 quidquam
552 1237 732 1275 horremus,
761 1237 908 1274 caecique
935 1235 968 1265 in
991 1234 1125 1265 nubibus

317 1280 409 1319 iyues

281 1324 471 1361 Terrificant
519 1324 641 1353 animos
658 1343 667 1359 ,
718 1324 749 1352 et
799 1323 911 1351 inania
961 1328 1125 1350 murmura

319 1367 477 1397 miscent?

148 1435 209 1468 Est
230 1440 349 1476 postea
369 1433 473 1465 addit:
492 1431 616 1472 famam
640 1441 679 1463 ue
694 1434 841 1472 fovemus
862 1433 1000 1462 inanem.
1036 1428 1124 1461 Vere

147 1478 255 1510 inanis
278 1475 364 1509 sama
388 1482 452 1515 est,
475 1475 598 1507 Mentio
657 1475 704 1513 ei,
739 1484 806 1505 non
830 1473 976 1504 credenti
1003 1478 1035 1503 et
1057 1482 1123 1503 ma-

148 1521 238 1553 nenti
260 1521 292 1552 in
316 1519 527 1552 dubitatione.
577 1517 684 1549 Nobis
715 1523 823 1548 autem
852 1526 918 1547 non
947 1515 989 1546 sit
1017 1515 1123 1547 inanis

149 1562 254 1602 fama,
287 1563 348 1595 sed
371 1562 515 1594 sciamus
538 1570 619 1593 vere
649 1566 681 1592 et
714 1569 792 1591 esse
822 1559 944 1598 Deum,
981 1564 1014 1590 et
1050 1568 1123 1589 eum

148 1608 256 1649 ipsum
279 1616 366 1645 esse,
391 1605 445 1648 qui
468 1613 506 1636 se
540 1604 635 1636 nubis
672 1602 828 1645 patefecit
862 1603 893 1633 in
917 1602 1019 1633 verbo
1050 1612 1122 1633 suo.

149 1650 240 1688 Item,
262 1659 341 1681 vere
365 1648 480 1680 Filium
503 1646 567 1679 Dei
590 1647 724 1678 missum
749 1655 826 1677 esse
849 1646 890 1676 ad
914 1654 993 1682 nos,
1025 1654 1123 1686 appa-

150 1693 259 1725 ruisse
282 1693 313 1724 ln
337 1701 450 1730 carne,
479 1689 668 1722 crucifixum
690 1699 784 1727 esse,
819 1688 1063 1725 resurrexisse,
1093 1693 1124 1718 et

150 1741 318 1768 versatum
342 1745 418 1767 esse
441 1744 514 1765 cum
538 1731 708 1774 Apostolis
731 1737 808 1773 post
837 1732 1124 1766 resurrectionem,

152 1784 388 1812 attestaretur
416 1787 453 1808 se
487 1777 616 1812 vivere;
650 1781 681 1806 et
714 1774 802 1806 hunc
836 1775 954 1806 sedere
990 1774 1032 1804 ad
1069 1774 1124 1804 de-

153 1828 282 1854 xteram
305 1822 418 1862 patris,
441 1829 517 1851 esse
540 1819 768 1855 mediatorem,
798 1827 914 1859 regere
937 1823 969 1848 et
991 1815 1124 1848 salvare

150 1863 347 1896 Ecclesiam.
411 1863 501 1894 Haec
540 1862 686 1893 doctrina
727 1861 823 1892 debet
863 1861 1014 1892 omnibus
1049 1869 1125 1891 esse

151 1907 332 1944 notissima,
360 1912 394 1937 ut
418 1911 610 1937 exerceatur
637 1906 668 1936 in
692 1904 900 1936 invocatione
924 1903 1124 1945 quotidiana.

151 1950 228 1982 Ideo
252 1949 392 1981 libenter
415 1955 446 1980 et
471 1949 587 1979 crebro
612 1957 682 1978 eam
713 1953 847 1988 repeto,
878 1947 1064 1987 ubicunque
1087 1955 1125 1977 se

152 1993 349 2025 occasiones
387 1991 543 2026 offerunt3
578 1996 613 2021 ut
645 1989 698 2021 hic
732 1995 782 2020 est
813 1988 995 2029 exemplum
1028 1998 1126 2019 verae

152 2036 382 2071 invocationis,
419 2045 491 2066 cum
514 2033 657 2064 Thomas
693 2033 811 2073 inquit:
851 2032 1006 2063 Dominus
1028 2041 1124 2067 metcs.

152 2084 184 2111 et
204 2081 292 2111 Deus
311 2089 404 2110 meus.
449 2075 636 2118 Appellatio
661 2077 789 2107 Domini
819 2074 883 2105 Dei
909 2074 1038 2105 deducit
1064 2084 1125 2104 nos

152 2122 194 2154 ad
227 2132 340 2153 verum
374 2120 490 2152 Deum.
549 2117 714 2149 l'articula
749 2120 838 2150 .lleus
871 2117 948 2148 facit
981 2116 1125 2159 applica-

153 2166 273 2197 tionem
296 2163 523 2206 promissionis
546 2162 681 2205 gratiae.

431 2330 500 2370 Dc
534 2329 704 2384 quinto
737 2328 853 2368 loco.

240 2422 365 2454 Natura
400 2421 562 2452 hominum
599 2428 646 2451 est
672 2420 768 2451 avida
791 2419 959 2450 intuitivae
984 2418 1124 2449 notitiae.

154 2467 277 2497 Omnes
302 2475 495 2505 cuperemus
519 2463 766 2506 apprchendere
800 2462 902 2493 Deum
935 2459 1124 2491 visibiliter:

155 2507 314 2540 vellemus
338 2507 477 2538 libi-nter
500 2517 610 2538 cornui
636 2507 746 2537 videre
766 2505 882 2542 Deum,
905 2510 939 2536 ut
963 2505 1037 2535 dicit
1053 2503 1125 2533 l'lii-

155 2550 276 2593 lippus:
303 2551 441 2582 Oshvudo’
463 2551 553 2580 nohis
573 2554 709 2590 [mtrem.
756 2548 821 2580 Sed
852 2547 1005 2579 Clu-istu»
1029 2547 1124 2577 tradit

156 2594 353 2626 contrariam
377 2593 539 2633 regulam:
576 2593 673 2623 lfmte·
693 2593 748 2633 qui
769 2600 829 2622 mm
854 2590 970 2624 ridmnt.
1005 2594 1033 2620 r!
1058 2599 1123 2619 rra·-

156 2637 242 2667 dunt.
291 2636 464 2667 contuitus
478 2643 646 2673 externus,
670 2642 726 2667 aut
751 2633 966 2666 contrectatio
990 2639 1124 2664 externa

1172 530 1241 563 vult
1263 533 1462 574 apprehendi
1487 544 1506 564 a
1529 534 1625 565 nobis
1649 534 1679 564 ln
1704 533 1768 565 hac
1790 535 1855 565 vita
1880 534 1951 566 fide.
1997 535 2067 567 Hac
2090 546 2147 577 ap-

1171 575 1393 616 prehensione
1415 577 1573 608 debemus
1597 578 1740 608 contenti
1764 586 1852 615 esse,
1877 584 1909 608 et
1931 579 2146 619 acquiescere

1172 619 1205 648 in
1239 616 1313 648 Deo
1348 619 1556 659 apprehenso
1582 630 1641 660 per
1669 619 1784 655 fidetn3
1820 626 1851 651 et
1875 628 1965 651 certo
1989 626 2147 660 statuere,

1171 660 1260 701 quod
1282 660 1385 692 simus
1409 662 1438 692 ei
1461 664 1601 704 accepti,
1624 663 1710 704 quod
1734 663 1956 700 exaudiamur,
1979 664 2068 705 quod
2091 663 2147 695 ha-

1172 703 1270 734 bituri
1293 703 1395 734 simus
1414 705 1512 735 vitam
1535 712 1713 736 aeternam.
1760 705 1816 736 Sic
1847 704 1923 736 alibi
1947 716 2078 747 quoque
2101 707 2146 737 di-

1173 746 1273 776 citur:
1297 745 1403 777 Iustus
1419 746 1482 787 fide
1504 757 1564 778 sua
1583 748 1668 779 rit-it.
1714 747 1768 785 Et,
1792 748 1965 790 luslt'ficati
1982 748 2057 790 fide,
2087 760 2146 790 pa·

1173 798 1237 819 cem
1259 788 1407 820 habemus
1430 799 1499 820 cum
1520 789 1600 821 Deo.

1259 830 1396 869 Deinde,
1420 841 1461 862 ne
1482 833 1613 863 aberret
1636 832 1719 863 fides
1742 843 1762 864 a
1786 843 1864 864 vero
1889 832 1977 864 Deo:
2001 835 2146 866 sciamus

1173 882 1235 903 nos
1259 872 1324 905 hoc
1346 874 1419 914 ipso
1442 873 1530 905 dieto
1554 873 1676 906 Christi
1699 873 1826 917 alligari
1849 876 1890 907 ad
1914 877 2050 908 verbum
2075 876 2146 909 Dei.

1173 915 1281 954 Beati,
1313 916 1428 958 inquit,
1462 917 1518 957 qui
1538 918 1684 955 credunt,
1717 918 1844 950 scilicet
1867 920 1970 951 verbo
1994 918 2073 957 Dei,
2103 920 2146 951 ad

1174 958 1373 991 credendum
1392 960 1489 990 nobis
1512 960 1647 996 tradito;
1681 961 1768 992 sicut
1801 961 1867 991 luh.
1893 962 1942 992 17.
1973 963 2060 993 iubet
2082 971 2144 993 nos

1174 1002 1304 1033 credeie
1327 1001 1514 1033 testimonio
1547 1001 1796 1043 Apostolorum,
1826 1013 1899 1035 cum
1922 1005 2042 1046 inquit:
2077 1004 2149 1036 Oro

1170 1054 1236 1085 pro
1258 1045 1434 1076 credituris
1454 1054 1516 1086 per
1534 1045 1666 1077 verbum
1689 1055 1799 1077 eorum
1823 1047 1856 1076 in
1878 1056 1934 1076 me.
1980 1046 2054 1077 Non
2079 1045 2148 1078 vult

1173 1097 1237 1118 nos
1265 1097 1425 1129 quaerere
1458 1097 1563 1119 novas
1597 1086 1864 1126 illuminationes,
1893 1094 1949 1120 aut
1972 1087 2149 1120 revelatio-

1175 1139 1234 1161 nes
1257 1136 1351 1161 extra
1374 1131 1511 1162 verbum
1536 1129 1709 1162 Ecclesiae
1732 1132 1896 1162 traditum.
1962 1131 2022 1162 Est
2049 1132 2149 1174 igitur

1174 1171 1328 1204 refutatio
1363 1172 1654 1211 Schwenckseldii,
1688 1175 1742 1215 qui
1766 1175 1860 1211 dicit,
1894 1174 1981 1215 quod
2006 1173 2095 1205 Deus
2116 1184 2151 1206 so

1175 1216 1376 1247 communicet
1399 1219 1429 1246 et
1451 1213 1603 1255 infundat
1626 1216 1801 1247 homiuibus
1824 1217 2020 1248 immediute:
2048 1223 2079 1248 et
2094 1217 2149 1249 de-

1176 1259 1265 1289 ducit
1287 1258 1437 1289 homincs
1461 1259 1502 1289 ad
1526 1258 1700 1290 sensibiles
1724 1266 1843 1297 inotuS,
1867 1269 1923 1290 :ur
1945 1259 2149 1301 empfintlicb—

1176 1301 1203 1331 ka
1213 1302 1254 1331 it:
1280 1306 1311 1332 et
1334 1299 1486 1342 relinquit
1508 1301 1540 1332 in
1563 1302 1776 1339 dubitatione,
1810 1303 1837 1333 si
1862 1303 1914 1343 qui
1939 1312 2003 1333 non
2028 1301 2150 1334 habent

1175 1342 1320 1374 illustres
1339 1349 1459 1380 motus,
1481 1351 1534 1374 aut
1560 1350 1673 1385 raptus
1702 1344 1979 1376 Enthusiasticos.
2045 1345 2148 1386 lmpu·

1176 1391 1255 1428 gnat
1288 1384 1364 1424 huc,
1397 1386 1486 1427 qnod
1519 1385 1613 1418 Deus
1642 1387 1684 1418 sit
1718 1385 1836 1418 efficax
1870 1387 1902 1417 in
1927 1387 2022 1418 nobis
2045 1389 2149 1419 verbo

1176 1426 1296 1466 vocali,
1318 1434 1351 1460 et
1374 1429 1463 1470 quod
1486 1429 1517 1460 in
1541 1430 1669 1471 magnis
1692 1430 1928 1461 tentationibus
1951 1430 1993 1461 sit
2006 1429 2150 1462 iudican-

1176 1471 1251 1503 dum
1280 1481 1321 1503 ex
1349 1472 1473 1509 verbe,
1507 1482 1574 1503 non
1604 1482 1644 1503 ex
1673 1473 1732 1510 iis,
1771 1482 1855 1514 quae
1877 1473 1908 1503 in
1933 1473 2029 1504 nobis
2059 1472 2151 1512 fiunt,

1176 1524 1262 1556 quae
1284 1524 1386 1555 saepe
1409 1515 1596 1555 experimur
1618 1525 1695 1547 esse
1718 1513 1815 1546 valde
1837 1513 2001 1556 languida.

1261 1556 1346 1589 Tota
1369 1557 1540 1598 Scriptura
1572 1558 1604 1589 in
1639 1558 1801 1590 exercitiis
1830 1558 1904 1590 tidei
1934 1558 2064 1590 deducit
2087 1568 2149 1591 nos

1177 1600 1219 1631 ad
1242 1601 1390 1632 verbum.
1437 1600 1509 1631 Hoc
1533 1600 1621 1632 iubet
1644 1601 1770 1638 audire,
1803 1601 1878 1633 huic
1902 1599 1969 1632 vult
1993 1611 2055 1632 nos
2080 1611 2150 1633 cre-

1177 1643 1268 1680 dere,
1292 1649 1324 1674 et
1345 1643 1511 1680 assentiri,
1534 1653 1599 1674 non
1623 1642 1720 1675 aliter
1743 1653 1839 1684 quam
1861 1643 1891 1675 si
1914 1650 2003 1675 esset
2017 1654 2080 1675 vox
2094 1655 2150 1685 pc*

1179 1685 1346 1718 culiariter
1379 1687 1475 1717 nobis
1509 1686 1586 1717 data
1619 1687 1659 1718 de
1683 1685 1778 1718 coelo
1801 1687 1886 1718 inter
1913 1697 2032 1729 magna
2056 1688 2150 1718 mira-

1177 1728 1264 1760 cula.
1310 1728 1373 1760 Per
1395 1729 1459 1761 hoc
1481 1730 1617 1760 verbum
1640 1727 1780 1760 affirmat
1810 1728 1916 1761 Deum
1940 1740 1977 1760 se
2008 1740 2151 1761 cuminu-

1178 1773 1290 1804 nicare
1314 1772 1421 1810 nobis,
1443 1778 1477 1803 ut
1501 1772 1637 1803 dicitur:
1670 1771 1776 1810 Prope
1810 1776 1852 1801 est
1889 1772 2006 1801 verbum
2035 1773 2067 1801 in
2097 1783 2150 1803 on

1178 1819 1246 1845 luo:
1269 1814 1322 1852 Et,
1345 1814 1490 1844 [tabentes
1511 1825 1594 1853 spem
1619 1825 1677 1853 per
1704 1814 1945 1844 consolationem
1972 1815 2149 1854 Scriptum-

1178 1869 1251 1887 rum.
1299 1857 1395 1889 lieni:
1419 1857 1560 1886 Lucerna
1582 1857 1713 1896 pedibus
1737 1859 1808 1886 nwis
1831 1858 1949 1887 verbum
1973 1861 2069 1888 tenori:
2099 1857 2150 1896 Et,

1178 1902 1288 1930 Am'ma
1323 1909 1387 1929 mea
1422 1902 1560 1939 sperarit
1593 1902 1625 1929 in
1660 1900 1804 1932 Domino.
1835 1902 1972 1939 sper-urit
1999 1902 2030 1929 in
2058 1901 2149 1930 verbo

1178 1945 1253 1974 eius.
1300 1943 1361 1976 Qui
1384 1953 1443 1972 non
1467 1943 1586 1972 diser-it
1609 1945 1700 1973 εἰμι-Μ
1723 1943 1782 1972 linc·
1806 1943 1932 1974 verbum.
1957 1954 2016 1973 mm
2039 1946 2098 1973 erit
2121 1945 2150 1973 α’

1177 1987 1234 2016 lux
1257 1987 1416 2015 matnu'na.
1474 1985 1595 2015 Habent
1629 1986 1736 2015 Mosen
1777 1989 1806 2015 vl
1839 1985 2035 2025 Prophetas:
2078 1986 2150 2015 illm

1178 2029 1319 2059 uudimit.
1385 2030 1421 2058 Si
1442 2028 1506 2057 illis
1529 2039 1587 2058 non
1611 2029 1751 2062 rrchmit.
1788 2039 1822 2057 nt·
1850 2030 1971 2069 quidem
2000 2029 2152 2059 creditur-t

1177 2077 1256 2104 sunt.
1280 2074 1308 2101 si
1329 2073 1398 2111 quis
1417 2082 1457 2100 ar
1479 2074 1606 2101 mortuis
1628 2073 1797 2101 nu‘eteretnr
1827 2072 1869 2100 m!
1897 2083 1958 2101 eos.
2005 2071 2063 2103 Est
2091 2073 2149 2115 igl-

1178 2123 1230 2147 tur
1253 2115 1392 2146 amanda
1418 2115 1563 2146 doctrina
1589 2116 1692 2151 verbi,
1716 2113 1875 2155 legenda,
1900 2115 2092 2156 cogitanda,
2117 2121 2150 2146 et

1178 2169 1277 2200 saepe
1302 2158 1490 2199 repetenda,
1515 2165 1546 2189 ut
1571 2157 1694 2189 Paulus
1717 2158 1809 2189 dicit:
1835 2157 1961 2187 Habita
1978 2168 2074 2187 sermo
2088 2157 2151 2187 Da·

1178 2204 1210 2230 in
1235 2201 1318 2229 mhif
1342 2201 1534 2230 abundanter
1556 2211 1621 2229 cum
1645 2203 1726 2229 omui
1749 2202 1913 2240 snpientia.
1941 2200 2038 2231 item:
2063 2201 2151 2230 ΙΙαοε

1178 2249 1222 2274 ese
1247 2243 1419 2273 consolatio
1443 2255 1506 2273 ini-u
1542 2246 1573 2272 in
1597 2245 1767 2282 ufslirlione
1790 2254 1872 2276 utera,
1905 2243 2023 2273 verbnm
2057 2248 2149 2274 tumn.

1178 2298 1236 2327 qur·
1262 2289 1420 2325 ririfirasli
1444 2297 1493 2315 mr.
1974 2282 1989 2287 ⁵

1265 2330 1332 2361 Noc
1358 2340 1435 2360 vcro
1459 2331 1531 2361 sine
1554 2340 1672 2371 niagno
1696 2340 1815 2370 ugone.
1840 2339 1879 2360 nc
1904 2329 2080 2359 certamine
2103 2329 2151 2365 fu,

1179 2381 1210 2405 ut
1236 2374 1361 2404 unimus
1387 2374 1449 2403 tide
1472 2374 1660 2414 nequii-scut
1686 2374 1716 2403 in
1746 2373 1856 2402 vet-lm.
1903 2371 2043 2406 Qun-mlo
2073 2371 2148 2402 hat·-

1180 2428 1289 2447 rcinus
1313 2418 1342 2446 in
1368 2417 1519 2448 miseriis.
1544 2426 1657 2447 sumus
1681 2415 1802 2446 deserti
1827 2415 1867 2445 ub
1882 2415 2033 2445 munibus
2057 2424 2147 2446 crea—

1179 2460 1274 2490 turis:
1300 2470 1372 2489 cum
1397 2458 1488 2490 Deus
1513 2459 1582 2498 i1se
1601 2459 1730 2490 videtur
1753 2458 1849 2488 nobis
1872 2458 2059 2489 adversari.
2083 2468 2148 2489 non

1178 2504 1248 2532 siut·
1273 2503 1394 2541 ingr-‘nti
1419 2501 1506 2532 lucta
1535 2502 1777 2543 acquiescimus
1814 2501 1844 2530 in
1867 2510 1951 2530 vnce
1980 2499 2147 2541 hanugi-lli

1178 2546 1218 2575 de
1253 2545 1447 2575 remissione
1481 2551 1705 2585 pcccatorum.
1740 2544 1781 2573 «lc
1815 2543 2001 2583 praesentia
2033 2542 2092 2573 uvi
2116 2544 2147 2573 in

1177 2589 1299 2619 nostris
1323 2588 1500 2621 aerumnis.
1524 2588 1564 2617 de
1588 2586 1780 2618 liberatione
1803 2593 1856 2616 nut
1870 2586 2070 2626 mitigatione
2095 2597 2148 2616 co·—

1177 2630 1365 2667 lamitutum,
1389 2631 1428 2661 de
1452 2629 1652 2662 haereditate
1678 2630 1762 2661 vitae
1786 2635 1950 2660 aeternae.
