2324 2958
74 165 138 199 329

752 161 969 194 POSTILLA
990 161 1388 196 MELANTHONIANA.

2009 166 2073 199 33⁰

73 267 226 302 regamus
256 254 395 296 impetus
428 260 563 286 nostros
597 253 788 296 disciplina,
821 256 907 287 sicut
939 257 1044 298 inquit
1094 263 1167 299 pter
1210 255 1490 289 assuefactionem
1534 260 1787 299 praecedentem
1832 261 2072 302 obtemperant,

74 301 212 335 Paulus:
233 299 299 337 qu
319 300 441 337 castigo
462 307 520 329 seu
542 300 675 337 sttyqillo
692 307 809 338 corpus
830 308 935 330 meum
957 304 990 330 et
1010 303 1044 331 in
1096 301 1191 343 quasi
1213 301 1246 331 in
1269 311 1386 342 gvi-um
1409 301 1547 332 rationis
1571 308 1697 333 coacta.

74 342 260 378 servitudem
281 341 399 380 redigo.
444 340 479 371 lu
503 339 633 371 Graeco
664 350 746 372 usus
775 347 827 371 est
855 341 1044 383 significan-

73 389 162 420 tibus
179 382 366 415 vocabulis:
389 382 556 422 ὑπωπιάζω
577 387 638 414 καὶ
650 383 843 423 δουλαγωγῶ.

154 434 340 472 ὄπωπιάξειν
361 433 524 475 significat
547 434 685 465 tundere
708 434 750 465 ad
773 433 912 465 livorem
925 445 1042 476 usque.

73 479 163 514 Remi
185 486 252 509 mun
275 479 353 508 einen
373 477 508 514 immitit,
541 479 604 508 orer
629 477 760 515 streictyet,
789 478 846 508 bue
870 478 943 516 jtnne
968 479 1042 511 stri&

72 529 133 557 nen
152 518 330 558 uufflauffen.
378 518 516 549 ὑπώπιον
540 525 591 550 est
613 517 709 557 livor,
732 519 787 551 vel
810 520 918 551 vibex.
964 519 1043 551 Par-

70 569 121 598 tes
142 567 302 593 contusae
325 561 404 593 fiunt
427 561 557 592 lividae.
593 561 686 596 Quae
707 568 759 593 est
783 562 866 593 ratio
880 563 1044 604 Physica?

30 636 39 642 ,
69 605 153 642 Quia
184 605 321 646 sanguis
357 605 520 635 excutitur
553 614 594 635 ex
627 605 770 645 propriis
800 604 902 644 locis,
938 612 968 637 et
999 606 1044 636 ibi

67 647 239 690 putrescit,
263 647 326 678 nisi
349 647 462 678 redeat
480 657 557 678 mox
576 647 619 678 ad
637 646 714 678 loca
727 649 871 688 propria.
906 647 1042 680 Contra.

221 707 360 746 Sanguis
381 707 472 738 cedit.

221 751 309 789 Eryo
331 759 394 781 non
417 752 557 789 erumpit
577 750 784 782 verberando.

151 816 363 858 Respondeo.

65 860 201 903 proprio
224 861 266 892 ad
289 859 440 891 alienum.
487 860 710 891 Percussione
738 862 836 903 igitur
857 860 991 902 pellitur
1012 862 1045 892 in

65 903 194 936 vicinas
216 908 341 944 parteS,
364 908 398 933 et
420 903 464 934 ibi
487 902 720 944 conglobatur.
752 910 785 934 et
807 905 834 934 si
857 905 978 936 diutius
1000 904 1045 935 ibi

67 946 232 983 consistit,
255 946 388 976 tandem
410 946 553 986 putrefit.
583 945 618 976 ln
643 946 825 977 tumoribus
848 951 946 984 (menn
971 947 1046 978 einer

65 989 147 1021 einen
169 988 263 1021 sseuel
286 988 414 1029 geitoffen
439 991 500 1026 tun)
524 989 734 1029 praecipitur,
764 995 800 1019 ut
822 990 933 1020 statim
955 988 1046 1020 adhi-

65 1031 135 1063 bito
168 1029 258 1062 ferro
288 1031 510 1072 supprimatur
543 1037 651 1062 tumor
683 1029 770 1062 ille:>
790 1030 873 1063 Tum
906 1032 1045 1073 sanguis

64 1075 151 1106 redit
172 1074 215 1105 ad
227 1083 322 1105 suum
341 1073 463 1112 locum,
489 1074 573 1109 Quia
586 1073 729 1104 nondum
753 1072 841 1105 facta
864 1080 915 1105 est
926 1085 1046 1115 magna

64 1117 212 1148 mutatio.
259 1116 403 1157 Sanguis
421 1117 567 1148 nondum
588 1116 698 1148 factus
721 1122 771 1147 est
794 1117 944 1153 densior3
967 1127 1046 1148 non-

64 1159 142 1191 dum
165 1158 288 1191 factum
311 1166 363 1190 est
394 1158 580 1201 coagulum.
637 1158 700 1189 Sed
733 1159 762 1189 si
790 1169 884 1190 mora
912 1159 1046 1202 longior

63 1202 261 1239 intercedat,
286 1201 321 1232 fit
342 1200 550 1242 putrefactio.

420 815 564 860 Sanguis
600 817 703 856 cedit,
736 817 867 850 scilicet
900 819 940 850 de
967 817 1044 851 loco

152 1261 209 1293 Sic
231 1261 331 1303 igitur
353 1261 431 1292 dicit
454 1260 595 1292 Paulus:
631 1262 697 1299 Eyo
719 1263 854 1301 srtqyillo
876 1261 1044 1299 ὑπωπιάζω

63 1314 170 1336 meum
191 1314 318 1344 corpus,
342 1304 374 1335 id
397 1309 462 1341 est,
485 1305 609 1335 duriter
620 1303 734 1341 tundo,
758 1310 793 1335 ut
806 1304 1044 1342 fiattumfflum,

64 1353 98 1379 et
119 1345 260 1378 lividum.
318 1346 487 1388 Significat
517 1356 627 1377 acrem
659 1346 881 1385 intentionem,
917 1353 948 1378 et
976 1345 1045 1378 dili-

65 1390 210 1431 gentiam
230 1389 263 1420 in
287 1388 505 1420 cohercendis
518 1389 685 1425 membris,
710 1389 774 1419 imo
798 1390 898 1420 etiam
920 1390 956 1420 in'
978 1390 1046 1420 ani-

63 1442 193 1463 morum
215 1432 336 1472 impetu
359 1430 554 1462 cohibendo.
590 1431 806 1462 Commendat
828 1433 927 1472 igitur
948 1432 1046 1463 nobis

64 1483 128 1505 suo
162 1472 314 1515 exemplo
348 1472 548 1514 diligentiam
582 1474 615 1504 in
645 1474 791 1514 regenda
813 1473 1045 1511 Locomotiva,

65 1523 98 1548 et
120 1515 291 1547 frenandis
318 1517 464 1547 motibus
487 1515 789 1548 vehementioribus
813 1517 929 1547 animi:
961 1518 1046 1548 sicut

63 1557 142 1590 alibi
165 1559 282 1600 inquit:
306 1560 475 1590 Ambulare
496 1564 654 1598 accurate,
683 1569 747 1590 non
768 1564 806 1590 ut
821 1562 920 1599 fami.
955 1559 1044 1600 Ἀκρι-

62 1602 128 1642 βῶς
149 1601 207 1639 ait,
228 1610 293 1632 non
316 1606 353 1632 ut
375 1601 449 1641 ipso
473 1599 596 1639 habitu,
632 1608 742 1643 gestu,
776 1603 921 1639 incessu,
957 1603 1046 1633 voci·

63 1642 245 1682 seratione,
287 1642 562 1674 familiaritatibus
600 1654 778 1684 pravorum
818 1643 1044 1676 sodalitiorum

64 1687 259 1718 ostendatur
281 1686 442 1727 impietas,
465 1692 498 1717 et
522 1692 732 1727 contemptus
755 1687 830 1718 Dei.

151 1746 252 1776 Addit
284 1746 383 1787 igitur
405 1746 541 1777 verbum
565 1745 758 1786 δουλαγωγῶ,
792 1747 825 1777 id
849 1752 916 1785 est,
946 1757 1044 1788 cogo,

63 1794 100 1821 ut
121 1789 238 1820 mentis
272 1788 392 1819 iudicio
414 1789 641 1829 obtemperent
676 1800 746 1827 cor,
779 1787 909 1831 lingua,
945 1788 1043 1827 oculi,

64 1837 97 1863 et
130 1837 261 1863 caetera
295 1831 450 1862 membra.
504 1830 546 1862 Et
568 1838 619 1862 est
648 1831 832 1871 δουλαγωγιά
861 1833 935 1870 ista,
968 1832 1043 1863 effe-

64 1880 140 1906 ctus
163 1873 250 1905 illius
275 1874 514 1914 castigationis,
539 1874 769 1912 cicurationis,
801 1873 853 1906 vel
877 1875 1042 1905 contusio-

63 1918 127 1955 nis,
151 1927 236 1958 quae
258 1916 453 1957 praecessit.
490 1915 592 1947 Scitis
616 1918 724 1948 omnia
754 1918 949 1948 inconsueta
980 1917 1042 1948 efl'e

64 1958 227 1997 difficilia,
261 1960 346 1990 sicut
375 1959 505 1989 dicebat
533 1957 589 1990 ille
612 1961 828 1991 concionator
851 1959 1041 1991 Heidelber-

65 2003 200 2044 gensis:
228 2003 330 2039 Quem
349 2006 399 2033 est
419 2003 611 2041 deiffeicile?
648 2003 818 2034 cbnsneita
830 2005 1041 2042 reilenquere.

63 2045 146 2077 Erat
167 2047 306 2076 Sues-us,
354 2044 580 2075 pronuntiatio
604 2052 673 2076 erat
703 2045 860 2077 absurda.
905 2046 972 2077 Sed
997 2047 1041 2076 di-

64 2094 153 2120 ctum
175 2088 281 2129 ipsum
305 2092 356 2117 est
380 2087 511 2118 bonum.
557 2086 647 2119 Haec
678 2087 856 2119 difficultas
880 2089 1041 2120 vincenda

63 2137 115 2162 est
138 2128 399 2162 assuefactione:
456 2130 573 2160 Omnia
598 2131 676 2161 liunt
704 2129 873 2169 faciliora,
908 2132 1040 2172 quando

64 2173 273 2206 consuetudo
296 2172 444 2209 accedit,
475 2182 559 2213 quac
582 2171 661 2204 facit
688 2173 843 2205 habitum-
890 2173 952 2209 Qui
976 2185 1042 2205 non

63 2223 117 2248 est
139 2214 350 2247 assuefactus
373 2214 415 2245 ad
438 2213 584 2252 labores,
607 2217 635 2246 ei
658 2217 766 2247 onmia
789 2222 865 2247 sunt
888 2216 1040 2248 difficilia.

62 2257 194 2290 Rursus
230 2259 261 2289 ui
284 2268 322 2289 se
334 2256 514 2288 assuefecit
538 2258 579 2287 ad
601 2257 735 2300 aliquid,
759 2260 830 2290 sive
853 2260 895 2290 sit
920 2261 1041 2291 bonum

62 2301 137 2332 sive
158 2312 210 2332 ma
228 2312 292 2337 um,
315 2299 371 2331 ille
394 2298 490 2331 facile
514 2310 583 2330 rem
606 2302 748 2341 expedit.
784 2301 847 2337 Qui
869 2312 907 2333 se
926 2312 1041 2334 assue-

63 2341 142 2379 fecit
174 2345 216 2375 ad
249 2343 514 2384 temperantiam,
559 2341 603 2373 illi
638 2342 735 2375 facile
776 2350 827 2375 est
860 2346 1039 2376 abstinere.

63 2385 128 2421 Qui
151 2386 192 2417 ad
217 2386 396 2427 potandum
419 2395 457 2415 se
479 2384 672 2423 assuefecit,
700 2387 728 2417 is
751 2385 849 2418 facile
872 2386 976 2419 fertur
997 2389 1039 2419 ad

61 2427 352 2470 ingurgitationes.
397 2427 474 2459 ldeo
497 2428 634 2459 dicitur:
655 2431 812 2461 Malorum
834 2440 944 2462 rernm
967 2441 1039 2462 con-

62 2473 198 2503 suetudo
215 2475 360 2511 pessima
388 2476 446 2502 εει.
491 2470 704 2512 Significatur
732 2473 831 2513 igitur
860 2471 1039 2505 difficultas

61 2513 188 2555 primae
209 2512 510 2545 assuefactionisin
523 2514 627 2545 verbo
648 2513 826 2553 ὑπωπιάζω,
849 2526 933 2557 quae
951 2526 1038 2555 cum,

46 2565 131 2598 -non
153 2556 225 2587 sine
249 2556 439 2594 certamine,
473 2557 562 2587 victa
584 2562 616 2588 et
638 2563 794 2599 superata
817 2563 887 2597 est,
920 2565 1040 2599 postea

63 2598 215 2641 sequitur
237 2597 437 2638 δουλαγωγία,
455 2599 601 2641 quando
631 2600 779 2632 membra
806 2606 944 2634 externa
964 2611 1039 2643 pro-

1182 342 1337 374 Monachi
1371 342 1609 375 transtulerunt
1642 344 1706 375 hoc
1740 345 1833 376 Pauli
1872 347 1992 377 dictum
2031 346 2074 377 ad

1095 387 1230 418 umbras
1253 386 1539 424 Ceremonharum,
1574 393 1606 417 et
1628 387 1868 420 simulationem
1897 389 2073 423 torvitatis,

1096 435 1129 459 et
1162 428 1396 460 lacerationem
1426 430 1645 460 membrorum
1670 431 1830 471 corporis,
1865 438 1899 462 ut
1923 430 2074 473 Flagelli-

1096 470 1157 502 feri
1179 470 1257 502 olim
1280 472 1392 513 vagati
1415 477 1502 509 sunt,
1536 479 1567 502 et
1601 472 1709 502 adhuc
1738 474 1768 503 in
1794 473 1950 514 Hispania
1975 474 2074 505 certis

1096 515 1299 555 temporibus
1323 513 1407 545 tales
1431 515 1677 553 conducuntur,
1706 516 1760 556 qui
1785 515 1927 558 flagellis
1952 526 2074 556 corpus

1095 555 1282 588 lacerantes
1317 555 1427 588 fucum
1461 555 1586 588 faciunt
1613 556 1809 589 hominibus.
1862 560 1925 590 Sed
1949 558 2074 590 Paulus

1096 598 1241 641 loquitur
1264 600 1306 631 de
1328 601 1424 631 seriis
1447 600 1610 631 exercitiis
1623 600 1778 631 virtutum
1801 602 2075 640 necessariarum,

1096 643 1128 673 in
1152 643 1270 684 quibus
1295 642 1330 673 fit
1355 653 1427 674 cum
1440 641 1557 673 dolore
1569 641 1680 684 aliquo
1705 645 1873 684 repressio
1887 643 2074 682 affectuum,

1097 693 1129 716 et
1153 686 1346 727 gubernatio
1370 684 1574 726 disciplinae.
1611 685 1653 716 Ut
1677 697 1750 717 cum
1768 697 1834 717 non
1857 687 1929 717 sine
1952 687 2077 727 ingenti

1096 726 1186 759 lucta
1215 735 1247 759 et
1271 734 1390 759 conatu
1413 727 1561 759 franatur
1583 728 1642 766 ira,
1675 729 1806 767 invidia,
1839 729 1958 766 odium,
1988 730 2076 770 cupi-

1098 771 1182 802 ditas
1223 771 1397 802 vindictae.
1464 771 1506 801 Et
1544 770 1629 802 haec
1670 778 1721 802 est
1755 782 1834 802 vera
1867 772 2076 803 mortificatio

1098 814 1220 850 carnis,
1245 823 1332 854 quae
1354 814 1451 845 debet
1474 823 1551 845 esse
1574 814 1720 852 assidua,
1756 815 1841 846 sicut
1863 814 1941 846 alibi
1966 815 2076 856 copio-

1099 858 1168 888 sius
1192 856 1269 888 alibi
1293 857 1463 898 copiosius
1487 857 1614 887 dicitur.

1217 1068 1438 1100 DOMlNlCA
1460 1068 1526 1100 llll.
1573 1068 1685 1100 POST
1707 1068 1956 1101 ΕΡΙΡΗΑΝῙΑ.

1404 1162 1554 1204 Evang.
1577 1161 1719 1194 Matth.
1742 1162 1773 1194 S.

1300 1310 1364 1350 De
1395 1311 1591 1352 Navicula
1622 1311 1880 1366 periclitante.

1097 1446 1298 1488 Ecclesiae
1349 1447 1484 1501 imago
1535 1447 1739 1501 proposita
1796 1447 1837 1487 in
1891 1447 2076 1488 navicula

1513 1523 1671 1564 Christi.

1183 1657 1337 1688 Narratio
1371 1658 1435 1688 ista
1456 1655 1660 1699 Evangelica
1695 1662 1747 1688 est
1778 1657 1907 1698 pictura
1937 1656 2078 1689 horribi-

1097 1699 1174 1732 lium
1198 1700 1429 1732 confusionum
1451 1705 1483 1731 et
1500 1701 1705 1732 miseriarum
1729 1701 1759 1730 in
1775 1710 1898 1741 genere
1919 1699 2076 1739 humano,

1098 1750 1130 1774 et
1163 1744 1196 1775 in
1230 1743 1395 1774 Ecclesia.
1451 1742 1639 1778 Quassatur
1673 1744 1811 1784 cymba,
1853 1749 1886 1774 et
1922 1742 2076 1775 Christus

1097 1787 1225 1817 dormit.
1281 1784 1437 1826 Apostoli
1477 1796 1543 1817 non
1577 1785 1699 1816 habent
1733 1792 1858 1816 tantam
1891 1786 2007 1824 fidem,
2041 1793 2077 1818 ut

1097 1834 1233 1869 sperent
1257 1839 1294 1860 se
1317 1827 1446 1860 futuros
1469 1827 1666 1866 incolumes,
1689 1829 1751 1859 nisi
1765 1829 1908 1859 excitato
1921 1827 2076 1860 Domino.

1096 1871 1267 1907 Quaerunt
1300 1870 1458 1902 auxilium
1491 1871 1612 1902 fiducia
1645 1870 1788 1910 carnali,
1830 1872 1916 1903 sicut
1956 1871 2076 1903 milites

1095 1915 1261 1956 Scipionis
1278 1916 1435 1956 putabant
1451 1924 1488 1944 se
1511 1920 1600 1945 tutos
1618 1925 1695 1945 esse
1713 1920 1888 1954 praesente
1909 1913 1973 1946 hoc
1991 1915 2077 1946 (luce

1096 1968 1167 1989 suo.
1225 1958 1282 1989 Sic
1318 1968 1380 1988 nos
1403 1957 1604 1997 trepidamus
1626 1957 1658 1988 in
1684 1956 1935 1996 calamitatibus,
1972 1958 2076 1999 respi-

1096 2001 1200 2032 cimus
1224 2001 1266 2031 ad
1290 1999 1443 2038 visibilia,
1462 2006 1493 2030 et
1518 1999 1665 2030 carnalia
1687 1999 1862 2042 praesidia.
2056 2015 2060 2020 .

1181 2043 1311 2074 interim
1345 2053 1486 2084 magnae
1519 2043 1640 2084 ubique
1674 2049 1705 2074 et
1738 2053 1860 2074 saevae
1893 2049 1969 2074 sunt
1997 2050 2076 2075 tem-

1094 2092 1252 2127 pestates.
1293 2085 1403 2117 Turca
1427 2086 1509 2128 gerit
1534 2085 1656 2116 bellum
1679 2087 1845 2117 adversus
1869 2093 2017 2124 sanctos,
2041 2092 2077 2118 ut

1096 2127 1215 2160 Daniel
1248 2129 1418 2169 praedixit.
1482 2127 1636 2169 Papistae
1677 2128 1757 2160 nihil
1791 2130 1934 2171 cogitant
1972 2128 2075 2168 aliud,

1095 2183 1192 2213 quam
1234 2172 1276 2207 de
1309 2170 1581 2210 Evangelicarum
1626 2171 1850 2203 Ecclesiarum
1899 2172 2073 2204 deletione.

1095 2214 1182 2246 lnter
1209 2225 1271 2246 nos
1301 2220 1351 2245 est
1380 2214 1515 2245 multum
1549 2215 1776 2246 intestinorum
1811 2215 2031 2252 dissidiorum,
2054 2225 2074 2246 a

1095 2259 1214 2299 quibus
1248 2256 1323 2299 plus
1365 2258 1542 2289 timendum
1575 2264 1643 2295 est,
1688 2269 1785 2300 quam
1825 2259 1866 2288 ab
1908 2257 2071 2289 hostibus,

1094 2299 1304 2332 Dis-sentiunt
1337 2301 1421 2331 inter
1454 2311 1492 2331 se
1516 2301 1698 2342 principes,
1732 2306 1763 2332 et
1792 2306 1868 2332 sunt
1891 2308 2072 2342 perpetuae

1094 2344 1184 2375 rixae
1207 2343 1448 2385 theologorum.

1179 2385 1334 2418 Christus
1368 2387 1510 2418 dormire
1532 2387 1672 2424 videtur,
1707 2387 1765 2417 sed
1789 2386 1884 2417 adest
1906 2392 2016 2419 tamen
2038 2388 2071 2418 in

1092 2430 1232 2472 Cymba,
1256 2440 1321 2460 non
1345 2429 1467 2460 deserit
1487 2428 1682 2467 Ecclesiam,
1705 2436 1817 2460 servat
1838 2439 1922 2468 eam,
1944 2430 2071 2461 etiamsi

1091 2471 1182 2505 nulla
1205 2473 1271 2503 sint
1294 2472 1437 2503 humana
1471 2473 1646 2513 praesidia.
1703 2472 1874 2503 Succurrit
1902 2472 2070 2505 imbecilli·

1092 2516 1150 2548 tati
1173 2513 1431 2556 Discipulorum,
1454 2515 1530 2545 sinit
1554 2525 1590 2545 se
1611 2515 1745 2545 excitari
1769 2525 1788 2546 e
1810 2525 1939 2547 somno.

1178 2557 1270 2589 Haec
1293 2558 1418 2599 imago,
1451 2557 1491 2588 ad
1517 2558 1788 2598 gubernationem
1821 2563 1854 2590 et
1889 2568 2068 2590 conserva·

1090 2602 1213 2634 tionem
1235 2599 1411 2633 Ecclesiae
1444 2601 1586 2632 omniurn
1619 2606 1803 2642 temporum
1836 2599 1934 2633 facile
1956 2607 2068 2643 potest
