2324 2958
50 315 72 338 a
88 304 174 337 Deo.
217 300 341 334 Paulus
354 299 408 333 hic
420 299 521 332 utitur
532 296 635 329 verbo
656 295 761 334 ἐτύθη,
777 297 938 326 mactatus
959 296 1018 325 est.

50 348 208 381 Nostrum
230 343 360 377 Pascha
387 348 439 374 est
466 342 529 373 iam
556 344 768 381 perpetuum:
802 336 892 379 Ergo
921 337 1019 368 debe-

53 400 126 423 mus
149 397 335 430 expurgare
357 391 452 417 vetus
475 382 683 420 fermentum,
705 389 783 412 esse
806 379 921 421 azymi.

137 431 247 471 Itaque
268 429 441 471 epulemur.

135 473 198 506 Est
223 471 406 514 imperativi
441 468 545 506 modi,
579 474 776 509 quamquam
809 473 876 496 vox
908 468 1019 495 mutuo

53 528 125 550 sum
150 522 183 548 ta
216 521 267 547 est
300 525 320 546 a
353 511 561 545 coniunctivo
583 508 697 541 modo:
731 507 766 538 ln
801 507 933 538 Graeco
968 511 1020 537 est

51 561 242 602 ἑυρταζωμεν,
260 557 294 589 id
312 561 373 595 est,
390 554 511 587 festum
533 550 747 584 celebremus.
792 549 827 580 Id
845 548 934 581 aliud
957 555 1020 587 est,

75 612 150 635 uam
172 599 362 642 epulemur;
385 598 445 630 sed
469 603 577 628 tamen
600 592 757 625 Germani
768 592 874 624 nostri
897 592 948 623 sic
971 601 1021 622 ce·

66 645 182 677 ebrant
199 643 287 675 festa
309 651 382 680 sua,
403 646 440 673 ut
462 639 605 671 tribuant
626 634 682 668 illa
706 635 824 677 epulis,
855 640 889 665 et
910 633 1020 666 ludaei

50 692 121 720 toto
149 685 202 718 die
224 685 362 717 Sabbati
392 684 515 715 ducunt
541 680 713 712 choraeas.
768 676 852 719 ἑορτή
877 683 953 729 =est,
987 682 1023 708 ut

51 738 116 771 ego
138 729 301 765 existimo,
322 737 343 759 a
365 727 451 769 ῥέζω,
473 724 506 756 id
529 728 592 761 est,
614 721 781 763 saffifico:
803 725 897 761 ὲοριη,
918 722 1022 751 sacri-

49 772 161 814 ficatIo
182 771 224 802 ab
248 771 346 812 ἔοργα,
368 767 562 810 sacrificavi.
615 765 819 806 Quamquam
843 772 944 803 saepe
967 771 1022 793 co-

52 814 155 856 gitavi
178 822 256 844 esse
278 813 321 843 ab
344 811 418 852 ὅρω,
441 820 461 841 a
486 808 762 850 congregatione,
785 806 938 843 coitione,
962 814 1023 836 seu

52 855 291 888 coniunctione.
347 853 413 885 Sed
447 852 572 883 retineo
600 851 744 892 priorem
772 846 1023 890 Etymologiam.

51 897 124 929 Hoc
156 897 255 938 igitur
288 892 357 926 vult
390 893 537 925 Paulus:
575 894 766 924 celebremus
795 894 925 931 sescum,
958 898 1025 920 non

51 939 143 971 dicit:
166 936 349 979 epulemur:
383 936 541 967 debemus
573 940 734 975 perpetuo
768 932 940 965 celebrare
961 930 1026 961 hoc

50 980 181 1014 festum.
222 979 306 1015 Quia
329 988 444 1010 sumus
465 977 575 1009 vocati
597 977 639 1008 ad
662 986 781 1007 novam
804 980 836 1006 et
859 979 1026 1005 aeternam

50 1024 165 1056 vitam:
187 1022 299 1055 Debet
320 1020 377 1053 illa
395 1026 511 1052 natura
533 1018 656 1051 infecta
679 1024 711 1050 et
727 1018 878 1049 demersa
894 1017 927 1047 in
950 1025 1026 1057 pec-

51 1072 181 1104 eatum,
223 1063 432 1102 mortificari,
477 1069 509 1093 ct
549 1062 694 1093 eminere
727 1066 759 1092 et
792 1060 926 1091 vincere
960 1057 1027 1089 vita

51 1107 243 1150 spiritualis.

137 1150 224 1186 Quid
246 1155 298 1181 est
324 1147 444 1181 festum
475 1145 668 1178 celebrare?
718 1145 827 1176 Hei-⁹1⁸
853 1152 925 1175 zum
947 1142 1027 1174 wein

48 1195 160 1234 ychen,
194 1193 350 1224 einander
381 1192 547 1229 schlalzen,
580 1189 631 1220 vol
661 1189 730 1219 und
759 1189 805 1219 tol
824 1187 909 1224 sein,
942 1186 1027 1217 umb-

50 1234 191 1276 ltmffen2
247 1234 350 1265 Estne
372 1231 493 1263 festum
516 1230 704 1268 celebrare,
736 1227 908 1271 indulgere
936 1228 1026 1266 vino,

51 1277 208 1315 helluari,
241 1276 356 1318 vagari
389 1275 420 1305 in
450 1273 589 1315 plateis,
627 1271 793 1303 insanire?
847 1269 1026 1302 Celebrare

49 1318 188 1357 festum,
221 1324 273 1350 est
305 1317 515 1349 sanctificare
549 1316 742 1353 sabbatum,
774 1315 861 1346 sicut
893 1314 1026 1345 dicitur:

50 1362 233 1405 Septimum
255 1361 340 1393 diem
363 1359 563 1392 sanctifices.

153 1526 263 1577 Quid
295 1531 356 1565 est
385 1525 483 1565 hoc:
515 1528 725 1567 Sanctificare
746 1527 931 1560 sabbatum?

136 1615 198 1647 Est
216 1616 393 1648 convenire
427 1614 469 1645 ad
504 1619 618 1645 coetus
641 1611 804 1654 publicos,
833 1612 948 1644 audire
974 1621 1028 1643 vo-

0 1687 1 1690 ,
53 1669 127 1691 cem
150 1657 334 1701 Evangelii,
363 1658 486 1689 addere
508 1657 762 1693 invocationem,
795 1656 1030 1696 precationem,

0 1697 1 1738 f
51 1701 230 1744 gratiarum
253 1701 426 1738 actionem,
451 1697 710 1734 confessionem3
739 1708 935 1740 quamquam
959 1704 1029 1729 tota

0 1955 4 1990 i

51 1744 120 1776 vita
140 1750 254 1776 nostra
277 1744 374 1775 debet
396 1752 474 1774 esse
496 1740 677 1773 confessio.

139 1786 232 1819 Haec
250 1787 357 1817 omnia
380 1783 475 1816 simul
498 1783 728 1825 complectitur
749 1784 886 1815 verbum
908 1786 1027 1815 sancti-

50 1830 162 1869 ficare,
185 1827 350 1866 videlicet,
372 1829 484 1859 audire
506 1828 642 1859 verbum
666 1825 741 1864 Dei,
765 1835 867 1868 agere
890 1826 1027 1867 gratiaS,

51 1878 167 1914 petere
189 1871 298 1902 omnia
330 1870 551 1908 neccessaria,
585 1879 769 1911 agnoscere
803 1869 899 1899 istum
930 1869 1026 1899 domi-

0 1917 2 1948 ξ
51 1923 130 1947 num
164 1918 380 1956 regnantem,
424 1911 616 1950 efficacem,
656 1911 819 1943 volentem
863 1909 1026 1952 opitulati,

51 1962 195 1988 stantem
226 1966 337 1989 coram
369 1961 502 1986 aeterno
525 1954 640 1992 Patre,
671 1953 932 1996 interpellantem
965 1963 1027 1995 pro

0 2008 3 2020 ¹
52 2000 162 2037 nobis,
180 2004 213 2030 et
236 1997 331 2030 simul
356 2003 579 2029 conterentem
602 2004 700 2039 caput
717 1996 860 2028 Diaboli.

138 2041 262 2073 Eadem
287 2040 618 2082 comprehenduntur,
645 2050 719 2071 cum
742 2040 861 2071 dicitur
882 2040 923 2071 de
944 2038 1028 2071 cele-

52 2084 203 2117 bratione
226 2081 312 2122 festi,
337 2093 421 2124 quae
444 2083 543 2113 debet
566 2091 641 2113 esse
663 2082 807 2114 assidua.
859 2082 895 2113 ld
917 2088 1027 2114 monet

53 2136 121 2159 vox
144 2127 284 2158 Graeca.
340 2126 423 2157 Nam
445 2124 528 2166 έορτή
556 2130 608 2156 est
634 2131 771 2157 sanctae
799 2126 848 2157 rei
866 2126 1025 2166 operatio.

53 2169 133 2202 Inde
160 2168 304 2209 ἑορτάζειν
337 2167 449 2200 facere
482 2176 584 2209 opera
612 2177 728 2206 sacra,
761 2168 875 2200 audire
909 2178 1026 2200 vocem

53 2210 237 2254 Evangelii,
270 2211 408 2243 accendi
431 2210 507 2242 luce
540 2217 572 2241 et
594 2219 696 2242 sensu
729 2211 958 2251 poenitentiae,
993 2217 1027 2243 et

55 2255 120 2287 fide
141 2255 293 2296 accipere
315 2254 545 2285 remissionem
567 2258 793 2294 peccatorumz
828 2254 950 2286 addere
979 2255 1027 2284 in-

55 2298 271 2335 vocationes,
306 2297 485 2338 gratiarum
508 2296 672 2335 actiones,
705 2302 816 2336 petere
837 2298 1027 2328 necessaria

54 2341 143 2372 vitae
161 2340 308 2381 privatae
322 2346 354 2371 et
372 2337 541 2379 publicae;
564 2338 776 2370 considerare
793 2337 869 2370 illas
886 2349 1025 2382 magnas

0 2377 6 2414 ¹.
55 2383 167 2415 ruinas
190 2382 285 2414 huius
309 2381 446 2419 saec-uli,
469 2387 501 2412 et
524 2387 636 2422 petere
659 2380 891 2414 defensionem.

141 2424 224 2457 Cum
256 2425 345 2456 addit
374 2423 514 2455 Paulus:
547 2425 617 2456 Non
649 2427 683 2455 in
719 2426 882 2463 fermento
912 2428 1024 2463 veteri,-

56 2467 122 2499 hoc
140 2467 229 2498 dicit:
247 2477 289 2499 ne
300 2468 472 2504 maneatis,
495 2465 610 2508 quales
622 2472 719 2497 antea
729 2465 855 2505 fuistis,
877 2467 908 2498 in
932 2466 1026 2498 malis

56 2510 263 2551 opinionibus
297 2517 329 2541 et
359 2510 601 2550 cupiditatibus.
656 2510 778 2549 Neque,
812 2512 845 2541 in
867 2512 1028 2549 fermento

56 2554 204 2584 malinae.
247 2553 336 2584 κακόν
368 2555 417 2583 καὶ
449 2551 578 2593 πονηρὸν
611 2552 687 2593 quid
721 2551 893 2584 differunt?
928 2552 1028 2591 κακὸν,

56 2595 222 2637 siguificat
242 2596 396 2637 ignavum
420 2601 451 2626 et
474 2594 610 2632 malum,
639 2600 810 2635 peccatum
840 2595 1026 2626 omissionis

57 2644 91 2669 ct
111 2638 370 2670 commissionis:
395 2643 445 2675 ut,
473 2636 638 2669 Honorius
662 2643 711 2668 est
740 2636 844 2676 κακδς,
877 2641 930 2670 etn
954 2640 1030 2678 saul

210 2696 357 2716 Q'l’ll.
371 2696 451 2716 optut,
467 2697 529 2716 VOL.
545 2695 621 2715 XXIV.

730 196 947 236 POSTlLLA
968 198 1361 233 MELANTHONIANA.

1979 196 2044 230 690

1070 294 1155 332 Man,
1187 293 1257 325 tlme
1287 294 1408 325 nickts:
1450 291 1550 323 habet
1583 298 1721 333 peccata
1753 292 1959 330 omissionis,
1993 297 2045 323 aet

1070 336 1211 377 ignavus
1233 335 1266 365 in
1289 335 1537 376 gubernatione.
1592 334 1797 367 Domitianus
1829 341 1881 366 est
1907 333 2043 375 πονηρὸς,

1071 381 1123 410 ein
1145 378 1356 409 Heidnisclier
1377 379 1504 416 listiyer
1525 377 1661 409 schalck.
1696 377 1770 409 Non
1794 377 1900 409 dicam
1922 377 1963 408 de
1981 377 2045 408 Ne-

1071 430 1165 458 rone,
1187 418 1352 462 Caligula,
1375 419 1430 460 qui
1457 428 1524 450 non
1547 424 1689 460 possunt
1718 419 1799 451 satis
1827 419 1970 451 describi
1992 419 2045 451 his

1071 460 1256 495 vocabulis.

1158 503 1280 536 Paulus
1312 503 1383 536 vult
1415 513 1477 535 nos
1511 504 1705 545 expurgari,
1739 514 1780 535 ne
1814 505 1917 536 simus
1951 506 2046 544 κακοὶ,

1071 546 1148 579 mali
1171 554 1204 579 et
1226 547 1354 590 ignavi;
1382 547 1481 578 etiam
1511 556 1553 577 ne
1572 547 1673 577 simus
1696 549 1835 587 πονηροὶε
1864 547 1895 577 id
1919 552 1980 585 est,
2013 552 2047 578 ut

1071 589 1250 622 habeamus
1281 589 1403 622 delicta
1436 595 1551 620 contra
1575 588 1821 627 conscientiam,
1852 599 1913 620 seu
1934 594 1969 620 ut
1992 589 2047 620 do-

1072 631 1231 665 lectemur
1249 632 1432 665 sceleribus
1455 636 1570 663 contra
1589 631 1834 662 conscientiam.
1879 631 1968 667 κακὸς
1990 641 2048 672 po-

1073 682 1137 707 test
1160 686 1238 708 esse
1259 676 1302 714 is,
1319 675 1374 717 qui
1397 673 1576 706 nonhabet
1598 672 1718 705 delicta
1742 679 1858 705 contra
1877 673 2046 705 conscien-

1073 719 1162 757 tiam,
1186 728 1382 760 quamquam
1405 716 1557 749 affectata
1581 717 1716 748 omissio
1739 716 1835 747 etiam
1858 722 1910 747 est
1934 721 2049 747 contra

1074 762 1321 793 conscientiam.

1159 803 1247 834 Ἀλλὰ
1269 806 1298 834 ἐν
1320 802 1467 842 ἀζύμοις]
1523 800 1593 833 vult
1623 811 1685 833 nos
1719 800 1891 833 celebrare
1929 800 2049 832 festum

1074 847 1109 878 in
1126 850 1245 887 azymis
1267 849 1462 878 sinceritate}
1484 849 1516 877 et
1537 845 1691 877 veritatis.

1260 1008 1369 1059 Quid
1399 1014 1521 1049 vocat
1549 1017 1681 1054 azymos
1702 1011 1865 1044 veritates?

1163 1099 1210 1130 lta
1243 1105 1342 1130 vocat
1374 1109 1488 1130 veram
1521 1098 1719 1136 doctrinam,
1753 1098 1935 1139 oppositam
1958 1096 2052 1130 falsis

1078 1142 1297 1183 opinionibus.
1357 1140 1489 1173 Veritas
1529 1147 1580 1172 est
1612 1151 1692 1172 vera
1732 1141 1862 1179 notitia,
1901 1142 2054 1182 opposita

1079 1183 1172 1216 talsis
1207 1185 1426 1225 opinionibus.
1489 1182 1568 1215 Vult
1608 1184 1738 1215 dicere:
1779 1183 1851 1215 Vos
1892 1181 2053 1215 habuistis

1078 1227 1169 1268 prius
1193 1226 1404 1268 phantasiaS,
1438 1227 1525 1268 quod
1548 1227 1614 1257 sint
1637 1225 1727 1257 multi
1751 1226 1806 1264 dii,
1839 1225 1923 1257 alius
1946 1226 2054 1258 Vene-

1079 1280 1165 1309 rem,
1198 1269 1281 1301 alius
1316 1269 1473 1307 Martem,
1506 1269 1592 1300 alius
1626 1269 1781 1300 Iunonem
1816 1267 1935 1306 eoluit3
1968 1270 2054 1301 sicut

1078 1313 1184 1344 nostri
1205 1312 1367 1350 homines,
1391 1310 1475 1343 alius
1497 1311 1640 1351 Annam,
1662 1317 1698 1343 ut
1720 1311 1814 1343 fieret
1837 1312 1945 1343 dives:
1968 1310 2053 1343 alius

1078 1355 1271 1393 Barbaram,
1294 1355 1459 1393 fortassis,
1487 1356 1563 1396 quia
1584 1356 1715 1386 amabat
1744 1353 1885 1395 puellam
1909 1355 1972 1385 isto
1995 1365 2054 1386 no-

1078 1399 1180 1430 mine:
1214 1396 1297 1429 alius
1327 1397 1526 1439 Georgium,
1560 1403 1596 1429 ut
1628 1404 1719 1429 esset
1751 1395 1830 1428 felix
1863 1397 1895 1428 in
1929 1396 2054 1429 militia.

1078 1439 1243 1482 Deponite
1266 1450 1346 1482 ergo
1368 1441 1454 1471 istos
1487 1436 1628 1472 furores.
1685 1441 1740 1472 Sic
1775 1441 1816 1471 de
1839 1441 1979 1471 caeteris
2002 1450 2052 1472 er-

1078 1484 1228 1521 roribus3
1261 1482 1383 1524 singuli
1415 1482 1575 1514 habemus
1607 1481 1743 1515 multum
1772 1490 1929 1514 erromm.
1974 1481 2053 1514 lllos

1079 1525 1233 1568 paulatim
1256 1526 1414 1557 debemus
1438 1526 1614 1567 deponere.

1165 1568 1372 1604 Quaeramus
1411 1567 1519 1599 fontes
1559 1568 1729 1600 doctrinae
1774 1568 1815 1599 de
1857 1566 1939 1600 Filio
1979 1567 2054 1607 Dei,

1079 1621 1303 1653 agnoscamus
1340 1611 1428 1643 hunc
1462 1610 1581 1649 filium,
1622 1617 1654 1642 et
1687 1611 1849 1650 sciamus,
1889 1612 2055 1653 quomodo

1079 1653 1171 1686 Deus
1196 1654 1238 1685 sit
1259 1654 1477 1692 invocandus.
1506 1654 1670 1695 quomodo
1700 1652 1779 1685 velit
1808 1652 1872 1685 coli
1898 1664 1917 1685 a
1947 1654 2053 1686 nobis.

1166 1696 1313 1739 Azymos
1336 1697 1547 1735 sinceritatis,
1580 1698 1762 1738 εἱλικρίνειαι
1785 1702 1893 1734 vocat,
1924 1707 1989 1728 non
2008 1697 2054 1728 in»

1080 1738 1201 1771 fectum
1237 1750 1314 1771 esse
1352 1738 1445 1771 malis
1480 1739 1720 1780 cupiditatibus
1788 1738 1968 1770 Sinceritas
2003 1746 2054 1771 est

1079 1783 1183 1820 idem,
1217 1783 1305 1824 quod
1340 1783 1460 1813 sinceri
1489 1782 1642 1813 affectus:
1677 1783 1728 1814 Sit
1757 1783 1882 1813 dilanio
1904 1782 1970 1814 Dei
1988 1783 2055 1815 sin-

1080 1835 1177 1857 cera:
1210 1825 1241 1856 id
1264 1831 1326 1863 est,
1362 1825 1514 1857 inchoata
1537 1825 1728 1862 sinceritas,
1763 1825 1804 1855 sit
1829 1823 1960 1856 dilectio
1982 1836 2054 1867 pro-

1079 1869 1156 1899 ximi
1179 1877 1276 1898 vera:
1310 1868 1344 1899 id
1367 1874 1430 1906 est,
1448 1878 1514 1899 non
1532 1869 1597 1899 sint
1621 1866 1698 1905 doli,
1729 1877 1794 1898 non
1821 1869 1885 1899 sint
1908 1866 2054 1907 fraudes,

1079 1921 1145 1942 non
1168 1911 1316 1948 insidiae,
1350 1921 1417 1942 non
1439 1912 1505 1942 sint
1538 1911 1772 1952 turpitudines,
1808 1920 1873 1941 non
1897 1911 1962 1941 sint
1984 1909 2055 1942 libi·

1080 1954 1184 1985 dines.
1239 1952 1298 1984 ula
1321 1955 1429 1985 omnia
1451 1959 1660 1996 opponuntur
1682 1954 1874 1992 sinceritati,
1907 1954 2055 1995 putitati,

1079 2003 1112 2028 et
1135 1997 1288 2028 castitati.

1164 2039 1293 2071 Discite
1335 2037 1423 2070 banc
1473 2039 1668 2070 sententiam
1709 2037 1893 2081 intelligere
1938 2037 2054 2070 Gram-

1078 2082 1206 2114 matice.

1165 2124 1422 2166 Comprehendit
1456 2125 1654 2162 doctrinam,
1699 2124 1740 2156 de
1781 2123 1947 2155 beneficiis
1981 2123 2052 2155 Filii

1078 2167 1160 2206 Dei,
1196 2174 1228 2199 et
1262 2169 1303 2199 de
1337 2167 1454 2199 effectu
1493 2167 1764 2199 resurrectionis:
1804 2172 1935 2208 oportet
1969 2165 2053 2199 haec

1078 2212 1207 2242 discere
1230 2210 1261 2241 in
1295 2209 1433 2241 scholis.
1479 2209 1600 2242 Paulus
1623 2211 1688 2241 ista
1722 2210 1783 2240 tria
1818 2209 1986 2251 coniungit
2010 2209 2052 2241 ad

1078 2252 1256 2295 Ephesios:
1275 2255 1447 2285 Amlt'vmis
1459 2254 1671 2292 EvanyeItum,
1694 2253 1885 2292 crezlide'stexe,
1897 2253 2056 2291 obsiynatl

1079 2297 1158 2328 estis
1184 2296 1308 2337 Spiritu
1340 2301 1458 2328 sancto.
1513 2298 1577 2328 Iste
1611 2301 1659 2327 est
1690 2304 1888 2336 processus,
1922 2299 2053 2335 oportet

1079 2339 1211 2376 audire3
1250 2344 1379 2380 oportet
1421 2339 1518 2370 etiam
1553 2339 1696 2369 credere.
1760 2336 1840 2368 Cum
1875 2337 2052 2376 credimus,

1079 2382 1115 2413 fit
1137 2382 1324 2424 obsignatio
1353 2392 1412 2423 per
1434 2381 1458 2413 S
1483 2382 1587 2412 iritum
1610 2385 1775 2417 sanctum,
1811 2380 1911 2410 corda
1932 2388 2051 2412 aecem

1079 2425 1210 2463 duntur,
1232 2430 1268 2456 ut
1289 2434 1368 2455 vere
1391 2435 1457 2466 agg
1472 2425 1634 2455 utinentur
1657 2421 1740 2453 Deo-
1776 2421 1842 2452 {sta
1861 2421 1947 2453 festa
1966 2422 2051 2454 ordi-

1079 2473 1156 2499 nata
1178 2473 1266 2505 sunt,
1298 2473 1334 2499 ut
1369 2467 1450 2498 haec
1483 2467 1660 2497 discamus.
1715 2464 1757 2496 Ut
1786 2471 1893 2496 autem
1916 2465 2050 2497 discatis

1079 2510 1162 2542 resi
1187 2520 1256 2548 sas,
1281 2516 1408 2551 oportet
1432 2519 1492 2540 vos
1516 2506 1679 2540 vocabula
1701 2505 1897 2549 intelligere.

1193 2562 1274 2584 anes
1309 2551 1494 2583 fermentati
1528 2550 1714 2592 significant
1743 2551 1914 2591 opiniones
1937 2549 2051 2581 Phari·

1078 2597 1188 2627 saicas
1222 2601 1254 2626 et
1287 2594 1423 2627 affectus
1451 2603 1591 2635 pravos;
1625 2592 1734 2624 Panes
1767 2603 1833 2624 non
1867 2591 2049 2624 fermentati

1078 2648 1138 2670 seu
1171 2638 1289 2680 azymi,
1321 2643 1398 2668 sunt
1429 2642 1529 2678 typus
1561 2636 1731 2668 doctrinae
1764 2636 1990 2677 incorruptae,
2018 2643 2049 2667 et

1695 2697 1728 2720 44
