2324 2958
154 155 218 188 m

155 250 279 287 tetrior,
303 245 395 280 nulla
419 244 535 277 cloaca
556 241 771 276 Diabolorum
800 244 927 283 turpior
950 244 980 274 in
1004 252 1126 284 genere

154 292 308 324 humano.
371 289 441 320 Sub
475 288 539 319 hoc
573 293 680 318 tamen
712 286 903 326 praedicant
938 285 1060 317 Paulus
1095 291 1127 316 et

155 335 283 367 Petrus.
338 331 532 373 Funguntur
554 339 615 360 suo
639 328 762 365 (111ὶοί0,
792 329 879 369 quod
899 327 1050 359 Christus
1073 327 1126 359 hic

154 376 288 417 imponit
310 372 493 415 Apostolis.
537 371 668 403 Docent
696 369 929 412 Evangelium3
959 371 1125 402 remittunt

154 424 304 460 peccata,
329 415 544 448 consolantur
566 421 599 446 et
621 415 750 455 erigunt
772 413 930 451 infirmos,
965 414 1125 453 recipiunt

153 461 340 497 credentes,
363 459 517 490 damnant
540 456 740 493 incredulos,
763 455 1003 496 reprehendunt
1023 454 1127 487 scele-

153 510 255 535 ratos.
310 502 384 533 Non
408 502 591 541 disputant,
623 509 682 530 cur
704 498 797 530 Deus
820 497 938 530 toleret
961 499 1127 529 Neronem

152 547 184 578 in
207 555 334 578 summo
361 543 493 585 fastigio
523 542 665 583 imperii:
698 551 765 572 non
798 547 930 572 movent
966 541 1126 572 adversus

153 599 226 621 eum
249 587 452 619 seditionem.
497 585 608 626 Agunt
631 585 758 614 interim
782 595 857 615 cum
880 584 949 615 suis
973 585 1127 615 auditori-

153 633 228 669 bus,
251 638 283 662 et
307 629 398 661 Deus
434 628 626 659 testificatur
660 637 698 658 se
728 633 830 657 ratam
855 625 976 658 habere
999 627 1128 667 praedi-

152 675 314 706 cationem
343 670 473 703 illorum
505 671 537 700 in
571 669 783 700 conscientiis
811 679 940 707 eorum,
970 671 1023 711 qui
1057 679 1127 700 cre-

153 718 233 750 dunt
255 718 343 747 iuxta
373 714 459 744 hanc
493 713 789 743 asseverationem:
826 713 963 749 Quorum
996 716 1128 743 remise·

151 761 226 792 n'tis
244 762 386 800 pec-cala,
409 756 545 787 remissa
567 760 671 786 erunt.

239 802 332 833 Hanc
354 809 487 836 vocem,
520 807 605 839 quae
640 802 761 828 tantum
784 804 862 828 nota
886 803 936 828 est
958 797 990 828 in
1012 796 1127 828 Eccle-

151 845 212 883 sia,
235 854 301 876 non
324 843 431 874 obiter
458 841 647 877 audiamus,
681 840 741 870 sed
775 847 809 871 ut
837 849 892 870 res
915 841 986 881 ipsa
1009 849 1127 880 magna

151 894 212 926 δι,
234 888 279 918 ita
303 885 476 927 diligenter
511 893 583 914 eam
614 882 788 924 infigamus
822 883 956 920 animis,
990 889 1022 913 et
1051 881 1127 912 hinc

151 938 318 963 sumamus
342 926 562 960 definitionem
594 926 671 956 novi
700 924 915 956 Testamenti:
951 925 1048 960 Quod
1077 930 1128 955 est

149 973 351 1015 praedicatio
373 969 570 1002 remissioni-5
586 973 799 1008 peccatorum,
828 970 955 999 donatio
978 968 1127 1006 institiae,

152 1021 185 1048 et
206 1017 345 1055 Spiritus
366 1017 472 1045 sancte
494 1016 527 1043 et
546 1016 628 1042 ritae
651 1015 820 1048 aeternae,
851 1015 984 1051 propter
1013 1011 1127 1041 biliam

153 1058 236 1097 Dei,·
276 1058 369 1099 quia,
405 1065 478 1086 cum
513 1054 696 1084 nominatur
725 1055 882 1084 Remi-isio
913 1057 1127 1093 peccatorum,

152 1099 250 1132 simul
272 1098 410 1140 intelligi
434 1098 553 1129 debent
575 1097 683 1127 omnia
700 1102 832 1126 caetera
858 1097 954 1133 bona,
977 1100 1009 1126 et
1031 1093 1128 1125 simul

151 1144 235 1174 haec
270 1143 360 1174 fiunt.
416 1138 555 1172 Sublato
590 1144 729 1180 peccato
763 1144 796 1169 et
825 1144 947 1176 morte,
981 1138 1128 1168 redditur

151 1186 273 1218 iustitia
296 1192 326 1217 et
346 1185 412 1215 vita
433 1188 579 1213 aeterna.
636 1180 728 1211 Haec
757 1181 866 1211 omnia
900 1179 1127 1221 complectitur

151 1229 272 1260 mentio
297 1225 498 1257 remiss=onis
522 1230 745 1264 peccatorum.

236 1269 393 1302 Tenenda
416 1274 466 1298 est
489 1268 585 1298 etiarn
603 1265 686 1297 haec
709 1263 906 1303 consolatio,
928 1265 1015 1307 quod
1038 1265 1125 1296 mini-

149 1314 283 1345 sterium
321 1310 533 1343 annuntiandi
567 1309 795 1340 remissionem
835 1315 1049 1349 peccatorum
1083 1309 1125 1339 sit

149 1357 338 1388 mandatum
361 1364 381 1385 a
404 1353 556 1389 Christo,
589 1358 622 1382 et
645 1351 764 1382 debeat
793 1361 870 1383 esse
898 1357 1020 1388 ratum,
1055 1352 1125 1382 sive

149 1398 280 1440 publice
303 1397 513 1429 annuntietur
535 1393 656 1431 multis,
680 1395 752 1424 sive
773 1392 922 1436 singulis.
957 1393 1006 1424 Tu
1023 1394 1125 1425 debes

150 1442 238 1472 scire
273 1446 375 1472 ratam
414 1439 471 1470 tibi
511 1446 586 1468 esse
626 1446 742 1467 vocem
781 1437 1028 1468 annuntiantem
1066 1437 1124 1468 tibi

150 1484 377 1515 remissionem
411 1487 640 1522 peccatorum,
680 1478 811 1520 publice
844 1487 876 1511 et
909 1479 1059 1520 privatim
1092 1480 1124 1510 in

149 1527 281 1557 nomine
315 1524 448 1556 Christi.
516 1522 590 1554 Non
631 1528 682 1553 est
721 1532 761 1553 ea
798 1521 951 1554 Ecclesia
984 1532 1123 1563 prorsus

149 1567 297 1600 tollenda
310 1568 439 1608 privata
457 1563 644 1600 absoluti03
669 1565 756 1606 quia,
779 1565 906 1596 etiamsi
929 1575 969 1595 ex
992 1564 1124 1606 publica

148 1621 279 1653 quoque
312 1609 523 1642 absolutione
562 1608 704 1648 petenda
744 1615 794 1638 est
826 1608 975 1639 remissio
1010 1618 1124 1648 pecca-

149 1661 266 1692 torum,
290 1660 399 1684 tamen
423 1650 512 1683 utilis
536 1657 568 1681 et
591 1651 780 1681 necessaria
804 1657 853 1682 est
878 1651 973 1682 etiam
996 1651 1124 1691 privata

149 1695 330 1727 absolutio:
369 1705 433 1737 qua
466 1704 532 1724 non
566 1693 597 1723 in
617 1702 739 1733 genere
773 1694 943 1731 omnibus,
977 1700 1011 1725 ut
1036 1693 1070 1724 fit
1092 1694 1122 1724 in

151 1739 394 1778 praedicatione
416 1736 566 1779 publica,
603 1735 663 1766 sed
698 1736 795 1766 etiam
829 1735 967 1777 singulis
990 1737 1124 1777 petenti-

153 1782 214 1812 bus
239 1780 498 1812 consolationem
521 1777 704 1819 applicatur
726 1779 876 1809 remissio
901 1785 1122 1819 peccatorum,

151 1833 235 1863 quae
257 1823 449 1864 accipienda
470 1828 522 1852 est
544 1821 618 1858 tide,
641 1826 672 1851 et
695 1821 823 1862 quidem
852 1828 987 1862 propter
1010 1820 1123 1853 Filium

152 1865 225 1904 Dei,
251 1876 315 1896 non
340 1872 474 1906 propter
497 1871 609 1895 nostra
631 1864 741 1904 aliqua
764 1865 889 1895 merita.

235 1908 321 1939 Ante
344 1918 450 1939 annos
474 1905 608 1947 aliquot,
631 1906 794 1937 Osiander
817 1905 1009 1938 aboleverat
1028 1907 1123 1939 Nori-

151 1952 272 1993 bergae
296 1952 453 1992 privatam
479 1948 730 1987 absolutionem,
765 1956 882 1990 postea
916 1949 1018 1982 voluit
1051 1961 1121 1981 eam

149 1995 339 2025 restituere:
370 1995 447 2035 quia
480 1992 612 2022 videbat
645 2001 709 2021 non
744 1998 866 2024 tamum
903 1992 1122 2025 consolationi

147 2037 286 2074 servire,
309 2037 366 2067 sed
392 2037 488 2067 etiam
512 2044 646 2065 nervum
671 2044 747 2065 esse
759 2034 960 2077 disciplinae.
997 2035 1122 2067 Utram-

148 2089 212 2120 que
237 2089 303 2110 rem
333 2080 397 2120 egit
433 2079 474 2109 ad
508 2075 663 2118 populum
696 2079 865 2109 acerrimis
893 2079 1120 2111 concionibus.

147 2122 188 2152 Et
217 2123 301 2153 sicut
335 2123 426 2163 prius
456 2125 652 2161 peccaverat
685 2120 717 2150 in
749 2131 845 2152 unam
884 2128 1007 2163 partem
1041 2123 1121 2153 abo-

145 2163 256 2199 lendo,
280 2165 329 2196 sic
353 2165 509 2195 miscebat
529 2161 730 2204 byperbolas
750 2173 828 2194 suas
852 2164 883 2195 in
907 2166 1118 2196 restituendo.

145 2206 290 2239 Tandem
315 2208 410 2238 etiam
434 2207 565 2247 scriptis
588 2212 696 2236 actum
716 2212 777 2236 est.
807 2206 980 2239 Scribebat
1004 2208 1120 2239 Osian-

146 2250 215 2287 tler,
249 2252 317 2282 Non
351 2251 471 2281 remitti
498 2253 646 2290 peecata,
679 2252 744 2280 71ῐεὶ
781 2259 843 2289 per
881 2251 1119 2290 absolutionem,

145 2294 232 2333 quod
257 2300 308 2324 est
342 2291 472 2324 salsum.
530 2292 586 2322 list
623 2291 706 2321 enim
736 2293 885 2323 remissio
909 2300 1119 2334 peccatorum

143 2345 203 2375 per
246 2337 381 2367 verbum
427 2336 498 2366 sive
538 2334 701 2371 auditum,
748 2335 819 2365 sive
859 2334 1001 2373 lectum,
1043 2337 1118 2367 item

143 2379 322 2419 cogitatum
362 2389 435 2410 cum
481 2378 544 2409 fide
563 2400 572 2414 ,
619 2375 669 2407 vel
711 2378 933 2417 praedicatum
977 2378 1116 2420 publice.

142 2419 184 2451 Et
218 2421 430 2452 confirmatur
465 2421 614 2452 remissio
650 2426 861 2460 peccatorum
907 2422 938 2452 in
972 2421 1116 2464 legitimo

143 2473 205 2494 usu
229 2462 529 2501 sacramentorum,
563 2462 718 2503 Baptismi
754 2469 786 2493 et
819 2463 951 2495 Coenae
973 2463 1116 2497 Domini.

142 2505 184 2536 D.
208 2505 388 2543 Martinus,
412 2505 574 2537 Dominus
598 2512 724 2546 pastor,
755 2512 785 2535 et
819 2515 880 2546 ego
915 2508 1115 2547 cogebamur

142 2549 345 2588 respondere
368 2549 408 2579 de
432 2547 496 2579 illis
521 2549 688 2621 scriptis„b

644 2615 664 2632 θ

139 2600 159 2620 a
183 2597 298 2622 senatu
322 2589 568 2633 Not-ibergensi.
615 2590 640 2621 E
706 2591 840 2628 tussus‚
877 2593 1113 2633 componebam

832 150 1049 184 POSTILLA
1076 148 1472 183 MELANTHONIANA.

2087 149 2150 180 758

1178 242 1366 281 formulam,
1400 253 1464 284 qua
1497 241 1688 274 sustulimus
1724 242 1797 274 illas
1820 244 1976 284 ineptias:
2010 243 2149 285 agebam

1179 285 1296 317 leniter
1318 287 1479 316 adversus
1504 295 1592 322 eum,
1624 287 1710 326 quod
1739 287 1809 327 ipse
1833 296 1963 327 quoque
1987 286 2151 317 Osiander

1179 329 1329 370 agnovit3
1364 329 1439 369 quia
1473 328 1544 368 ipse
1578 327 1654 357 mihi
1686 329 1760 358 dixit
1798 336 1927 370 postea:
1962 328 2051 360 Bene
2079 329 2151 365 ridi,

1178 373 1262 413 quod
1283 371 1515 402 voluistismilu?
1531 380 1678 410 parcere.
1716 371 1749 402 Si
1763 371 1804 401 D.
1819 371 1984 402 Lutherus
1999 372 2151 412 scripsis-

1179 420 1229 445 set
1246 412 1435 453 formulam,
1461 411 1560 444 multo
1585 413 1697 443 durius
1721 423 1793 444 eum
1816 421 2004 445 tractasset.

1263 458 1397 488 Privata
1419 458 1572 487 absoluHo
1593 459 1624 486 si
1645 460 1823 487 retmealur
1839 459 1908 487 sine
1919 460 2152 497 superstitwne.

1178 504 1229 531 est
1256 509 1314 530 vox
1342 498 1524 537 Eranyeliz',
1558 499 1704 529 instituta
1725 509 1745 529 a
1769 499 1857 530 Deo:
1890 501 1957 530 Non
1988 504 2038 531 est
2056 503 2152 538 iyilur

1179 543 1341 574 abolenda.
1388 541 1501 572 Monet
1524 541 1620 571 etiam
1645 541 1725 571 ritus
1755 542 1901 582 privatae
1924 540 2152 579 absolutionis,

1179 595 1256 615 esse
1278 585 1310 615 in
1333 582 1485 615 Ecclesia
1512 584 1737 614 remissionem
1759 590 1971 624 peccatorum
1993 585 2153 625 accipien-

1180 628 1253 658 dam
1277 627 1341 658 fide
1360 637 1380 657 a
1402 625 1542 668 singulis
1568 627 1787 657 credentibus.
1839 626 1896 664 Et,
1920 627 1947 656 si
1971 627 2001 656 in
2025 628 2153 658 univer-

1180 680 1251 701 sum
1275 668 1462 701 aboleretur
1486 669 1537 700 hie
1572 670 1672 706 ritus,
1707 668 1805 709 paulo
1831 675 1905 709 post
1929 669 2078 699 homines
2103 680 2152 700 ru—

1180 713 1290 743 diores
1315 713 1499 743 amitterent
1522 712 1606 742 banc
1629 712 1743 749 fidem,
1778 713 1950 753 agentibus
1987 713 2152 751 poeniten-

1180 757 1256 786 tiam
1284 755 1528 795 impertiendam
1562 764 1638 785 esse
1671 755 1897 785 remissionem
1930 760 2152 796 peccatorum.

1267 798 1407 828 Contra:

1265 841 1358 872 Solus
1382 840 1473 872 Deus
1494 840 1627 871 remillt’l
1642 844 1785 881 peccata,
1809 840 1894 871 sicut
1918 839 2050 871 dicitur:

1308 902 1374 939 Eyo
1396 910 1475 940 sinn,
1497 903 1551 940 (Ῑιιί
1572 901 1660 931 deleo
1683 900 1864 939 iniquitates
1883 903 2018 940 propter
2040 910 2107 931 me:

1308 944 1392 982 Erqo
1425 953 1489 974 non
1528 946 1694 974 remittunt
1728 947 1861 983 peccata
1894 944 2047 983 Apostoli,

1351 986 1474 1017 caeteri
1493 987 1639 1017 doctores
1663 987 1835 1025 Eeanqelii.

2092 953 2154 974 non

1265 1051 1476 1093 Respondeo.
1538 1052 1693 1095 Apostoli
1725 1060 1754 1084 et
1790 1054 1946 1085 doctores
1979 1054 2155 1091 remittunt,

1179 1095 1210 1126 in
1230 1102 1384 1136 quantum
1409 1096 1557 1134 ministri,
1591 1097 1822 1127 annuntiantes
1856 1095 2057 1128 voluntatem
2079 1095 2155 1133 Dei,

1178 1138 1382 1178 propositam
1415 1138 1447 1168 in
1471 1138 1671 1180 EvangeliO,
1708 1145 1739 1170 et
1773 1150 1831 1180 per
1866 1139 1951 1170 lianc
1985 1139 2154 1170 annuntia—

1179 1181 1300 1211 tionem
1324 1180 1416 1212 Deus
1439 1188 1489 1212 est
1525 1180 1654 1212 efticax.
1705 1182 1789 1213 Nam
1813 1182 1905 1213 Deus
1930 1182 1998 1220 sic,
2033 1187 2064 1212 et
2087 1192 2152 1212 non

1178 1223 1272 1254 aliter
1294 1222 1419 1265 colligit
1441 1230 1607 1255 aeternam
1632 1224 1831 1263 Ecclesiam,
1866 1223 1992 1255 scilicet
2015 1235 2072 1265 per
2097 1235 2153 1255 vo-

1178 1277 1250 1297 cem
1274 1267 1452 1298 ministerii.
1508 1267 1580 1299 Hac
1615 1278 1698 1299 voce
1733 1269 1861 1298 remittit
1891 1274 2029 1308 peccata
2051 1277 2150 1308 agen·

1177 1309 1263 1340 tibus
1297 1310 1553 1350 poenitentiam,
1592 1316 1623 1342 et
1663 1321 1728 1341 non
1762 1311 1909 1348 remittit,
1943 1320 2002 1341 seu
2036 1311 2151 1341 retinet

1150 1355 1154 1385 Ι
1176 1358 1314 1392 peccata
1336 1353 1452 1393 impiis,
1475 1353 1529 1394 qui
1552 1363 1618 1384 non
1642 1358 1886 1384 convertuntur.

1262 1394 1353 1427 Haec
1371 1395 1521 1437 profecto
1557 1406 1675 1437 magna
1698 1403 1790 1434 sunt,
1824 1406 1886 1427 nec
1909 1402 2048 1436 possunt
2068 1397 2151 1427 satis

1176 1436 1333 1478 explicari
1354 1438 1473 1469 verbis
1520 1438 1613 1469 Sicut
1635 1437 1736 1470 Filius
1759 1438 1821 1470 Dei
1846 1449 1958 1470 sumus
1989 1445 2038 1469 est
2062 1437 2152 1481 lega-

1175 1486 1241 1517 tus,
1264 1479 1308 1511 ita
1331 1490 1386 1511 res
1410 1481 1504 1511 etiam
1527 1486 1603 1512 sunt
1627 1482 1795 1519 maximae,
1818 1488 1952 1522 propter
1976 1491 2057 1522 quas
2081 1482 2151 1513 mit-

1175 1523 1252 1553 titur
1273 1521 1375 1554 filius
1393 1522 1471 1554 Dei:
1495 1523 1536 1554 Et
1558 1524 1641 1555 sicut
1665 1530 1820 1555 aeternus
1834 1524 1933 1556 Pater
1951 1522 2009 1555 suit
2031 1523 2149 1555 efficax

1175 1575 1234 1606 per
1257 1566 1468 1597 ministerium
1498 1565 1585 1597 Filii:
1617 1568 1666 1597 sic
1699 1568 1820 1598 exserit
1852 1577 1945 1598 suum
1969 1565 2151 1599 efficaciam

1175 1618 1261 1639 nunc
1286 1618 1416 1650 quoque
1449 1609 1480 1639 in
1511 1610 1754 1650 praedicatione
1787 1609 1970 1652 Evangelii.
2025 1609 2149 1652 Singuli

1176 1651 1420 1694 subsequantur
1450 1652 1648 1693 cogitatione
1682 1653 1735 1694 pia
1758 1653 2011 1694 magnitudinem
2036 1652 2149 1684 harum

1177 1704 1300 1734 rerum,
1331 1701 1362 1725 et
1390 1695 1431 1725 ad
1461 1705 1498 1725 se
1529 1705 1658 1736 quoquo
1692 1694 1876 1736 applicent:
1915 1695 2009 1730 Quod
2043 1696 2149 1737 siqui

1176 1743 1398 1775 contemnunt,
1421 1738 1462 1768 de
1484 1739 1522 1769 iis
1545 1737 1598 1768 hic
1622 1738 1756 1770 dicitur:
1783 1740 1919 1776 Quorum
1950 1739 2150 1770 retinueritis

1149 1784 1152 1838 Ι
1171 1784 1313 1820 peccata,
1335 1785 1460 1812 retenta
1482 1785 1572 1812 sunt.-
1595 1781 1624 1811 id
1649 1787 1711 1819 est,
1733 1791 1798 1812 non
1812 1781 2021 1812 annuntiatur
2038 1783 2150 1813 remis·

1176 1824 1225 1853 sio
1256 1830 1465 1863 peccatorum
1497 1824 1552 1862 iis,
1587 1824 1641 1864 qui
1675 1830 1889 1865 perseverant
1921 1825 1953 1855 in
1988 1826 2148 1865 peccatis,

1149 1843 1152 1899 i
1176 1872 1207 1896 et
1232 1865 1405 1906 impietate.
1459 1868 1525 1898 Vim
1547 1876 1615 1905 eya,
1639 1868 1741 1908 inquit
1763 1866 1940 1901 Dominus,
1969 1869 2040 1898 nolo
2066 1878 2148 1899 mor-

1149 1914 1151 1921 ¹
1175 1913 1238 1939 tem
1255 1913 1445 1948 peccatoris.
1491 1909 1557 1941 Sed
1580 1910 1685 1940 addit:
1720 1914 1755 1941 ut
1781 1915 1982 1941 concertatur
2005 1915 2036 1941 et
2057 1914 2148 1942 ricae.

1148 1945 1151 1999 ξ
1176 1951 1270 1981 item:
1297 1953 1357 1988 Qm'
1376 1962 1439 1983 mm
1458 1953 1568 1984 credi!
1594 1955 1626 1983 in
1650 1954 1774 1990 Filium,
1809 1957 1871 1984 iam
1904 1953 2063 1985 iudicatus
2091 1959 2146 1985 est.

1148 2003 1150 2017 ¹
1174 1994 1248 2024 Non
1272 1994 1370 2035 igitur
1388 1995 1428 2025 sit
1460 1995 1490 2025 in
1515 1996 1610 2026 nobis
1645 1994 1841 2037 petulantia,
1875 2006 1939 2026 non
1968 1997 2147 2037 cogitemus

1147 2021 1150 2059 l
1174 2047 1310 2078 parvam
1335 2047 1410 2069 esse
1434 2039 1514 2070 iram
1537 2038 1700 2070 adversus
1724 2039 1929 2079 impietatem.

1401 2205 1477 2245 De
1524 2212 1734 2259 quarto
1783 2206 1921 2245 loco.

1258 2294 1291 2326 ln
1321 2295 1445 2327 Thema
1475 2297 1670 2328 describitur
1693 2297 1827 2337 copiose
1846 2302 1876 2326 et
1902 2296 2009 2327 multis
2034 2299 2145 2328 verbis

1171 2338 1345 2376 dubitatio,
1381 2349 1464 2380 quac
1506 2351 1565 2381 per
1605 2350 1642 2370 se
1681 2345 1731 2370 est
1770 2349 1920 2380 magnum
1962 2346 2144 2379 peccatum.

1171 2381 1237 2411 Sed
1261 2380 1404 2413 Thomas
1429 2393 1492 2413 non
1524 2382 1622 2413 habet
1653 2381 1757 2413 levem
1791 2388 1845 2412 aut
1880 2382 2029 2423 exiguam
2054 2383 2143 2414 dubi-

1171 2425 1334 2455 tationem.
1380 2425 1437 2455 Est
1463 2426 1493 2455 in
1518 2436 1556 2456 eo
1581 2424 1815 2466 propemodum
1845 2427 2050 2457 asseveratio
2073 2437 2144 2466 per-

1169 2467 1275 2506 tinax,
1322 2468 1407 2499 sicut
1441 2468 1556 2509 inquit:
1590 2469 1663 2499 A't'se'
1695 2467 1802 2498 sidero
1831 2471 1863 2498 in
1897 2470 2041 2500 nutttt'bns
2076 2471 2144 2501 eius

1166 2511 1306 2548 fi-cttram
1329 2513 1501 2548 clarorum,
1530 2515 1559 2541 el
1582 2514 1702 2541 millam
1721 2511 1851 2548 diuitum
1876 2521 1978 2542 meum
2001 2516 2033 2542 in
2053 2514 2144 2543 resti-

704 2557 788 2588 quae
815 2555 906 2579 erant
932 2549 995 2581 buc
1014 2551 1115 2582 missa
1164 2553 1252 2591 yrum
1275 2553 1449 2591 clarorum,
1484 2557 1513 2583 et
1548 2556 1667 2584 mittam
1700 2562 1827 2584 mamma
1861 2564 1961 2585 meam
1995 2559 2027 2586 tn
2061 2558 2143 2587 Inlue

1167 2598 1246 2626 eius.
1269 2605 1331 2626 non
1355 2596 1502 2628 credam:
1526 2594 1652 2627 scilicet
1678 2599 1901 2627 resurrexisse
1925 2607 2007 2628 eum.
2044 2598 2142 2629 Certe

1893 2657 1940 2678 48‘
