2324 2958
223 181 286 214 347

311 275 398 307 ldem
433 273 558 307 faciunt
591 273 690 307 Plato
721 281 755 307 et
788 273 977 316 Xenophon
1010 275 1043 306 in
1077 274 1228 307 deseri-t

223 320 334 360 ptione
357 328 493 349 suorum
517 318 756 350 conviviorum.
799 318 867 350 Sed
890 317 1094 358 Epicuraeus
1122 316 1202 348 nihil

224 362 449 403 precationum
472 359 526 392 vel
549 359 742 392 libationum
765 359 855 392 facit.
890 360 1052 392 Convivia
1073 361 1202 401 piorum

223 405 345 435 debent
368 403 516 434 inchoari
539 414 559 435 a
582 405 774 445 precatione
803 409 835 435 et
858 404 1010 434 desinere
1032 403 1063 434 in
1087 411 1202 444 preca-

222 448 323 484 tione,
344 452 381 478 ut
405 447 583 478 ostendant
605 457 642 478 se
665 457 731 478 non
755 456 831 478 esse
843 445 1058 487 Epicuraeos.
1096 444 1202 476 Etiam

222 490 409 520 Simonides
427 489 638 530 reprehendit
651 489 819 521 mulierem
843 488 1057 520 inordinatam
1080 491 1202 526 γυναῖκα

221 531 360 571 ἄκοσμον,
384 533 474 574 quod
498 533 637 564 devoret
660 543 780 564 carnes
803 538 879 563 ante
902 530 1118 567 sacrificium,
1147 529 1202 561 vel

220 576 412 617 piiusquam
454 581 583 616 partem
623 574 765 617 aliquam
804 572 1064 606 sacrificaverit:
1103 571 1202 603 ἄθυτα

220 618 284 659 ιερὰ
318 621 493 657 κατεσθίει,
527 619 648 660 inquit,
689 624 719 649 et
753 619 818 649 hoc
851 617 951 647 habet
985 625 1045 657 pro
1080 625 1201 657 magno

219 659 361 692 scelere.
408 660 481 692 Hoc
511 661 631 692 dictum
655 660 796 692 hominis
819 658 950 690 E1hn³ci
973 659 1132 699 pudorem
1154 658 1202 688 in-

220 705 322 735 cutiat
343 702 466 742 multis,
490 705 544 745 qui
568 703 650 735 nihil
674 705 822 745 cogitant
845 702 885 732 de
907 700 994 739 Deo,
1024 699 1104 732 nihil
1127 711 1201 742 pre-

219 753 348 785 camur,
372 756 433 778 nec
458 748 582 788 gratias
605 753 719 788 agunt,
743 756 817 777 cum
850 743 1001 775 fruuntur
1032 744 1201 775 beneliciis

218 789 292 821 Dei.
350 788 435 821 Citat
471 796 580 821 autem
619 790 686 821 hoc
719 790 826 830 ipsum
867 787 988 818 dictum
1023 786 1201 818 Simonidis

217 832 415 864 Athenaeus
438 833 470 863 in
493 843 552 871 eo,
586 842 682 874 quem
716 837 816 863 antea
839 830 949 868 citavi,
972 828 1048 861 loco
1071 830 1112 861 de
1136 829 1202 860 Ho-

216 885 320 907 mero.

307 918 433 953 Quarta
457 918 654 959 significatio
678 919 832 949 recitatur
853 916 885 946 in
909 916 983 956 ipso
1003 921 1095 947 textu
1118 915 1202 946 Moi-

217 961 276 992 sis.
323 961 418 991 Ritus
442 961 601 992 offerendi
625 959 856 1002 primogenita,
879 958 989 989 debuit
1013 967 1090 989 esse
1112 968 1202 989 com-

216 1002 417 1036 monesactio
463 1005 503 1035 de
548 1002 730 1035 interfectis
774 1001 1003 1044 primogenitis
1042 1002 1116 1042 Aeg
1134 1002 1199 1042 pti.

216 1046 310 1078 Haec
334 1053 386 1078 est
410 1045 564 1078 terribilis
588 1056 701 1083 causa,
726 1047 787 1078 etsi
810 1045 874 1086 piis
897 1044 1027 1085 quidem
1050 1043 1111 1075 tuit
1123 1054 1200 1074 con-

216 1088 390 1127 solationi,
425 1096 534 1120 tamen
569 1090 786 1129 peccantibus
820 1088 931 1118 debuit
965 1096 1043 1118 esse
1070 1087 1201 1124 terrori,

215 1133 292 1173 quia
316 1132 537 1174 significatum
561 1139 629 1170 est,
663 1131 771 1163 Deum
794 1131 842 1161 ire
864 1139 924 1171 per
981 1139 1064 1160 enus
1089 1129 1201 1160 hunia-

215 1185 312 1213 num,
347 1182 380 1206 et
404 1175 520 1216 punire
542 1181 682 1216 peccata
706 1174 885 1211 hominum,
915 1173 964 1204 sic
990 1178 1001 1203 t
1026 1173 1057 1203 in
1082 1171 1200 1203 Exodo

215 1218 351 1250 dicitur:
376 1220 443 1250 llac
466 1223 555 1249 nocte
572 1219 790 1259 pertransibi!
803 1218 968 1255 Dominus,
992 1220 1024 1247 et
1042 1219 1203 1255 percutiet

214 1271 308 1293 omne
326 1265 575 1301 primoqene'lmn
588 1263 730 1301 Aeffypte'
739 1271 759 1291 a
775 1260 877 1290 Domo
898 1263 987 1298 reyis
1003 1269 1068 1299 per
1090 1268 1200 1289 onmes

211 1306 375 1344 familias,
411 1309 445 1335 ec
461 1309 577 1344 parcet
598 1307 676 1343 illis,
710 1312 844 1343 quorum
877 1305 989 1333 limina
1017 1306 1092 1333 sunt
1127 1311 1200 1332 con-

214 1357 331 1387 spersa
352 1348 511 1386 sanquine
532 1351 617 1386 aym.
672 1346 720 1377 lta
749 1345 836 1377 filius
859 1344 922 1376 Dei
947 1344 1065 1375 transit
1098 1344 1200 1374 omni-

214 1390 278 1421 bus
303 1391 507 1431 temporibus
530 1400 591 1431 per
613 1399 720 1431 genus
743 1389 934 1425 humanum,
957 1387 1112 1418 interficit
1134 1386 1199 1427 pri-

213 1433 393 1474 mogenita,
424 1433 456 1463 id
480 1439 544 1470 est,
575 1433 683 1463 omnia
707 1431 984 1473 generosissima,
1018 1435 1050 1461 et
1073 1428 1200 1469 colligit

214 1476 278 1506 sibi
302 1481 410 1506 tamen
434 1482 465 1506 et
489 1482 602 1507 servat
627 1473 813 1506 Ecclesiam
835 1483 942 1510 suam,
969 1478 1001 1503 et
1019 1472 1125 1514 parcit
1147 1473 1199 1510 iis,

213 1519 268 1560 qui
292 1524 368 1549 sunt
393 1519 566 1560 conspersi
590 1518 754 1560 sanguine
776 1516 833 1547 filii
846 1516 921 1547 Dei.
967 1516 1087 1557 Cogita
1109 1521 1197 1546 tuam

217 1562 348 1592 domum
373 1571 450 1592 esse
474 1571 692 1602 conspersam
715 1560 878 1601 sanguine
902 1557 958 1589 lilii
982 1557 1057 1596 Dei,
1087 1563 1120 1589 te
1142 1565 1198 1599 pe-

215 1603 383 1636 culiariter
406 1614 483 1635 esse
506 1604 748 1635 sanctificatum
771 1613 832 1634 seu
856 1608 1086 1633 consecratum
1111 1600 1198 1639 Deo,

214 1654 244 1679 et
281 1647 356 1678 ideo
391 1647 560 1679 custodiii.
622 1646 762 1678 Caetera
800 1644 952 1677 delentur
985 1642 1196 1676 horribiliter.

214 1690 407 1722 Alexander
429 1689 487 1722 suit
512 1691 769 1732 primogenitus,
798 1689 872 1721 Fuit
895 1690 927 1720 in
956 1698 997 1719 eo
1021 1694 1197 1729 praestans

217 1741 250 1765 et
273 1732 424 1765 exellens
448 1740 584 1770 natura,
609 1733 651 1764 Et
675 1741 783 1765 tamen
806 1732 891 1774 perit
912 1731 1021 1762 adhuc
1057 1731 1088 1761 in
1112 1730 1198 1761 ssore

215 1777 346 1808 aetatis.
404 1775 509 1811 Quam
544 1775 675 1818 pulchri
703 1776 764 1807 viri
788 1774 920 1807 suerunt
943 1772 1199 1812 Themistocles,

214 1820 397 1855 Aristides,
432 1819 642 1851 Pausanias?
703 1818 826 1850 Tamen
866 1819 1030 1849 intereunt
1064 1817 1198 1847 misera-

214 1861 334 1895 biliter.
381 1862 438 1894 Sic
462 1863 560 1904 igitur
589 1868 658 1893 crat
686 1863 768 1893 ritus
792 1861 1084 1903 primogenitorum
1109 1870 1197 1891 com-

213 1904 415 1938 monefactio
440 1905 481 1935 de
505 1905 624 1936 iudicio
648 1904 728 1944 Dei,
762 1905 850 1947 quod
873 1903 967 1935 Deus
991 1903 1108 1934 transit
1139 1913 1198 1943 per

214 1949 389 1983 mundum,
426 1947 513 1979 delet
547 1950 656 1980 omnia
689 1948 907 1992 primogenita
942 1947 1132 1987 impiorum,
1165 1952 1197 1977 et

214 1993 319 2033 parcit
355 1990 440 2029 illis,
474 1991 531 2023 nbi
565 1990 677 2023 limina
698 1995 788 2023 'sunt
821 2000 1003 2031 conspersa
1038 1989 1199 2031 sanguine

214 2034 271 2066 filii
297 2034 370 2066 Dei.

302 2077 477 2108 Postrema
500 2077 712 2118 significatio,
746 2083 778 2109 et
803 2076 946 2107 omnium
968 2084 1096 2107 summa
1119 2072 1196 2105 suit:

216 2121 313 2157 Quod
350 2121 380 2151 in
416 2120 480 2151 hoc
520 2119 644 2161 populo
685 2122 871 2152 nasciturus
906 2125 995 2150 esset
1029 2117 1197 2155 Christus,

216 2165 271 2206 qui
296 2161 508 2205 singulariter
532 2163 604 2195 Deo
635 2164 824 2195 otl'erendus
858 2172 917 2194 scu
948 2161 1197 2193 consecrandus

216 2213 326 2244 esset,
362 2207 393 2238 id
419 2214 489 2245 est,
523 2207 577 2249 qui
613 2205 742 2238 futurus
776 2212 866 2238 esset
890 2206 1021 2236 victima
1044 2214 1105 2245 pro
1129 2210 1199 2234 toto

241 2260 342 2281 encre
376 2249 538 2287 humano,
572 2251 604 2281 in
637 2261 733 2292 quem
770 2250 952 2280 derivanda
981 2249 1023 2279 sit
1053 2248 1101 2278 ira
1125 2246 1198 2277 Dei.

236 2294 314 2326 lunc
348 2294 601 2335 primogenitum
636 2292 862 2335 principaliter
895 2291 1100 2333 significabat
1133 2288 1199 2326 lex,

217 2343 353 2378 propter
386 2347 484 2377 quem
519 2342 552 2368 et
586 2337 708 2367 caeteri
743 2337 962 2377 recipiuntur,
997 2342 1030 2366 ut
1060 2333 1197 2364 dicitur:

218 2382 339 2412 Serrus
373 2390 462 2410 navus
497 2383 599 2411 insum
633 2382 747 2412 notitia
779 2391 838 2411 sua
867 2380 1049 2417 justificabi!
1077 2376 1199 2407 multos.

218 2423 271 2455 Ad
297 2422 384 2453 hunc
408 2429 596 2463 congruunt
620 2423 717 2454 ctiam
742 2423 1007 2465 praerogativae.
1037 2430 1119 2461 quus
1144 2419 1200 2450 ha-
1224 2429 1227 2437 ¹

219 2467 343 2497 bebnnt
371 2466 591 2507 primogeniti.
647 2465 821 2498 nubebant
852 2466 935 2496 enini
971 2465 1054 2495 duas
1088 2469 1199 2504 partes

219 2508 451 2540 haereditatis:
476 2509 515 2539 Et.
541 2510 570 2539 in
596 2507 725 2540 familiis
738 2509 1201 2551 prin‹·ipumetsacerdotnm,

219 2552 272 2583 {us
295 2554 387 2592 regni
412 2558 442 2582 et
466 2553 643 2583 sacerdotii
667 2559 736 2584 erat
760 2552 1062 2594 primogenitorum.
1107 2551 1200 2585 Quae

221 2602 291 2626 erat
316 2594 404 2626 utilis
430 2595 632 2630 constitutio.
655 2603 684 2626 et
700 2597 867 2636 proderat,
890 2606 931 2627 ne
949 2597 1115 2626 orirentur
1134 2594 1200 2625 ‹lis-

222 2638 307 2670 sidia
329 2638 413 2669 inter
436 2637 569 2675 fratres,
593 2638 672 2670 ltem
695 2646 730 2671 ut
753 2638 896 2671 familiae
918 2646 1143 2670 servarentur.

862 182 975 214 pull,-
997 181 1100 214 MEL.
1122 181 1311 214 SCRIPTA
1331 180 1595 214 EXEGETIGA.

2223 112 2237 128 t

2169 181 2234 217 348

1341 274 1399 306 Sic
1435 273 1590 307 Christus
1623 274 1723 307 habet
1762 275 1813 307 ius
1847 275 2027 308 sacerdotii
2061 281 2095 308 et
2127 277 2232 319 regni.

1254 317 1315 349 Est
1336 318 1524 360 unigenitus
1546 319 1670 359 patris,
1697 318 1878 350 secundum
1906 319 2049 350 divinam
2071 324 2233 352 naturam.

1254 360 1295 392 Et
1318 361 1556 403 primogenitus
1580 361 1686 392 omnis
1711 367 1894 400 creaturae,
1922 361 1956 392 id
1979 367 2042 400 est,
2069 361 2234 394 Dominus

1255 404 1398 435 omnium
1423 410 1660 435 creaturarum.
1704 402 1746 435 Et
1768 404 1951 436 secundnm
1977 402 2155 436 humanam
2176 415 2233 437 na-

1254 451 1361 478 turam
1395 452 1447 478 est
1489 447 1727 488 primogenitus
1777 447 1903 478 mattis,
1970 446 2045 488 lpse
2083 453 2135 478 est
2174 457 2235 480 rex

1254 495 1370 521 noster
1392 495 1425 520 et
1459 490 1641 521 sacerdos:
1674 489 1810 520 Liberat
1839 499 1902 520 nos
1925 499 1945 521 a
1991 494 2134 521 otestate
2156 488 2235 522 Dia-

1254 531 1334 570 boli,
1367 530 1484 563 obtulit
1520 542 1558 564 se
1585 543 1646 574 pro
1674 532 1788 571 nobis,
1820 531 1960 574 interpel
1976 538 2009 564 at
2041 542 2104 575 pro
2137 533 2235 565 nobis

1254 575 1339 616 apud
1362 580 1499 616 patrem.

1340 617 1435 648 Hanc
1479 617 1755 660 significationem
1795 616 1880 660 legis
1918 616 2077 649 intellexit
2117 617 2234 650 Maria.

1253 660 1396 701 Ideoque
1418 659 1643 702 principaliter
1673 661 1763 692 venit
1786 661 1818 691 in
1843 659 2010 702 templum,
2038 667 2074 693 ut
2095 667 2235 693 testare·

1254 708 1308 733 tur
1329 702 1417 734 hunc
1440 713 1534 734 suum
1558 702 1659 735 filium
1681 713 1759 735 esse
1770 704 2020 745 primogenitum
2033 702 2124 736 illum
2141 714 2235 746 prae·

1255 746 1405 787 cipuum,
1437 752 1573 787 propter
1595 756 1692 788 quem
1725 746 1901 788 recipimur
1923 752 1956 778 et
1975 746 2232 779 sanctificamur.

1254 788 1381 830 Estque
1416 789 1548 829 insigne
1580 791 1734 828 verbum,
1771 800 1837 831 quo
1872 790 1983 820 utitur-
2001 788 2233 831 Evangelista:

1255 832 1344 883 quod
1367 832 1563 863 adduxerint
1597 842 1690 870 eum,
1724 838 1760 863 ut
1794 833 1950 864 sisterent
1985 843 2057 864 eum
2080 832 2235 871 Domino,

1254 875 1400 914 ctrrfyayov
1422 875 1615 915 παραστῆσαι
1637 876 1681 917 τῷ
1698 879 1798 917 κυρίῳ.

1341 917 1408 949 Sed
1432 918 1472 948 de
1496 916 1600 948 Maria
1635 924 1766 959 oportet
1793 927 1856 949 nos
1878 917 2001 959 aliquid
2025 916 2165 958 amplius
2188 918 2234 949 di·

1254 970 1342 998 cere,
1368 966 1503 1001 propter
1526 961 1796 1002 disputationem,
1826 960 1880 991 An
1902 961 2009 992 Maria
2032 959 2130 992 suerit
2152 954 2234 992 obli-

1254 1010 1331 1045 gata
1355 1002 1431 1046 lege
1453 1002 1570 1035 Moisis
1594 1003 1636 1035 de
1659 1003 1888 1044 purificatione
1910 1013 2158 1045 puerperarum.

1254 1169 1337 1211 Cur
1368 1170 1495 1210 Maria
1528 1169 1696 1209 servarit
1727 1169 1860 1224 legem
1903 1169 1955 1210 de
1994 1170 2233 1225 purgatione
2280 1188 2282 1190 ’

1595 1260 1893 1301 puerperarum.

1338 1345 1492 1379 Diximus.
1512 1345 1544 1376 in
1569 1355 1692 1388 genere
1715 1346 1756 1377 de
1780 1345 1908 1377 duabus
1926 1343 2069 1387 legibuS,
2093 1356 2233 1388 quarum

1251 1389 1284 1420 in
1307 1388 1373 1420 hoc
1395 1394 1485 1419 textu
1509 1387 1545 1419 fit
1567 1389 1704 1420 mentio:
1738 1387 1779 1419 Et
1809 1388 1888 1429 quid
1915 1386 2089 1420 habuerint
2112 1388 2233 1421 utilita-

1251 1431 1306 1469 tis,
1329 1431 1406 1472 quid
1429 1431 1717 1473 significationum,
1740 1431 1966 1471 exposuimus.
2000 1430 2067 1462 lam
2090 1441 2234 1473 quaero:

1252 1474 1304 1506 An
1328 1473 1434 1505 Maria
1466 1475 1641 1505 tenebatur
1667 1475 1732 1505 ista
1765 1471 1862 1514 lege?
1906 1473 2120 1514 Respondeo.
2163 1474 2234 1507 Lex

1252 1518 1293 1549 de
1315 1517 1546 1559 purificatione
1569 1526 1730 1558 expresse
1754 1516 1850 1547 dicit:
1873 1515 1993 1548 Mulier
2016 1526 2102 1558 quae
2119 1527 2233 1550 susce-

1250 1566 1307 1602 pto
1341 1560 1467 1591 semine
1500 1561 1628 1601 peperit
1661 1558 1861 1598 masculum,
1894 1558 1965 1598 vel,
2023 1569 2084 1591 uae
2106 1561 2234 1602 peperit

1252 1609 1415 1644 concepto
1449 1601 1541 1635 foetu
1574 1614 1615 1634 ex
1649 1603 1785 1641 semine,
1818 1602 1851 1633 id
1884 1608 1948 1641 est,
1983 1569 2114 1641 ΒῗυΙίετ,
2148 1613 2234 1645 quae

1251 1656 1366 1678 semen
1399 1647 1530 1688 accepit
1563 1645 1714 1684 aliunde,
1749 1656 1769 1677 a
1792 1646 1864 1676 viro
1898 1644 2045 1683 scilicet,
2080 1645 2233 1679 Graecus

1249 1690 1414 1730 interpres
1437 1695 1530 1721 recte
1553 1690 1662 1727 vertit,
1683 1688 1733 1719 {dv
1755 1692 1982 1729 σπερμαιίσθη.
2029 1688 2120 1720 llaec
2142 1689 2233 1721 addi-

1250 1734 1296 1764 tio
1318 1742 1570 1774 supervacanea
1593 1731 1723 1770 suisset,
1746 1733 1809 1763 nisi
1832 1738 1919 1762 tecte
1941 1731 2144 1774 signiticaret
2165 1731 2233 1771 lex,

1251 1776 1418 1818 quandam
1440 1776 1622 1816 parituram
1644 1785 1721 1806 esse
1744 1775 1817 1806 sine
1842 1773 1925 1805 virili
1949 1775 2088 1806 semine.

1336 1817 1467 1858 Excipit
1489 1828 1571 1861 ergo
1583 1817 1636 1849 lex
1651 1819 1723 1859 ipsa
1741 1817 1890 1854 Mariam,
1913 1827 1998 1859 quae
2022 1818 2176 1860 concepit
2198 1825 2231 1850 et

1249 1862 1377 1903 peperit
1400 1863 1471 1892 sine
1495 1862 1620 1893 semine
1644 1859 1739 1892 virili.
1774 1860 1842 1892 Cur
1869 1861 1969 1902 igitur
1991 1861 2137 1892 servavit
2160 1861 2232 1893 dies

1250 1904 1499 1946 purificationis,
1521 1910 1553 1935 et
1576 1910 1693 1945 postea
1705 1903 1861 1935 insontem
1874 1902 1979 1935 attulit
1999 1905 2031 1935 in
2054 1901 2233 1945 templum?

1250 1948 1325 1979 Nun
1349 1954 1399 1979 est
1421 1948 1494 1988 ipsa
1517 1948 1682 1978 immunda
1705 1957 1746 1977 ex
1772 1945 1828 1978 illo
1852 1952 2035 1987 conceptu‚'
2061 1957 2128 1988 quo
2162 1945 2233 1979 soe·

1252 1991 1395 2022 cundata
1417 1997 1469 2022 est
1492 2001 1551 2032 per
1563 1991 1718 2031 Spiritum
1743 1997 1905 2022 sanctum.
1953 1990 2027 2021 Non
2051 1988 2111 2021 suit
2133 1990 2233 2032 igitur

1251 2035 1399 2065 subiecta
1423 2032 1489 2075 legi
1524 2034 1565 2065 de
1598 2033 1840 2075 purificatione.
1895 2032 1938 2065 Et
1970 2032 2025 2064 hic
2049 2032 2159 2064 infans
2182 2039 2233 2065 est

1250 2076 1414 2108 Dominus
1437 2075 1534 2118 legis.

1337 2119 1423 2150 Dico
1448 2118 1700 2160 simplicissime.
1745 2119 1864 2150 Servat
1879 2117 1985 2150 Maria
2004 2117 2233 2151 Ceremoniam

1251 2162 1349 2205 legiS‚
1368 2168 1401 2194 ut
1425 2164 1580 2194 ostendat
1604 2173 1641 2194 se
1665 2173 1741 2193 esse
1771 2163 1896 2193 sociam
1923 2161 2021 2193 huius
2044 2160 2231 2193 Ecclesiae.

1251 2208 1340 2243 item,
1364 2205 1433 2236 vult
1456 2206 1614 2237 adiuvare
1637 2205 1851 2236 ministerium
1875 2214 1936 2236 suo
1960 2205 2133 2246 obsequio.
2170 2203 2231 2236 Re«

1251 2250 1349 2291 igitur
1373 2248 1558 2290 exemplum
1582 2249 1677 2280 nobis
1702 2249 1924 2290 propositum,
1960 2248 2068 2290 quod,
2102 2247 2233 2280 etiamsi

1252 2293 1423 2323 videamur
1446 2291 1570 2323 habere
1593 2291 1736 2333 aliquam
1750 2291 2009 2323 excusationem.
2033 2297 2141 2322 tamen
2164 2300 2232 2323 non

1252 2336 1412 2367 debemus
1436 2336 1613 2377 seiungere
1636 2345 1698 2365 nos
1727 2335 1769 2365 nb
1793 2333 1942 2365 honestis
1968 2333 2232 2366 ordinationibus

1253 2379 1283 2409 in
1308 2377 1473 2409 Ecclesia.
1508 2377 1678 2409 Debemus
1693 2388 1754 2408 nos
1777 2378 1960 2415 associare,
1983 2383 2015 2408 et
2029 2376 2232 2419 coniungere

1253 2432 1327 2452 cnm
1358 2421 1521 2452 Ecclesia.
1573 2421 1650 2451 ltem
1685 2421 1843 2452 debemus
1878 2421 1991 2451 iuvare
2026 2429 2232 2452 communem

1253 2466 1539 2495 ‹rurist-rvntionrm
1562 2464 1750 2497 ministerii.
1784 2464 1814 2494 id
1839 2470 1906 2496 est.
1940 2462 2094 2494 conferre
2116 2468 2233 2495 nostra

1252 2506 1374 2541 officio,
1397 2514 1428 2539 et
1453 2518 1587 2549 operam
1611 2507 1653 2538 nd
1670 2507 1883 2538 ministerium
1897 2506 2080 2537 ornandum
2103 2511 2135 2537 et
2153 2515 2232 2537 con·

1253 2551 1464 2582 servandum.
1511 2550 1557 2581 lta
1585 2552 1691 2581 sancti
1713 2556 1848 2582 servant
1870 2549 1971 2581 niultn
1991 2549 2231 2592 paedagogica,

1253 2594 1374 2635 quibus
1398 2605 1463 2625 non
1488 2601 1538 2625 est
1562 2594 1609 2625 eis
1633 2603 1729 2635 opus,
1758 2593 1825 2625 Sed
1854 2591 1969 2625 volunt
1992 2599 2100 2624 tamen
2123 2600 2232 2623 uem-

1254 2636 1308 2679 plo
1332 2638 1419 2669 lioiio
1443 2640 1569 2669 servire
1591 2635 1676 2668 aliis.

2295 1658 2309 1671 ί
