2324 2958
58 179 126 212 mo
739 170 956 206 Pos'rlLLA
975 171 1374 205 MELANTHONIANA.
1989 175 2053 206 510

61 282 129 305 non
152 269 213 304 fuit
233 269 343 303 David
377 267 610 309 blasphemus:
643 277 711 298 non
744 266 803 299 suit
838 272 1033 308 persecutor
1084 265 1287 298 delictorum.
1343 265 1417 295 Nou
1453 272 1502 296 est
1533 272 1639 298 nutem
1669 272 1840 307 peccatum
1876 268 2053 308 primorum

63 316 252 352 doctrinae,
286 313 320 345 &t
354 311 550 354 quamquam
572 309 685 352 tapsus
720 316 773 341 est
805 317 920 341 contra
954 319 1032 341 con·
1082 314 1254 351 parentum
1287 306 1394 339 simil-e
1427 313 1565 349 peccato
1599 307 1832 348 Diabolorum,
1871 310 1956 346 Quia
1989 311 2053 352 pri-

63 358 244 395 scientiam,
265 362 375 387 tamen
392 355 509 386 iterum
533 359 585 385 est
606 362 802 384 conversus.
1083 362 1209 383 morum
1242 350 1409 382 hominum
1448 357 1637 392 peecatum,
1673 362 1868 394 quamquam
1902 358 1954 384 est
1987 363 2053 385 ma·

149 400 206 431 Sic
228 398 317 430 Petri
346 397 462 438 lapsus
494 395 555 428 fuit
585 405 740 437 magnum
774 400 806 426 et
838 396 933 427 triste
955 404 1032 436 pec·
1084 404 1183 436 gnum
1205 400 1236 425 et
1259 394 1364 431 triste,
1397 399 1430 424 et
1463 400 1515 424 est
1537 400 1709 435 peccatum
1743 402 1859 427 contra
1882 397 2053 427 conscien-

59 438 189 476 catum:
212 442 321 483 Negat
344 439 524 478 Christum,
544 449 607 470 nec
631 444 740 469 tamen
764 443 815 469 est
839 444 1033 479 persecutor
1083 438 1172 475 tiam,
1206 442 1316 468 tamen
1348 434 1533 477 profectum
1569 442 1621 468 est
1653 445 1694 468 ex
1717 437 1913 477 infirmitate,
1947 444 1981 470 et
2003 446 2053 470 est

63 485 243 519 doctrinae.
301 483 342 514 Et
376 482 465 514 illam
500 482 752 524 abnegationem
782 480 924 519 Christi,
957 490 1032 522 pro—
1085 480 1157 511 sine
1179 478 1410 521 persecutione
1433 480 1591 510 veritatis.
1636 479 1814 512 Peccatum
1836 480 2053 513 Diabolorum

63 529 184 561 sectam
217 537 258 558 ex
291 525 494 563 infirmitate,
531 524 665 566 agnovit
701 529 835 564 postea,
869 529 901 555 et
933 524 1031 555 seriis
1084 528 1136 554 est
1177 526 1383 563 contemptus
1417 527 1450 552 et
1493 522 1600 554 odium
1639 522 1802 553 adversus
1843 523 1957 555 Filium
1991 523 2053 556 Dei

62 570 242 612 lachrymis
266 567 461 610 deploravit,
495 573 528 599 et
549 567 688 599 credidit
722 575 760 597 se
788 576 866 597 vere
889 567 990 608 recipi
1012 576 1032 597 a
1084 566 1229 607 agnitum
1261 565 1458 596 immediate.
1514 564 1575 596 Est
1609 565 1708 606 igitur
1740 564 1832 596 Deus
1866 567 2053 598 misericors

62 613 206 647 Christo.
1084 607 1282 646 hominibus,
1303 617 1385 649 erga
1401 605 1578 639 Diabolum
1596 612 1728 639 exercet
1750 608 1891 650 rigorem
1913 610 2055 641 iustitiae

148 652 272 686 Paulus
305 654 404 685 etiam
439 653 518 684 dicit
561 662 598 683 se
645 649 871 692 blasphemum
917 650 1031 686 fuisse,
1055 637 1062 683 l
1085 660 1176 682 suae.
2011 650 2025 662 ⁸

64 699 93 730 1.
111 696 253 730 Timoth.
281 697 309 727 1.
364 695 431 727 Sed
464 695 551 726 addit
585 705 622 726 se
656 696 783 726 veniam
817 700 1032 727 consecutum
1170 692 1298 724 Deinde
1330 691 1417 724 filius
1451 691 1514 724 Dei
1542 698 1592 723 est
1616 693 1819 725 intercessor
1841 703 1901 734 pro
1921 693 2054 725 homini-

61 751 149 779 ὅδε,
171 741 247 782 quia
269 740 426 781 ignorans
449 736 576 769 fecerit.
1085 736 1164 766 bus:
1188 735 1449 767 inDiabolorum
1473 734 1568 776 lapsu
1591 745 1656 766 non
1681 742 1731 767 est
1754 737 1969 774 intercessor,
1991 746 2053 768 nec

147 783 193 815 At
214 788 386 824 peccatum
408 778 650 821 blasphemiae,
686 781 774 821 quud
809 780 927 811 dicitur
956 789 1031 820 pec·
1084 778 1128 809 ibi
1151 784 1203 809 est
1226 788 1328 810 causa
1350 779 1610 811 intercessionis.

63 832 171 859 catum
204 826 237 857 in
269 824 423 866 Spiritum
457 829 607 854 sanctum
643 829 674 854 et
708 821 951 859 irremissibile,
980 827 1031 853 est
1169 821 1381 852 Tutissimum
1404 827 1454 852 est
1477 827 1585 852 autem
1614 820 1751 852 definire
1774 827 1945 862 peccatum
1970 821 2056 853 blas-

62 869 194 912 quando
218 873 334 899 contra
356 866 608 903 conscientiam,
631 865 781 896 homines
806 865 860 897 vel
882 863 1029 902 Diaboli,
1083 862 1250 904 phemiae,
1281 873 1343 895 seu
1369 869 1543 905 peccatum
1570 862 1795 895 irremissibile
1824 875 1843 895 a
1865 865 2054 905 posteriori,

61 913 151 954 (quia
173 916 223 941 est
246 909 401 951 quiddam
425 907 649 944 Diabolicum)
673 913 917 950 persequuntur
939 908 1030 949 agni·
1083 906 1167 941 Quia
1189 916 1252 938 nos
1273 905 1422 948 regulam
1451 912 1563 938 tenere
1596 907 1769 938 debemus:
1804 906 1908 938 Omne
1939 917 2056 948 pecca·

61 962 129 986 tam
150 953 330 985 veritatem.
382 952 418 982 ln
452 950 556 983 Paulo
591 950 649 982 fuit
672 959 844 992 peccatum
877 951 1030 992 ignoran-
1082 954 1150 980 tum
1173 950 1292 980 remitti
1308 950 1420 992 agenti
1438 950 1681 990 poenitentiam,
1705 955 1736 981 et
1760 949 1824 981 fide
1849 949 2056 990 amplectenti

61 997 138 1036 tiae,
161 1005 348 1038 quanquam
381 1005 533 1036 magnum
568 1001 599 1025 et
622 995 726 1025 triste.
771 993 842 1024 Fuit
866 993 1030 1024 homicida
1082 993 1334 1032 promissionem
1357 995 1494 1035 gratiae,
1518 993 1607 1024 iuxta
1629 993 1857 1024 iuramentum:
1895 995 1963 1025 Vico
1990 1003 2056 1034 eqo,

61 1045 95 1072 et
116 1045 311 1080 persecutor
345 1044 462 1069 contra
497 1036 595 1068 filium
629 1036 711 1075 Dei,
747 1037 807 1067 sed
831 1046 927 1078 quem
950 1045 1031 1067 non·
1081 1035 1159 1066 dicit
1176 1035 1343 1075 Dominus,
1371 1037 1449 1067 Nolo
1471 1040 1603 1067 mortem
1629 1039 1817 1075 peccatoris,
1845 1037 1906 1068 sed
1925 1041 1961 1068 ut
1982 1046 2054 1068 con—

1082 1082 1226 1109 vertatur
1247 1084 1279 1110 et
1299 1082 1390 1110 viz-ac.
1431 1078 1522 1116 Item,
1548 1079 1660 1110 Gratia
1682 1080 1840 1111 exuberat
1860 1089 1961 1120 supra
1980 1089 2055 1120 pec—

1083 1124 1195 1151 catum.
1240 1120 1390 1152 Meritum
1409 1119 1463 1152 filii
1488 1121 1552 1152 Dei
1585 1127 1636 1152 est
1658 1121 1780 1158 maiuS,
1815 1131 1914 1163 quam
1949 1122 2058 1154 omnia

1081 1169 1222 1204 peccata
1243 1165 1365 1195 mundi.
1410 1163 1519 1196 Vocat
1542 1162 1628 1196 filius
1652 1163 1715 1195 Dei
1738 1165 1781 1196 ad
1806 1175 1843 1196 se
1866 1174 1981 1204 omnes,
2004 1169 2059 1207 qui

1081 1211 1156 1237 sunl
1175 1210 1308 1238 onerati.

1169 1249 1277 1291 Saepe
1310 1249 1446 1288 accidit,
1486 1255 1521 1281 ut
1554 1249 1705 1282 homines
1738 1256 1922 1289 tententur,
1962 1251 2055 1292 quasi

1082 1291 1227 1324 habeant
1258 1299 1429 1333 peccatum
1462 1291 1698 1324 irremissibile.
1759 1292 1857 1325 Tales
1891 1298 1967 1325 sunt
2000 1294 2056 1324 do-

1084 1335 1189 1369 cendi,
1213 1345 1291 1366 esse
1314 1336 1501 1367 mandatum
1528 1336 1672 1368 divinum
1697 1335 1908 1374 immutabile,
1929 1342 1963 1367 ut
1987 1346 2057 1367 cre-

1085 1378 1174 1416 dant,
1201 1379 1313 1410 Omnia
1332 1384 1465 1419 peccata
1492 1382 1612 1411 remitte·
1636 1380 1803 1418 ayentibus
1819 1382 2056 1420 poenitentiam,

1085 1430 1156 1459 seu,
1178 1422 1351 1453 volentibus
1372 1423 1515 1453 converti
1536 1423 1581 1452 ad
1600 1421 1713 1453 Deum.

1170 1462 1231 1495 Est
1253 1463 1421 1495 horribilis
1444 1463 1501 1495 illa
1524 1464 1670 1501 tentatio,
1697 1464 1828 1506 quando
1851 1469 1976 1496 mentes
1999 1474 2056 1506 op-

1084 1512 1275 1547 pugnantur
1297 1507 1498 1549 cogitatione
1520 1507 1648 1549 peccati
1672 1506 1913 1548 blasphemiae:
1941 1507 2057 1549 Neque

1086 1554 1137 1581 est
1160 1547 1234 1581 leve
1258 1556 1435 1581 certamen.

62 1082 139 1114 dum
157 1086 351 1124 agnoverat.

149 1124 265 1165 Longe
297 1122 386 1154 aliud
409 1130 471 1161 est,
507 1122 705 1164 persecutio,
739 1130 826 1162 quae
859 1120 896 1152 fit
919 1121 961 1152 ab
983 1121 1031 1152 in-

63 1165 287 1209 telligentibus
310 1172 342 1197 et
363 1166 621 1206 agnoscentibus
651 1164 839 1203 veritatem,
868 1170 902 1196 ut
925 1165 1030 1206 ponti-

62 1210 144 1243 fices
167 1207 370 1241 manifestam
393 1209 566 1240 veritatem
589 1213 799 1248 oppugnant3
827 1217 911 1249 quae
933 1208 1029 1238 etiam

61 1253 188 1284 ratione
211 1251 345 1283 iudicari
369 1257 478 1292 potest
495 1251 526 1281 in
548 1249 658 1281 multis
677 1251 846 1282 doctrinae
865 1251 1030 1292 partibus:

60 1301 98 1328 ut
120 1294 252 1337 quando
285 1293 484 1325 interficiunt
516 1294 708 1324 sacerdotes
744 1293 915 1335 coniuges.
969 1292 1031 1324 Hic

61 1336 221 1370 articulus
243 1337 413 1368 doctrinae
437 1337 479 1367 de
503 1337 656 1377 coniugio
679 1336 774 1367 etiarn
798 1337 929 1368 ratione
951 1336 1032 1367 iudi-

62 1381 131 1413 cari
163 1385 293 1422 potest,
326 1386 359 1410 et
392 1384 499 1410 tamen
533 1380 679 1421 agnitam
717 1379 888 1410 veritatem
921 1389 1032 1420 perse-

62 1428 205 1466 quuntur
228 1423 259 1453 in
282 1421 347 1453 hoc
371 1420 511 1453 articulo
535 1428 601 1452 tam
624 1420 808 1452 manifesto.
854 1420 935 1453 Tale
957 1432 1032 1463 pec-

61 1471 171 1498 catum
190 1463 343 1496 Christus
374 1470 471 1496 vocat
505 1466 737 1496 lrremtssibile.
792 1464 824 1496 ld
849 1464 933 1496 bene
955 1474 1033 1496 con-

61 1509 215 1540 siderate.

147 1550 222 1582 Non
246 1559 287 1581 ex
309 1548 461 1591 quolibet
488 1555 628 1591 peccato
655 1548 753 1580 facite
783 1548 1032 1590 blasphemiam:

63 1603 132 1625 non
167 1593 239 1623 sitis
271 1593 367 1633 proni
401 1593 443 1622 ad
472 1593 768 1624 condemnandum.
814 1591 946 1623 Deinde
966 1602 1034 1624 non

60 1636 177 1667 sinatis
200 1644 262 1666 vos
290 1632 460 1674 impellere
492 1636 607 1676 agnita
641 1636 795 1672 veritate,
828 1640 864 1676 ut
897 1635 1033 1666 sumatis

60 1688 153 1710 arma
177 1683 293 1709 contra
319 1677 500 1715 veritatem,
537 1683 593 1709 aut
627 1679 798 1708 veritatem
821 1678 1033 1720 oppugnetiS.

61 1721 148 1752 Fieri
166 1726 293 1762 potest,
324 1725 360 1751 ut
393 1720 435 1750 sit
468 1718 587 1761 aliquis
622 1718 808 1762 languidior
841 1721 874 1751 in
907 1720 1034 1752 confes-

63 1764 169 1801 sione,
193 1769 226 1795 et
241 1773 301 1804 per
317 1761 574 1794 imbecillitatem
594 1769 718 1794 taceat:
743 1764 803 1794 sed
820 1773 860 1794 ex
879 1763 1035 1804 professo

61 1816 187 1848 negare
221 1804 275 1837 vel
310 1815 501 1847 oppugnare
536 1806 724 1844 veritatem,
759 1805 858 1848 longe
892 1807 1033 1838 omnium

63 1849 286 1881 tristissimum
310 1854 371 1878 est.

148 1891 183 1922 In
214 1890 402 1922 definitione
435 1890 680 1922 misericordiae
714 1892 808 1923 scitis
841 1893 1034 1923 necessario

61 1933 336 1967 considerandam
359 1943 434 1964 esse
457 1933 670 1966 differentiam
694 1942 921 1975 peccatorum.

1172 1591 1281 1623 Credo
1315 1593 1472 1624 maiorem
1506 1591 1655 1624 dolorem
1693 1591 1797 1624 fuisse
1832 1592 1930 1630 Petri,
1960 1602 2058 1634 quam

1086 1634 1236 1666 Davidis.
1281 1635 1362 1666 Item
1397 1635 1552 1673 Aaronis,
1582 1645 1678 1676 quani
1712 1634 1850 1667 latronis
1883 1636 1916 1666 in
1947 1645 2058 1674 cruce,

1087 1676 1172 1712 Quia
1195 1677 1312 1709 Petrus
1337 1685 1368 1709 et
1392 1678 1505 1709 Aaron
1524 1683 1703 1719 peccarunt
1734 1679 1919 1709 immediate
1941 1684 2059 1709 contra

1085 1720 1221 1760 primam
1261 1720 1416 1752 tabulam.
1478 1720 1627 1762 Ipsorum
1660 1727 1800 1761 peccata
1833 1727 1909 1752 sunt
1950 1721 2059 1753 vicina

1089 1761 1323 1803 blasphemiae.
1369 1763 1431 1794 Sed
1454 1773 1519 1794 non
1548 1762 1608 1795 fuit
1632 1770 1741 1794 tamen
1765 1764 1798 1795 in
1822 1763 1919 1795 Petro
1942 1763 2058 1795 volun-

1087 1811 1140 1837 tas
1162 1807 1383 1848 persequendi
1407 1807 1589 1837 veritatem.
1627 1805 1669 1836 Et
1691 1807 1804 1848 agnito
1829 1813 1965 1847 peccato
1983 1817 2057 1846 suo,

1087 1859 1165 1880 vere
1196 1847 1321 1888 doluit,
1361 1856 1393 1880 et
1427 1850 1531 1880 erexit
1564 1859 1624 1886 se,
1658 1859 1853 1891 quamquam
1886 1860 1953 1881 non
1987 1851 2058 1882 sine

1086 1902 1207 1933 magna
1229 1891 1332 1929 lucta,
1355 1891 1474 1923 fiducia
1497 1892 1633 1930 Christi,
1656 1893 1711 1933 qui
1734 1893 1860 1923 dixer-ut
1882 1894 1929 1925 ei:
1964 1894 2060 1925 01·αυὶ

1085 1944 1146 1975 pro
1168 1940 1206 1974 te,
1230 1936 1335 1969 Pare,
1360 1945 1400 1967 ne
1422 1936 1553 1974 deficiat
1569 1937 1651 1974 fides
1674 1940 1737 1967 tua.

1173 1977 1330 2009 Homines
1363 1978 1426 2009 ista
1460 1977 1578 2009 leviter
1611 1984 1738 2017 curant,
1772 1984 1803 2010 et
1828 1978 1929 2010 multo
1953 1977 2058 2011 levius

1086 2019 1337 2059 adolescentuli,
1372 2021 1509 2062 quinon
1532 2027 1673 2062 possunt
1707 2022 1854 2063 cogitare
1887 2022 1928 2052 de
1951 2032 2058 2054 rerum

1087 2064 1223 2095 istarum
1246 2064 1480 2106 magnitudine.
1534 2062 1722 2096 Difficulter
1750 2066 1890 2096 subeunt
1920 2065 2059 2103 animos,

1086 2117 1171 2148 quae
1201 2112 1278 2138 sunt
1312 2113 1405 2138 extra
1442 2106 1633 2138 rationalem
1669 2108 1861 2139 doctrinam,
1916 2106 2058 2139 Facilius

1086 2150 1213 2181 subiret
1236 2150 1364 2181 animos
1387 2155 1539 2187 vestros,
1575 2150 1603 2181 si
1637 2150 1780 2182 dicerem
1813 2150 1908 2182 vobis
1933 2150 1973 2181 de
1996 2149 2058 2182 Co-

1085 2197 1180 2231 meta,
1203 2193 1258 2235 qui
1281 2203 1369 2224 nunc
1391 2191 1495 2235 fulget
1517 2194 1549 2224 in
1572 2203 1660 2224 aere.

216 2064 326 2115 Quid
357 2072 419 2105 est
450 2066 556 2105 enim
587 2066 881 2107 misericordia?

148 2155 210 2188 Est
233 2156 357 2194 virtus,
389 2167 453 2198 qua
478 2154 639 2188 afficimur
672 2167 772 2189 sensu
795 2157 924 2189 alienae
949 2156 1035 2189 cala-

61 2199 194 2238 mitads,
217 2199 412 2241 praesertim
437 2199 596 2236 iniustae,
630 2206 664 2231 et
696 2199 893 2241 opitulemur
915 2201 1034 2232 iniuste

61 2243 233 2285 oppressis
267 2252 327 2283 pro
351 2243 544 2273 vocatione:
578 2240 672 2281 Item,
706 2243 873 2275 Probabili
905 2244 1033 2276 ratione

61 2285 234 2318 studemus
267 2285 416 2327 mitigare
456 2285 552 2315 etiam
591 2285 710 2317 iustam
745 2285 966 2319 calamitatem
1000 2287 1033 2318 in

60 2326 147 2360 male
179 2327 315 2360 meritis.
382 2329 446 2359 Iam
480 2326 573 2358 Deus
611 2335 661 2359 est
701 2329 888 2362 misericors
921 2330 1032 2372 primis

60 2371 264 2412 parentibus,
290 2380 354 2401 non
378 2368 541 2402 Diabolis.
1274 2358 1395 2398 Estne
1430 2357 1601 2399 Cometa
1633 2358 1705 2397 iste
1738 2358 1873 2398 stella?

1052 827 1064 2469 ffl——ffl———ffl

1170 2448 1255 2481 Non.
1300 2449 1421 2481 Proba.
1466 2447 1571 2480 Stella
1604 2455 1655 2480 est
1689 2458 1812 2489 corpus
1845 2455 2056 2490 perpetuum:

225 2484 347 2525 Estne
380 2492 591 2539 propterea
624 2485 865 2539 inaequalis?
1085 2492 1220 2524 Cometa
1243 2491 1423 2534 deflagrat:
1449 2491 1536 2533 Ergo
1561 2501 1626 2522 non
1650 2497 1700 2522 est
1724 2490 1834 2523 stella.

149 2573 362 2616 Respondeo:
387 2574 606 2617 Inaequalitas
630 2586 690 2607 seu
713 2577 948 2617 προςωηοληψία
970 2582 1032 2615 est,

62 2617 117 2648 ubi
140 2627 205 2649 non
229 2624 282 2650 est
304 2619 435 2650 diversa
459 2618 558 2653 ratio:
591 2628 669 2656 seu,
705 2619 759 2650 nbi
781 2624 839 2650 est*
855 2618 1031 2651 similitudo
