2324 2958
202 173 263 204 6:31
837 170 949 203 PfflL.
972 170 1073 203 MEL.
1096 169 1282 203 SCRIPTA
1305 169 1566 204 EXEGETICA.
2137 173 2201 207 632

202 265 379 303 addiden't,
414 270 449 296 ut
472 265 665 296 ostenderet
692 273 767 296 eum
789 275 809 296 a
830 264 904 297 Deo
927 265 1063 295 missum
1087 273 1175 302 esse,
1230 264 1352 295 citiam:
1389 273 1491 305 saepe
1524 264 1643 306 repetit
1671 264 1759 296 serio
1781 263 1868 297 hanc
1894 269 2012 298 vocem
2034 265 2202 308 Christus,

203 316 235 341 et
271 308 448 350 approbari
482 307 569 339 hanc
605 307 806 345 doctrinam,
843 313 876 339 et
909 317 989 338 vere
1026 307 1176 337 daturum
1227 305 1404 348 patheticis
1426 307 1554 339 verbis:
1588 309 1704 349 Pater,
1736 311 1805 340 sinc
1823 318 1929 350 unum,
1968 312 2057 342 sicut
2082 315 2117 342 et
2141 321 2202 344 noe

203 353 300 389 bona,
324 360 408 392 quae
431 351 586 391 promittit
609 350 836 392 Evangelium.
873 349 929 381 Sic
952 349 1052 391 igitur
1073 349 1175 390 inquit
1227 359 1325 381 unum
1346 359 1467 388 sumus,
1503 360 1560 389 eqo
1594 353 1627 382 in
1649 354 1696 391 ce,
1729 355 1764 382 et
1782 355 1816 383 tu
1834 354 1867 383 in
1890 361 1949 391 me,
1982 356 2018 384 ut
2039 356 2106 385 sint
2127 363 2202 386 con·

202 394 355 427 Christus
379 403 417 424 se
441 391 625 434 Apostolos
648 403 778 435 quoque
808 394 946 430 mittere,
975 397 1010 423 ut
1032 391 1175 422 ministe-
1227 396 1373 424 mamati
1393 403 1451 425 seu
1479 396 1641 433 perfecti,
1680 403 1739 425 seu
1772 398 1988 434 coagmentati
2026 395 2060 427 in
2092 407 2200 428 unum.

203 438 285 485 rium
308 437 414 477 ipsius
437 436 479 467 sit
502 434 634 474 efficax,
657 441 690 467 et
711 443 745 467 ut
760 436 851 467 Deus
874 445 934 476 per
956 434 1021 466 hoc
1043 433 1176 465 inchoet
1228 434 1340 470 Quare
1362 439 1394 467 et
1415 445 1478 467 nos
1501 436 1604 467 simus
1627 436 1766 467 studiosi
1800 437 2017 475 concordiae,
2049 437 2202 470 adhibea-

201 486 302 511 vitam
325 486 493 510 aeternam
508 479 540 510 in
553 479 714 516 omnibus,
737 479 793 520 qui
809 484 911 520 agunt
933 477 1175 518 poenitentiam,
1226 487 1299 509 mus
1322 477 1542 520 diligentiam,
1568 488 1610 510 ne
1633 485 1758 511 temere
1780 480 1950 512 turbemus
1978 481 2202 520 concordiam,

202 529 235 555 et
257 532 335 554 vere
360 522 495 553 credunt
519 521 713 563 Evangelio.
1226 520 1311 552 sicut
1329 520 1486 553 Salomon
1504 520 1624 563 inquit:
1651 524 1721 554 Non
1743 525 1791 554 sie
1812 525 1905 554 velox
1926 524 1971 555 aci
1996 525 2204 563 loquendum.-

289 565 350 596 Hic
386 574 466 596 vero
501 574 619 596 vocem
652 563 741 596 illam
770 560 1016 594 memorabilem
1045 562 1173 593 intexit:
1225 573 1291 594 non
1327 569 1449 595 temere
1478 565 1750 605 pronuntiemus,
1783 571 1817 597 et
1850 564 1974 597 Paulus
2004 566 2122 608 inquit:
2158 568 2203 599 Ίὶι

201 610 269 648 Eyo
301 608 465 646 sanctifico
493 617 541 639 me
571 611 672 647 ipsum
700 617 762 647 pro
801 609 855 638 eis.
909 604 981 636 Hac
1010 614 1095 636 voce
1117 614 1173 646 ap·
1225 609 1296 646 quis·
1318 616 1376 647 es,
1408 609 1463 647 qui
1496 609 1619 640 iudicas
1650 610 1823 649 fratrem?
1873 607 1942 640 Sed
1974 608 2058 641 haec
2080 608 2204 642 habent

201 650 302 693 plicat
326 649 523 682 sacrificium
546 660 656 681 suum:
686 650 763 691 quia
784 648 849 680 hoc
871 654 923 679 est
953 657 1037 689 opus
1056 647 1173 678 summi
1225 658 1305 681 suos
1329 650 1452 690 gradus
1474 655 1507 681 et
1521 656 1638 682 metas.

201 693 398 731 sacerdotis,
419 703 486 724 non
509 698 632 724 tantum
662 691 869 729 sacrificare,
905 691 966 722 sed
997 690 1095 722 etiam
1116 700 1173 731 ap·
1311 691 1397 727 Quia
1428 702 1510 723 vero
1550 694 1647 725 toties
1687 692 1831 725 inculcat
1871 692 1958 725 hanc
1990 693 2202 734 particulam:

201 735 328 778 plicare
350 735 546 767 sacrificium
569 745 629 776 pro
651 734 736 766 aliis.
1225 737 1293 767 sint
1312 744 1408 766 unam
1430 735 1466 766 in
1488 736 1592 774 nobis,
1626 739 1711 768 sicut
1740 746 1798 776 eqo
1831 740 1864 768 et
1879 740 1914 768 tu
1945 745 2043 768 unum
2075 746 2204 769 tumus:

289 779 362 813 Fuit
385 779 591 810 consuetudo
613 778 645 808 in
669 777 761 820 lege,
792 775 923 818 quando
945 774 1094 808 Israelita
1116 775 1173 807 ad·
1226 778 1393 809 discamus
1416 787 1482 809 non
1505 776 1704 818 simpliciter
1725 788 1800 810 eum
1832 778 1924 821 loqui
1957 779 1998 810 de
2022 778 2204 810 concordia

202 821 332 854 serebat
354 822 525 862 primitias:
554 821 714 852 sacerdos
744 830 801 852 eas
829 819 1013 860 accipiens,
1043 819 1174 850 dicebat
1227 819 1332 859 civili,
1366 820 1428 852 sed
1462 820 1503 852 de
1526 819 1584 852 tali
1607 822 1804 859 concordia,
1838 828 1872 852 ut
1903 827 2030 853 mentes
2062 822 2204 863 primum

202 872 297 896 stans
321 871 397 896 ante
420 863 541 895 altare:
570 864 646 906 Ago
674 864 732 894 tibi
756 863 882 905 gratias
905 861 1046 893 Domine
1068 861 1174 900 Deus,
1226 863 1435 894 consentiant
1457 871 1532 894 cum
1545 862 1632 901 Deo,
1655 864 1720 894 sint
1741 862 1894 896 illustrati
1915 862 1991 896 luce
2010 870 2042 896 et
2064 863 2204 896 veritate

205 908 294 950 quod
318 907 460 939 eduxisti
483 917 546 938 nos
575 917 616 938 ex
638 906 810 948 Aegypto,
843 905 931 946 quod
953 910 1076 936 terram
1098 913 1174 946 pro·
1227 906 1347 938 divina.
1405 905 1588 947 Postquam
1621 911 1728 938 autem
1762 905 1907 948 copulati
1941 912 2019 938 sunt
2052 905 2203 938 homines

202 951 340 983 missam
362 950 458 981 nobis
482 949 657 987 tradidisti,
680 955 711 980 et
734 958 887 986 oramus,
914 953 949 979 ut
971 946 1096 989 populo
1119 953 1175 978 tuo
1228 959 1301 981 cum
1325 947 1411 987 Deo,
1435 954 1514 981 tunc
1536 949 1632 980 etiam
1654 948 1787 980 retineri
1819 947 1889 980 vult
1912 949 2123 981 concordiam
2145 959 2203 981 vo·

204 994 394 1031 benedicas,
423 999 454 1024 et
477 993 530 1023 isti
554 991 711 1023 offerenti.
766 991 814 1022 lta
840 991 1000 1022 sacerdos
1033 989 1175 1022 faciebat
1226 990 1407 1030 luntatum‚
1441 997 1473 1022 et
1506 992 1688 1023 animorum
1721 992 1806 1023 inter
1837 992 1929 1033 ipsos
1954 991 2136 1030 docentes,
2170 997 2203 1023 et

203 1035 355 1068 sacrificii
381 1035 482 1067 oblati
515 1033 767 1076 applicationem
800 1034 832 1065 in
856 1034 1055 1074 precatione.
1100 1033 1176 1064 Non
1229 1040 1318 1066 vetat
1340 1035 1465 1066 turbari
1487 1032 1685 1067 Ecclesiam.
1944 1026 1946 1029 ⁵

205 1078 313 1111 solum
337 1078 494 1110 offerebat
519 1077 658 1120 aliquid,
694 1078 754 1109 sed
776 1077 958 1108 accedebat
986 1076 1092 1108 oratio
1114 1085 1175 1116 pro

204 1132 257 1161 eo,
280 1132 339 1163 pro
364 1132 428 1163 quo
452 1120 550 1152 fiebat
569 1120 778 1152 sacrificium:
814 1119 870 1151 Sic
903 1119 1002 1161 igitur
1029 1125 1061 1150 et
1084 1118 1177 1150 Chri-

204 1172 276 1196 stus
301 1163 396 1202 facit,
431 1174 503 1195 cum
535 1164 629 1195 dicit:
664 1165 732 1203 Eyo
764 1163 925 1201 sanctifico
958 1172 1008 1194 me
1025 1172 1090 1203 pro
1112 1165 1177 1193 eis.-

204 1213 339 1249 praesto
371 1207 428 1238 tibi
462 1207 679 1238 obedientiam
711 1206 797 1237 hanc
819 1205 1010 1242 valituram,
1043 1210 1079 1236 ut
1110 1203 1176 1235 illis

205 1255 370 1282 mereatur
394 1250 544 1281 remissio
567 1255 790 1290 peccatorum,
813 1254 847 1279 ut
870 1248 933 1289 ipsi
957 1257 1089 1289 quoque
1112 1247 1177 1278 sint

1314 1075 1487 1108 Postremo
1517 1077 1598 1119 petit
1630 1076 1799 1108 Christus=
1829 1077 1943 1115 Pater,
1976 1085 2054 1116 quos
2086 1077 2206 1109 dedisti

1227 1120 1318 1154 mihi,
1346 1122 1428 1160 rolo,
1452 1125 1494 1159 ut,
1517 1120 1574 1151 ubi
1593 1129 1664 1151 sum
1686 1130 1757 1160 eyo,
1791 1123 1822 1152 et
1845 1120 1894 1151 illi
1913 1122 1981 1151 sint
2000 1128 2136 1159 mecum,
2169 1122 2204 1150 ut

1227 1164 1357 1194 videant
1371 1163 1550 1194 claritatem
1573 1172 1685 1200 meam,
1708 1172 1803 1202 quam
1825 1163 1947 1194 decimi
1966 1162 2050 1202 mihi,
2084 1162 2116 1193 id
2140 1167 2203 1200 est,

1227 1211 1316 1246 peto,
1345 1211 1380 1278 ul
1402 1211 1537 1246 propter
1559 1214 1610 1236 me
1633 1203 1718 1236 salvi
1742 1204 1834 1243 fiant,
1863 1210 1896 1236 et
1929 1205 1994 1235 sint
2022 1205 2203 1246 participes

1227 1257 1320 1279 meae
1380 1257 1479 1278 oriae.

205 1293 312 1325 sancti
346 1293 403 1324 tibi
437 1291 627 1332 placentes,
661 1291 750 1332 quod
783 1291 815 1322 in
854 1296 942 1321 textu
977 1290 1109 1321 dicitur:
1143 1293 1180 1320 ut
1315 1259 1364 1321 lng
1384 1290 1448 1321 tine
1487 1289 1528 1320 ssa
1554 1289 1731 1320 rantissimi
1764 1289 1886 1320 amoris
1920 1289 2029 1320 deseri
2055 1289 2099 1320 tio
2139 1294 2203 1327 est,

204 1340 272 1368 sint
290 1335 483 1374 sanctificati
498 1344 562 1376 per
586 1338 767 1366 veritatem.-
795 1332 924 1364 scilicet
946 1333 1102 1373 imputata
1128 1332 1177 1363 eis
1229 1343 1295 1374 quo
1317 1338 1411 1373 pater
1434 1342 1529 1371 comp
1545 1332 1662 1363 ectitur
1684 1329 1796 1368 filium,
1829 1338 1863 1362 et
1896 1341 1962 1372 quo
1991 1341 2011 1361 v
2049 1336 2061 1360 t
2089 1329 2204 1368 Filius,

204 1379 327 1410 iustitia
355 1384 489 1419 propter
523 1376 656 1415 Filium,
686 1382 717 1407 ct
749 1375 846 1407 simul
879 1375 1033 1407 inchoata
1065 1375 1098 1405 in
1129 1374 1178 1405 eis
1229 1381 1265 1406 ut
1287 1385 1349 1405 nos
1371 1374 1470 1406 etiam
1494 1381 1587 1415 pater
1621 1371 1874 1413 complectatur3
1911 1374 1955 1405 Tu
1977 1372 2124 1404 dile-rma·
2153 1381 2206 1404 me

206 1421 358 1453 veritate:
383 1421 414 1452 id
438 1426 498 1457 est,
522 1430 602 1451 vem
625 1419 795 1461 agnitione
816 1418 896 1457 Dei,
926 1424 959 1449 et
987 1427 1067 1449 vera
1088 1417 1179 1449 novi-
1229 1422 1306 1449 ante
1326 1417 1579 1449 constitutionem
1601 1417 1724 1454 mundi,
1752 1419 1797 1448 ste
1823 1417 1951 1447 dilectio
1973 1419 2043 1455 tua,
2072 1424 2135 1455 qua
2156 1415 2205 1446 da>

206 1471 284 1502 tate,
308 1474 393 1505 quae
415 1470 531 1505 postea
554 1463 615 1494 erit
639 1463 776 1504 integra.
1229 1461 1341 1493 leoet'sti
1362 1469 1423 1498 me,
1445 1460 1479 1491 in
1501 1463 1559 1492 eis.
1605 1458 1768 1496 Postulat,
1789 1464 1826 1490 ut
1847 1457 1998 1496 dilectio,
2024 1467 2091 1499 qua
2110 1462 2206 1499 pater

291 1506 344 1539 De
367 1506 430 1538 hac
451 1505 670 1548 applicatione
693 1504 845 1536 sacrificii
869 1502 992 1535 Christi
1021 1509 1054 1534 et
1082 1503 1180 1534 inter·
1230 1509 1384 1536 aeternus
1407 1503 1566 1534 immenso
1589 1512 1701 1533 amore
1720 1500 1825 1544 diligit
1847 1500 1959 1539 filium,
1982 1501 2023 1531 sit
2047 1501 2078 1532 in
2091 1500 2202 1533 nobie:

206 1551 359 1582 cessione
382 1560 442 1591 pro
464 1550 578 1589 nobis,
613 1557 745 1589 semper
771 1548 802 1579 in
827 1547 914 1578 omni
945 1547 1010 1578 vita
1033 1546 1179 1587 cogitan-
1229 1547 1262 1578 id
1286 1552 1349 1584 est,
1372 1551 1408 1578 ut
1431 1545 1481 1577 sic
1503 1555 1566 1576 nos
1589 1544 1712 1587 diligat,
1741 1545 1827 1576 sicut
1850 1543 1950 1576 filium
1975 1541 2096 1585 diligit:
2128 1543 2204 1585 qni·

207 1594 282 1625 dum
305 1599 367 1625 est.
412 1593 468 1625 Sic
502 1592 588 1623 enim
621 1598 712 1623 recte
741 1591 782 1622 de
811 1589 991 1621 mediatore
1015 1595 1048 1620 et
1069 1598 1180 1620 sacer·
1231 1588 1362 1621 dilectio
1385 1588 1440 1619 hic
1461 1588 1570 1620 active
1592 1586 1837 1629 intelligendum
1860 1593 1922 1619 est.

207 1637 284 1668 dote
309 1634 442 1667 Christo
474 1636 674 1678 cogitamus:
711 1643 784 1665 cum
813 1634 974 1664 intuemur
1008 1642 1082 1663 eum
1118 1641 1179 1673 pro
1317 1631 1421 1663 Huius
1449 1631 1614 1672 petitionis
1648 1630 1903 1672 magnitudinem
1937 1627 2029 1660 nulla
2052 1633 2205 1660 creatura

207 1679 305 1711 nobis
339 1688 472 1721 quoque
500 1677 773 1715 intercedentem,
803 1682 836 1707 et
864 1686 924 1716 pro
954 1675 1050 1707 nobis
1081 1673 1181 1716 appli-

207 1729 336 1754 cantem
370 1721 579 1753 sacrifieium.
634 1720 676 1751 Et
710 1720 759 1751 sic
793 1718 945 1750 Christus
980 1719 1052 1760 ipse
1086 1718 1178 1749 dicit:

212 1767 275 1798 Oro
298 1775 361 1796 non
379 1775 442 1806 pro
465 1765 513 1796 eis
535 1768 665 1803 tantum,
692 1764 753 1795 sed
771 1773 832 1803 pro
854 1763 999 1794 omnibus
1021 1761 1182 1793 creaturis

205 1819 268 1850 per
290 1809 418 1839 verbum
452 1817 570 1839 eorum.
627 1806 687 1838 Hic
720 1805 830 1847 palam
863 1803 1005 1836 affirmat
1028 1803 1182 1836 Christus

209 1850 321 1882 valere
340 1860 434 1882 suum
458 1850 666 1888 sacrificium,
690 1859 754 1880 non
775 1854 899 1879 tantum
923 1859 983 1889 pro
996 1845 1181 1889 Apostolis,

210 1895 269 1925 sed
298 1904 357 1935 pro
392 1893 556 1931 munibus,
591 1892 644 1934 qui
678 1889 894 1933 Evangelium
926 1889 1181 1931 amplectuntur,

210 1944 239 1968 et
265 1937 394 1978 quidem
419 1935 530 1977 alligat
566 1946 627 1966 nos
650 1935 692 1966 ad
725 1936 860 1965 verbum
883 1934 1039 1973 scriptum
1063 1939 1095 1964 et
1117 1938 1181 1963 tra-

210 1981 310 2011 ditum
323 1989 382 2021 per
394 1978 589 2020 Apostolos,
613 1985 648 2009 ut
661 1978 806 2009 sciamus
829 1986 891 2008 nos
914 1977 1028 2018 recipi,
1050 1975 1182 2017 quando

211 2025 443 2054 confirmamus
467 2032 529 2053 nos
553 2022 666 2051 verbo.

297 2066 476 2107 Postquam
499 2065 538 2096 de
561 2062 780 2104 applicatione
803 2062 894 2100 dixit,
921 2061 1050 2093 accedit
1073 2060 1114 2091 ad
1133 2070 1184 2091 se·

1232 1676 1314 1707 satis
1337 1673 1445 1716 eloqui
1468 1679 1592 1715 potest;
1622 1682 1762 1705 necesse
1796 1678 1848 1704 est
1871 1678 1980 1704 tamen
2003 1671 2091 1703 hunc
2115 1679 2204 1702 amo-

1232 1729 1301 1750 rem
1323 1717 1386 1750 Dei
1408 1716 1518 1759 aliqua
1547 1727 1588 1748 ex
1611 1723 1703 1757 parte
1737 1716 1874 1757 cogitari
1898 1725 1918 1746 a
1940 1714 2049 1752 nobis,
2082 1720 2117 1746 ut
2149 1723 2204 1746 ac·-

1234 1761 1414 1793 cendantur
1443 1766 1569 1791 mentes
1601 1759 1665 1790 fide
1693 1765 1723 1790 et
1745 1758 1952 1800 gratitudine.
2001 1756 2077 1788 Non
2105 1757 2205 1789 simu-

1232 1803 1333 1842 latus,
1355 1803 1414 1834 sed
1438 1812 1536 1834 verus
1560 1809 1592 1833 et
1615 1802 1736 1833 ardens
1760 1811 1852 1832 amor
1876 1806 1927 1831 est
1949 1799 2074 1831 aeterni
2101 1799 2206 1841 patris

1234 1857 1314 1888 erga
1337 1845 1448 1877 filium.
1494 1844 1575 1876 Cum
1598 1851 1706 1876 autem
1730 1840 1818 1875 filius
1841 1849 1975 1885 propter
1997 1851 2061 1874 nos
2082 1842 2205 1874 missu·

1234 1891 1286 1927 sit,
1310 1895 1345 1921 ut
1367 1895 1513 1920 assumat
1537 1888 1711 1919 humanam
1733 1893 1900 1923 naturam,
1930 1891 1962 1918 et
1985 1895 2047 1917 nos
2070 1890 2207 1926 propter

1234 1943 1307 1964 eum
1340 1930 1526 1973 diligamur:
1570 1940 1710 1962 neccsse
1743 1936 1793 1961 est
1826 1939 1941 1961 verum
1975 1934 2007 1959 et
2039 1928 2206 1970 ingentem

1235 1977 1330 2048 etiam
1353 1984 1429 2006 esse
1453 1974 1540 2005 bunc
1564 1984 1726 2011 amorem,
1760 1983 1826 2014 quo
1849 1977 2002 2003 aeternus
2028 1977 2121 2012 pater
2145 1979 2206 2001 nos

1234 2019 1264 2049 di
1282 2018 1350 2049 irrit-

1293 2043 1510 2091 ⁰(Jbservate
1544 2069 1623 2099 ergo
1657 2058 1743 2089 hanc
1812 2057 2033 2089 recationem.
2074 2061 2106 2086 et
2146 2065 2208 2087 vos

1237 2103 1349 2135 eadem
1397 2113 1504 2144 uoque
1527 2103 1639 2143 petite,
1662 2108 1695 2132 ut
1719 2102 1759 2132 sit
1790 2098 1937 2136 molesia,
1961 2106 1991 2130 et
2017 2099 2085 2129 sitis
2109 2107 2207 2129 mem-

1237 2148 1297 2177 bra
1320 2146 1387 2177 Ecc
1404 2147 1508 2178 estne:
1544 2152 1575 2176 et
1609 2150 1642 2175 ut
1677 2144 1718 2175 sit
1742 2153 1884 2175 concors
1919 2140 2081 2179 Ecclesia,
2115 2147 2147 2172 et
2174 2145 2209 2171 ut

1237 2189 1355 2221 habeat
1379 2190 1476 2220 vitam
1500 2195 1678 2219 aeternam.
1723 2185 1827 2218 Pilius
1846 2185 1908 2217 Dei
1931 2185 2008 2227 petit
2033 2185 2064 2215 in
2088 2191 2210 2225 agone,

1237 2243 1321 2274 quae
1345 2242 1475 2273 semper
1499 2231 1625 2273 petivit:
1662 2237 1692 2261 et
1716 2230 1861 2261 sciamus
1885 2239 1951 2259 non
1975 2237 2052 2259 esse
2086 2227 2208 2258 irritam

1237 2276 1306 2307 eius
1330 2275 1560 2316 precationem.
1606 2274 1670 2347 lPSi
1693 2279 1743 2305 est
1778 2270 1864 2303 sacta
1900 2271 2075 2312 promissio
2109 2278 2208 2300 exau·

211 2110 352 2140 cundum
372 2109 551 2139 membrum
571 2107 783 2148 precationi&
807 2111 841 2136 ue
862 2115 972 2136 omnes
994 2113 1090 2135 unum
1112 2107 1184 2142 sint,

211 2156 294 2184 eicut
325 2156 358 2183 ln
387 2155 485 2192 pater
518 2154 551 2182 in
585 2160 650 2187 me,
684 2154 714 2180 v!
735 2159 792 2188 eqo
810 2150 843 2179 in
867 2153 911 2185 te,
946 2151 979 2178 n!
1014 2152 1047 2179 et
1067 2149 1131 2187 ipsi
1152 2150 1184 2177 in

211 2197 303 2227 nobis
324 2198 397 2226 sint.
433 2194 522 2225 llaec
545 2193 622 2224 dicit
645 2192 686 2223 de
709 2192 898 2223 concordia.
944 2190 1040 2222 Scitis
1064 2196 1183 2227 autem,

212 2245 333 2280 quanta
357 2248 410 2269 res
434 2237 476 2268 sit
500 2235 688 2268 concordia.
713 2235 779 2265 Sed
803 2234 963 2275 sapientia
987 2240 1037 2263 ost
1061 2233 1184 2268 videre,

213 2283 243 2312 in
278 2282 396 2322 quibus
434 2281 532 2311 rebus
567 2278 745 2310 concordia
780 2277 962 2314 consistat,
997 2283 1028 2307 te
1061 2282 1184 2306 temere

213 2323 424 2355 dissolvatur.
470 2324 544 2355 Sint
565 2332 673 2359 unum,
702 2321 815 2362 inquit,
839 2323 871 2351 in
895 2321 1001 2351 noble:
1027 2319 1103 2360 quia
1127 2329 1184 2359 po-

215 2374 276 2399 test
303 2367 398 2399 etiam
424 2367 506 2397 inter
528 2365 675 2397 latrones
703 2363 901 2405 aliquamdiu
931 2373 1007 2393 esse·
1030 2362 1184 2394 amic-itia.

214 2411 274 2444 aad
299 2421 361 2440 non
387 2411 416 2440 in
439 2409 521 2440 Deo.
565 2407 769 2449 Augustinus
793 2407 906 2447 inquit:
930 2407 1074 2438 Amtm'tta
1096 2406 1187 2436 (tc-bet

214 2463 285 2485 esee
317 2463 490 2484 commisit-t
529 2461 637 2483 rerum
676 2451 856 2481 dtr-inarum
895 2454 927 2481 et
959 2451 1166 2479 humanarum
1175 2459 1185 2478 .-

217 2495 383 2532 vidvlivot,
417 2502 448 2526 ut
479 2495 572 2525 amici
603 2495 633 2524 in
663 2492 719 2524 illo
743 2493 857 2530 tertio,
890 2491 1015 2523 scilicet
1049 2491 1080 2521 in
1111 2490 1184 2521 Deo

1237 2319 1382 2349 ditionis:
1409 2318 1496 2360 Ergo
1522 2327 1586 2348 non
1625 2323 1733 2347 rustra
1756 2315 1844 2357 petit.
1891 2315 1953 2345 Sed
1978 2323 2037 2345 nec
2061 2318 2208 2343 nostram

1236 2362 1457 2403 precationem
1490 2361 1612 2392 irritam
1648 2369 1723 2391 esse
1756 2365 1906 2399 putemus
1929 2357 2115 2388 adiunctam
2138 2355 2209 2386 etus

1237 2405 1429 2445 precationi,
1464 2404 1553 2435 iuxta
1577 2401 1672 2434 illud:
1711 2402 1869 2441 (hddaeym‘d
1896 2400 2056 2441 petieritis
2079 2399 2209 2430 Patrem

1236 2452 1268 2479 tn
1292 2449 1419 2479 nonn'ne’
1441 2457 1518 2485 meo,
1542 2446 1572 2477 id
1596 2453 1659 2479 est,
1682 2446 1713 2476 in
1732 2444 1899 2486 agnitione
1929 2449 1959 2474 et
1990 2441 2109 2474 fiducia
2131 2440 2209 2477 mei,

1235 2493 1325 2522 ‹lnbe't
1346 2492 1438 2522 robis.

216 2539 423 2573 com-oniam.
448 2539 530 2568 siem
555 2538 686 2568 dicitur:
711 2537 862 2575 Aequana
884 2539 939 2567 rmt
960 2535 1070 2566 tertio.
1101 2537 1184 2564 intur

216 2593 250 2613 ue
273 2587 347 2612 tunt
368 2583 522 2621 nequalia.
563 2580 703 2615 Quando
728 2579 875 2610 homines
900 2589 965 2609 non
989 2583 1062 2607 sunt
1086 2587 1184 2607 unum

217 2626 246 2655 in
274 2624 361 2657 neo.
391 2623 481 2655 leues
505 2624 698 2654 occasiones
728 2629 867 2663 possunt
895 2619 1080 2652 dissolvere
1109 2620 1184 2650 nmi-
