2324 2958
209 208 274 240 263

211 306 288 333 sunt
310 300 365 341 qui
388 307 455 330 non
478 303 556 328 sunt
584 296 707 334 renati,
736 305 822 338 quos
851 301 983 337 oportet
1011 304 1070 335 per
1096 293 1187 325 illam

210 342 450 385 paedagogiani
471 339 591 371 adduci
619 339 662 370 ad
692 339 914 381 cognitionem
941 339 1127 375 doctrinae,
1156 343 1188 367 et

209 387 252 418 ad
275 383 539 417 conversionem.

297 435 426 466 Deinde
459 434 556 465 etiam
588 431 654 471 illi,
687 433 744 475 qui
774 439 851 464 sunt
885 432 1007 468 renati,
1042 431 1189 471 indigent

211 478 469 511 confirmatione.
515 475 558 507 Et
581 476 702 508 debent
725 476 820 507 etiam
844 475 947 506 renati
968 473 1188 505 obedientiam

209 523 297 553 hanc
319 521 411 558 Deo,
443 525 480 550 ut
508 529 573 550 non
604 519 701 550 modo
730 525 865 560 propter
895 516 1095 557 exemplum,
1128 515 1189 546 sed

210 565 308 596 etiam
342 569 478 604 propter
504 561 611 593 Deum
647 568 678 593 et
712 562 755 593 ad
790 561 945 592 exercitia
977 559 1049 590 fidei
1084 559 1117 589 in
1151 567 1189 588 se

210 608 291 648 ipsis
316 606 483 647 augenda,
512 611 544 636 et
572 603 828 645 confirmanda,-
846 610 954 634 ament
983 610 1188 643 congressus

209 648 372 691 publicos

296 699 400 732 Estne
424 698 534 731 cultus
556 698 619 730 Dei
643 699 689 729 ire
712 698 754 729 ad
779 704 894 730 coetus
918 694 1096 737 publicos?

270 749 275 753 “
298 751 510 793 Respondeo.
554 749 626 781 Est.

213 820 348 852 Contra.
373 819 503 850 Nullum
523 828 604 859 opus
622 828 660 848 ατ
678 826 775 857 opere
790 820 926 857 operato
939 819 986 846 est
1001 815 1104 845 cultus
1115 813 1190 844 Dei.

364 863 452 903 Eryo
477 862 525 892 ire
549 862 593 892 (ul
614 861 760 901 publicos
784 868 974 900 conyressus
999 867 1062 889 71072
1087 860 1191 897 potes!

406 915 475 937 esse
493 905 594 936 cultus
611 904 685 934 Dei.

300 965 512 1006 Respondeo.
558 963 621 994 Per
644 973 681 994 se
705 972 771 996 uon
795 967 845 992 est
868 960 988 992 cultus.
1034 959 1104 991 Nec
1122 959 1191 991 Ma-

213 1010 262 1041 ria
285 1014 315 1040 et
340 1007 458 1048 loseph
484 1013 549 1038 tam
573 1005 705 1037 suerunt
728 1005 860 1045 stupidi,
884 1010 917 1035 ut
938 1009 1092 1045 putarent
1110 1001 1192 1033 illud

213 1058 386 1083 externum
410 1060 493 1091 opus
518 1059 594 1080 csse
618 1047 739 1080 cultum
762 1047 827 1078 Dei
850 1057 910 1088 per
933 1057 982 1077 se.
1027 1046 1096 1077 Sed
1125 1051 1192 1076 stu-

213 1094 301 1126 dium
325 1093 546 1125 conservandi
574 1092 743 1123 ministerii
776 1096 808 1122 et
836 1089 1044 1131 propagandi
1073 1088 1193 1120 doctri-

213 1147 300 1175 nam,
323 1142 373 1168 est
399 1135 508 1167 cultus·
532 1135 606 1173 Dei,
630 1135 705 1175 quia
729 1133 764 1164 fit
786 1140 921 1174 propter
944 1131 1062 1163 Deum.

300 1179 336 1210 ln
366 1189 487 1220 genere
515 1177 658 1208 humano
687 1175 767 1208 nihil
795 1175 965 1217 pulchrius
993 1180 1062 1212 est,
1096 1184 1194 1216 quam

215 1222 393 1255 convenire
415 1222 457 1252 ad
482 1221 677 1252 audiendum
703 1220 839 1251 verbum
863 1218 944 1255 Dei,
972 1223 1005 1249 et
1034 1218 1075 1249 ad
1107 1227 1195 1248 80111-

214 1276 344 1297 munem
368 1265 610 1295 invocationem
634 1269 663 1293 et
685 1263 864 1305 gratiarum
882 1262 1056 1292 actionem.
1087 1259 1194 1291 Homo

215 1319 282 1340 non
309 1313 536 1345 monstrosus,
570 1312 688 1338 natura
722 1304 905 1336 delectatur
934 1303 1086 1335 honestis
1117 1313 1195 1334 con-

215 1350 484 1394 gregationibus,
519 1349 604 1384 Quia
637 1354 754 1380 natura
789 1348 922 1379 condita
956 1353 1007 1378 est
1040 1347 1081 1377 ad
1117 1355 1196 1376 con-

215 1394 460 1436 gregationem,
495 1398 528 1423 et
557 1391 669 1423 laudat
698 1390 872 1432 Euripides
907 1391 1022 1421 urbem
1052 1387 1196 1419 Athena·

215 1448 306 1474 rum,
333 1436 422 1478 quod
452 1433 548 1466 suerit
572 1437 767 1475 καλλίχορος,
798 1433 831 1464 id
854 1438 921 1470 est,
952 1431 1105 1463 habuerit
1127 1429 1197 1472 pul-

216 1479 317 1512 chros
341 1487 545 1520 congressus
569 1484 601 1508 et
624 1477 758 1509 choros.
804 1475 874 1507 Nos
903 1476 934 1506 in
958 1474 1113 1506 Ecclesia
1142 1474 1196 1504 de-

215 1523 330 1554 bemus
363 1523 450 1552 scire
486 1520 646 1552 honestos
682 1527 886 1561 congressus
915 1527 992 1550 esse
1022 1517 1198 1558 imaginem

215 1566 303 1597 vitae
326 1570 492 1596 aeternae.

302 1607 411 1648 Saepe
435 1607 532 1638 etiam
560 1605 748 1647 cogitemus
776 1602 977 1646 singularem
1006 1602 1197 1644 promissio-

215 1661 290 1683 nem
313 1651 423 1681 datam
447 1660 523 1680 esse
545 1660 564 1680 a
586 1647 662 1679 Deo
691 1647 933 1690 congressibus
962 1645 1116 1687 publicis.
1161 1645 1202 1675 »Si

216 1694 280 1725 duo
303 1697 359 1725 aul
383 1697 450 1723 tres
469 1696 561 1723 erim:
581 1691 772 1732 couyreyati
792 1692 824 1721 ιἰι
847 1690 970 1721 nominc
988 1699 1066 1726 meo,
1089 1698 1146 1719 ero
1164 1689 1198 1719 in

217 1737 319 1768 medio
341 1746 458 1767 eormn.
505 1734 598 1773 118111,
628 1735 668 1765 St·
693 1734 757 1765 duo
784 1733 1001 1764 emesenserint
1031 1732 1064 1763 in
1093 1736 1197 1769 terra,

216 1780 368 1821 quicquid
390 1780 561 1820 petierint,
590 1777 643 1819 fiet
667 1777 740 1807 r'llt's.
786 1776 882 1811 Quod
911 1787 978 1807 non
1008 1775 1056 1806 sic
1080 1773 1198 1806 intelli-

217 1823 360 1865 gendum
381 1828 442 1859 cst,
466 1822 561 1862 quasi
586 1820 767 1851 domestica
790 1826 821 1850 et
844 1820 973 1860 privata
997 1818 1110 1855 lectio,
1133 1827 1197 1848 me-

217 1866 349 1903 ditatio,
381 1864 546 1896 invocatio
570 1862 648 1894 nihil
674 1861 793 1893 valeat.
839 1862 906 1893 Sed
931 1862 1008 1903 quia
1037 1861 1069 1892 in
1092 1859 1197 1901 publi-

218 1909 266 1940 cis
299 1909 457 1950 precibus
492 1906 582 1938 multi
615 1904 711 1937 simul
746 1911 859 1943 orant,
900 1912 931 1936 et
968 1904 1063 1946 quasi
1098 1913 1197 1934 manu

217 1950 316 1990 facta,
339 1956 375 1982 ut
396 1948 619 1982 Tertullianus
643 1949 759 1990 inquit,
782 1947 889 1980 Deum
912 1948 1069 1979 ambiunt.
1109 1946 1199 1978 Haec

217 1995 268 2026 vis
291 1993 367 2025 Deo
391 1999 487 2036 grata
511 1998 572 2024 est.

303 2037 464 2069 Amemus
494 2046 574 2078 ergo
604 2033 838 2077 frequentiam,
868 2034 922 2065 ubi
946 2032 1039 2064 Deus
1067 2033 1200 2063 invoca-

218 2087 281 2119 tur,
305 2078 511 2117 celebratur,
543 2084 573 2110 et
598 2078 725 2119 gratiae
754 2078 816 2118 ipsi
850 2082 1009 2118 aguntur,
1047 2076 1134 2117 quod
1166 2074 1198 2105 fit

218 2125 250 2155 in
276 2121 423 2163 templis,
454 2123 493 2154 de
518 2116 637 2163 ‹ffiibus
661 2120 814 2151 Christus
845 2120 938 2150 dicit:
974 2119 1097 2150 Daunus
1120 2129 1201 2151 vien.

219 2167 331 2198 domus
353 2166 552 2207 ywecatt'mn's
574 2169 631 2195 cst.
678 2163 740 2199 Qui
765 2173 829 2194 non
854 2163 989 2194 veniunt
1017 2163 1058 2194 ad
1090 2162 1200 2193 liuius-

218 2210 307 2241 modi
331 2208 560 2250 frequentiam,
584 2214 615 2239 et
639 2217 677 2238 sc
700 2205 926 2238 assuefaciunt
948 2207 990 2236 ad
1011 2204 1200 2237 deambula-

220 2253 346 2290 tiones,
376 2250 617 2289 helluationes‚
649 2257 680 2281 ct
709 2248 791 2281 alias
820 2249 1038 2290 turpitudines
1066 2250 1202 2287 interea,

220 2296 296 2327 dum
319 2295 362 2337 pii
386 2294 578 2337 frequentes
602 2299 679 2325 sunt
702 2293 732 2324 in
757 2293 936 2329 concione,
961 2293 980 2323 ii
1006 2293 1112 2333 magis
1135 2302 1202 2323 ma-

243 2339 340 2381 isque
362 2338 567 2380 degenerant
595 2337 626 2368 in
654 2346 795 2378 porcos,
826 2334 943 2367 beluas
970 2341 1002 2367 et
1026 2333 1201 2367 Diabolus.

232 2382 268 2414 Εὖ
291 2384 401 2414 101·1ῑί·11
425 2382 515 2418 (iiim,
540 2381 684 2420 OEnssiuer,
709 2381 764 2411 unb
789 2378 899 2415 Zcuffcl
919 2379 1022 2412 tumui.

307 2423 478 2465 Tubingae
499 2425 529 2455 in
548 2433 623 2455 ntea
642 2422 852 2455 habitatione.
875 2432 959 2463 quae
981 2420 1085 2453 suerat
1106 2422 1202 2453 etium

221 2466 378 2499 habitatio
403 2467 444 2499 D.
470 2466 660 2508 Hieronymi
683 2465 852 2504 Schursfii,
879 2471 949 2496 erat
973 2463 1026 2496 hic
1049 2465 1203 2507 antiquus

222 2509 395 2553 rhythmus
419 2511 580 2552 scriptus:

466 2571 583 2601 stiidtcn
607 2571 695 2612 geben
720 2569 811 2603 ieimet
834 2569 914 2608 uidit,

464 2613 609 2653 Qitmuiien
633 2614 720 2653 geben
743 2615 833 2644 armet
855 2612 936 2650 tutin,

466 2656 589 2695 ‘Bntcht
612 2661 662 2698 gut
686 2655 785 2688 bleibet
807 2654 886 2693 nitbt.

851 201 960 234 PfflL.
985 200 1086 233 MEL.
1111 199 1296 232 SCRlPTA
1317 195 1580 230 EXEGETICA.

1225 2063 1229 2251 l

2154 196 2220 229 264

1327 291 1364 323 ld
1387 297 1449 330 est,
1471 291 1634 323 accedere
1656 290 1698 322 ad
1721 289 1983 322 Ecclesiasticos
2006 295 2140 328 coetus,
2162 300 2220 322 au-

1242 336 1312 367 dire
1335 335 1472 366 verbum
1494 334 1574 371 Dei,
1602 334 1743 365 recitare
1766 333 1978 374 precationes
2000 333 2073 364 sive
2100 333 2134 364 in
2162 343 2221 374 pu-

1242 377 1328 410 blico
1352 378 1424 409 sive
1446 378 1478 408 in
1501 377 1649 418 privato,
1679 377 1708 407 si
1731 376 1863 407 omnino
1891 385 1960 406 non
1986 381 2083 416 potes
2107 376 2222 407 venire

1241 422 1272 452 in
1289 419 1452 462 publicam
1466 419 1770 462 congregationem,
1788 417 1870 449 nihil
1887 418 2108 460 impedimenti
2127 417 2224 450 affert

1240 464 1273 495 in
1303 463 1474 495 laboribus
1508 462 1710 494 necessariis
1742 460 1965 502 perficiendis.
2009 460 2101 492 Dare
2135 459 2222 492 elee-

1242 517 1400 547 mosynas
1423 516 1489 537 non
1513 506 1624 536 minuit
1648 514 1740 545 opes.
1778 504 1873 534 Bona
1895 504 2015 535 iniuste
2037 509 2135 545 parta
2156 513 2223 535 non

1242 550 1297 581 diu
1316 550 1446 580 durant.
1489 547 1666 579 Pulchrum
1686 554 1735 578 cst
1755 548 1787 578 in
1807 544 1938 577 familiis
1961 552 2146 588 parentum,
2169 546 2223 588 qui

1240 591 1382 623 honeste
1404 591 1536 629 vivunt,
1567 600 1690 632 pueros
1714 589 1888 621 assuefieri
1917 589 1959 620 ad
1989 587 2076 620 hanc
2103 589 2224 630 paeda-

1242 635 1386 677 gogiam.

1329 677 1396 708 Sed
1430 675 1535 707 Maria
1569 682 1601 707 et
1634 675 1753 717 loseph
1788 675 1975 706 habuerunt
2008 675 2105 706 etiam
2139 673 2223 705 alias

1242 729 1362 752 causas
1386 718 1510 760 plures,
1536 729 1595 750 cur
1617 720 1816 750 accederent
1839 718 1881 749 ad
1906 717 2126 755 ceremonias,
2149 717 2225 758 quia

1242 764 1423 800 sciverunt,
1459 762 1546 803 quod
1576 761 1670 792 Deus
1701 760 1802 793 vellet
1832 761 2008 792 ostendere
2038 760 2226 791 testimonia

1243 807 1284 837 (le
1307 805 1442 836 Messia.
1487 803 1529 834 Et
1553 804 1705 835 Christus
1735 805 1806 845 ipse
1836 814 1900 834 una
1930 803 2080 834 ascendit
2109 802 2225 834 Hiero-

1243 847 1422 890 solymam,
1454 854 1487 878 ut
1516 847 1707 878 ostenderet
1736 857 1772 877 se
1796 845 1883 878 velle
1912 856 1989 877 esse
2017 845 2161 883 socium,
2193 851 2227 877 et

1243 892 1424 923 membrum
1459 890 1555 921 istius
1588 889 1778 927 Ecclesiae,
1819 889 1860 920 Et
1894 895 1928 920 ut
1962 888 2026 920 hac
2062 889 2159 920 etiam
2191 888 2227 919 in

1243 940 1337 976 parte
1370 932 1581 964 satisfaceret
1609 930 1693 973 legi,
1728 939 1760 963 et
1793 942 1856 964 suo
1892 930 2044 973 exemplo
2075 936 2226 962 caeteros

1243 978 1396 1008 invitaret
1425 977 1467 1007 ad
1497 975 1666 1006 mitiisterii
1696 975 1850 1007 divinitus
1880 975 2019 1006 instituti
2048 983 2228 1006 conserva-

1244 1021 1378 1057 tionem,
1396 1019 1548 1060 Denique
1567 1024 1601 1049 ut
1620 1017 1758 1049 haberet
1771 1018 1970 1049 occasiones
1987 1016 2228 1048 innotescendi.

1245 1063 1336 1094 Sicut
1361 1062 1414 1093 liic
1437 1063 1532 1093 sedet
1555 1062 1587 1091 in
1610 1059 1752 1101 templo,
1781 1066 1813 1091 ct
1844 1061 1989 1102 disputat
2017 1059 2107 1092 haud
2130 1059 2229 1091 dubie.

1247 1107 1288 1137 de
1311 1115 1414 1146 regno
1439 1104 1584 1135 Messiae
1607 1110 1639 1134 et
1663 1104 1734 1134 eius
1758 1102 1912 1136 adventu.

1333 1149 1410 1179 Non
1434 1153 1527 1178 erant
1550 1146 1784 1178 virulentiores
1807 1145 1970 1183 homines,
1995 1155 2093 1187 quam
2118 1143 2230 1176 Phari-

1247 1192 1318 1223 saei
1342 1198 1373 1222 et
1394 1190 1568 1225 Saducaci,
1593 1192 1647 1231 qui
1672 1189 1768 1220 etiam
1791 1189 1876 1219 inter
1900 1198 1937 1220 se
1961 1193 2055 1220 erant
2078 1188 2230 1219 distracti

1249 1235 1477 1276 opinionibus,
1501 1232 1542 1263 Et
1564 1239 1672 1263 tamen
1696 1233 1780 1262 inter
1803 1230 1879 1262 illas
1903 1232 2064 1263 ecltidnas
2086 1237 2119 1263 et
2141 1231 2231 1272 vipe-

1248 1287 1304 1308 ras
1327 1277 1440 1314 sedet,
1475 1281 1506 1307 et
1529 1274 1650 1306 refutat
1674 1273 1804 1306 illorum
1827 1284 1980 1312 errores,
2012 1274 2073 1305 etsi
2099 1272 2232 1305 suerunt

1249 1321 1348 1351 etiam
1378 1320 1421 1351 ibi
1457 1319 1533 1350 boni
1568 1325 1600 1349 et
1633 1319 1741 1349 sancti
1771 1316 1882 1359 aliqui.
1929 1317 2042 1347 Potest
2074 1317 2164 1354 fieri,
2196 1321 2232 1349 ut

1248 1363 1311 1405 ipsi
1334 1363 1426 1404 pueri
1450 1367 1542 1394 certo
1566 1361 1708 1402 quodam
1731 1359 1809 1392 loco
1833 1360 2063 1397 consederint,
2092 1366 2124 1391 et
2147 1360 2233 1391 inter

1249 1416 1288 1437 se
1309 1405 1486 1437 habuerint
1509 1401 1670 1445 (quaedam
1689 1404 1846 1434 exercitia
1864 1403 2133 1443 disputationum.
2174 1402 2234 1433 Se·

1250 1449 1360 1480 nim-es
1384 1448 1440 1489 qui
1464 1448 1676 1481 audiverunt,
1705 1455 1747 1477 ex
1769 1446 1878 1477 animo
1902 1444 2013 1476 laetati
2036 1450 2130 1481 sunt,
2159 1454 2234 1475 cum

1250 1492 1405 1523 viderunt
1435 1490 1614 1521 seminaria
1642 1487 1827 1520 Ecclesiae.
1873 1487 1967 1519 Sicut
2000 1487 2139 1519 senibus
2167 1487 2235 1518 exi·

1250 1534 1347 1565 ntiam
1370 1532 1528 1564 laetitiam
1552 1531 1658 1570 affert,
1681 1542 1755 1563 oum
1778 1532 1890 1562 vident
1912 1540 2049 1573 pueroS,
2072 1539 2132 1561 seu
2155 1529 2234 1562 ado-

1250 1575 1417 1608 lescentes
1441 1575 1588 1617 aliquOS,
1612 1576 1645 1606 in
1669 1575 1790 1616 quibus
1812 1580 1865 1606 est
1888 1575 1975 1605 bona
1998 1584 2016 1604 s
2041 1583 2090 1605 es.
2135 1572 2177 1604 Et
2199 1579 2235 1605 ut

1252 1630 1339 1651 nunc
1363 1619 1399 1650 fit
1422 1619 1454 1650 in
1479 1617 1618 1657 scholis,
1640 1624 1676 1649 ut
1700 1616 1785 1649 alius
1808 1622 1886 1659 post
1903 1615 2001 1648 alium
2039 1621 2181 1658 equatur
2203 1616 2236 1647 in

1252 1662 1546 1703 disputationibus:
1582 1662 1629 1693 lta
1662 1659 1795 1692 fuerunt
1829 1658 1906 1691 olim
1941 1659 2074 1699 ὁμιλίαι,
2108 1658 2141 1690 id
2171 1664 2235 1697 est,

1252 1705 1430 1747 colloquia,
1454 1704 1729 1746 quemadmodum
1751 1713 1794 1735 ex
1816 1702 1921 1735 Paulo
1945 1712 2078 1745 quoque
2098 1707 2238 1744 apparet

1250 1749 1293 1780 ad
1316 1747 1465 1780 Corinth.
1511 1748 1576 1784 Qui
1600 1747 1860 1784 conveniebant,
1890 1752 1969 1777 sunt
1998 1751 2147 1777 amanter
2168 1743 2237 1777 col·

1250 1791 1369 1829 locuti,
1392 1791 1559 1833 quomodo
1583 1790 1666 1828 hoc,
1691 1790 1858 1832 quomodo
1882 1788 1963 1820 illud
1986 1786 2236 1831 intelligendum

1250 1841 1350 1867 esset.

1338 1876 1494 1909 Christus
1523 1876 1642 1907 dicitur
1669 1875 1723 1907 hic
1753 1875 1884 1907 sedisse
1917 1875 1950 1906 in
1979 1874 2086 1906 medio
2110 1873 2235 1906 Docto-

1252 1931 1323 1953 rum
1355 1926 1388 1951 et
1415 1920 1586 1951 audivisse
1616 1929 1695 1956 eos,
1729 1925 1758 1950 et
1797 1919 2025 1960 interrogasse
2059 1927 2130 1949 eos.
2176 1916 2236 1948 Est

1253 1969 1362 1995 autem
1384 1973 1525 2005 magnac
1550 1962 1649 1999 artis,
1673 1963 1887 2003 quaestiones
1911 1971 2098 2003 proponere
2122 1961 2163 1992 de
2186 1971 2237 1992 re·

1253 2008 1316 2038 bus
1335 2007 1504 2049 gravibus.
1536 2004 1740 2046 Disputavit.
1764 2005 1930 2036 Christum
1950 2013 2028 2035 esse
2047 2014 2237 2045 passurum,

1254 2059 1319 2082 non
1343 2058 1420 2080 esse
1445 2048 1687 2079 dominaturum
1710 2058 1802 2079 more
1829 2046 1984 2089 politico,
2013 2057 2092 2079 nec.
2105 2047 2237 2088 provin·

1255 2093 1325 2124 cias
1353 2091 1481 2123 ludaeis
1511 2092 1771 2122 distributurum.
1818 2090 2054 2133 interrogavit,
2088 2090 2166 2131 quid
2194 2090 2238 2122 si·

1255 2135 1389 2178 gniticet
1413 2135 1500 2176 apud
1524 2132 1715 2165 Danielem:
1751 2134 1942 2165 Adducetur
1970 2134 2096 2165 institia
2123 2133 2237 2174 sempi-

1255 2183 1361 2216 terna,
1380 2186 1412 2209 et
1431 2179 1516 2219 apud
1538 2177 1688 2208 Esaiam:
1725 2177 1853 2209 Neritia
1871 2178 1961 2208 ,cerri
1977 2177 2038 2207 nwt‘
2053 2177 2132 2208 iustu·
2147 2177 2237 2208 1111·ὶί-

1253 2222 1363 2265 ficabe't
1380 2222 1504 2252 mullos.
1553 2219 1794 2262 Reprehendit,
1824 2221 1913 2262 quod
1942 2219 2116 2252 sacrificiis
2168 2225 2237 2252 uta·

1255 2270 1346 2302 rent,
1382 2275 1420 2297 se
1454 2265 1680 2295 remissionem
1714 2270 1928 2305 peccatorum
1962 2263 2090 2294 mereri.
2176 2271 2239 2294 aec

1255 2318 1407 2350 magnam
1442 2306 1598 2339 laetitiam
1628 2306 1806 2339 attulerunt
1839 2306 1951 2338 multis
1986 2306 2112 2337 sanctis
2145 2305 2238 2344 viris,

1256 2352 1310 2394 qui
1334 2361 1436 2392 supet·
1459 2350 1676 2392 intelligentia
1706 2356 1738 2381 et
1765 2350 1938 2390 responsis
1963 2350 2034 2381 eius
2058 2350 2238 2391 obstupue-

1256 2401 1339 2426 runt.
1386 2393 1456 2425 1101·
1481 2393 1669 2435 exemplum
1693 2393 1817 2425 Christi
1848 2392 1963 2424 invitet
1993 2403 2082 2424 nunc
2129 2401 2239 2434 noque

1256 2439 1476 2471 iuventutem,
1507 2443 1542 2468 ut
1569 2435 1774 2468 assuefaciat
1803 2446 1841 2468 se
1868 2436 1911 2467 1111
1934 2441 2046 2467 mutua
2070 2445 2110 2466 co
2139 2435 2239 2477 oquin

1257 2492 1331 2515 cum
1355 2479 1441 2518 aliis,
1465 2487 1617 2512 exerceat
1642 2490 1680 2512 se
1702 2480 1735 2511 in
1759 2479 1912 2512 docendo
1935 2484 1968 2510 et
1991 2478 2162 2510 discendo.
