2324 2958
195 213 260 245 227

198 310 321 340 bomem.
354 306 477 338 Noster
500 312 609 337 textus
631 305 748 336 habet:
771 305 885 337 divites
902 307 1094 343 esurierunt,
1117 303 1176 334 sed

199 352 232 382 in
246 350 396 381 Hebraeo
422 356 471 380 est
495 352 612 383 leones.
636 347 889 390 quisigniticant
903 357 1041 388 magnos
1055 346 1175 387 Reges.

199 393 391 425 Demetrius
414 391 471 422 suit
496 392 566 423 Leo
589 397 622 422 et
644 391 751 422 victor
774 389 920 427 Seleuci,
944 396 974 420 et
999 395 1107 419 tamen
1131 388 1176 418 vi-

201 435 312 467 cissim
337 436 367 465 in
393 433 524 466 Seleuci
547 443 666 465 manus
689 433 788 465 venit.
834 432 880 463 lbi
910 432 1031 468 esurit,
1059 431 1090 460 id
1114 434 1177 466 est,

200 479 277 510 vivit
319 477 454 509 alterius
497 476 669 508 beneficio.
726 476 832 511 Quam
873 473 992 505 multos
1038 473 1176 503 vidimus

200 521 312 561 Reges
337 526 368 551 et
393 520 564 561 Principes
587 519 652 551 hoc
677 524 823 559 tempore
852 517 987 547 venisse
1021 516 1053 545 in
1086 520 1177 555 pote-

200 570 317 595 statem
350 563 533 594 victorum?
582 562 663 593 Erat
691 561 889 592 Franciscus
924 558 996 589 Rex
1026 556 1178 589 Gallicus

223 612 320 637 otens
344 611 376 637 et
398 615 550 647 magnus,
575 611 606 635 et
629 611 738 635 tamen
756 609 874 643 captus
897 607 948 631 est
970 600 1012 631 ab
1033 600 1179 631 exercitu

229 648 312 680 aroli
326 647 449 683 Quinti.
475 647 611 685 Contra,
633 647 728 677 Deus
752 645 856 686 pascit
871 641 1057 674 Ecclesiam
1081 652 1176 673 suam

200 697 232 723 et
251 691 346 732 eripit
369 701 412 722 ex
440 691 571 733 magnis
594 688 759 731 periculis.
804 686 870 718 Dat
899 685 996 716 nohis
1024 685 1178 716 viaticum

198 744 266 766 non
285 735 328 765 ad
356 733 469 766 luxum
499 740 530 764 et
560 731 794 773 profusiones,
824 728 885 760 sed
915 732 1071 769 quantum
1096 727 1178 758 satis

200 783 269 815 est,
303 783 339 808 ut
373 777 492 808 dicitur
516 774 714 807 Germanico
747 771 804 803 illo
838 770 1030 812 proverbio:
1076 770 1122 806 '3st
1148 774 1178 802 εὖ

200 820 272 860 nid>t
296 818 466 859 itheffelicht,
488 819 513 851 io
533 819 564 856 ist
589 821 621 848 ee
644 816 708 855 bod)
733 814 866 852 [effriicbtl
891 813 956 844 hoc
979 819 1042 851 est,
1061 813 1089 843 si
1113 823 1178 843 non

201 868 253 894 est
275 862 406 893 modius
429 860 564 902 plenus,
594 858 713 890 saltem
742 856 900 889 cochlear
921 866 1032 888 rerum
1062 865 1178 887 neces-

201 906 364 936 sariarum
388 904 616 945 suppeditatur
637 901 711 942 piis.

288 947 380 979 Haec
403 948 507 988 plima
531 954 632 976 causa
655 941 833 974 oblationis
863 941 1024 972 donorum
1053 941 1179 982 praeci-

200 1000 266 1033 pue
289 996 341 1021 est
365 988 618 1024 consideranda,
641 992 673 1017 et
696 985 837 1026 pertinet
859 983 925 1015 hoc
948 985 991 1015 ad
1004 982 1179 1025 Regulam:

198 1035 343 1066 Primum
366 1035 510 1072 quaerite
531 1038 666 1069 reqnum
688 1030 759 1067 Det,
781 1033 814 1060 ec
834 1032 965 1059 caetera
986 1028 1180 1058 adiicientur

198 1078 293 1108 tobis.
327 1075 449 1106 Postea
473 1073 702 1105 consideretur
725 1070 834 1109 etiam,
857 1070 936 1112 quid
959 1079 1094 1102 munera
1116 1070 1179 1100 ista

204 1118 404 1161 significent.

285 1161 411 1192 Aurum
431 1158 599 1200 significat
621 1157 823 1194 doctrinam,
846 1153 899 1187 vel
923 1156 1033 1197 potius
1055 1155 1178 1196 purita-

201 1210 267 1235 tem
290 1203 459 1233 doctrinae
483 1208 514 1232 et
535 1200 626 1231 fidei:
671 1199 766 1231 Hanc
789 1199 946 1230 debemus
970 1208 1032 1229 nos
1055 1199 1088 1228 in
1110 1197 1174 1229 Ec-

199 1245 302 1278 clesia
325 1252 401 1276 ante
425 1244 532 1276 omnia
557 1243 676 1274 offerre
698 1241 783 1274 Deo.
828 1241 919 1273 Thus
942 1240 1109 1284 significat
1131 1241 1177 1271 in-

198 1290 427 1325 vocationem,
451 1285 715 1324 consessionem,
743 1291 775 1316 et
798 1285 979 1327 gratiarnm
1002 1285 1177 1321 actionem,

222 1333 274 1363 uia
298 1329 357 1361 suit
380 1330 569 1361 mandatum
598 1329 630 1360 in
659 1327 736 1370 lege
765 1328 893 1365 divina,
917 1333 952 1359 ut
982 1325 1115 1358 suffitus
1146 1331 1177 1357 et

198 1343 369 1413 liunigatio
393 1372 503 1404 fierret
526 1371 633 1403 thure.
668 1371 742 1403 Hoc
765 1371 853 1413 quod
875 1379 938 1401 nos
961 1368 1122 1401 habemus
1146 1370 1177 1399 in

198 1408 330 1458 tempdis
354 1415 406 1447 vel
430 1426 461 1446 m
481 1413 644 1456 ropoliis,
677 1421 729 1445 est
763 1415 840 1445 thus
867 1411 1108 1450 adulterinum,
1142 1417 1179 1444 ut

198 1461 296 1492 etiam
319 1465 370 1490 est
394 1459 460 1499 dup
476 1468 516 1489 ex
539 1459 643 1499 piper.
689 1456 892 1497 Antverpiae
921 1461 999 1487 sunt
1030 1456 1178 1496 integrae

199 1501 322 1540 cellae,
356 1500 472 1542 plenae
507 1500 693 1532 adulterino
728 1500 857 1541 pipere,
899 1498 988 1540 quod
1021 1498 1179 1528 miscetur

198 1556 278 1576 vero
313 1545 416 1585 piperi
450 1544 492 1575 ad
527 1542 742 1584 decipiendos
782 1542 953 1579 homines,
997 1546 1033 1571 ut
1067 1538 1178 1571 solent

196 1588 336 1626 κάπηλοι.
1106 1623 1119 1629 υ

283 1628 379 1661 Unde
402 1629 489 1660 venit
515 1627 580 1660 hoc
602 1625 826 1660 vocabulum?
848 1637 869 1657 a
889 1627 1018 1665 κακίζειν
1035 1630 1069 1656 et
1089 1630 1177 1660 οἰνος.

197 1673 261 1709 Qui
291 1674 367 1704 vina
401 1677 634 1713 corrumpunt,
674 1669 799 1701 faciunt
829 1668 885 1700 illa
914 1669 1096 1706 deteriora,
1126 1666 1180 1699 vel

197 1722 248 1748 est
271 1726 291 1747 a
314 1717 444 1753 κακίζειν
467 1721 497 1745 et
523 1716 637 1752 πῆλος,
660 1722 697 1745 ut
715 1714 778 1751 sit,
803 1722 843 1743 ex
867 1713 945 1743 vino
968 1710 1081 1743 facere
1105 1720 1180 1741 coe-

197 1769 284 1791 num.
320 1758 428 1789 Latini
451 1757 580 1795 xeimflm
603 1763 726 1788 vocant
751 1755 954 1797 Cauponem,
976 1755 1009 1786 id
1033 1754 1180 1785 vocabu-

196 1801 262 1834 lum
287 1807 337 1833 est
361 1812 380 1832 a
400 1800 509 1840 (lupa,
533 1800 621 1841 quod
645 1798 812 1840 significat
836 1799 880 1830 ein
903 1798 1032 1837 stubidn,
1061 1797 1093 1828 id
1117 1802 1180 1835 est,

198 1855 384 1876 mensuram
409 1849 648 1884 exaequantem
671 1847 812 1883 quatuor
835 1840 1025 1872 cantharos.
1055 1838 1180 1870 Paulus

198 1888 317 1929 inquit:
342 1897 408 1918 non
431 1887 502 1916 sitis
530 1887 771 1926 Canpmmules,
803 1885 834 1915 id
859 1890 928 1921 est,
951 1882 1178 1915 adulterantes

199 1931 337 1962 verbum
367 1929 440 1960 Dei.
488 1928 645 1959 Prohibet
676 1926 793 1959 salsam
822 1927 1006 1958 doctrinam
1038 1926 1178 1956 miscere

199 1983 299 2005 verae
324 1973 503 2003 doctrinae.
541 1972 662 2002 fumus
687 1970 790 2001 thuris
813 1970 986 2007 ascendit,
1009 1969 1058 1999 sio
1083 1969 1178 1999 etiam

199 2016 385 2048 ascendere
410 2016 508 2046 dehet
532 2014 708 2045 invocatio.

287 2057 425 2100 Myrrha
450 2058 612 2099 significat
639 2066 782 2088 crucem.
821 2055 948 2086 Nomen
974 2060 1024 2085 cst
1047 2066 1065 2085 a
1090 2053 1178 2085 Mar

201 2102 373 2139 Hebraeo,
397 2102 428 2132 id
452 2107 501 2131 est
517 2123 525 2131 .
550 2110 709 2135 amarum,
727 2105 760 2130 ut
786 2098 919 2140 myrrha
943 2099 982 2128 sit
1008 2103 1101 2139 gutta
1126 2096 1177 2127 vel

200 2145 373 2177 lachrvma
417 2154 538 2174 amara.
596 2141 779 2173 Adhibetur
827 2142 858 2171 in
905 2141 1178 2171 incdit-:itionibus

199 2188 241 2219 nd
264 2180 499 2229 prohibendum
523 2184 796 2227 putrefactionem
821 2185 851 2214 in
875 2183 1079 2215 vulneribus.
1121 2183 1179 2213 list

198 2232 231 2262 in
256 2230 421 2267 historiis,
446 2231 534 2271 quod
561 2228 670 2269 Reges
695 2227 820 2258 l‘crsivi
846 2228 1004 2267 gestat-int
1034 2236 1179 2257 coronas

200 2285 240 2305 cx
265 2272 409 2310 mvrrha.
458 2273 623 2302 Fortassis
649 2272 712 2302 hoc
736 2271 954 2311 significatum
984 2276 1049 2303 cst,
1081 2279 1179 2309 reges

201 2309 336 2358 paratos
360 2326 437 2347 esse
451 2316 572 2346 dehere
596 2315 636 2345 nd
653 2313 789 2345 vulnera
807 2313 1010 2353 accipienda,
1034 2319 1065 2342 et
1078 2322 1179 2343 onera

201 2358 302 2390 multa
327 2360 498 2390 subeunda
522 2363 657 2399 propter
685 2357 847 2387 subditos.
895 2355 1021 2386 notu-m
1053 2354 1180 2385 fiii-titer

200 2401 368 2444 praeliari,
405 2412 468 2432 non
493 2400 608 2443 sugere
632 2399 768 2431 vulnera
793 2406 925 2440 propte-t·
955 2398 1179 2429 ‹tenemium-m

201 2446 419 2476 snlnlitorum.
463 2444 501 2474 l7t
527 2451 635 2475 autem
670 2442 802 2484 myrrha
844 2442 993 2483 prohibe-t
1038 2439 1179 2482 putrefa-

202 2490 358 2525 raom-m,
383 2489 426 2518 ita
451 2498 530 2518 crux
563 2493 611 2517 est
638 2485 818 2522 salutaris,
846 2492 876 2515 ct
905 2492 1023 2525 purgat
1060 2483 1179 2515 multas

202 2532 321 2561 sordes
350 2538 577 2571 peccatorum.
624 2529 716 2560 llaec
740 2529 896 2571 mysteria
921 2527 1094 2569 pulchrum
1128 2532 1178 2557 cst

199 2575 424 2605 consideran-v.

286 2617 349 2647 Alii
375 2618 423 2647 sic
447 2621 688 2657 exposuerunt:
708 2613 830 2646 Datum
852 2620 905 2645 est
928 2612 1063 2644 Christo
1087 2612 1178 2644 Thus

202 2666 237 2692 ut
267 2658 363 2695 Deo,
394 2661 446 2691 cui
482 2660 621 2691 debetur
655 2658 837 2695 invocatio,
871 2667 985 2688 aurum
1020 2664 1054 2688 ut
1087 2656 1179 2698 negt,

831 211 943 243 PHlL.
965 210 1070 242 MEL.
1093 209 1281 243 SCRIPTA
1303 206 1567 240 EXEGETICA.

2143 208 2208 241 228

1229 300 1365 343 myrrha
1386 306 1421 332 ut
1445 310 1598 342 passuro.
1633 301 1726 333 Haec
1749 301 1912 342 expositio
1937 301 2035 332 etiam
2064 311 2131 333 non
2155 308 2207 334 est

1230 342 1327 374 mala.
1373 343 1440 374 Sed
1464 344 1561 375 venio
1585 345 1649 375 iam
1671 350 1747 385 post
1777 343 1862 375 haec
1887 343 2134 382 Grammafica,
2165 345 2208 376 ad

1230 384 1324 417 locos
1349 386 1530 418 doctrinae.
1947 419 1954 424 ,

1312 428 1335 459 li
1359 434 1437 461 sunt
1459 434 1611 470 quatuor,
1634 428 1848 470 complectar
1870 429 1955 460 enim
1978 427 2096 460 saltem
2119 428 2210 460 Prin—

1231 470 1356 513 cipales
1380 472 1560 504 doctrinas.

1545 619 1609 659 De
1641 620 1770 674 primo
1802 619 1901 659 loco.

1318 699 1460 732 Primum
1473 702 1685 733 observanda
1698 707 1747 732 est
1761 700 1948 732 testificatio
1965 700 2006 732 de
2029 707 2106 732 nato
2119 699 2208 732 Mes-

1231 743 1292 775 sia.
1326 742 1421 774 Deus
1440 743 1509 775 vult
1532 755 1610 776 esse
1623 744 1850 776 certitudinem
1874 743 2045 775 doctrinae
2069 744 2108 775 de
2120 743 2209 775 Mes-

1230 787 1291 818 sia.
1341 785 1418 816 ldeo
1441 786 1530 818 addit
1553 787 1749 819 testimonia.
1795 786 1835 818 Et
1858 785 2013 828 Apostoli
2036 785 2212 818 voluerunt

1231 839 1271 860 ea
1294 829 1452 860 mandare
1475 828 1598 868 literis,
1628 836 1664 861 ut
1687 839 1748 861 nos
1773 830 1969 861 confirment
1989 829 2030 862 de
2053 829 2117 861 isto
2139 828 2210 860 Do-

1231 872 1318 903 mino
1342 870 1499 903 exhibito.
1545 872 1620 904 Non
1642 871 1750 904 solum
1774 872 1879 903 Maria
1902 873 1998 903 test²s
2021 878 2094 911 est,
2124 882 2211 914 quae

1232 915 1295 945 scit
1318 925 1355 945 se
1378 915 1541 956 virginem
1563 925 1664 953 esse,
1686 921 1719 946 et
1741 915 1876 957 Ioseph,
1909 915 1964 959 qui
1987 915 2111 946 audivit
2133 925 2211 947 con-

1232 957 1419 988 cionantem
1430 956 1609 998 Angelum,
1627 958 1705 989 item
1722 964 1888 998 pastores,
1912 958 2059 996 Simeon,
2082 957 2212 997 Hanna,

1232 999 1432 1038 Zacharias,
1460 999 1645 1032 Elizabeth.
1697 1000 1765 1032 Sed
1795 1001 1928 1032 veniunt
1959 1002 2056 1032 etiam
2086 1000 2141 1033 hic
2169 1010 2211 1032 ex

1233 1043 1369 1074 Oriente
1398 1049 1517 1077 testes,
1543 1044 1661 1085 quibus
1691 1053 1811 1074 novam
1841 1041 1972 1075 stellam
1994 1042 2090 1075 Deus
2121 1043 2211 1075 exhi·

1233 1086 1311 1117 buit.
1368 1085 1421 1117 De
1455 1085 1506 1117 his
1537 1086 1733 1118 testimoniis
1767 1086 1975 1128 cogitantes,
2014 1085 2210 1128 colligamus

1231 1130 1340 1160 animo
1364 1134 1494 1160 caetera
1513 1130 1555 1160 ab
1578 1130 1668 1160 initio
1692 1129 1803 1160 mundi
1827 1128 1927 1166 sacta,
1951 1134 1987 1159 ut
2005 1128 2212 1161 eductionem

1229 1171 1342 1213 populi
1366 1182 1406 1203 ex
1430 1172 1603 1214 Aegypto,
1626 1171 1901 1203 resuscitationes
1928 1177 2150 1210 mortuorum,
2179 1178 2212 1204 et

1230 1213 1360 1245 similia.
1405 1214 1499 1249 Quae
1527 1215 1636 1245 onmia
1663 1221 1739 1246 sunt
1770 1214 1957 1245 testimonia
1991 1214 2032 1245 de
2061 1215 2212 1246 doctrina

1230 1256 1422 1295 Ecclesiae,
1457 1264 1490 1288 et
1525 1258 1565 1288 de
1589 1257 1711 1288 Messia
1725 1279 1733 1294 ,
1768 1267 1906 1298 quorum
1942 1257 2211 1289 consideratione

1230 1298 1373 1340 Spiritus
1403 1306 1542 1331 sanctus
1570 1299 1741 1331 confirmat
1774 1301 1861 1331 intus
1895 1300 1926 1330 in
1962 1300 2119 1332 cordibus
2153 1311 2211 1332 no-

1229 1344 1308 1393 stris
1328 1343 1437 1381 fidem,
1460 1349 1492 1374 et
1514 1341 1645 1374 illorum
1657 1343 1903 1384 praedicatione
1916 1341 2083 1384 colligitur
2095 1342 2212 1375 Eccle-

1229 1395 1289 1417 sia.

1317 1428 1391 1459 Non
1410 1429 1590 1459 recitantur
1607 1429 1651 1459 ab
1663 1426 1888 1469 Evangelistis
1902 1428 2044 1458 omnium
2066 1429 2210 1466 nomina,

1230 1471 1273 1502 ad
1296 1481 1381 1511 quos
1405 1469 1494 1501 sama
1516 1471 1582 1501 nati
1596 1469 1744 1501 Messiae
1767 1470 1928 1510 pervenit,
1952 1468 2006 1500 vel
2030 1471 2084 1510 qui
2098 1476 2212 1511 potue-

1230 1519 1305 1544 runt
1327 1522 1405 1544 esse
1428 1518 1542 1544 testes·
1566 1512 1632 1544 Sed
1657 1511 1721 1544 hoc
1734 1511 1922 1544 Matthaeus
1945 1513 2122 1554 praecipue
2144 1513 2214 1555 agit

1230 1556 1263 1587 in
1284 1556 1345 1587 hac
1368 1555 1518 1593 historia,
1541 1561 1576 1587 ut
1599 1555 1664 1586 tale
1678 1556 1899 1587 testimonium
1922 1555 2021 1586 nobis
2034 1562 2212 1597 proponat,

1231 1599 1321 1639 quod
1344 1599 1517 1636 ostendat,
1541 1599 1638 1629 etiam
1662 1598 1824 1635 homines,
1847 1596 1921 1629 non‘
1937 1598 1969 1628 in
1993 1597 2132 1636 ludaea,
2157 1597 2212 1630 vel

1232 1651 1272 1673 ex
1296 1640 1453 1672 Israelitis
1476 1647 1593 1679 natos,
1624 1641 1685 1672 sed
1709 1640 1863 1672 Persicos
1887 1639 1939 1672 vel
1962 1640 2149 1679 Arabhms,
2178 1641 2213 1673 id

1232 1691 1295 1722 est,
1317 1683 1478 1715 Ethnicos
1501 1685 1702 1723 accessisse,
1724 1691 1758 1715 ut
1782 1690 1895 1715 essent
1918 1690 2032 1715 testes.
2057 1682 2097 1715 Et
2117 1683 2212 1716 Deus

1232 1725 1303 1759 vult
1315 1727 1360 1759 ita
1371 1726 1531 1769 colligere
1543 1725 1743 1764 Ecclesiam,
1766 1733 1801 1758 ut
1819 1727 2014 1758 exaudiatur
2032 1726 2065 1757 in
2078 1727 2213 1767 mundo,

1232 1777 1265 1801 et
1288 1770 1513 1811 conspiciatur
1535 1768 1646 1811 aliquo
1668 1770 1778 1800 modo.
1822 1769 1897 1800 Non
1921 1767 1989 1800 vult
2020 1778 2098 1801 esse
2120 1770 2211 1802 abdi-

1231 1819 1298 1845 tam
1320 1814 1352 1845 in
1376 1812 1559 1854 speluncis.
1605 1812 1643 1843 Et
1668 1823 1853 1854 quanquam
1877 1812 2066 1844 testimonia
2088 1813 2211 1851 divina,

1231 1866 1296 1887 non
1331 1857 1439 1888 onmia
1472 1856 1523 1887 sic
1555 1856 1822 1896 conspiciuntur.
1865 1856 1951 1887 sicut
1987 1855 2144 1888 victoriae
2179 1861 2212 1888 et

1231 1899 1383 1940 triumphi
1409 1898 1589 1930 Alexandri
1628 1906 1659 1929 et
1691 1897 1759 1929 lulii
1793 1899 1983 1940 vagantium
2012 1907 2072 1939 per
2107 1905 2211 1931 totum

1231 1944 1346 1974 orbem
1368 1942 1568 1979 habitatum,
1591 1948 1700 1973 tamen
1723 1941 1792 1979 his,
1815 1941 1870 1982 qui
1894 1941 1946 1983 pie
1964 1947 1996 1973 et
2020 1948 2212 1974 reverenter

1231 1984 1287 2016 illu
1311 1985 1541 2023 considerant,
1566 1995 1632 2016 non
1655 1991 1732 2016 sunt
1757 1985 1913 2016 obscura.

1518 2134 1581 2174 De
1613 2133 1791 2173 secundo
1824 2133 1921 2173 loco.

1317 2224 1472 2257 Secunda
1495 2225 1645 2256 doctrina
1668 2231 1718 2256 cst
1742 2225 1919 2266 descriptio
1943 2234 2106 2265 personae
2124 2224 2210 2257 Mes-

1231 2269 1301 2300 siae
1325 2269 1364 2299 de
1388 2269 1475 2298 dicto
1500 2267 1669 2299 Michene:
1707 2269 1746 2299 Er
1767 2273 1800 2299 ru
1826 2270 2007 2299 Bethlehem
2032 2269 2129 2300 Iudae
2156 2279 2210 2301 ne-

1232 2322 1387 2351 quaquam
1411 2322 1446 2342 es
1469 2315 1600 2342 'nnuma
1624 2313 1657 2342 in
1688 2312 1893 2351 Principibus
1925 2313 1972 2342 rel
2003 2313 2210 2344 ηηιΙΙίἡιΑῐηί-

1231 2356 1289 2385 lms
1313 2357 1361 2385 rel
1378 2356 1556 2385 ririlalllms
1583 2356 1672 2386 leuia.
1720 2354 1828 2391 (llaec
1860 2354 1945 2384 enim
1981 2355 2096 2385 cadem
2133 2361 2209 2386 sunt

1232 2399 1285 2429 ΕΛ·
1302 2402 1334 2429 [ι’
1356 2399 1555 2435 ι·]1ιϊιΙῘι·1ην,
1583 2401 1638 2437 qni
1659 2401 1701 2428 si!
1731 2399 1911 2427 clenninator
1941 2400 1973 2427 in
2007 2398 2120 2429 lsrael.
2168 2397 2208 2429 Et

1232 2446 1265 2471 ut
1290 2440 1500 2482 intelligatur.
1526 2441 1567 2471 ‹le
1614 2451 1655 2470 uo
1669 2441 1874 2471 dominatore
1887 2438 2051 2480 loquatur.
2077 2451 2142 2472 non
2167 2441 2208 2472 tle

1233 2483 1360 2514 Davidc
1375 2506 1383 2517 ,
1409 2483 1462 2524 qui
1486 2490 1562 2514 ante
1585 2452 1710 2525 aliquot
1734 2481 1847 2514 secula
1871 2490 2123 2523 praecesserat,
2146 2483 2207 2514 sed

1231 2526 1273 2557 de
1297 2525 1431 2557 Messia.
1456 2527 1543 2557 addit
1570 2526 1750 2567 Propheta:
1778 2527 1875 2557 Folius
1898 2530 2041 2564 tyre-ssia
2063 2531 2114 2558 est
2133 2531 2210 2558 ante

1231 2571 1302 2601 (Ιίιέ
1331 2571 1450 2600 transtuli.
1505 2569 1593 2600 llaec
1630 2569 1773 2599 breviter
1802 2569 1973 2602 dicuntur.
2012 2569 2071 2600 scd
2102 2569 2207 2600 sancti

1232 2618 1322 2643 recte
1340 2611 1584 2649 intellexerunt,
1607 2618 1638 2643 et
1663 2622 1724 2643 nos
1759 2622 1938 2652 possumus
1967 2611 2083 2644 dextre
2112 2613 2208 2644 inter-

1232 2656 1352 2697 pretari
1374 2665 1414 2686 ex
1438 2655 1585 2686 doctrina
1608 2653 1790 2697 Evangelii.
