2324 2958
82 197 147 229 213
767 188 984 222 POS'rtLLA
1005 187 1404 222 MELANTHONJANA.
2026 191 2091 225 214

84 291 140 333 qui
167 300 205 321 se
232 285 432 329 patefecerat
466 285 542 316 data
575 285 795 326 promissione
825 285 867 316 de
890 283 965 315 filio.
989 284 1057 325 Ap·
1112 283 1280 314 Habemus
1303 283 1435 324 quidem
1460 293 1521 314 nos
1550 284 1646 315 etiam
1675 283 1868 325 corporales
1895 285 2087 325 promissio-

84 331 328 376 prehendebant
363 329 462 370 igitur
502 329 532 358 in
572 328 792 369 promissione
826 326 899 365 illa,
930 333 1057 368 patrem
1110 336 1187 358 nes:
1223 325 1345 356 Verum
1373 336 1439 357 non
1467 325 1649 367 speciales,
1681 328 1741 358 sed
1775 326 1966 369 generales,
2000 329 2087 360 sicut

84 376 333 419 promittentem,
356 377 387 401 et
408 369 507 401 filium
529 371 741 412 promissum,
770 376 802 401 et
828 380 889 410 per
913 380 953 401 ac
983 380 1058 411 pro·
1111 367 1234 400 Paulus
1267 368 1359 399 dicit:
1400 367 1513 400 Pietas
1545 368 1639 400 habet
1670 372 1899 410 promissiones
1931 370 2023 401 liuius
2056 375 2086 401 et

85 426 157 461 pter
176 416 261 448 hunc
284 413 433 444 sciebant
454 413 525 445 dari
551 413 707 454 Spiritum
730 420 900 451 sanctum,
928 413 983 454 qui
1006 416 1058 445 est
1106 409 1242 450 futurae
1262 412 1360 449 vitae,
1387 411 1418 442 id
1442 417 1506 449 est,
1529 410 1622 442 Deus
1646 411 1715 443 vult
1739 423 1877 444 servare
1899 411 2087 445 Ecclesiam

87 461 215 504 spiritus
236 455 521 493 sanctificationis,
544 461 580 488 ut
604 454 725 487 Paulus
749 455 905 497 loquitur.
1109 453 1145 485 in*
1165 454 1229 486 hac
1248 455 1326 491 vita,
1351 454 1410 485 sed
1433 464 1499 485 non
1523 454 1611 492 dicit,
1634 455 1664 485 in
1689 466 1754 496 quo
1773 454 1863 492 loco,
1886 457 1946 486 sed
1965 454 2084 487 alicubi

1109 498 1140 528 in
1174 507 1299 538 genere
1332 496 1487 528 humanm
1532 497 1611 528 Item
1641 497 1794 529 Christus
1824 498 1943 539 inquit:
1983 498 2086 529 Pater

1108 544 1214 571 cester
1236 541 1380 571 coelestis
1401 541 1480 577 scit,
1508 540 1621 580 qztilncs
1643 550 1725 580 opus
1746 540 1910 577 habeatis,
1937 541 1978 572 Et
2000 541 2085 572 idem

1107 583 1197 614 iubet
1218 593 1281 614 nos
1305 593 1438 624 quoque
1461 588 1574 623 petere
1595 581 1712 623 panem
1735 584 1969 624 quotidianum.
2006 583 2087 615 ltem

1108 625 1359 666 expressissima
1376 636 1442 656 vox
1460 632 1527 656 est:
1546 624 1690 656 Primum
1705 627 1852 666 quaerite
1868 636 1997 665 refluum
2009 626 2086 664 Dei,

1107 672 1135 699 e!
1159 673 1289 699 caetera
1313 669 1507 699 (ιιΙιίὀιίηιίιιν
1529 668 1629 698 robis.

1193 710 1264 742 Hae
1288 718 1362 742 sunt
1386 711 1624 752 promissiones
1653 711 1694 742 de
1724 711 1955 752 praesentibus
1989 711 2083 741 bonis

1106 755 1316 785 necessariis¹
1345 755 1411 785 Sed
1429 753 1512 784 haec
1530 753 1733 785 dissimiliter
1751 754 1881 790 dantur,
1899 755 1973 794 quia
1992 753 2085 785 Deus

81 800 163 836 Quia
184 799 315 840 quando
339 799 471 829 veniunt
496 796 719 836 calamitates,
749 799 961 838 perturbatur
988 798 1055 829 ani-
1107 795 1176 828 vult
1198 807 1260 827 nos
1284 797 1400 828 intueri
1421 796 1672 836 promissionem
1694 802 1873 827 aeternam.
1912 797 1950 827 Et
1976 804 2084 827 tamen

80 852 151 875 mus
175 841 240 872 hac
266 841 483 872 dubitatione:
512 840 645 879 Nescio,
675 851 715 871 an
746 841 839 872 Deus
869 846 961 871 curet
991 851 1055 871 me.
1107 839 1182 880 quia
1205 838 1274 870 vult
1298 838 1390 870 Deus
1413 839 1600 870 Ecclesiam
1623 849 1701 870 esse
1730 841 1761 870 in
1791 839 1854 870 hac
1886 840 1969 876 vita,
1994 840 2083 870 iuxta

168 500 260 533 Aliae
292 506 410 541 gentes
439 498 535 529 aliter
574 498 783 540 disputarunt
820 499 862 529 de
895 498 987 535 Deo,
1022 452 1087 893 uti

79 885 237 927 Experior
274 893 350 915 esse
382 889 524 914 mentem
560 884 717 921 iudicem,
754 885 812 915 sed
848 893 911 925 ego
946 883 1054 914 habeo
1107 883 1246 913 dictum:
1278 882 1354 913 Non
1376 883 1496 913 mortui
1514 882 1693 913 laudabunt
1713 886 1742 913 te
1756 881 1911 913 Domine:
1934 882 2009 913 ideo
2030 891 2086 913 cu-

86 545 188 582 Plato,
207 540 423 579 Aristoteles,
448 539 651 583 Xenophon,
680 541 922 583 sapientissime
949 540 1056 582 philo-

83 587 261 629 sophantur
283 585 324 615 de
346 583 432 622 Deo,
455 590 487 615 et
510 584 645 615 notitiae
670 583 836 615 naturales
867 584 1055 615 discernen-

82 637 132 663 tes
163 629 301 659 honesta
334 633 367 658 et
400 628 524 668 turpia,
560 635 591 657 et
625 633 762 658 externa
795 627 914 658 iudicia
949 627 1055 668 (quod

80 671 203 705 atrocia
230 669 349 701 delicta
371 670 549 711 puniuntur
570 671 739 701 atrocibus
762 671 879 711 poenis
903 670 998 701 etiam
1022 670 1054 700 in

80 715 144 748 hae
165 714 243 751 vita)
266 719 399 743 movent
417 722 520 744 sanos
544 712 705 750 homines,
728 719 761 742 ut
786 711 951 744 fateantur
979 722 1055 743 esse

79 762 218 790 mentem
241 756 453 787 conditricem
476 765 594 785 rerum.
629 755 694 786 Sed
719 755 785 786 hoc
800 766 866 786 non
891 761 941 786 est
963 755 1055 793 satis,

82 932 235 971 peccata,
262 927 428 969 quomodo
453 936 534 967 ergo
564 937 616 957 me
645 927 801 967 recipiet?
828 925 952 957 Verum
980 936 1055 967 pro·
1106 930 1168 962 rat,
1184 932 1219 955 ut
1231 924 1351 956 alicubi
1363 925 1484 956 habeat
1497 924 1672 963 domicilia,
1691 931 1724 956 et
1734 925 1856 957 fictum
1875 925 2085 956 mediocrem.

78 970 189 1003 missio
211 968 268 1000 illa
283 968 368 1000 tollit
392 969 637 1006 dubitationem,
663 971 728 1009 qu
751 980 807 1001 ero
822 971 911 1001 Deus
933 979 1054 1007 eorum,

76 1013 142 1045 hoc
165 1019 228 1051 est,
252 1011 329 1043 volo
353 1019 384 1042 te
407 1012 573 1053 recipere,
597 1011 748 1050 salvare,
778 1011 903 1043 ‹Rinare
933 1012 1055 1043 iustitia

76 1061 109 1088 et
130 1056 198 1086 vita
219 1061 364 1086 aeterna.
534 1084 538 1087 ,

162 1098 351 1130 Secundum
374 1096 461 1128 hane
490 1097 761 1137 promissionem,
792 1107 877 1139 quae
907 1102 958 1128 est
988 1107 1055 1128 vox

74 1139 258 1182 Evangelii,
281 1146 411 1181 oportet
435 1139 542 1171 Deum
565 1141 719 1182 agnosci,
749 1141 838 1182 quod
862 1138 943 1171 velit
971 1140 1055 1170 reci-

74 1195 154 1226 pere
177 1190 311 1225 propter
340 1181 452 1214 filium.
499 1182 556 1214 Sic
582 1183 681 1224 igitur
710 1183 887 1224 promissio
910 1181 966 1213 illa
989 1182 1055 1222 spi-

74 1225 203 1258 ritualis
232 1225 311 1257 sacit
341 1226 516 1257 discrimen
539 1226 626 1257 inter
653 1227 878 1266 posteritatem
897 1224 1054 1257 Abrahae

75 1276 108 1301 et
129 1269 213 1301 alias
237 1275 364 1310 gentes.

160 1311 248 1343 Nihil
282 1312 415 1343 dubium
440 1317 508 1347 est,
543 1311 622 1352 quin
655 1309 805 1342 infantuli
838 1311 905 1342 nati
933 1311 966 1341 in
994 1309 1052 1342 illo

74 1353 210 1397 populo.
235 1355 331 1385 etiam
354 1355 408 1395 qui
423 1354 647 1385 moriebantur
664 1360 740 1385 ante
755 1354 1051 1391 circumcisionem,

74 1397 195 1429 fuerint
217 1398 365 1428 membra
382 1402 536 1427 aeternae
557 1395 749 1433 Ecclesiae,
778 1397 854 1437 quia
877 1397 1052 1437 promissio

76 1441 169 1472 dicit:
200 1441 266 1471 Ero
289 1439 382 1470 Deus
410 1448 530 1470 eorum.
575 1439 698 1469 Postea
726 1438 826 1469 adulti
852 1438 1053 1479 profiteban-

75 1489 130 1514 tur
150 1481 237 1513 hanc
260 1480 356 1512 fidem
380 1491 490 1519 suam,
513 1486 545 1512 et
575 1481 680 1523 magis
709 1482 880 1522 magisque
907 1480 1054 1523 applica-

75 1526 155 1557 bant
179 1524 241 1555 sibi
265 1524 525 1564 promissionem.

162 1566 232 1597 Nos
260 1567 294 1596 in
317 1565 471 1597 Ecclesia
494 1566 572 1597 novi
594 1564 795 1597 Testamenti
823 1565 985 1597 habemus
1014 1566 1056 1597 si-

75 1607 168 1641 miles
201 1608 457 1649 promissiones:
518 1609 577 1646 ραι·
608 1610 785 1640 crediderit
816 1613 849 1640 et
878 1611 1056 1649 baptizalus

72 1655 184 1693 fuerit,
207 1653 316 1682 salvus
337 1653 409 1681 eric.
459 1652 519 1687 Qui
539 1653 644 1682 credi!
661 1651 693 1682 in
713 1653 823 1690 filium,
845 1653 942 1683 habe!
961 1655 1056 1683 tilam

74 1699 249 1733 ueternum.
280 1693 334 1724 Sic
346 1695 434 1724 Deus
445 1694 732 1725 delexitmumlum.
768 1693 859 1725 Haec
877 1695 1054 1735 promissio

76 1737 209 1779 propria
235 1734 406 1778 Evangelii
428 1736 597 1767 constituit
616 1734 813 1773 Ecclesiam,
832 1742 864 1767 et
887 1737 1055 1776 accipiens

101 1779 327 1811 romissionem
346 1784 398 1809 est
414 1788 493 1809 vere
511 1779 691 1810 membrum
709 1785 866 1810 aeternae
882 1778 1056 1811 Ecclesiae

111 1832 150 1854 ci.

1193 967 1330 998 Etiamsi
1353 978 1420 998 non
1445 978 1560 998 sumus
1585 974 1648 998 tam
1675 967 1832 1008 opulenti,
1858 978 1954 1008 quam
1978 967 2084 997 Abra-

1106 1010 1198 1047 ham,
1222 1008 1365 1041 sufficiat
1388 1011 1501 1047 nobis,
1525 1011 1612 1051 quod
1636 1009 1731 1041 Deus
1755 1016 1866 1041 servat
1891 1010 1988 1041 nobis
2010 1019 2086 1050 pro-

1107 1053 1318 1084 missionem:
1354 1052 1451 1083 Dobo
1474 1057 1520 1084 eis
1542 1053 1734 1089 Doctorem,
1758 1058 1787 1083 et
1809 1062 1922 1092 panem
1947 1057 2083 1089 arctum,

1107 1099 1137 1126 et
1154 1105 1271 1136 aquam
1290 1106 1357 1126 cum
1376 1096 1593 1133 tribulatione,
1615 1095 1647 1126 id
1666 1102 1728 1133 est,
1756 1102 1867 1126 servat
1887 1094 2084 1133 Ecclesiam,

1107 1148 1293 1180 quanquam
1317 1139 1500 1170 subiectam
1524 1139 1625 1171 cruci.
1661 1137 1831 1169 Abraham
1856 1139 1928 1179 ipse
1952 1144 1984 1169 et
2014 1139 2083 1169 eius

1107 1181 1285 1221 posteritas
1319 1191 1396 1212 sero
1430 1182 1606 1213 admodum
1641 1181 1730 1212 venit
1768 1182 1799 1211 in
1836 1182 2084 1220 possessionem

1107 1229 1217 1255 terrae
1240 1223 1418 1262 Chanaan,
1449 1223 1618 1262 videlicet,
1647 1234 1721 1255 cum
1744 1223 1915 1254 israelitae
1943 1225 2006 1254 iam
2033 1234 2085 1255 es-

1107 1273 1182 1298 sent
1204 1267 1332 1298 reducti
1355 1277 1396 1297 ex
1418 1266 1586 1309 Aegypto.
1631 1267 1760 1297 Interea
1783 1272 1891 1297 tamen
1916 1266 2086 1298 Abraham

1106 1310 1239 1340 retinuit
1260 1308 1475 1350 principalem
1499 1310 1771 1351 promissionem,
1799 1319 1884 1350 quae
1915 1317 1967 1340 est
1989 1310 2085 1350 spiri-

1105 1351 1242 1384 tualium
1265 1353 1437 1384 bonorum.

1191 1449 1255 1489 De
1287 1449 1518 1503 impletione
1550 1449 1648 1503 legis
1681 1463 1754 1503 per
1785 1447 2001 1490 Christum.

1193 1522 1260 1553 lam
1283 1523 1432 1563 sequitur
1454 1524 1551 1553 etiam
1574 1522 1724 1553 doctrina
1747 1522 1787 1553 de
1810 1521 1898 1563 lege,
1926 1522 2003 1563 quia
2025 1522 2086 1552 cir-

1108 1565 1266 1596 cumcisio
1289 1571 1440 1603 testatur,
1463 1565 1552 1606 quod
1575 1564 1660 1596 filius
1675 1564 1739 1595 Dei
1762 1565 1805 1595 sit
1823 1565 1993 1596 subiectus
2011 1563 2086 1606 legi.

1107 1607 1161 1639 De
1183 1608 1247 1639 hac
1269 1608 1475 1639 subiectione
1498 1608 1601 1649 inquit
1616 1606 1753 1646 Paulus,
1777 1606 1851 1638 Gal.
1870 1608 1901 1638 4.
1936 1606 2086 1638 Christus

1104 1649 1218 1689 factus
1239 1654 1286 1682 est
1308 1651 1366 1682 sub
1387 1651 1493 1691 leyem.

1196 1693 1378 1725 Stancarus
1401 1694 1544 1725 abutitur
1568 1693 1635 1724 hoc
1663 1693 1768 1731 dicto,
1797 1693 1969 1732 disputans
1992 1692 2086 1725 Chri·

1110 1742 1196 1767 stum
1226 1745 1304 1766 esse
1326 1737 1539 1767 mediatorem
1569 1741 1694 1767 tantuin
1728 1737 1909 1766 secundum
1939 1737 2087 1767 humani-

1110 1785 1218 1809 tatem.
1262 1778 1399 1810 Tantum
1421 1788 1552 1819 corpus,
1575 1779 1688 1819 inquit,
1710 1779 1968 1809 cz'rcmncide‘lur:
1998 1779 2086 1820 Eryo

1110 1821 1259 1852 Christus
1292 1825 1415 1853 tantum
1447 1821 1633 1853 secundumn
1649 1821 1819 1852 humanam
1852 1826 2005 1853 naturam
2039 1826 2087 1853 est

1108 1864 1266 1895 subiectus
1288 1865 1359 1905 leye'.

1194 1907 1407 1949 Respondeo.
1452 1906 1620 1939 Subiectio
1649 1908 1711 1938 sub
1740 1906 1849 1949 legem
1879 1906 1975 1948 plura
1998 1918 2086 1939 com-

1106 1948 1279 1991 plectitur,
1325 1960 1422 1991 quam
1468 1951 1763 1981 circumcisionem.
1829 1949 2087 1990 Comprehendit

1106 1993 1190 2024 enim
1214 1999 1315 2024 totam
1344 1991 1554 2024 humilitatem
1579 1992 1635 2024 filii
1656 1992 1732 2031 Dei,
1755 1993 1796 2024 Et
1814 2003 2000 2034 quanquam
2018 2003 2086 2024 non

1107 2037 1211 2066 sensit
1234 2035 1249 2066 ὁ
1274 2036 1358 2075 λόγος
1380 2035 1529 2067 dolorem
1561 2042 1593 2067 et
1622 2036 1802 2067 cruciatum
1830 2044 1861 2066 ut
1888 2043 2006 2067 natura
2029 2035 2086 2067 hu-

1107 2089 1218 2110 mana:
1250 2086 1359 2110 tamen
1388 2078 1621 2111 humanitatem
1650 2080 1713 2110 sibi
1735 2078 1814 2110 fecit
1837 2080 2020 2119 propriam,
2053 2085 2087 2110 et

1107 2123 1194 2153 serio
1217 2121 1322 2152 voluit
1344 2121 1431 2153 hanc
1455 2122 1689 2160 obedientiam,
1710 2132 1807 2164 quam
1830 2123 1862 2152 in
1886 2122 2090 2153 humanitate

1107 2165 1271 2206 praestitit
1291 2171 1426 2196 aeterno
1451 2166 1546 2206 patri.

1195 2208 1261 2238 Sed
1285 2208 1395 2239 obiit-it
1412 2207 1594 2239 Stancarus
1618 2208 1714 2239 etiam
1737 2207 1802 2238 hoc
1818 2218 1856 2237 ex
1874 2208 1962 2238 dicto
1975 2207 2084 2238 Pauli:

1108 2249 1148 2281 Si
1164 2251 1317 2281 subiectio
1333 2251 1391 2281 sub
1409 2252 1507 2291 leyom
1524 2252 1755 2291 intelligeretur
1773 2251 1812 2281 de
1830 2252 1841 2279 1
1850 2250 1970 2287 'lu-isto,
1990 2251 2085 2281 etiam

1108 2294 1278 2324 secundum
1304 2294 1521 2331 (It‘rz’m'tatem,
1555 2297 1758 2335 sequeretur,
1791 2294 1881 2324 illam
1910 2303 2084 2333 personum

1108 2337 1203 2368 etiam
1218 2337 1389 2367 sommium
1404 2337 1604 2368 dirim'tatenz
1619 2347 1688 2368 esse
1704 2340 1858 2373 creatam,
1873 2340 1948 2376 quia
1958 2334 2084 2375 factum

1108 2389 1188 2417 esse,
1211 2384 1258 2410 ese
1280 2389 1348 2410 esse
1370 2384 1522 2411 creatum.

1195 2421 1407 2462 Respondeo.
1462 2424 1612 2453 Γίνεσθαι
1651 2432 1715 2452 non
1752 2420 1916 2462 significat
1953 2430 2084 2461 semper

1109 2469 1205 2495 ποιεῖν
1223 2471 1279 2496 aut
1299 2467 1415 2503 κτίζειν,
1439 2465 1470 2495 id
1494 2471 1557 2502 est,
1581 2465 1735 2501 condere,
1759 2473 1883 2502 creare,
1908 2461 2083 2495 fabricare.

1109 2504 1149 2538 E't
1170 2508 1320 2546 γενόμενον
1338 2508 1426 2549 quod
1445 2506 1567 2540 Paulus
1587 2507 1640 2539 hic
1659 2506 1766 2546 ponit,
1785 2505 1875 2537 venit
1890 2516 1910 2537 a
1927 2510 2085 2545 γίγνεσθαι

1110 2551 1197 2591 quod
1222 2560 1325 2592 saepe
1348 2557 1529 2591 usurpatur
1555 2560 1615 2590 pro
1643 2551 1798 2591 gignere,
1828 2555 1859 2580 et
1888 2548 2087 2591 generaliter

1110 2592 1294 2634 significat,
1323 2603 1456 2634 quoquo
1484 2593 1582 2623 modo
1611 2590 1732 2633 aliquid
1760 2593 1802 2623 ab
1832 2590 1898 2623 alio
1930 2603 2006 2623 esse
2035 2592 2087 2623 vel

1109 2634 1204 2667 aliter
1215 2646 1254 2667 se
1266 2636 1403 2673 habere,
1425 2636 1511 2666 sicut
1525 2634 1680 2666 Germani
1694 2635 1807 2667 dicunt
1820 2640 1942 2668 merten.
1966 2634 2083 2666 lohan-

1880 2694 1931 2720 14·

163 1864 303 1899 Quando
326 1864 358 1894 in
385 1863 605 1895 conversione
628 1864 729 1905 erigis
761 1871 793 1895 te
824 1864 1055 1898 consolatione

75 1917 134 1949 per
156 1907 218 1938 has
241 1907 491 1948 promissiones,
515 1913 582 1937 tum
605 1917 684 1937 vere
708 1906 929 1948 apprehendis
953 1907 1055 1939 filium

75 1950 151 1988 Dei,
164 1950 327 1991 etat-cipis
341 1951 438 1986 bona,
453 1959 510 1990 per
521 1959 606 1987 eum,
624 1956 657 1980 et
674 1958 810 1991 propter
827 1960 899 1981 eum
918 1952 1055 1992 promis-

76 2003 131 2024 sa:
157 1992 199 2024 Ut
212 2000 289 2024 sunt
304 1993 455 2023 remissio
478 1993 888 2033 peccatorum,imputatio
902 1995 1054 2032 iustitiae,

76 2035 216 2076 Spiritus
236 2042 387 2073 sanetus,
405 2035 592 2066 haereditas
606 2035 691 2066 vitae
709 2043 874 2067 aeternae.
902 2036 963 2068 Hic
977 2047 1053 2068 con-

76 2089 198 2110 sensus
210 2079 477 2119 promissionum,
495 2088 579 2119 quae
590 2084 668 2109 sunt
684 2079 824 2109 traditae
839 2078 1007 2117 Abrahae,
1022 2086 1053 2111 et

77 2131 160 2163 quae
180 2122 276 2153 nobis
290 2132 376 2153 nunc
390 2127 630 2162 proponuntur,
643 2121 904 2153 considerandus
919 2128 970 2153 est
983 2122 1053 2154 ‹lili-

77 2172 206 2206 genter,
232 2170 267 2195 ut
289 2166 435 2195 sciamus
462 2174 558 2194 unam
583 2169 615 2194 et
638 2164 775 2195 eandem
799 2165 1053 2205 promissionem

77 2216 153 2238 esse
187 2207 338 2238 omnibus
373 2207 575 2247 temporibus
608 2206 641 2237 in
670 2205 838 2246 Ecclesia,
873 2208 936 2239 nisi
966 2208 1054 2250 quod

101 2250 255 2280 romissio
269 2248 426 2280 Abrahae
450 2249 567 2279 tradita
590 2248 648 2280 fuit
670 2249 713 2281 tle
734 2257 873 2282 venturo
895 2250 1056 2283 Domino:

109 2298 220 2323 ostrae
244 2298 363 2323 sonant
387 2292 426 2323 de
451 2291 608 2322 exhibito.

163 2335 308 2366 Fuerunt
332 2342 439 2366 autem
463 2335 506 2365 ad
525 2333 693 2365 Abraham
713 2336 843 2367 additae
862 2337 959 2368 etiam
978 2347 1054 2377 pro-

77 2378 254 2409 missiones
285 2376 494 2419 corporales:
525 2383 577 2414 ut,
610 2377 695 2409 dubo
726 2379 785 2409 tibi
811 2383 933 2410 terram
960 2379 1055 2418 hanc,

78 2419 164 2455 Quia
184 2420 273 2452 Deus
293 2420 395 2452 voluit
418 2427 493 2451 ante
516 2419 695 2451 exhibitum
709 2420 866 2452 Messiam
888 2433 966 2453 esse
986 2434 1056 2453 cer·

78 2469 145 2494 tam
168 2471 315 2504 gentem,
346 2470 378 2494 et
400 2463 528 2499 locum,
559 2463 614 2493 ubi
643 2464 833 2495 nasciturus
855 2471 944 2496 esset
967 2465 1056 2497 Mes-

78 2505 159 2543 sias,
181 2507 236 2536 ubi
259 2512 350 2537 esset
373 2506 641 2545 conspiciendus,
663 2507 858 2546 audienduS,
881 2518 1055 2548 passuruS,

79 2553 112 2578 et
134 2555 395 2579 resurrecturus.
440 2548 511 2579 Hae
535 2548 800 2581 circumstantiae
827 2548 892 2582 loci
921 2558 954 2582 et
977 2558 1057 2582 tem·

78 2599 195 2631 porum
220 2597 298 2621 tunc
318 2589 449 2622 suerunt
473 2591 747 2622 determinandae.

167 2632 238 2664 Nos
261 2643 327 2664 non
349 2632 508 2665 habemus
526 2633 779 2674 promissionem
796 2635 837 2666 de
855 2635 936 2668 sede
953 2642 1055 2668 certa.
