2324 2958
154 171 222 206 8oe

158 268 358 324 Argujtne
390 266 556 322 Spiritus
587 272 746 306 sanctus
778 265 899 305 etiam
928 263 1125 306 Sanctos?

208 387 212 389 .
242 357 452 398 Respondeo.
507 356 573 388 lta:
607 355 667 387 sed
700 353 797 386 simul
830 354 1023 386 consolatur
1052 364 1122 386 eos.

158 401 219 432 Hic
247 401 377 431 dicitur:
405 403 514 438 arynet
541 398 699 428 nmndum:
728 398 760 428 id
782 403 852 435 est,
879 407 945 428 non
971 407 1070 428 unum
1092 403 1124 428 et

156 442 313 481 alterum,
347 442 406 473 sed
436 449 539 473 totum
570 451 676 483 genus
705 439 890 471 humanum.
946 439 1038 471 Deus
1070 439 1125 470 dat

156 495 272 516 vocem
295 495 399 521 suam,
422 490 454 515 et
476 485 507 515 in
531 494 569 514 ea
593 483 760 514 denuntiat
782 483 863 513 iram
886 492 989 520 suam,
1013 488 1045 512 et
1069 482 1124 512 ad-

155 527 201 559 dit
229 537 353 569 poenas
382 525 576 564 horm'biles,
607 526 723 567 quibus
751 526 893 556 ostendit
922 526 1002 555 iram
1025 525 1123 555 etiam

154 570 316 602 adversus
340 576 584 610 contemptores
607 569 700 599 vocis
723 568 861 599 divinae.
907 566 1000 598 Multi
1023 566 1122 598 homi-

155 622 215 643 nes
249 613 360 644 vivunt
393 612 425 642 in
459 621 585 643 summa
616 611 803 641 securitate.
858 609 967 651 Aliqui
996 610 1122 640 dicunt:

154 654 224 686 Nos
248 664 362 686 sumus
385 653 580 691 Christiani,
610 658 641 684 et
664 659 772 685 tamen
790 652 961 695 indulgent
984 652 1064 690 sibi,
1092 657 1124 683 et
1146 674 1150 684 .

154 703 252 729 ruunt
274 697 306 728 in
329 695 502 728 manifesta
525 694 666 727 scelera.

240 742 346 780 Saepe
373 745 479 770 autem
507 739 597 780 punit
625 737 718 769 Deus
747 736 876 769 furores
905 738 937 769 in
965 737 1123 779 peccatis,
1147 749 1149 774 !

154 781 228 814 aliis
251 782 346 813 novis
368 781 515 822 peccatis
538 787 570 812 et
593 779 771 819 furoribus,
793 788 827 811 ut
849 790 968 811 recens
990 781 1022 811 in
1046 779 1123 810 Hel·
1147 777 1149 807 ἓ

153 825 241 856 vetia
263 834 347 856 unus
370 834 476 866 pagus
499 824 553 865 qui
576 829 628 854 est
651 822 864 863 Paptisticus‚
886 823 966 862 Zuq,
989 821 1123 863 collegit
1146 809 1149 852 l

153 867 262 899 omnia
284 866 391 898 Biblia
421 876 460 897 ex
489 872 558 898 toto
588 866 708 906 oppido
733 872 764 897 et
788 867 977 897 combussit.
1035 864 1121 900 Qua·
1146 859 1148 911 l

152 908 194 941 lis
217 909 270 941 hic
292 908 384 941 stu-or
406 914 469 945 est,
493 915 525 939 et
548 909 711 949 quomodo
736 918 800 939 non
823 909 953 939 veniant
974 907 1121 948 poenae?
1146 916 1147 950 l

152 952 228 984 Non
258 950 358 983 multo
387 958 463 983 ante
492 952 622 993 quidam
651 950 811 982 honestus
843 951 892 981 vir
915 952 1045 982 domum
1067 959 1121 981 ve·
1145 965 1148 984 ι

153 995 263 1033 niens,
289 994 503 1035 deprehendit
532 994 704 1036 coniugem
727 994 758 1024 in
781 993 958 1024 adulterio:
982 1001 1121 1033 cumque

152 1035 336 1069 adulterum
358 1035 468 1078 gladio
491 1042 632 1078 peteret,
656 1035 772 1066 mulier
794 1037 913 1067 obiecit
935 1046 1029 1067 suum
1053 1045 1121 1065 cor-

152 1089 234 1122 pus,
258 1086 290 1110 et
312 1078 498 1110 transfossa
521 1086 581 1110 est.
632 1079 793 1110 Moechus
815 1078 925 1109 adhuc
946 1085 997 1109 est
1021 1078 1122 1118 capti·
1146 1096 1149 1127 ᾖ

153 1132 224 1154 vus
270 1121 349 1153 Tam
372 1121 539 1153 horribilia
564 1122 657 1157 fiunt3
681 1122 756 1161 quia
779 1122 920 1152 mundus
943 1120 1122 1152 contemnit

152 1174 268 1196 vocem
291 1172 461 1195 sonantem
485 1165 516 1195 in
540 1164 729 1194 ministerio.

239 1207 322 1238 Sunt
352 1213 458 1237 tamen
487 1215 618 1246 semper
644 1204 754 1246 aliqua
782 1206 859 1236 viva
885 1206 1030 1236 membra
1059 1204 1121 1236 Ec-

152 1247 286 1286 clesiae,
307 1258 390 1290 quae
413 1259 485 1279 cum
508 1248 651 1278 sentiunt
673 1258 710 1279 se
732 1249 836 1289 argui,
856 1247 967 1279 dolent
986 1254 1122 1288 propter

151 1291 231 1322 iram
254 1291 334 1329 Dei,
364 1297 396 1322 et
419 1291 593 1321 emendant
615 1300 663 1321 se.
714 1289 843 1321 Caeteri
874 1297 1122 1322 contemnentes

150 1332 238 1365 hanc
260 1344 395 1371 vocem,
425 1332 591 1364 cumulant
620 1333 781 1365 adversus
809 1343 846 1365 se
869 1334 969 1372 iram,
991 1338 1024 1364 et
1045 1332 1121 1364 hae-

152 1382 224 1406 rent
246 1376 378 1407 tandem
401 1376 433 1406 in
456 1375 583 1416 poenis.

384 1539 492 1589 Qujd
523 1540 664 1580 volunt
695 1541 768 1581 sibi
799 1541 880 1581 illa:

150 1614 268 1653 Aryuet
290 1613 431 1643 mundum
453 1613 493 1642 tle
509 1617 653 1652 peccato,
673 1614 712 1643 de
729 1616 852 1644 iustitia
870 1618 900 1644 et
921 1613 961 1643 de
983 1613 1122 1645 iudicio?

237 1688 447 1730 Respondeo.
502 1689 644 1720 Prorsus
667 1689 774 1722 aliena
797 1697 873 1722 sunt
895 1690 978 1722 haec
1001 1701 1021 1722 a
1042 1689 1121 1732 poli-

152 1731 226 1762 ticis
249 1732 455 1772 opinionibus
486 1738 518 1763 et
545 1733 682 1764 iudiciis.
733 1733 913 1774 Propterea
942 1734 1038 1765 etiam
1066 1733 1120 1765 hic

151 1779 241 1805 totus
263 1772 357 1804 locus
380 1773 569 1806 mirabiliter
597 1781 647 1806 est
669 1782 841 1807 enar-ratus
867 1784 897 1808 et
921 1777 1121 1808 contamina-

152 1821 215 1847 ωε.
259 1815 330 1847 Nos
349 1817 468 1848 erimus
486 1819 630 1849 contenti
647 1817 888 1859 simplicissima
906 1819 1119 1860 expositione.

1143 1874 1146 1916 f

1143 1917 1146 1944 1

241 1996 350 2046 Quid
381 1997 562 2038 nominat
592 1997 781 2053 Spiritum
813 2000 1028 2040 sanctum?

236 2086 447 2127 Respondeo.
498 2088 650 2119 Nominat
677 2088 765 2121 illam
793 2092 921 2122 tertiam
944 2101 1120 2132 personam

151 2130 347 2169 divinitatis,
370 2141 456 2172 quae
479 2142 556 2162 vere
586 2138 635 2162 est
660 2131 812 2170 ὁμοοιῗσιος
836 2133 944 2171 Patri,
971 2139 1003 2165 et
1024 2133 1118 2172 Filio,

151 2179 184 2204 et
207 2179 258 2204 est
279 2171 397 2205 efficax
420 2175 451 2204 in
474 2174 664 2213 ministerio,
686 2181 717 2206 et
740 2176 770 2207 in
794 2177 949 2208 cordibus
972 2177 1118 2218 singulo-

150 2225 222 2246 rum
250 2216 460 2247 credentium.
516 2216 577 2249 Hic
605 2217 741 2257 Spiritus
771 2228 835 2250 non
866 2226 916 2250 est
945 2220 1117 2261 cogitatio,-

150 2256 220 2295 vel,
244 2265 278 2290 ut
301 2258 493 2300 Philosophi
518 2258 709 2300 loquuntur,
733 2261 826 2292 ratio.

270 2421 379 2472 Quid
410 2431 546 2464 autem
579 2423 673 2464 facit
704 2425 767 2465 hic
800 2424 997 2480 Spiritus?

236 2511 446 2554 Respondeo.
490 2515 627 2557 Arguit‚
649 2515 680 2546 id
703 2521 773 2553 est,
795 2523 932 2548 accusat
953 2517 1116 2557 mundum,

847 168 1062 202 POSTILLA
1084 167 1480 201 nOELANTHONIANA.

2080 169 2144 202 810

1178 261 1257 290 Deo.
1303 259 1384 292 Cum
1408 266 1514 292 autem
1538 261 1684 292 additur:
1713 261 1752 291 de
1771 266 1920 301 peceato,
1948 262 1988 291 cle
2010 263 2142 297 iustitia,

1177 308 1207 333 et
1229 303 1269 332 de
1291 303 1425 333 iudicio.
1457 303 1741 344 comprehenditur
1769 310 1839 335 tota
1865 305 2012 335 doctrina
2034 304 2144 336 Evan-

1177 345 1272 388 gelii3
1293 346 1387 387 quasi
1410 346 1497 376 dicat.
1520 345 1688 377 Christus:
1713 347 1854 387 Spiritus
1877 354 2011 378 sanctus
2031 347 2143 379 afferet

1177 389 1359 420 doctrinam
1382 388 1578 429 incognitam
1601 389 1721 419 mundo
1746 396 1775 420 et
1799 389 1926 420 rationi.
1976 389 2145 430 Sapientia

1175 431 1311 462 rationis
1336 431 1487 462 consistit
1509 431 1540 461 in
1561 431 1673 462 notitia
1691 430 1792 472 legis3
1816 430 1933 472 loquor
1950 432 2013 463 iam
2033 433 2074 463 de
2092 442 2144 463 sa·

1175 474 1313 515 pientia,
1348 483 1431 514 quae
1465 479 1515 503 est
1548 474 1669 504 rectr'ux
1702 473 1884 511 hominum,
1920 483 1985 505 non
2019 475 2059 505 de
2091 484 2143 506 sa-

1176 516 1296 558 pientia
1319 515 1543 553 Geometrica‚
1566 522 1621 546 aut
1643 516 1770 547 artium.

1261 557 1321 589 llla
1343 558 1480 589 rationis
1505 559 1664 598 sapientia
1687 558 1797 599 arguit
1825 563 1856 588 et
1883 559 1967 599 regit
1990 559 2143 590 mundum

1174 602 1318 642 imperiis
1337 611 1398 642 per
1417 599 1633 641 disciplinam,
1650 610 1711 632 seu
1728 610 1786 640 per
1804 599 2043 632 locomotivam.
2078 600 2144 632 Sed

1175 644 1312 685 Spiritus
1342 649 1477 675 sanctus
1508 643 1615 685 arguit
1645 641 1708 674 alio
1732 643 1848 681 modo,
1879 649 1909 674 et
1932 643 1973 674 de
1990 641 2062 674 aliis
2087 644 2143 674 ob-

1174 687 1279 717 iectis.

1200 851 1263 890 De
1296 865 1375 905 quo
1407 858 1573 906 peccato
1606 850 1773 906 Spiritus
1804 856 1964 891 sanctus
1995 865 2113 891 mun-

1518 928 1615 968 dum
1647 935 1798 982 arguat.

1258 1026 1370 1058 Movet
1401 1027 1503 1057 corda
1534 1032 1566 1058 et
1588 1033 1727 1058 accusat
1748 1028 1902 1068 primum,
1931 1027 2142 1067 praecipuum

1171 1067 1252 1100 illud
1275 1075 1464 1109 peccatum,
1491 1070 1575 1108 quod
1603 1069 1732 1099 mundus
1759 1080 1819 1099 non
1843 1069 1943 1099 credit
1966 1071 1998 1099 in
2021 1069 2141 1099 Filium.

1172 1110 1250 1142 Dixi
1284 1112 1367 1142 enim
1403 1117 1516 1149 antea,
1550 1112 1673 1143 rectius
1707 1112 1770 1143 dici
1799 1112 1883 1151 quod
1912 1123 1973 1141 non
2003 1112 2141 1146 credunt,

1173 1164 1282 1195 quam,
1304 1155 1377 1193 quia
1400 1164 1460 1183 non
1483 1154 1612 1183 credunt
1634 1156 1665 1183 ιἰε
1684 1165 1738 1183 me.
1778 1154 1861 1185 Nam
1879 1153 2042 1195 particula
2059 1155 2143 1194 qnod

1174 1203 1223 1227 est
1242 1197 1435 1237 expositiva.
1475 1196 1671 1228 Nominatim
1690 1196 1906 1238 Evangelium
1924 1203 2061 1229 accusat
2080 1196 2143 1228 hoc

1173 1245 1363 1280 peccatum,
1391 1239 1477 1280 quod
1508 1249 1613 1281 genus
1643 1238 1817 1271 humanum
1846 1241 1976 1282 ignorat
2006 1245 2037 1271 et
2067 1249 2143 1271 con-

1174 1283 1286 1313 temnit
1310 1280 1424 1313 Filium
1448 1281 1521 1313 Dei.

1260 1324 1356 1355 Ratio
1384 1325 1448 1356 hoc
1476 1330 1648 1365 peccatum
1677 1335 1741 1355 non
1765 1325 1936 1365 agnoscit3
1964 1325 2040 1366 quia
2063 1323 2142 1356 nihil

1173 1365 1324 1408 intelligit
1351 1367 1392 1398 de
1419 1367 1575 1398 missione
1603 1373 1633 1398 et
1663 1367 1829 1398 beneficiis
1852 1366 1934 1398 Filii.
1979 1368 2143 1407 Sapientia

1174 1408 1259 1451 legis
1281 1410 1387 1451 arguit
1405 1408 1622 1449 latrocinium,
1640 1408 1738 1447 furta,
1757 1408 1927 1441 adulteria.
1972 1410 2040 1441 Sed
2062 1409 2143 1441 illud

1174 1462 1335 1483 summum
1357 1458 1390 1483 et
1411 1453 1584 1483 maximum
1606 1459 1796 1493 peccatum,
1825 1453 1909 1492 quod
1931 1452 2059 1482 nmndus
2081 1463 2142 1482 non

1174 1494 1275 1523 credit
1297 1496 1329 1523 in
1352 1494 1478 1528 Filium,
1502 1501 1625 1526 tantum
1648 1493 1864 1537 Evangelium
1886 1496 2010 1537 arguit,
2038 1501 2075 1526 ut
2096 1495 2143 1526 di—

1175 1538 1271 1568 citur:
1297 1537 1402 1566 Omnis
1422 1538 1476 1576 qui
1496 1547 1557 1566 nou
1581 1537 1681 1567 credit
1703 1539 1735 1566 in
1757 1538 1878 1571 Filium,
1902 1540 1962 1566 iam
1984 1537 2143 1568 iudicatus

1174 1583 1234 1613 esi,
1268 1583 1298 1609 et
1326 1581 1376 1609 ira
1405 1580 1468 1609 Dei
1496 1583 1597 1609 manet
1625 1590 1717 1619 super
1745 1590 1819 1610 eum.
1874 1580 1915 1611 Et
1938 1581 1970 1611 in
1993 1581 2142 1612 secundo

1174 1621 1324 1660 Psalmo,
1354 1623 1409 1664 qui
1445 1628 1495 1653 est
1524 1623 1641 1654 concio
1671 1621 1844 1664 Evangelii
1875 1623 2065 1658 summaria,
2096 1623 2141 1654 di-

1174 1665 1270 1696 citur:
1295 1664 1485 1694 Osmlanmzi
1503 1665 1625 1698 Filium,
1649 1675 1686 1694 ne
1707 1666 1832 1705 quando
1854 1667 2021 1699 irascatur,
2040 1669 2069 1695 et
2087 1676 2140 1705 pe-

1172 1709 1268 1736 reatis
1289 1709 1322 1736 iu
1344 1709 1403 1737 via.
1448 1708 1570 1738 Postea
1592 1708 1738 1739 additur:
1761 1708 1858 1738 Beati
1875 1718 1976 1737 omnes
1997 1709 2053 1747 qui
2073 1718 2141 1737 con-

1168 1750 1268 1789 fidunt
1290 1751 1322 1779 in
1345 1761 1396 1780 eo:
1426 1751 1512 1781 sicut
1540 1750 1635 1781 etiam
1659 1750 1799 1782 loannes
1822 1751 1924 1782 addit:
1961 1750 2066 1780 Omnis
2088 1753 2142 1791 qui

1173 1793 1273 1822 credit
1295 1794 1327 1821 ιή
1350 1793 1480 1831 Filium,
1503 1793 1593 1822 habet
1615 1794 1707 1822 vitam
1730 1797 1892 1823 aeternam.

1260 1834 1406 1877 Utraque
1427 1845 1492 1866 vox
1509 1835 1643 1877 propria
1665 1835 1834 1878 Evangelii
1858 1843 1926 1874 est,
1960 1836 2048 1878 quod
2070 1846 2140 1868 cre·

1174 1878 1289 1909 dentes
1312 1878 1454 1909 habeant
1476 1879 1576 1910 vitam
1593 1885 1783 1917 aeternam,
1817 1886 1848 1910 et
1871 1879 1959 1920 quod
1981 1888 2046 1910 non
2071 1889 2140 1910 cre-

1174 1921 1289 1951 dentes
1313 1928 1463 1952 maneant
1487 1922 1518 1952 in
1542 1928 1680 1962 peccato
1708 1929 1740 1952 et
1763 1927 1876 1953 morte.
1924 1921 2048 1963 Estque
2071 1920 2139 1953 dul-

1172 1964 1220 1995 cis
1244 1962 1428 1994 consolatio
1452 1965 1549 2001 scire,
1573 1964 1660 2005 quod
1683 1965 1869 1995 mandatum
1888 1964 1950 1995 Dei
1973 1965 2015 1996 sit
2037 1970 2139 1996 aeter—

1171 2016 1246 2036 num
1270 2012 1301 2037 et
1323 2007 1501 2044 immotum,
1522 2013 1556 2037 ut
1580 2007 1753 2038 credamus
1777 2008 1808 2038 in
1832 2006 1958 2037 filium.
1992 2005 2139 2048 Cumque

1170 2049 1211 2079 sit
1235 2058 1393 2079 summum
1417 2055 1602 2090 peccatum,
1626 2059 1692 2080 non
1716 2050 1854 2081 credere
1873 2051 1904 2080 in
1927 2048 2061 2087 Filium,
2084 2050 2138 2081 de·

1170 2092 1283 2122 bemus
1317 2093 1504 2123 exuscitare
1539 2091 1654 2128 fidem3
1688 2099 1719 2124 et
1754 2102 1949 2134 quamquam
1978 2091 2137 2123 habemus

1169 2133 1234 2165 alia
1257 2140 1404 2175 peccata,
1425 2140 1534 2165 tamen
1558 2144 1622 2165 non
1647 2135 1804 2166 debemus
1833 2135 1955 2165 addere
1977 2134 2041 2166 hoc
2064 2144 2138 2176 peo-

1169 2183 1290 2214 catum,
1314 2185 1348 2208 ut
1371 2187 1437 2208 non
1461 2177 1634 2208 credamus
1657 2178 1689 2208 in
1711 2177 1837 2209 Filium.

1254 2219 1327 2250 Hoc
1350 2226 1486 2260 peccato
1509 2226 1680 2257 manente,
1708 2225 1838 2250 manent
1869 2219 1977 2250 omnia
2005 2225 2134 2251 caetera

1168 2268 1306 2303 peccata
1335 2263 1531 2293 damnantia.
1598 2262 1759 2293 Aristides
1793 2271 1858 2292 non
1886 2269 1937 2293 est
1960 2261 2133 2300 homicida,

1170 2314 1234 2335 non
1258 2305 1425 2343 moechus,
1449 2315 1513 2336 non
1538 2303 1598 2336 fur.
1622 2304 1740 2335 Habuit
1753 2311 1858 2335 tamen
1881 2305 2034 2335 interiora
2057 2314 2133 2345 pec—

1170 2352 1253 2384 cata,
1287 2349 1524 2387 ignorationem
1552 2348 1620 2378 veri
1655 2347 1731 2383 Dei3
1766 2345 1822 2377 suit
1855 2356 1981 2378 vacuus
2009 2347 2133 2378 timorls

1168 2389 1244 2428 Dei,
1267 2397 1298 2421 et
1314 2391 1386 2432 ipse
1409 2391 1500 2428 dixit,
1522 2391 1610 2431 quod
1632 2390 1663 2420 in
1686 2389 1814 2431 magnis
1844 2390 1944 2420 rebus
1966 2390 2133 2430 praestite-

1169 2433 1210 2463 rit
1227 2433 1392 2470 iustitiam,
1414 2434 1447 2464 in
1469 2433 1581 2473 parvis
1604 2442 1669 2462 non
1693 2441 1833 2473 semper.
1861 2430 1910 2462 lta
1932 2431 2132 2464 Nicodemun

1168 2472 1227 2506 fuit
1249 2477 1299 2507 vir
1320 2475 1491 2509 honestus,
1514 2475 1573 2505 sed
1595 2480 1670 2505 ante
1692 2474 1972 2516 regenerationem
1990 2475 2133 2507 nondum

1167 2518 1265 2549 habet
1288 2517 1395 2550 lucem
1419 2518 1459 2548 de
1482 2516 1580 2554 Filio,
1612 2527 1709 2558 quam
1732 2517 1874 2548 debebat
1896 2515 2026 2549 habere.
2070 2517 2132 2548 Ta-

150 2565 209 2586 seu
231 2561 334 2587 totum
357 2567 462 2598 genus
485 2556 676 2595 humanum,
707 2559 790 2589 sicut
813 2557 934 2590 Paulus
957 2560 1052 2598 dicit,
1080 2565 1116 2590 nt
1166 2559 1217 2592 les
1239 2559 1492 2602 profundissime
1515 2559 1614 2590 mersi
1637 2557 1768 2590 fuerunt
1790 2560 1821 2590 in
1844 2566 1992 2601 peccata.

149 2597 326 2628 obtin-uetur
354 2610 438 2629 omne
460 2611 511 2634 os,
545 2604 574 2630 et
603 2611 672 2630 reue
693 2602 734 2630 sit
757 2604 840 2630 totus
861 2601 989 2632 mundun
1011 2612 1114 2632 coram

1251 2602 1386 2640 Contra,
1420 2602 1594 2633 manasses
1618 2602 1754 2634 obrutus
1777 2607 1828 2634 est
1849 2602 1997 2634 maximis
2026 2601 2132 2635 scele-
