2324 2958
777 134 791 148 Ο

60 197 125 231 537
739 188 953 223 POSTILLA
984 186 1259 220 MELANTHON
1263 186 1337 218 lAN
1341 186 1366 217 Α
1373 209 1381 217 .
1991 184 2055 217 538

1085 285 1199 313 autem.
1227 280 1376 311 doctrina
1410 280 1527 310 tradita
1562 280 1593 310 in
1627 279 1720 310 libris
1755 277 1993 320 Prophetarum
2023 286 2055 311 et

1085 322 1322 364 Apostolorum
1346 322 1439 359 disci,
1461 323 1532 354 sine
1550 321 1718 363 multiplici
1741 322 1931 353 eruditione.
1969 321 2054 353 Con-

66 371 136 412 Ad
202 369 284 410 uod
324 374 583 422 praeceptum
621 363 795 419 pertinet
833 364 933 403 haec
971 377 1033 402 re·
1086 373 1137 398 tra
1177 375 1352 397 aerumnas
1393 371 1500 396 autem
1541 375 1746 405 opponamus
1783 364 2055 403 consolationem,

170 384 202 440 .q
1086 419 1170 451 quae
1193 415 1245 440 est
1268 408 1378 439 addita
1390 408 1561 438 mandato:
1589 409 1724 439 Caetera
1747 409 1939 440 attractentur
1961 409 2055 440 vobis.

65 447 169 502 gula,
200 445 253 486 ad
284 459 406 498 quam
437 443 549 484 velut
585 441 638 481 ad
670 454 837 495 scopmn
875 453 1034 479 accom·
1086 452 1313 492 Adiungamus
1346 451 1442 481 etiam
1475 448 1557 481 alias
1592 449 1851 488 consolationes,
1881 460 1965 492 quae
1987 449 2056 492 plu-

1087 496 1187 526 rimae
1209 500 1283 525 sunt
1308 494 1339 524 in
1370 499 1440 523 tota
1464 492 1653 533 Scriptura,
1686 493 1770 523 inter
1803 504 1884 534 quas
1907 493 1991 525 haec
2014 494 2057 524 sit

240 521 442 561 mOdanda
479 525 541 558 eSt
577 518 627 558 iSt‘
658 532 680 558 a
712 516 858 557 leeti0³
1059 522 1185 568 ¹infixa
1221 536 1359 574 animis,
1401 545 1485 577 quae
1519 535 1603 576 apud
1638 534 1770 566 Esaiam
1804 542 1914 567 extat:
1960 536 2060 568 Posui

1059 560 1063 626 Ι
1087 581 1182 611 rerba
1194 589 1264 612 mea
1276 580 1310 610 in
1333 588 1389 611 ore
1411 583 1472 618 tuo,
1496 583 1527 610 et
1537 580 1673 610 dextera
1692 588 1762 609 mea
1780 583 1948 618 protegam
1963 584 2001 618 te,
2024 583 2059 610 ut

130 631 271 661 Primum
294 631 438 668 quaerite
458 636 589 666 regnum
612 627 682 665 Dei,
710 629 742 657 et
762 628 869 656 omniu
891 625 970 655 adii-
1083 626 1212 663 plantes
1233 624 1344 654 coelos.

420 674 545 701 cientur
571 668 676 700 vobis?
1173 664 1255 696 Vult
1277 665 1413 705 primum
1436 674 1512 695 esse
1535 663 1759 701 ministerium,
1789 664 1910 701 studia,
1938 664 2057 695 doctri-

1088 718 1173 738 nam.
1242 707 1363 739 Postea
1397 707 1496 738 dicit:
1541 709 1687 738 Dextera
1720 716 1792 737 mea
1819 712 1986 746 proteyarra
2019 712 2058 743 te.

1088 751 1215 781 etiamsi
1254 757 1350 781 ruant
1389 749 1545 790 Imperia,
1583 749 1669 780 sicut
1702 749 1837 785 videtiS,
1879 755 1910 780 et
1949 750 2059 791 magni

1088 799 1195 823 motus
1218 793 1421 834 impendent:
1456 798 1563 823 tamen
1598 792 1630 822 in
1653 791 1762 823 saevis
1796 790 1860 822 illis
1885 797 2059 833 tempesta-

1088 836 1175 867 tibus
1198 836 1343 867 servabit
1365 835 1457 867 Deus
1480 833 1678 872 Ecclesiam,
1710 840 1741 865 et
1763 840 1879 866 coetus
1899 834 2058 866 docentes

1088 884 1119 909 et
1143 879 1316 910 discentes.

1175 921 1366 963 Cogitemus
1390 926 1423 952 et
1444 919 1531 951 hanc
1555 919 1836 958 consolationem,
1867 930 1951 962 qaae
1975 920 2061 952 simi-

1088 962 1161 994 liter
1195 971 1243 995 est
1269 965 1356 1005 apud
1383 963 1534 994 Esaiam:
1569 964 1636 1002 Eyo
1665 964 1795 1002 qestabo
1818 972 1886 1000 ros,
1917 964 2061 1004 portabo,

1087 1008 1215 1038 salvabo
1248 1011 1346 1038 ettam
1379 1009 1413 1038 in
1445 1010 1585 1038 senecta.
1641 1005 1731 1036 Haec
1765 1005 1944 1036 novissima
1968 1012 2060 1037 aetas

1090 1055 1140 1080 est
1162 1050 1354 1087 miserrima,
1377 1047 1492 1087 delira,
1521 1047 1656 1080 multum
1679 1047 1778 1079 habet
1801 1048 2061 1080 tristissimarum

67 1108 124 1129 ero
156 1099 273 1135 miser,
307 1103 523 1139 contemptus,
559 1095 786 1132 conculcatus,
819 1095 904 1125 sicut
939 1102 1037 1134 expe·
1090 1091 1334 1123 confusionum:
1369 1102 1434 1122 non
1458 1099 1534 1122 sunt
1557 1097 1620 1122 tam
1643 1097 1852 1132 praestantes
1877 1092 1948 1130 viri,
1982 1102 2061 1133 qua-

66 1141 166 1172 timur
188 1140 269 1171 fieri,
1088 1133 1138 1165 les
1161 1133 1292 1166 fuerunt
1316 1143 1462 1176 tempore
1484 1133 1641 1172 Dat-ulis,
1671 1133 1724 1165 vel
1748 1134 1917 1165 Abrahae.
1963 1134 2061 1166 Vixe-

151 756 203 788 Ad
236 756 372 798 primum
405 761 639 796 praeceptum3
681 753 756 794 quia
796 752 955 794 praecipit
995 752 1036 782 de

152 1183 234 1214 Huic
254 1189 447 1224 argumento
465 1182 641 1222 respondet
664 1179 830 1211 Christus:
854 1182 967 1211 Omnia
985 1188 1037 1210 cu-
1090 1183 1165 1208 runt
1199 1183 1278 1209 tunc
1311 1176 1414 1218 {simul
1457 1177 1733 1218 praestantissimi
1768 1178 1837 1216 riri,
1881 1177 2061 1216 Abraham,

67 800 225 832 discenda
257 799 425 840 agnitione
458 797 540 834 Dei,
575 797 616 828 de
649 796 863 838 agnoscendo
887 794 972 832 Deo,
995 794 1036 824 de

68 842 225 874 discenda
246 839 302 872 illa
325 841 493 878 doctrina,
527 841 559 871 in
593 850 657 881 qua
687 849 724 870 se
748 837 842 870 Deus
870 836 1034 879 patefecit,

67 892 99 917 et
121 885 196 917 huic
227 889 405 925 praecepto
437 883 549 914 addita
582 889 632 913 est
656 880 841 913 consolatio
876 878 930 911 vel
961 890 1036 920 pro-

65 928 179 960 missio
212 927 416 967 respondens
451 932 656 967 argumente,
692 934 752 956 seu
775 923 966 955 obiectioni:
1000 922 1035 953 Si

27 975 48 981 ³
65 970 202 1007 discam,
224 969 356 1001 habebo
375 969 637 1011 persecutiones,
661 967 800 998 incidam
824 967 855 997 in
878 963 1037 1006 pericula,

59 1023 131 1045 ⁴uon
153 1012 283 1044 habebo
308 1013 438 1043 victum.
495 1011 529 1043 Si
558 1012 682 1042 discam
711 1010 894 1040 doctrinam
922 1006 1037 1039 Eccle-

64 1056 147 1093 siae,
170 1056 297 1086 veniam
327 1056 358 1085 in
394 1060 614 1095 contemptum
650 1058 683 1084 et
711 1053 819 1083 odium
848 1056 1036 1092 potentum3

65 1227 182 1257 rnulate
203 1227 394 1256 adlicientur
415 1225 509 1256 vobis.
543 1230 574 1254 et
598 1231 647 1254 est
672 1221 838 1263 emphasis
866 1222 896 1252 in
921 1222 1038 1259 verbo,
1090 1220 1178 1259 Sem,
1202 1220 1306 1252 lsaac.
1347 1221 1492 1251 Fuerunt
1514 1219 1636 1251 lumina
1659 1221 1790 1261 generis
1813 1219 1954 1251 humani.
1996 1220 2061 1252 lam

64 1269 265 1307 adimantur,
293 1277 379 1308 quae
402 1266 584 1298 illustratur
612 1276 671 1307 per
694 1264 749 1296 illa
772 1266 872 1296 dicta:
906 1266 1040 1296 Timenli
1089 1273 1155 1294 non
1179 1271 1255 1294 sunt
1279 1262 1362 1294 tales
1386 1263 1460 1294 viri:
1495 1269 1526 1294 et
1560 1268 1667 1295 tamen
1701 1261 1748 1293 illi
1783 1264 1878 1294 etiam
1912 1274 1976 1295 nou
2005 1273 2060 1304 po-

63 1312 234 1342 Dominum
258 1320 322 1341 nou
347 1311 453 1342 deerit
478 1312 574 1341 ullum
597 1311 718 1340 bonum.
760 1310 852 1340 item:
882 1309 951 1339 Non
974 1309 1039 1338 cidi

65 1356 184 1384 iustum
205 1353 402 1384 derelictum.
438 1353 532 1383 ltenn:
551 1354 621 1384 Non
641 1353 761 1390 permit
781 1354 890 1382 anima
908 1353 984 1381 iusti
1005 1353 1038 1381 z'n

61 1398 160 1435 fame.
194 1394 234 1426 Et
252 1394 405 1426 Christus
425 1395 520 1426 etiam
539 1394 602 1425 hoc
616 1395 687 1434 ipso
700 1391 848 1433 exemplo
865 1398 1037 1429 monstrat,

64 1438 154 1479 quod
178 1447 253 1474 eos,
286 1438 341 1478 qui
364 1438 559 1468 comitantur
583 1438 686 1476 ipsum
711 1438 742 1467 in
766 1437 950 1472 desertum,
984 1435 1037 1476 qui

64 1480 96 1511 in
109 1480 257 1511 miserias
271 1480 403 1510 veniunt
422 1486 454 1511 et
472 1480 504 1510 in
522 1488 709 1516 aerumnas,
733 1476 903 1519 Evangelii
924 1487 1036 1515 causa,

65 1521 142 1553 velit
165 1532 316 1563 pascere,
340 1521 533 1559 defendere,
561 1522 722 1563 praebere
749 1520 899 1557 nidulos,
927 1527 958 1551 et
981 1519 1038 1551 ho-

63 1565 174 1606 spitia,
198 1563 372 1605 tuguriola,
397 1570 509 1606 tegere
522 1564 672 1606 hospitia,
696 1571 727 1595 et
747 1563 889 1601 casulas,
912 1563 1037 1594 etiamsi

64 1616 130 1637 non
143 1612 266 1638 tantum
280 1607 344 1637 vini
358 1606 543 1644 exhaurias,
563 1614 719 1648 quantum
732 1606 905 1644 Antonius,
929 1616 1037 1648 neque

64 1649 163 1690 Apitii
187 1648 324 1680 delicias
347 1648 483 1680 habeas.

150 1691 240 1722 Haec
263 1692 359 1723 debet
382 1702 458 1722 esse
483 1691 666 1723 consolatio
690 1699 813 1722 vestra.
850 1691 907 1722 Sic
929 1693 1034 1732 magis

65 1735 213 1765 amabitis
236 1735 360 1765 studia:
383 1735 457 1765 Non
481 1734 675 1776 frangamini
699 1735 826 1772 animis,
851 1744 915 1764 non
940 1733 1035 1765 relin-

65 1777 172 1818 quatis
205 1787 245 1808 ea
277 1784 411 1818 propter
434 1783 673 1819 contemptum,
709 1786 900 1815 aerumnas,
935 1782 966 1807 et
989 1777 1034 1808 in—

65 1820 254 1851 commoda.
299 1829 383 1860 quae
417 1820 621 1851 comitantur.
687 1820 760 1850 Non
804 1826 926 1850 tantum
960 1831 1033 1861 pre-

65 1863 181 1893 mimur
203 1863 287 1893 odiis
311 1869 489 1902 potentum,
527 1873 591 1893 non
620 1870 743 1894 tantum
766 1873 879 1893 scmus
902 1864 933 1893 in
958 1873 1034 1894 con-

65 1911 199 1945 temptu,
222 1905 281 1935 sed
305 1906 387 1936 inter
410 1915 446 1935 se
471 1905 531 1946 ipsi
561 1906 715 1936 doctores
744 1912 849 1936 motus
879 1906 1034 1937 excitant.
1173 1903 1207 1933 ln
1248 1904 1460 1944 praecedenti
1502 1903 1644 1935 Historia
1691 1905 1785 1935 etiam
1827 1907 2057 1937 observandus

151 1947 288 1985 Videtis,
313 1955 454 1989 quantae
476 1955 688 1989 tempestates·
712 1950 860 1979 cit-antur
890 1947 942 1978 illu
963 1959 1035 1989 per-
1087 1953 1137 1977 est
1162 1944 1257 1977 locus
1287 1948 1327 1977 de
1355 1947 1507 1987 praemiis
1537 1946 1760 1981 liberalitatis,
1797 1948 1848 1979 vel
1879 1947 2057 1991 eleemos-x-

66 1992 220 2022 versitate
241 1991 460 2032 ingeniorum,
497 2001 580 2031 quae
603 1989 722 2022 multos
758 1992 934 2022 deterrent.
982 1991 1034 2022 Vi-
1087 2000 1211 2020 narum.
1273 1989 1480 2021 Vocabulum
1514 1992 1745 2030 Eleemosyna,
1787 2001 1836 2022 est
1871 2002 1910 2023 ex
1946 1993 2055 2032 phrasi

65 2033 148 2064 detis
172 2034 267 2064 etiam
291 2033 540 2073 sapientissimis
561 2033 743 2065 hominihus
766 2035 921 2065 usitatum
945 2044 1034 2071 esse,
1088 2031 1249 2063 Hebraica
1285 2040 1471 2073 sumptum:
1518 2033 1682 2075 significat
1717 2034 1837 2065 donum
1872 2036 1980 2065 «iatum
2017 2047 2055 2066 cx

65 2082 98 2107 ut
120 2074 243 2107 liberos
274 2086 354 2107 snos
390 2083 576 2107 removeant
601 2087 619 2107 a
642 2078 767 2108 studiis.
821 2076 945 2117 Copus,
979 2078 1032 2118 qui
1058 2081 1062 2144 1
1086 2075 1205 2115 pietate
1227 2082 1361 2116 propter
1385 2075 1508 2113 Deum,
1542 2075 1595 2106 vel
1623 2087 1662 2106 ex
1693 2077 1924 2108 misericordia.
1979 2079 2056 2109 (icr-

64 2125 115 2149 est
156 2120 359 2159 gubernator
399 2118 607 2159 imperatoris
648 2120 677 2149 in
712 2120 888 2160 Hispania,
931 2121 1030 2151 crevit
1087 2119 1170 2148 mani
1195 2120 1290 2149 etiam
1316 2126 1436 2150 vocant
1461 2120 1617 2150 Almosen.

65 2160 137 2192 sola
170 2162 453 2192 commendatione
482 2160 667 2199 literarum,
707 2162 764 2193 suit
801 2163 932 2193 scriba:
968 2174 1033 2193 non
1058 2146 1062 2210 l
1174 2160 1363 2192 Retinemus
1386 2163 1448 2192 ista
1478 2161 1658 2199 vocabula,
1693 2164 1767 2203 quia
1798 2164 1969 2203 antiquitus
1997 2164 2056 2194 ih·-

65 2202 166 2235 voluit
189 2212 296 2235 tamen
322 2203 406 2235 tilios
429 2214 510 2234 suos
539 2203 693 2235 adhibere
719 2206 759 2236 ad
789 2204 925 2236 litteras.
971 2205 1032 2236 Ca·
1059 2214 1061 2238 ι
1086 2203 1199 2234 braica
1223 2212 1273 2235 est
1298 2203 1452 2245 religiose
1475 2203 1593 2236 locuta.
1629 2204 1814 2235 Nominaxit
1839 2217 1936 2246 opera
1963 2208 2056 2237 mise-

65 2245 156 2277 rolus
182 2246 305 2278 Ruinns
330 2247 378 2277 xir
401 2247 612 2277 doctissimus
643 2247 673 2277 in
698 2247 788 2278 ltalia
813 2247 1032 2289 iurisperitus,
1058 2248 1061 2288 f
1087 2247 1264 2285 ri'cnrdiae,
1300 2253 1331 2278 et
1365 2248 1454 2279 faeta
1492 2257 1532 2278 ex
1568 2248 1809 2278 misericordia.
1844 2251 1921 2280 dass
1948 2254 2056 2280 'vinem

64 2287 186 2320 nullum
223 2289 321 2320 lilium
352 2289 453 2320 voluit
481 2288 635 2320 adhibere
669 2291 710 2320 ad
740 2289 879 2322 litteras:
914 2290 1032 2322 solitus
1058 2291 1255 2322 :menschen
1290 2292 1347 2321 des
1375 2292 1501 2322 andern
1539 2292 1691 2322 herlzliclt
1725 2292 1885 2322 eram-met
1925 2295 1956 2322 in
1997 2294 2057 2323 der

65 2339 116 2363 est
143 2332 274 2363 dicere:
310 2335 396 2371 Nolo,
431 2337 465 2363 ut
491 2333 578 2370 filius
600 2342 689 2364 meu-5
708 2336 801 2373 serat
820 2335 966 2365 asininos
987 2337 1033 2366 Ia·
1058 2326 1061 2368 Ι
1085 2334 1168 2364 nolle.
1211 2332 1438 2364 Misericordia
1462 2339 1512 2363 est
1536 2334 1648 2370 virtus,
1673 2344 1756 2374 qnae
1779 2332 1912 2364 asticitm
1943 2334 2056 2365 dolore

63 2375 167 2412 bores,
189 2378 273 2406 sicut
293 2385 352 2413 eqo
375 2377 449 2406 tuli:
472 2382 500 2405 et
527 2382 640 2415 postea
662 2381 768 2406 tamen
792 2387 876 2407 unus
899 2387 938 2407 ex
963 2377 1032 2408 cius
1086 2383 1218 2416 propter
1252 2375 1392 2416 aliquam
1426 2377 1578 2407 iniustam
1608 2375 1835 2408 calamitatem.
1869 2384 1899 2406 et
1934 2378 2056 2418 mitigat

65 2415 139 2447 filiis
177 2425 311 2458 propter
351 2418 572 2458 suspicionem
613 2416 788 2456 adulterii,
834 2430 853 2449 a
891 2421 1033 2461 quodam
1086 2417 1174 2449 illam
1199 2417 1430 2456 calamitatem,
1466 2425 1619 2459 quantum
1654 2426 1773 2458 potest.
1809 2420 1902 2450 etiam
1924 2420 2055 2451 calami-

66 2457 146 2490 ltalo
168 2459 358 2492 interfectus
383 2468 443 2491 est.
1086 2467 1186 2492 tatem
1215 2462 1351 2499 iustam,
1386 2468 1493 2492 tamen
1524 2472 1589 2491 non
1625 2462 1797 2491 exacerbat
1870 2463 2053 2494 tien-odom.-

152 2502 288 2534 Possem
312 2502 412 2534 multa
435 2501 499 2534 alia
523 2502 673 2544 exempla
699 2504 848 2541 recitare,
871 2505 929 2536 sed
954 2516 1033 2546 quo·
1087 2503 1180 2541 dicit,
1215 2505 1302 2545 quod
1337 2514 1462 2544 poenae
1486 2504 1578 2534 nimis
1603 2514 1724 2534 snex-'tc
1747 2504 1910 2536 ‹dlendaut
1937 2506 2053 2537 Deum.

66 2544 294 2586 modocunque
330 2547 392 2576 ista
432 2547 512 2577 sint:
565 2546 634 2576 Nos
671 2547 825 2578 debemus
867 2557 1033 2588 opponere
1086 2545 1191 2577 Homo
1226 2547 1322 2577 debet
1356 2547 1543 2578 meminisse
1578 2556 1613 2576 se
1649 2558 1723 2575 csso
1759 2547 1931 2586 hominem,
1965 2556 1995 2579 et
2019 2561 2055 2579 sc

65 2595 290 2628 argumentum
326 2590 508 2629 potentius,⁴
551 2587 701 2619 videlicet
736 2590 921 2620 mandatum
955 2591 1034 2621 ‹livi-
1059 2592 1063 2623 1
1087 2600 1218 2630 quoque
1242 2589 1385 2620 incidere
1419 2599 1521 2628 posse
1555 2589 1584 2618 in
1611 2590 1782 2623 miseriam.
1819 2592 1872 2622 ubi
1907 2603 1989 2632 opus
2014 2594 2055 2623 sit

64 2639 157 2665 num;
181 2636 213 2661 ut
238 2631 402 2662 discamus
427 2632 607 2662 doctrinam
638 2632 678 2662 de
700 2631 784 2662 Deo.
828 2632 901 2664 Non
925 2639 1034 2673 potest
1060 2628 1063 2652 Ἴ
1087 2633 1322 2664 misericordia.
1369 2631 1489 2663 Graeci
1512 2633 1715 2663 nominarunt
1742 2634 1853 2672 ἔρανος,
1883 2635 1968 2675 qnod
1994 2645 2052 2665 nos

1090 1313 1219 1338 tuerunt
1244 1307 1352 1338 omnia
1375 1305 1463 1337 mala
1487 1306 1597 1337 mundi
1625 1306 1792 1347 impedire.
1838 1305 1873 1336 ln
1897 1306 2061 1344 Sodomis,

1090 1350 1144 1380 ubi
1167 1349 1225 1380 iuit
1250 1348 1429 1380 Paradisus
1453 1349 1543 1380 orbis
1566 1354 1745 1386 terrarum,
1777 1347 1905 1380 fuerunt
1928 1350 1959 1379 in
1984 1359 2060 1380 con·

1090 1398 1205 1432 spectu
1246 1391 1377 1423 illorum
1417 1392 1560 1423 virorum
1601 1392 1786 1422 teterrimae
1825 1392 2058 1433 turpitudines:

1090 1436 1154 1465 imo
1188 1433 1357 1466 horribilia
1386 1440 1538 1476 portenta
1567 1433 1747 1465 libidinum.
1805 1433 1870 1465 lam
1905 1441 2058 1476 premunt

1090 1487 1152 1508 nos
1175 1477 1272 1508 etiam
1295 1485 1430 1508 nostrae
1464 1477 1624 1508 miseriae.
1680 1477 1828 1508 iuniores
1856 1487 1921 1508 non
1944 1476 2060 1509 intelli—

1091 1526 1183 1561 gunt,
1207 1526 1348 1560 quantus
1371 1521 1415 1551 sit
1438 1518 1534 1550 dolor
1557 1530 1684 1557 eorum,
1714 1520 1768 1561 qui
1792 1518 1904 1552 dolent
1926 1527 2060 1561 propter

1091 1562 1303 1593 confusiones
1326 1563 1560 1594 doctrinarum.
1606 1562 1697 1593 Sicut
1720 1563 1820 1603 inquit
1843 1569 1967 1594 textus:
1998 1565 2059 1595 Do-

1088 1608 1174 1637 lores
1195 1609 1443 1645 parturientium
1467 1609 1593 1637 venient
1613 1606 1666 1637 ei:
1692 1612 1723 1636 et
1747 1612 1837 1637 certe
1860 1606 2059 1638 sustinemus

1089 1647 1214 1679 similes
1239 1646 1372 1679 dolores
1395 1649 1649 1689 parturientium.

1171 1799 1176 1804 ¹
1215 1813 1283 1852 De
1315 1813 1550 1867 praemiis
1590 1813 1930 1855 liberalitatis.
