2324 2958
163 179 228 212 815
797 175 908 209 PfflL‘.
928 175 1034 209 ‘Ml-21..
1057 174 1243 209 SCRIPTA
1266 173 1528 208 EXEGEthA.
2093 176 2157 211 816

163 271 333 306 teser-enda
365 269 429 303 illis
462 270 702 307 effectionibus,
736 269 834 301 etiam
868 279 953 310 quae
980 269 1013 299 in
1035 267 1132 299 nobis

162 316 244 348 fiunt
276 315 319 346 ab
353 314 425 355 ipso
448 313 533 345 Deo.
598 312 697 344 Fides
720 317 835 343 nostra
857 311 955 343 debet
978 311 1034 342 niti
1058 310 1134 340 obe—

163 358 284 390 dientia
306 355 439 394 Christi,
461 357 525 388 etsi
547 353 644 387 simul
667 354 702 386 fit
726 353 914 391 vivificatio,
937 359 969 384 et
989 363 1062 383 cum
1084 362 1133 382 re-

162 401 320 433 missione
353 404 563 440 peccatorum
586 397 758 429 verissime
785 397 961 428 coniuncta
984 400 1036 426 est
1059 393 1133 425 effe-

164 444 241 481 ctio,
266 453 331 484 qua
352 441 450 473 homo
475 440 510 472 fit
532 439 686 482 templum
709 439 783 471 Dei.

248 483 402 516 Christus
424 485 478 516 hic
502 483 670 525 coniungit
691 481 880 523 passionem
900 486 932 512 et
949 479 1133 511 sessionem

162 528 204 560 ad
226 527 374 559 dextram
398 527 517 564 Patris,
541 536 614 557 cum
638 525 679 556 de
702 525 841 555 transitu
863 533 925 554 suo
947 522 989 552 ad
1003 521 1134 552 Patrem

162 570 315 612 loquitur.
381 570 448 601 Sed
481 568 645 610 quod-1de
667 568 797 608 integro
827 565 986 597 beneficio
1010 562 1134 594 Christi

163 614 291 651 dicitur,
323 613 356 644 id
389 619 510 650 tamen,
528 611 707 642 secundum
729 608 793 640 alia
823 608 1015 648 scripturae
1036 606 1136 643 dicta,

163 656 260 698 qnasi
288 656 358 687 suis
387 655 582 696 quibusdam
612 653 770 695 gradibus
794 650 1048 682 discernendum
1073 655 1136 679 est.

162 699 233 730 Nos
257 708 372 730 sumus
395 698 483 735 iusti,
505 703 639 738 propter
656 695 821 726 Christum
844 698 1069 723 transeuntem
1093 691 1135 721 ad

162 742 309 774 Patrem:
332 741 365 772 id
389 746 452 778 est,
475 740 650 781 patientem
673 748 713 769 ac
732 737 922 767 morientem
945 744 1005 775 pro
1028 734 1136 771 nobis,

163 790 196 816 et
216 788 374 826 perpetuo
397 794 460 815 suo
483 781 671 814 sacerdotio
689 779 956 815 intercedentem,
978 783 1010 808 et
1031 777 1065 807 in
1088 786 1136 807 re-

1271 268 1365 301 Hanc
1399 269 1553 300 iustitiam
1587 267 1737 300 homines
1769 268 1970 312 intelligunt3
2004 276 2047 308 et,
2080 272 2158 312 quta

1184 321 1339 352 magnum
1361 312 1463 343 decus
1486 317 1539 343 est
1561 321 1672 342 coram
1695 311 1903 350 hominibus,
1935 318 2049 353 putant
2073 313 2156 345 satis

1185 363 1262 385 esse
1284 352 1407 385 habere
1431 352 1529 386 talem
1552 354 1715 385 iustitiam.
1771 354 1839 386 Sed
1862 353 2080 395 Evangelium
2103 366 2157 387 ex-

1183 406 1301 437 presse
1324 397 1400 428 dicit
1433 395 1496 428 alia
1519 396 1642 428 iustitia
1665 407 1748 437 opus
1777 407 1862 428 esse.
1927 397 2015 429 Dicit
2039 398 2069 428 in
2093 397 2158 429 sal-

1184 439 1302 470 vandis
1321 446 1475 480 oportere
1499 449 1574 470 esse
1601 439 1788 480 imputatam
1811 440 1977 478 iustitiam,
2007 450 2071 483 qua
2093 440 2158 473 fide

1184 491 1298 512 sumus
1321 482 1448 523 accepti
1471 481 1562 519 Deo,
1595 487 1627 513 et
1651 482 1810 513 habemus
1832 483 2059 514 remissionem
2081 492 2157 523 pec-

1186 530 1345 555 catorum.
1369 524 1461 556 Sicut
1484 525 1617 556 dicitur:
1640 524 1736 555 Beate·
1757 534 1890 565 quorum
1912 527 2064 556 rmm'ssae
2085 529 2159 557 sum

1185 567 1380 607 iniquitates.
1410 566 1532 599 Posteo
1556 577 1618 599 suo
1642 567 1756 598 ordine
1780 568 1857 599 dicit
1880 574 2034 608 oportere
2055 568 2158 600 inno-

1187 609 1237 640 bis
1261 618 1338 640 esse
1359 610 1448 641 initia
1470 610 1612 642 iustitiae
1635 615 1668 641 et
1690 610 1776 640 vitae
1800 616 1966 649 aeternae,
1999 620 2083 652 quae
2105 620 2158 642 ao-

1187 652 1308 683 cendat
1330 652 1361 682 in
1386 653 1481 683 nobis
1506 651 1607 684 Filius
1630 651 1692 683 Dei
1712 653 1834 693 Spiritu
1859 659 1994 690 sancto,
2025 659 2057 684 et
2081 663 2159 685 con·

1187 701 1410 726 summaturus
1433 695 1476 726 sit
1499 695 1531 726 in
1554 702 1622 726 tota
1645 697 1850 726 aeternitate.
1885 695 1976 726 Haec
1993 705 2059 726 non
2083 702 2159 727 sunt

1187 736 1245 767 illa
1268 738 1391 768 misera
1413 737 1585 779 disciplina
1609 744 1762 775 externa,
1797 748 1894 779 quam
1928 737 2078 770 homines
2102 749 2159 769 vo-

1188 786 1264 811 cant
1287 780 1453 817 iustitiam,
1489 786 1520 811 et
1555 787 1673 812 ornant
1707 779 1802 811 salsis
1837 780 2023 822 praeconiis
2057 790 2158 822 supra

163 837 229 870 gno
253 836 315 858 suo
338 825 508 857 efficacem
530 826 562 855 in
587 823 808 855 credentibus.
832 819 932 851 Aliud
954 825 1062 850 tamen
1086 824 1138 850 est
1188 823 1331 859 modum,
1365 832 1438 854 cum
1473 823 1596 861 dicunt,
1630 832 1730 863 opera
1753 822 1946 864 disciplinae
1968 824 2086 855 mereri
2108 832 2156 855 re-

162 870 314 902 remissio
338 874 563 910 peccatorum,
586 872 618 897 et
640 862 862 896 reconciliatio
886 868 1020 903 propter
1043 862 1136 892 meri·
1158 872 1162 905 t
1188 865 1378 897 missionem
1400 871 1626 906 peccatorum,
1649 871 1681 897 et
1705 866 1803 897 vitam
1826 872 2004 897 genn-„auh

165 919 231 944 tum
265 912 431 953 passionis
465 911 553 948 eius,
582 914 615 939 et
636 907 906 939 intercessionem
934 915 995 946 pro
1023 905 1138 940 nobis;

164 954 255 987 aliud
277 960 328 986 est
352 952 502 985 efficacia
521 959 553 983 et
576 950 793 982 sanctificatio
817 949 932 979 nostri.
961 948 1054 979 Sicut
1077 957 1137 988 per

164 998 304 1030 eundem
327 995 441 1028 Solem
463 994 662 1026 illuminatur
685 993 824 1024 mundus
848 998 879 1022 et
893 989 1018 1028 calefit,
1037 996 1069 1021 et
1090 996 1137 1021 ta-

165 1050 241 1072 men
264 1039 354 1071 aliud
378 1047 428 1070 est
450 1037 653 1074 illuminatio,
675 1034 763 1066 aliud
787 1032 970 1065 calefactio.

250 1082 324 1114 Hoc
357 1082 532 1114 discrimen
566 1087 600 1111 ut
634 1078 831 1115 retineatur,
870 1075 1060 1117 simpliciter
1087 1075 1137 1105 sic

164 1125 252 1157 dico:
279 1124 402 1156 Christi
425 1125 495 1161 iter,
518 1132 578 1154 seu
602 1122 790 1158 transitum,
809 1126 842 1151 et
860 1120 988 1160 quidem
1012 1119 1054 1149 ad
1079 1117 1137 1148 Pa-

165 1174 246 1200 trem
270 1172 360 1206 (nam
390 1167 453 1198 hac
476 1163 637 1207 particula
671 1164 833 1195 Dominus
867 1163 938 1203 ipse
968 1160 1138 1192 constituit

165 1212 337 1243 terminum
366 1210 417 1241 sni
452 1210 623 1245 transitus,
651 1205 802 1237 videlicet
820 1205 1095 1236 resurrectionem
1118 1213 1137 1234 a

165 1261 280 1291 morte,
314 1252 543 1284 ascensionem
577 1251 619 1282 ad
653 1248 780 1286 coelos,
814 1254 846 1278 et
880 1247 1064 1278 sessionem
1096 1245 1138 1276 ad

165 1297 312 1328 dextram
335 1295 456 1332 l’atris)
480 1303 557 1325 esse
579 1293 733 1323 iustitiam
757 1296 919 1328 nostram,
943 1288 1071 1320 scilicet.
1094 1288 1139 1319 di-

165 1340 317 1370 stinctam
342 1343 433 1369 certo
458 1336 572 1367 ordine
595 1345 655 1366 seu
678 1334 859 1375 gradibus3
884 1333 1084 1373 imputatam,
1108 1335 1140 1361 et

165 1381 351 1413 inchoatam
374 1381 405 1411 in
429 1379 492 1410 hac
504 1379 582 1416 vita,
605 1383 637 1409 et
656 1381 916 1408 consummatam
940 1375 972 1405 in
996 1380 1065 1405 tota
1088 1383 1140 1404 ae-

165 1425 326 1456 ternitate.

249 1467 344 1498 Hanc
365 1465 566 1507 incognitam
590 1462 703 1505 generi
726 1460 869 1492 humano
881 1460 1035 1491 iustitiam
1048 1468 1141 1500 prae-

165 1510 251 1542 dicat
272 1508 500 1550 Evangelium,
524 1514 556 1538 et
579 1506 688 1548 arguit
710 1504 876 1541 mundum,
900 1503 985 1544 quod
1003 1511 1066 1533 non
1083 1511 1138 1533 no-

165 1554 209 1584 rit
240 1553 322 1584 hanc
352 1552 528 1588 iustitiam,
561 1548 701 1586 scilicet,
724 1547 812 1589 quod
836 1548 1042 1577 remittantur
1064 1555 1138 1585 pec-

165 1602 250 1634 cata,
280 1595 354 1637 quia
385 1593 439 1626 hic
474 1592 577 1624 Filius
606 1590 767 1623 satisfecit
791 1588 869 1631 legi,
902 1595 934 1620 et
957 1587 1063 1619 sactus
1088 1592 1139 1618 est

164 1639 296 1670 victima
319 1648 379 1679 pro
402 1637 514 1668 nobis:
537 1634 625 1673 ltem‚
650 1634 739 1675 quod
762 1632 815 1664 hic
830 1631 933 1663 Filius
955 1637 1083 1673 regnet,
1107 1635 1139 1661 et

166 1683 209 1713 sit
243 1680 372 1717 efficax,
408 1678 545 1721 colligat
577 1678 639 1709 sibi
674 1675 858 1708 Ecclesiam
886 1676 989 1706 misso
1014 1674 1139 1714 Spiritu

165 1730 294 1762 sancto,
317 1734 375 1765 per
397 1733 492 1764 quem
514 1720 666 1753 accendit
677 1729 797 1751 novam
809 1717 928 1756 lucem,
951 1724 983 1749 et
1006 1716 1140 1748 inchoat

165 1769 304 1799 virtutes
328 1771 359 1797 in
384 1767 491 1804 nobiS,
514 1774 598 1806 quae
622 1774 687 1794 non
711 1768 788 1793 sunt
812 1768 937 1793 tantum
967 1761 1071 1792 rectio
1094 1758 1139 1790 lo-

166 1811 362 1847 comotivae,
397 1809 428 1839 id
454 1814 516 1844 est,
551 1807 708 1849 cogitatio
733 1806 763 1835 in
789 1805 938 1841 cerebro,
974 1810 1005 1834 et
1029 1801 1140 1844 quale—

166 1863 296 1894 cunque
320 1851 417 1889 velle‚
438 1851 525 1892 quod
545 1851 681 1890 imperat
695 1849 816 1885 nervis,
841 1857 882 1878 ne
894 1852 1028 1877 externa
1042 1856 1140 1876 meni-
1164 1870 1167 1877 .

167 1897 226 1928 bra
249 1896 414 1931 occidant,
450 1904 490 1924 ne
526 1892 685 1930 surr-ntur,
720 1901 760 1922 ne
794 1891 956 1932 attingant
984 1887 1140 1924 alienam3

166 1939 227 1970 sed
259 1948 344 1980 quae
379 1939 443 1968 sint
479 1937 564 1967 intus
595 1936 626 1966 in
650 1936 723 1975 ipso
749 1934 850 1965 corde
874 1933 938 1964 viti
961 1938 1087 1969 motus,
1111 1937 1142 1962 et

167 1981 253 2024 quod
278 1981 360 2012 haec
386 1980 527 2016 novitas,
551 1988 748 2019 quamquam
772 1977 814 2007 sit
837 1975 993 2017 languida
1024 1975 1054 2005 in
1079 1974 1142 2004 hac

168 2026 247 2062 vita,
280 2030 387 2055 tamen
421 2023 463 2053 sit
498 2022 627 2052 tandem
662 2019 864 2061 perficienda
893 2024 966 2059 post
996 2027 1169 2048 resurre-·

168 2068 319 2100 ctionem.

252 2109 349 2141 Ratio
389 2107 530 2139 humana
574 2106 728 2138 iustitiam
776 2106 964 2145 imputatam
1003 2112 1141 2144 prorsus

167 2154 308 2196 ignorat,
333 2158 365 2183 et
388 2161 424 2182 re
446 2151 518 2192 ipsa
541 2151 573 2180 in
598 2159 663 2180 non
688 2148 897 2179 credentibus
921 2147 1041 2177 iustitia
1064 2144 1142 2176 nihil

168 2202 220 2228 est
253 2194 353 2233 aliud,
388 2205 483 2235 quem
518 2190 691 2233 disciplina
725 2191 756 2222 in
792 2191 936 2221 externis
971 2189 1142 2231 operibus:

168 2238 307 2275 Quando
338 2236 491 2268 videlicet
526 2236 625 2267 homo
650 2233 799 2276 prohibet
822 2240 960 2264 externa
984 2232 1142 2263 membra.
1168 2247 1169 2250 ¹

167 2292 209 2314 ne
231 2279 354 2313 violent
377 2279 496 2322 legem,
520 2285 566 2316 ut,
591 2288 664 2309 cum
677 2275 837 2314 Achilles,
860 2276 1010 2317 quamvis
1030 2275 1143 2311 iratus,
1168 2289 1169 2294 =

168 2331 277 2357 tamen
312 2323 445 2355 cohibet
474 2332 602 2359 manus,
636 2331 678 2352 ne
711 2321 874 2359 stringant
909 2317 1063 2359 gladium.
1088 2324 1141 2348 :tut
1168 2353 1169 2356 Ἴ

167 2368 316 2399 strictum
341 2372 501 2406 reponant
524 2366 553 2396 in
579 2365 739 2404 vaginam.
783 2360 895 2393 Talem
926 2360 1143 2401 disciplinam.

168 2411 201 2442 id
224 2417 287 2448 est,
310 2408 509 2452 diligentiam
533 2408 666 2449 regendi
691 2413 981 2441 externostnores,
1004 2409 1143 2444 possunt

170 2454 318 2484 homines
353 2460 519 2493 utcunque
554 2457 744 2491 praestare:
780 2455 809 2479 et
835 2449 865 2479 in
890 2448 955 2478 vita
980 2447 1140 2477 communi

170 2507 321 2538 magnum
346 2496 498 2535 quiddam
523 2501 585 2531 est,
604 2492 768 2524 hominem
793 2493 836 2522 ita
859 2501 933 2521 csse
958 2491 1039 2521 bene.
1054 2500 1142 2520 coni-

1188 1030 1381 1070 Habesne
1421 1029 1699 1070 testimonium
1737 1029 1900 1083 aliquod
1938 1029 2086 1070 illustre
2119 1030 2159 1070 in

1188 1107 1315 1147 veteri
1355 1107 1617 1147 Testamento
1656 1107 1707 1147 de
1750 1107 1912 1157 iustitia,
1953 1120 2056 1160 quae
2088 1121 2161 1161 pa-

1453 1184 1542 1223 tefit
1573 1183 1613 1223 in
1645 1182 1890 1237 Evangelio?

1277 1290 1488 1332 Respondeo.
1512 1289 1619 1322 Valde
1643 1290 1773 1332 insigne
1798 1297 1848 1322 est
1871 1288 1949 1322 illud
1973 1290 2060 1331 apud
2072 1289 2164 1322 Esai-

1191 1343 1259 1364 am:
1283 1333 1444 1364 Laetatur
1461 1337 1490 1363 et
1508 1334 1647 1363 exstruat
1664 1335 1771 1364 anima
1783 1344 1851 1364 mea
1863 1333 1895 1364 ιίι
1908 1333 2063 1369 Domino3
2087 1334 2163 1374 quia

1191 1376 1316 1406 rescivit
1352 1385 1397 1405 me
1424 1376 1608 1406 restituente
1631 1376 1790 1413 institiae,
1824 1380 1853 1406 et
1876 1375 1979 1405 t'urltu't
2002 1385 2048 1405 me
2069 1376 2164 1406 resa·-

1190 1422 1293 1449 meuto
1314 1418 1439 1449 salutis.
1485 1417 1551 1448 Sed
1576 1418 1740 1458 quomodo
1764 1418 1811 1455 fit,
1842 1423 1874 1448 ut
1899 1417 2076 1448 vestiamur
2098 1417 2164 1448 hac

1191 1461 1312 1491 iustitia
1334 1459 1406 1491 Filii
1435 1460 1520 1491 Det?
1566 1459 1774 1501 Respontleo.
1822 1459 1963 1491 Primum
1992 1460 2164 1491 annuntia·

1191 1509 1242 1535 tur
1265 1504 1296 1534 in
1324 1504 1507 1534 ministerio
1531 1501 1700 1544 Evangelii
1736 1503 1783 1534 ira
1817 1502 1880 1534 Dei
1904 1503 2066 1533 adversus
2089 1512 2165 1543 peo-

1189 1552 1309 1583 catum,
1331 1556 1372 1577 ex
1395 1544 1469 1587 lege
1492 1546 1631 1586 repetita
1654 1552 1686 1577 et
1709 1547 1836 1577 sancita
1859 1555 1918 1586 per
1935 1543 2162 1586 Evangelium.

1190 1589 1236 1620 lta
1260 1589 1387 1620 exsistit
1406 1589 1436 1619 in
1461 1589 1556 1620 nobis
1579 1589 1701 1630 agnitio
1724 1589 1864 1629 peccati,
1887 1594 1918 1619 et
1939 1598 2080 1628 pavores
2104 1598 2164 1619 seu

1189 1630 1286 1663 dolor
1309 1639 1444 1673 propter
1466 1638 1635 1673 peccatum
1660 1638 1690 1662 et
1707 1631 1786 1662 iram
1811 1631 1884 1661 Dei.
1930 1630 1962 1660 ln
1987 1629 2049 1661 hac
2072 1630 2164 1673 agni-

1188 1675 1277 1706 tione
1311 1674 1439 1716 peccati
1472 1684 1565 1705 mens
1598 1674 1688 1706 audit
1717 1683 1833 1705 vocem
1857 1671 2027 1714 Evangelii
2051 1673 2091 1704 de
2115 1683 2164 1704 re-

1189 1718 1346 1749 missione
1378 1722 1603 1758 precatorum:
1639 1716 1744 1748 Crede
1764 1717 1795 1747 ιή
1822 1716 1933 1747 fitium
1960 1716 2029 1755 Det,
2063 1719 2092 1746 et
2114 1725 2164 1747 ro-

1188 1762 1353 1792 mittentur
1375 1761 1435 1791 tibi
1453 1764 1598 1800 peccata.
1644 1759 1711 1790 lsta
1734 1769 1817 1790 voce
1841 1759 1978 1800 erigitur
2001 1768 2106 1795 menS,
2132 1764 2165 1790 et

1190 1814 1264 1835 cum
1287 1805 1338 1834 sic
1370 1803 1518 1845 erigitur,
1552 1803 1672 1843 accipit
1702 1802 1927 1833 remissionem
1951 1808 2164 1841 peccatorum

1194 1847 1269 1883 tide,
1293 1852 1326 1877 et
1349 1844 1646 1877 reconciliationem
1670 1855 1741 1876 cum
1757 1844 1841 1882 Deo,
1865 1851 1897 1875 et
1919 1845 2165 1884 imputationem

1190 1889 1342 1926 iustitiae,
1365 1894 1396 1920 et
1419 1889 1678 1929 acceptationem
1702 1889 1742 1918 ad
1766 1888 1863 1918 vitam
1892 1893 2069 1918 aeternam.
2114 1886 2164 1919 Si·

1192 1930 1257 1962 mul
1281 1938 1387 1962 autem
1418 1930 1451 1961 iit
1484 1930 1670 1969 vivificatio,
1701 1941 1763 1971 qua
1788 1940 1865 1961 vere
1888 1930 2033 1961 existunt
2056 1930 2086 1960 in
2110 1939 2164 1960 no·

1193 1976 1244 2005 bis
1267 1974 1356 2004 initia
1380 1984 1486 2005 novae
1516 1974 1674 2011 iustitiae,
1709 1983 1794 2014 quae
1817 1973 1934 2004 dicitur
1957 1971 2109 2003 inchoata
2131 1972 2165 2003 in

1193 2016 1255 2047 hac
1278 2017 1355 2053 vita,
1375 2027 1461 2058 quae
1484 2023 1613 2057 oportet
1636 2016 1777 2047 subinde
1801 2025 1972 2051 crescere,
2003 2015 2109 2047 donec
2133 2015 2164 2046 in

1194 2060 1259 2090 vita
1283 2066 1418 2091 aeterna
1443 2059 1498 2090 liat
1522 2060 1773 2096 consummatio,
1808 2065 1981 2101 postquam
2005 2058 2036 2089 in
2060 2063 2165 2089 morte

1193 2112 1330 2144 prorsus
1353 2100 1509 2134 abolitum
1535 2100 1631 2133 suerit
1655 2102 1685 2133 in
1709 2102 1805 2133 nobis
1828 2108 2011 2142 peccatum.

1279 2145 1371 2177 llaec
1404 2151 1478 2176 sunt
1514 2145 1673 2176 discenda
1697 2146 1728 2175 in
1753 2145 1841 2175 veris
1864 2144 2028 2175 exercitiis
2052 2143 2162 2184 poeni-

1193 2188 1325 2226 tentiae,
1350 2198 1410 2219 net·
1435 2187 1660 2229 intelliguntur
1683 2189 1724 2219 ab
1748 2188 1799 2226 iis,
1823 2188 1877 2229 qui
1902 2188 2012 2218 vivunt
2030 2186 2061 2217 in
2076 2184 2166 2217 suro-

1194 2232 1296 2268 ribus,
1326 2232 1378 2272 qui
1410 2232 1526 2262 hot-um
1549 2229 1628 2261 nibil
1652 2237 1777 2262 curant.
1846 2229 1934 2267 ltem,
1967 2229 2167 2260 removenda

1194 2281 1269 2305 sunt
1294 2274 1334 2304 ab
1359 2274 1408 2304 liis
1432 2274 1595 2305 exercitiis
1619 2274 1745 2305 somnia
1767 2272 2022 2309 Entltusinsticn‚
2047 2271 2165 2313 quihus

1194 2315 1283 2347 ntulti
1314 2317 1362 2347 sic
1391 2318 1558 2358 cogitant:
1586 2316 1657 2359 Ego
1686 2317 1901 2358 exspectabo,
1930 2315 2035 2345 donec
2059 2314 2167 2345 veniat

1193 2359 1302 2400 aliqua
1325 2358 1519 2391 illuminatio
1543 2367 1637 2391 extra
1661 2360 1807 2391 verbum.
1838 2359 1874 2389 Si
1899 2356 1985 2388 volet
2010 2367 2061 2388 me
2074 2355 2166 2388 Deus

1195 2403 1383 2436 iustificare,
1408 2404 1512 2444 rapiet
1535 2413 1599 2439 me,
1634 2409 1665 2433 et
1689 2401 1880 2437 immutabit,
1916 2411 1988 2431 cum
2013 2400 2040 2430 ci
2066 2398 2168 2430 libue-

1195 2447 1244 2476 rit.
1293 2445 1357 2476 ln.o
1378 2457 1456 2477 vcro
1481 2444 1604 2487 alligati
1628 2456 1742 2477 sumus
1765 2445 1807 2475 nd
1838 2453 1953 2474 vocem
1984 2440 2167 2484 Evangelii.

1195 2495 1223 2519 et
1250 2489 1324 2519 liuic
1348 2489 1507 2520 debemus
1536 2489 1706 2522 assentiri,
1738 2494 1767 2519 et
1800 2485 1914 2517 lot-turi
1939 2497 2012 2518 cnm
2036 2484 2168 2527 pavori-

170 2540 287 2581 positis
311 2539 469 2574 moribus,
493 2543 526 2568 ut
551 2542 643 2577 regat
667 2534 906 2566 locomotivam.
952 2532 1059 2563 Valde
1073 2531 1140 2572 pul·
1166 2514 1170 2559 i
1197 2532 1257 2561 bus
1292 2538 1323 2561 et
1358 2532 1576 2569 dubitatione,
1610 2538 1642 2562 et
1665 2537 1855 2563 sustentare
1879 2540 1940 2560 nos
1965 2529 2166 2572 cogitatione

171 2582 252 2613 chra
286 2592 340 2612 res
363 2588 412 2611 cst
437 2580 599 2611 hominem
619 2580 701 2610 bene
725 2584 883 2608 moratum
906 2586 994 2614 esse,
1027 2582 1058 2607 et
1088 2574 1141 2605 ha-

172 2625 249 2656 here
273 2631 402 2667 gestus,
421 2630 452 2655 et
475 2623 624 2655 actiones
648 2621 828 2653 ordinatas.

1196 2575 1433 2615 promissionis.
