2324 2958
62 180 124 213 501
745 175 963 209 Pos'rtLLA
982 173 1381 207 MELANTHONJANA.
1997 175 2061 207 502

1087 279 1128 301 ea
1150 268 1190 301 de
1214 278 1268 305 re,
1291 279 1388 310 quam
1411 268 1582 311 intelligit,
1607 277 1637 300 et
1660 279 1746 312 quae
1769 275 1821 301 est
1842 279 1922 312 pars
1945 279 2061 302 neces-

151 273 245 306 Sicut
278 272 467 304 mandatum
499 277 552 303 est
583 268 724 312 singulis
758 269 963 308 hominibus,
1002 275 1037 301 ut

1088 313 1175 344 saria
1199 312 1378 343 doctrinae.

66 318 195 349 discant
224 313 457 357 Evangelium,
490 315 579 346 iuxta
608 313 746 344 dictum:
791 311 854 343 Hic
883 316 930 343 est
951 312 1037 354 filins

65 370 151 392 ments
172 360 317 395 dilectus,
340 357 435 389 Hunc
451 357 579 389 audite:
600 355 649 387 lta
666 355 853 387 mandatum
873 361 923 386 est
941 356 1036 386 etiam
1174 355 1210 386 Si
1232 356 1306 397 quis
1331 353 1400 385 vult
1423 354 1486 385 sibi
1509 353 1634 395 fingere
1657 355 1861 396 phantasias,
1884 361 1916 386 et
1939 355 2061 394 dicere,

66 401 207 445 singulis
227 401 432 438 hominibus,
453 405 489 432 ut
517 410 537 432 a
563 405 703 442 gregent
730 407 769 429 50
797 398 839 428 ad
861 408 958 429 unam
982 408 1037 429 ve·
1087 398 1173 430 hanc
1196 407 1275 429 0550
1303 395 1547 429 consessionem
1577 396 1814 436 Christianam,
1841 398 1874 430 id
1895 397 1976 429 nihil
1997 404 2060 429 est.

66 456 136 477 ram
158 443 356 476 Ecclesiam:
379 443 464 474 utin
484 442 510 474 P
583 451 616 473 10
637 441 768 473 dicitur:
797 440 900 471 Unum
918 442 1000 481 petii
1016 452 1037 472 a
1060 424 1066 476 l
1087 440 1140 473 Dc
1170 441 1319 472 doctrina
1350 439 1552 471 fundamenti
1575 440 1732 471 debemus
1756 440 1916 473 confiteri.
1973 439 2060 472 Con-

66 488 220 524 Domino,
252 490 283 517 et
315 486 373 516 hoc
406 486 569 526 requiram
602 484 755 524 abipso,
788 487 824 514 ut
846 483 982 514 habitem
1004 485 1035 515 in
1087 483 1190 515 fessio
1224 483 1294 514 fieri
1328 482 1424 514 debe·
1459 483 1502 514 de
1530 483 1568 513 iis
1593 484 1710 520 rebus,
1743 493 1828 524 quae
1851 489 1927 515 sunt
1948 489 2060 525 partes

66 532 159 563 domo
190 529 325 560 Domini
359 529 501 560 omnibus
533 527 644 559 diebus
676 527 764 558 vitae
795 536 892 557 meae.
938 527 1034 558 Item:
1088 527 1258 558 doctrinae
1282 525 1501 558 Christianae-
1558 525 1631 557 Non
1663 526 1766 557 debes
1790 526 1849 557 tibi
1871 537 2002 558 sumere
2023 525 2060 558 li·

66 574 164 606 Beati
182 573 239 613 qui
258 572 405 603 habitant
427 572 459 602 in
482 572 575 602 domo
597 574 654 601 tua
677 569 824 601 Domine.
869 569 909 600 Et
933 570 964 600 in
987 579 1035 600 ar-
1061 587 1065 594 -
1088 570 1228 601 centiam
1260 569 1405 611 fingendi
1440 568 1614 609 opiniones
1648 567 1854 610 singulares,
1883 568 2010 601 alienas
2041 580 2062 601 3

66 614 164 647 ticulo
188 613 338 657 Symboli
355 614 548 655 profitemur
565 611 702 654 singuli:
733 612 840 644 Credo
862 612 1036 644 Ecclesiam
1088 622 1256 644 consensu
1279 622 1378 643 verae
1400 610 1582 643 Ecclesiae.
1636 611 1749 643 Debes
1776 609 1891 642 fovere
1918 622 1959 643 30
1987 613 2061 643 reti-

63 662 208 690 sanctam
223 657 438 689 Catholicmn:
458 657 490 688 id
508 662 570 694 est,
586 656 687 686 credo
705 656 793 697 quod
812 655 856 686 sit
872 665 937 687 una
955 665 1036 686 vera
1086 665 1168 687 nere
1186 655 1340 687 unitatem
1364 660 1397 686 et
1420 655 1632 686 concordiam
1650 665 1724 686 cum
1746 652 1907 686 Ecclesia.

65 700 230 739 Ecclesia,
253 707 283 732 et
308 701 350 732 ad
372 698 460 731 illam
483 709 534 730 me
557 699 737 740 adiungere
759 699 877 730 debeo.

150 743 201 775 De
230 742 450 775 confessione
482 742 578 773 etiam
609 742 755 772 veritatis
785 741 941 782 scriptum
970 746 1035 772 est:

66 787 131 826 Qui
150 787 315 828 negaverit
336 795 383 816 me
404 794 514 816 coram
536 784 728 821 horninibus,
751 784 832 815 1111110
854 787 884 815 et
906 794 964 824 eqo
985 793 1036 813 110-

62 830 147 872 yabo
168 839 277 861 coram
298 832 396 869 patre
418 837 486 859 meo
507 828 644 859 coelesti.
690 827 781 859 Haec
803 826 956 858 mandata
975 825 1037 857 Dei
1263 863 1269 870 ,
1640 863 1647 870 ·
1692 863 1699 870 ι
1830 862 1838 870 .

65 882 179 905 01111105
201 881 342 903 necesse
363 877 414 902 est
435 871 545 912 sequi:
577 876 609 901 et
635 870 687 901 his
710 879 749 902 se
773 870 958 901 exuscitare
981 869 1036 900 de-
1121 862 1169 902 111
1204 863 1349 916 qulbus
1384 863 1504 903 rebus
1540 869 1721 903 eonSIStlt
1756 870 1904 903 veritas
1941 863 2017 903 Ec-

65 917 159 953 bent,
191 914 219 945 si
241 914 295 956 qui
316 921 395 945 sunt
416 913 552 952 infirmi,
588 913 648 944 sed
672 919 779 944 tamen
802 910 947 948 dociles,
981 911 1036 952 qui

63 964 233 1000 gementes
262 967 323 998 pro
345 955 512 994 Ecclesia,
545 962 577 987 et
605 966 664 996 pro
688 957 841 993 veritate,
874 954 1036 985 interdum
1489 939 1660 979 clesiae‘?

64 1006 151 1032 metu
173 1000 406 1040 impediuntur,
430 1010 472 1031 ne
494 999 603 1031 ausint
625 997 729 1030 libere
754 997 917 1039 profiteri,
946 997 1035 1038 quod

63 1043 219 1075 sentiunt.
1174 1036 1316 1069 Primum
1346 1039 1378 1069 in
1411 1048 1579 1070 consensu
1611 1039 1652 1070 de
1675 1038 1826 1071 doctrina
1848 1038 2062 1078 fundamenti,

149 1084 248 1116 Tales
283 1085 412 1117 discant
446 1096 485 1116 ex
513 1085 576 1116 1130
605 1085 767 1116 sententia
790 1082 931 1114 Christi:
973 1082 1039 1121 Qui
1087 1081 1121 1112 id
1143 1087 1213 1118 est,
1236 1081 1269 1111 in
1293 1081 1443 1112 doctn'na
1465 1080 1561 1123 legis,
1586 1088 1619 1113 et
1641 1083 1673 1112 in
1697 1081 1842 1114 articulis
1865 1082 1952 1114 fidei.
1996 1082 2063 1115 De-

63 1137 127 1160 non
159 1132 206 1159 est
238 1138 373 1165 mecum,
406 1129 583 1169 dz'speryae't5
614 1126 772 1168 paulatim
805 1125 975 1167 corrigere
1003 1130 1036 1156 et
1088 1123 1164 1155 inde
1187 1124 1219 1154 in
1249 1133 1312 1154 usu
1341 1123 1628 1156 Sacramentorum
1663 1124 1820 1167 legitimo.
1877 1125 2063 1167 Postremo,

63 1171 236 1202 emendare
258 1169 529 1209 imbecillitatem,
557 1176 588 1201 et
610 1167 908 1210 pusillanimitatem
931 1178 1036 1206 suam,
1087 1167 1120 1198 in
1153 1166 1341 1198 obedientia
1375 1167 1485 1198 debita
1513 1167 1698 1199 Ministerio
1730 1169 1759 1199 in
1791 1169 1846 1206 iis,
1881 1169 1921 1200 de
1943 1170 2064 1210 quibus

63 1221 95 1245 et
118 1214 271 1245 studeant
299 1213 481 1254 proficere,
515 1220 546 1245 et
576 1213 608 1243 in
639 1212 710 1243 dies
734 1212 840 1253 magis
864 1212 1036 1253 magisque
1087 1209 1247 1251 praecipit
1268 1208 1496 1251 Evangelium.
1540 1211 1615 1241 Non
1639 1211 1797 1242 debemus
1817 1209 1928 1243 facere
1949 1212 2062 1243 distra-

62 1255 248 1286 confirmari
272 1257 312 1286 ad
336 1256 545 1297 perspicuum
571 1255 788 1286 testimonium
812 1254 940 1286 veritati
963 1264 1035 1294 per·
1089 1252 1233 1290 ottones,
1266 1262 1373 1294 neque
1407 1253 1564 1284 deserere
1598 1254 1823 1285 ministerium.
1875 1254 1973 1293 Item,
1997 1265 2063 1287 non

63 1298 257 1336 hibendum,
288 1310 360 1330 cum
385 1309 485 1330 casus
510 1297 731 1329 consessionis
754 1296 967 1329 necessariae
989 1297 1035 1327 in-
1088 1295 1247 1326 debemus
1276 1302 1488 1327 contemnere
1516 1295 1637 1328 {ratres
1667 1297 1699 1327 in
1731 1298 1830 1328 rebus
1862 1297 2064 1338 adiaphoris,

61 1341 158 1383 gmit.
1088 1344 1249 1379 quatenus
1273 1344 1349 1369 sunt
1370 1338 1583 1380 adiaphorae,
1603 1350 1664 1370 seu
1682 1340 1922 1377 indifi'erentcs3
1946 1341 1977 1371 id
2000 1347 2064 1379 est,

148 1383 230 1414 Sunt
259 1390 367 1415 autem
397 1382 451 1414 alii
475 1394 540 1414 non
564 1383 700 1421 infirmi,
724 1393 784 1414 nec
809 1380 953 1419 dociles,
975 1382 1036 1413 sed
1088 1386 1251 1421 quatenus
1281 1391 1345 1412 non
1373 1383 1518 1413 assuitur
1547 1383 1657 1424 opinio
1681 1384 1910 1422 necessitatis,
1942 1381 2062 1422 cultus,

62 1424 118 1458 vel
143 1425 336 1467 Epicuraei,
369 1432 402 1458 et
425 1427 558 1467 superbi
587 1426 776 1463 derisores,
809 1425 863 1457 vel
887 1434 1036 1463 errones,
1089 1422 1141 1454 vel
1164 1424 1280 1455 meriti.

63 1469 118 1510 qui
151 1475 314 1510 vagantur
342 1479 402 1509 per
430 1469 600 1507 mundum,
634 1475 664 1500 et
693 1469 896 1500 insectantur
920 1477 1036 1499 omnes
1173 1466 1472 1498 Condemnationes
1496 1468 1746 1509 intempestivae
1769 1469 1901 1500 turbant
1923 1469 2064 1500 societa-

61 1510 243 1543 Ecclesias.
289 1510 386 1542 Tales
411 1512 533 1543 vitandi
556 1517 588 1543 et
611 1511 790 1543 execrandi
813 1517 897 1543 sunt.
1088 1514 1165 1540 tem·
1209 1508 1287 1540 ldeo
1312 1508 1436 1541 Paulus
1461 1511 1578 1552 inquit:
1615 1511 1681 1550 Qui
1699 1521 1763 1543 non
1784 1511 1978 1550 manducat,
2000 1521 2064 1543 mm

146 1553 310 1595 Scriptum
343 1560 395 1585 est
428 1564 545 1586 recens
577 1560 692 1585 contra
722 1553 913 1592 Calvinum,
948 1553 1035 1594 quod
1059 1568 1066 1593 μ
1088 1551 1271 1582 condemnet
1292 1553 1544 1584 manducantem.
1589 1553 1685 1585 Item:
1730 1554 1832 1586 Nemo
1859 1565 1918 1586 'cos
1944 1555 2063 1586 iudicet

62 1595 278 1627 Genevenses
313 1606 378 1627 non
408 1603 499 1628 recte
530 1595 686 1634 fecerint,
720 1597 807 1638 quod
838 1596 1035 1637 sumpserint
1087 1595 1120 1625 in
1143 1594 1213 1625 cibo
1241 1598 1272 1625 et
1293 1599 1381 1635 potu.
1425 1595 1499 1627 Non
1524 1595 1724 1629 dilaceretur
1746 1598 1853 1629 unitas
1876 1596 2064 1636 Ecclesiae,

61 1637 255 1680 supplicium
270 1638 311 1670 de
325 1640 477 1677 Serveto,
496 1646 710 1682 oppugnante
729 1649 843 1670 omnes
863 1637 1035 1671 Ecclesias
1087 1643 1222 1678 propter
1244 1636 1334 1676 talia,
1358 1648 1442 1679 quae
1464 1649 1530 1670 11011
1552 1638 1676 1671 habent
1697 1641 1884 1672 mandatum
1907 1641 2060 1672 divinum.

60 1680 284 1719 christianas,
317 1687 350 1713 et
383 1680 491 1723 palam
526 1688 667 1724 negante
701 1682 941 1713 invocationem
978 1680 1035 1713 filii
1173 1679 1240 1710 Sed
1276 1690 1382 1722 neque
1415 1688 1585 1722 praetextu
1613 1683 1819 1714 auctoritatis
1848 1682 1903 1714 vel
1927 1684 2060 1715 coniun-

60 1722 134 1755 Dei.
178 1723 261 1755 Nam
283 1731 314 1755 et
338 1735 412 1756 cum
434 1725 477 1756 ad
500 1723 696 1766 supplicium
721 1725 907 1762 duceretur,
931 1723 1035 1756 noluit
1087 1722 1205 1753 ctionis
1234 1733 1308 1753 cum
1336 1722 1489 1755 Ecclesia
1517 1725 1716 1766 recipiantur
1746 1736 1831 1767 quae
1853 1724 1962 1767 palam
1984 1733 2059 1758 sunt

61 1766 188 1797 dicere:
222 1766 292 1798 Iesu
315 1767 442 1799 Christe
464 1771 594 1799 aeterne
614 1767 663 1809 fili
694 1766 768 1804 Det,
791 1769 943 1799 miserere
966 1771 1033 1799 mei.
1087 1765 1192 1806 impia.
1250 1765 1324 1796 Non
1355 1768 1537 1799 tribuamus
1567 1767 1741 1810 Episcopis
1772 1769 1976 1810 tyrannicam
2005 1776 2060 1800 aut

62 1809 128 1840 Sed
153 1815 242 1841 recte
265 1808 343 1841 fecit
365 1817 513 1851 potestas
543 1810 767 1848 Genevensis,
795 1812 870 1852 qaia
893 1821 958 1842 non
983 1816 1035 1842 est
1086 1809 1210 1849 regiam
1239 1815 1445 1850 potestatem,
1499 1810 1709 1842 Retineamus
1740 1822 1851 1843 veram
1883 1818 1913 1843 et
1937 1811 2060 1853 simpli-

61 1852 307 1884 concedendum
336 1851 400 1884 illis
430 1854 622 1891 erronibus,
656 1859 689 1884 ut
718 1854 768 1884 5Ξο
790 1860 968 1895 vagentur,
1002 1860 1033 1884 et
1087 1861 1157 1882 cem
1175 1853 1369 1883 sententiam
1390 1853 1430 1884 de
1449 1854 1600 1885 omnibus
1618 1855 1766 1894 partibus
1787 1855 1954 1886 doctrinae
1967 1854 2059 1886 Chri-

62 1895 228 1936 exagitent
262 1896 428 1933 homines,
462 1895 637 1928 defendant
673 1897 914 1937 blasphemias,
954 1897 1033 1928 arri-
1086 1895 1231 1932 Stianae,
1265 1901 1298 1926 et
1332 1895 1372 1926 de
1406 1903 1474 1927 toto
1507 1895 1594 1928 cultu
1623 1897 1705 1935 Dei,
1739 1898 1890 1929 traditam
1919 1898 2060 1936 divinus,

61 1938 151 1978 piant
180 1948 275 1969 unam
306 1945 359 1969 aut
386 1937 523 1969 alteram
548 1938 738 1979 particulam
763 1939 973 1981 Scripturae,
1002 1946 1033 1970 et
1086 1937 1161 1978 quia
1183 1947 1249 1968 11011
1272 1944 1323 1968 051
1346 1939 1377 1969 in
1400 1938 1498 1971 ullius
1518 1939 1658 1971 hominis
1676 1946 1840 1981 potestate
1859 1946 1985 1972 mutare
2003 1941 2059 1973 do·

61 1981 277 2022 detorqueant
305 1982 347 2012 ad
375 1991 456 2012 suos
483 1979 634 2021 furores,
669 1989 701 2014 et
730 1983 779 2014 sic
808 1989 934 2014 tantum
961 1993 1032 2023 per·
1087 1980 1224 2011 ctrinam
1247 1991 1266 2011 a
1289 1980 1363 2012 Deo
1391 1983 1647 2023 praescriptam,
1678 1994 1763 2025 quae
1792 1982 1923 2024 prolata
1945 1989 1994 2014 est
2017 1994 2058 2015 ex

61 2024 193 2055 turbent
217 2022 398 2055 Ecclesias.
1085 2033 1207 2054 arcano
1242 2024 1316 2056 sinu
1350 2031 1381 2056 et
1416 2024 1652 2057 deliberatione
1684 2027 1849 2065 miranda,
1882 2026 1972 2058 facta
1998 2036 2059 2068 per

146 2065 218 2097 Vos
252 2068 365 2104 etiam,
399 2067 453 2108 qui
482 2067 658 2103 versamini
687 2068 718 2099 in
749 2068 884 2106 studiis,
917 2068 1033 2099 discite
1057 2047 1063 2114 ι
1085 2071 1254 2097 aeternum
1294 2066 1444 2105 Patrem,
1485 2067 1601 2100 Filium
1643 2075 1675 2100 et
1709 2069 1862 2111 Spiritum
1896 2075 2056 2101 sanctum.

61 2115 164 2141 totum
186 2109 320 2151 Corpus
343 2110 514 2141 doctrinae
537 2120 610 2141 com
634 2109 708 2142 lecti
730 2111 857 2148 3111111ος
879 2121 946 2142 non
964 2112 1032 2142 imi-
1058 2115 1062 2141 Ι
1085 2108 1179 2141 Hanc
1203 2110 1384 2142 doctrinam
1413 2121 1475 2142 1100
1506 2111 1633 2153 angeli,
1661 2122 1724 2143 nec
1750 2113 1898 2144 homines
1925 2113 2057 2150 debent,

60 2152 171 2184 tamini
192 2151 282 2190 illos,
299 2153 417 2194 quibus
437 2151 527 2184 nulla
545 2151 612 2184 Ecc
628 2154 697 2185 esia
714 2152 833 2195 placet.
879 2153 939 2185 Est
959 2165 1033 2186 ver·
1056 2147 1063 2219 Ι
1085 2159 1141 2183 aut
1163 2160 1464 2193 possuntmutare.
1516 2154 1711 2196 Quicunque
1734 2161 1877 2193 mutant,
1896 2154 2056 2187 horribili-

60 2204 121 2226 sus
143 2194 319 2233 Martialis,
337 2195 496 2227 Miserum
519 2205 596 2227 0550
618 2202 709 2237 puto,
726 2197 778 2228 cui
798 2207 893 2229 nemo
912 2196 1032 2238 placet.
1084 2201 1134 2226 ter
1155 2202 1306 2236 peccant.

61 2237 101 2269 Si
119 2239 174 2269 σπη’
191 2248 281 2269 nemo
299 2240 427 2279 placet,
450 2238 531 2269 hunc
553 2239 699 2270 miserum
722 2249 790 2271 esse
806 2244 897 2313 pauo.
1056 2222 1062 2419 Ι
1170 2238 1236 2270 13111
1259 2239 1347 2281 quod
1369 2240 1411 2271 ad
1434 2238 1571 2272 alterum
1591 2240 1713 2272 dictum
1735 2241 1861 2272 attinet:
1885 2240 1985 2272 Omne
2005 2251 2056 2272 re-

148 2280 268 2312 Verum
293 2281 422 2323 quidem
446 2287 508 2320 est,
533 2282 620 2322 quod
643 2280 733 2313 multi
757 2293 787 2313 m
824 2294 832 2314 1
855 2283 921 2314 sint
944 2284 1031 2324 apud
1081 2291 1177 2323 ynum
1206 2282 1237 2312 1⁶⁷1
1267 2292 1302 2313 se
1325 2283 1476 2320 dicisum,
1510 2284 1724 2315 desolabitur:
1758 2283 1789 2314 id
1812 2293 1945 2325 quoque
1968 2293 2055 2316 corn·

60 2333 131 2355 nos.
175 2322 269 2355 Multi
293 2325 407 2356 volunt
431 2334 508 2356 esse
530 2325 562 2355 in
585 2325 707 2356 nostris
730 2323 904 2365 Ecclesiis,
920 2332 953 2357 et
975 2327 1031 2358 mi-
1084 2325 1217 2356 mendet
1247 2326 1344 2357 nobis
1373 2326 1516 2357 studium
1540 2327 1789 2363 coniunctionis,
1808 2336 1892 2368 quae
1915 2336 1981 2358 non
1998 2336 2056 2368 por

61 2372 155 2397 500111
179 2377 216 2398 50
245 2367 370 2398 nostris
401 2368 568 2405 coetibus,
604 2373 635 2398 et
661 2373 769 2399 tamen
793 2367 903 2400 multis
926 2369 1032 2400 modis
1085 2373 1150 2399 test
1168 2368 1301 2400 retineri
1323 2369 1394 2400 sine
1416 2368 1526 2411 aliqua
1548 2370 1717 2411 patientia:
1741 2370 1825 2400 sicut
1848 2370 1879 2400 in
1904 2370 2055 2402 omnibus

62 2407 258 2441 contumelia
290 2408 439 2442 afficiunt
466 2408 662 2441 Ecclesiam.
719 2410 787 2442 Sed
816 2411 880 2442 hac
906 2422 942 2443 re
964 2423 1030 2444 non
1084 2411 1232 2442 amicitiis
1255 2411 1411 2452 patientia
1433 2422 1517 2453 opus
1540 2418 1602 2443 est.
1648 2411 1729 2443 Man
1757 2422 1843 2443 muss
1870 2413 1925 2444 mit
1947 2414 2054 2445 einan-

63 2450 279 2484 offendamur:
297 2463 496 2494 quaeramus
509 2453 691 2485 doctrinam
705 2454 863 2492 veritatis,
879 2459 912 2486 et
923 2454 1031 2486 Deum
1083 2455 1144 2486 der
1162 2454 1273 2495 yedult
1295 2454 1406 2487 haben.
1443 2455 1505 2486 Est
1526 2455 1648 2486 dictum
1666 2453 1825 2486 Thaletis:
1848 2455 1986 2488 Dulcius
2008 2461 2054 2488 est

62 2493 253 2526 invocemus
276 2506 350 2527 cum
374 2496 525 2527 omnibus
554 2496 696 2535 sanctis,
730 2497 783 2537 qui
812 2502 891 2528 sunt
917 2497 949 2528 in
970 2497 1031 2529 Ec-
1083 2497 1216 2529 amicum
1233 2495 1366 2537 fucere,
1396 2507 1490 2538 qnam
1510 2499 1658 2528 retinere.
1703 2496 1825 2530 Thales
1848 2498 1908 2530 fuit
1930 2499 1981 2530 vir
2002 2509 2054 2530 sa·

62 2535 165 2568 ele-sia
188 2538 332 2569 universi
355 2539 460 2577 orbis,
479 2545 511 2571 et
534 2538 749 2570 confiteamur
771 2539 953 2571 doctrinam
977 2550 1030 2572 00-
1082 2541 1192 2582 piens:
1216 2541 1294 2572 vixit
1316 2541 1348 2571 in
1371 2539 1503 2578 Mileto,
1533 2541 1593 2571 sed
1619 2540 1679 2572 suit
1703 2541 1861 2573 oriundus
1884 2552 1925 2573 ex
1947 2541 2054 2574 Phoe-

61 2589 130 2610 ram
153 2581 320 2619 omnibus,
343 2587 378 2613 ut
400 2581 534 2614 dicitur:
579 2581 646 2620 Qui
665 2591 712 2613 me
733 2579 898 2622 confessus
916 2580 1031 2622 fuerit,
1053 2605 1060 2640 3
1082 2584 1178 2615 nicia.
1225 2584 1296 2615 Fuit
1319 2581 1485 2615 excellens
1503 2582 1632 2621 artifex,
1650 2589 1683 2615 ut
1701 2585 1795 2616 etiam
1814 2583 1961 2616 Croesus
1979 2595 2053 2617 eum

60 2622 233 2663 confitebor
254 2628 363 2664 01090
385 2635 462 2656 eim.
518 2624 559 2655 Et
589 2624 783 2656 confiteatur
805 2626 1047 2667 unnsquisque-
1083 2626 1210 2658 duxerit
1243 2626 1274 2657 in
1309 2627 1456 2657 exercitu
1489 2635 1621 2664 secum,
1655 2633 1686 2658 01
1718 2625 1817 2659 multa
1846 2625 1959 2660 fecerit
1982 2629 2053 2660 eius

1798 2687 1851 2712 32·
