2324 2958
67 209 129 242 21⁷

70 302 257 337 choatione,
295 304 329 329 et
361 303 478 338 postea
511 296 808 328 consummatione:
850 294 935 330 Quia
967 305 1042 327 cum

71 347 134 379 fide
155 341 383 378 iustificantur,
413 346 447 370 et
474 338 538 370 fide
561 339 743 379 accipimus
767 337 1042 376 consolationem,

71 397 147 422 tunc
161 384 334 419 inchoatur
351 383 384 414 in
402 382 501 413 nobis
520 391 607 413 nova
626 382 756 420 iustitia,
775 391 836 412 seu
855 381 1042 412 obedientia

70 443 128 475 per
137 428 290 471 Spiritum
309 431 478 457 sanctum:
499 424 675 466 lncipimus
693 423 806 465 aliquo
826 423 924 454 modo
941 434 1042 465 agno-

69 483 160 508 scere
181 470 304 509 Deum,
333 474 366 500 et
388 469 421 499 in
445 477 484 499 eo
508 477 588 499 vera
610 466 730 499 fiducia
752 467 985 508 acquiescere,
1009 472 1040 498 et

68 517 175 558 aliquo
207 512 305 544 modo
340 512 371 543 ei
405 511 559 548 obedire,
593 519 782 551 quanquam
814 508 897 540 haec
934 510 1042 541 onmia

67 564 142 593 sunt
162 554 260 588 valde
282 553 458 596 languida,
488 553 555 584 lmo
584 563 650 594 quo
679 553 783 584 maior
811 557 863 583 est
890 553 1042 594 quisque,

66 607 102 637 ut
121 597 289 633 Abraham
314 596 369 628 vel
393 595 535 634 Paulus,
565 605 605 627 eo
633 597 739 636 magis
770 593 921 635 deplorat
948 605 1042 626 suam

65 643 292 677 infirmitatem.
338 640 399 671 Est
421 645 531 670 tamen
554 637 667 680 aliqua
690 636 875 670 inchoatio:
910 637 952 669 Et
982 639 1042 669 erit

65 684 301 719 consummatio
323 684 355 715 in
379 683 445 714 vita
467 688 616 720 aeterna,
639 691 737 722 quam
761 687 986 721 expectamus.

147 728 197 759 lta
218 725 343 758 Paulus
366 725 460 756 dicit:
499 724 615 765 Leyem
641 724 821 755 stabilimus
849 732 910 764 per
938 724 1043 766 fidem,

64 772 139 814 quia
159 779 228 803 non
249 775 375 800 tantum
400 768 502 799 donat
528 767 626 798 nobis
649 766 803 798 Christus
831 776 926 798 suam
954 767 1043 798 iusti-

63 816 138 847 tiam
161 819 194 845 et
215 812 488 848 satisfactionem,
511 810 572 841 sed
596 811 668 851 ipse
686 816 737 840 est
757 810 788 840 in
808 810 904 841 nobis
923 807 1044 841 efficax

63 867 122 900 per
154 856 310 896 Spiritum
344 859 513 885 sanctum:
561 852 756 885 Sanctificat
797 861 860 884 uos
896 861 957 884 sua
991 861 1044 882 sa-

63 900 193 943 pientia,
215 904 249 929 et
266 897 389 938 Spiritu
411 906 474 928 suo
498 894 647 937 fulgente
665 896 697 926 in
715 895 824 926 nobis,
865 894 958 927 Haeo
976 904 1043 926 non

63 943 142 976 fiunt
163 952 224 983 per
246 939 380 972 tabulas
401 938 499 980 legis,
522 939 582 969 sed
605 939 679 979 ipso
688 947 764 979 „nos
788 937 987 969 vivificante.

147 984 294 1020 Quartus
322 983 451 1014 modus.
497 981 613 1023 implet
646 980 827 1012 sanciendo
862 986 895 1012 et
924 979 1043 1012 confir-

63 1028 181 1061 mando
201 1027 397 1063 doctrinam,
416 1026 492 1066 quia
510 1025 583 1066 ipse
602 1025 699 1055 etiam
718 1024 808 1061 dicit,
826 1022 910 1055 haec
929 1032 1042 1063 opera,

62 1081 147 1113 quae
169 1075 248 1101 sunt
270 1068 476 1110 praescripta
499 1068 531 1098 in
554 1066 642 1109 lege,
666 1064 799 1107 placere
817 1066 904 1103 Deo,
927 1071 960 1096 et
977 1064 1043 1097 alia

59 1124 128 1145 non
149 1111 296 1155 placere.
336 1111 425 1142 Dicit
449 1109 625 1151 displicere
649 1109 723 1141 Deo
746 1118 852 1151 vagas
874 1107 1041 1146 libidines,

60 1155 195 1198 placere
217 1155 413 1191 castitatem,
436 1159 468 1184 et
491 1153 689 1194 coniugium.

148 1199 221 1231 Hoc
244 1207 326 1237 ergo
349 1198 472 1228 dietum
495 1201 693 1227 mementote
716 1193 902 1236 diligenter,
925 1199 957 1225 et
980 1193 1043 1224 sci-

62 1248 131 1275 tote
158 1251 274 1273 verum
292 1237 508 1271 >intellectum
542 1239 726 1269 sententiae
759 1238 856 1268 istius
890 1237 1043 1268 omnibus

61 1285 250 1318 hominibus
274 1293 352 1315 esse
375 1281 612 1319 necessarium,
634 1281 722 1312 sicut
739 1290 858 1311 revera
877 1285 927 1311 est
943 1289 1043 1311 unum

63 1339 103 1360 ex
129 1327 298 1369 principiis
322 1325 492 1357 doctrinae
515 1323 706 1355 Ecclesiae:
735 1322 777 1354 Et
805 1321 977 1354 declarant
1005 1332 1043 1353 se

63 1376 188 1408 mutuo,
209 1368 275 1400 hoc
297 1369 419 1399 dictum
438 1366 573 1404 Christi,
598 1373 630 1397 et
653 1366 741 1407 quod
762 1371 860 1397 antea
878 1375 919 1397 ex
936 1363 1043 1397 Paulo

64 1414 175 1450 citavi,
198 1412 286 1453 quod
310 1410 398 1442 filius
420 1409 483 1440 Dei
507 1409 678 1441 subiectus
701 1409 744 1440 sit
768 1407 844 1449 legi.

148 1454 277 1495 Recipit
299 1453 393 1484 Deus
416 1453 576 1484 immensa
598 1451 824 1483 misericordia
851 1460 957 1492 genus
985 1450 1044 1482 hu-

64 1507 215 1534 manum,
239 1497 300 1527 sed
323 1506 389 1527 non
413 1494 543 1526 remittit
566 1499 743 1534 peccatum
767 1503 807 1524 ex
830 1491 981 1530 levitate,
1012 1497 1045 1524 et

63 1538 229 1572 futilitate.
262 1538 291 1568 V
297 1548 352 1569 ere
371 1543 403 1568 et
420 1535 622 1568 horribiliter
645 1536 801 1567 irascitur
819 1541 975 1577 peccato,
998 1535 1045 1566 id-

63 1592 128 1624 que
157 1582 189 1612 in
217 1590 257 1612 eo
289 1581 451 1614 ostendit.
482 1580 558 1620 quia
588 1589 653 1610 non
678 1577 782 1609 voluit
810 1577 951 1619 placari,
981 1579 1044 1609 nisi

63 1623 151 1655 filius
173 1621 395 1654 satisfaceret.
440 1622 532 1652 Haec
556 1622 600 1652 ita
623 1631 743 1661 magna
766 1627 860 1659 sunt,
891 1627 928 1652 ut
955 1620 1044 1652 nulla

63 1672 215 1698 creatura
238 1665 368 1706 penitus
391 1663 578 1705 intelligere
600 1664 718 1704 possit.
761 1663 842 1695 Sunt
861 1669 967 1694 tamen
986 1664 1044 1694 ini·

63 1710 108 1741 tia
135 1714 168 1740 et
198 1707 362 1739 elementa
390 1707 568 1743 discenda,
600 1711 717 1746 postea
749 1707 782 1737 in
812 1706 880 1737 vita
908 1711 1044 1738 aeterna

63 1751 191 1794 plenius
222 1751 380 1782 discenda
408 1750 469 1781 erit
497 1748 581 1780 haec
610 1749 788 1789 sapientia,
819 1750 884 1780 imo
913 1749 947 1780 in
975 1755 1044 1780 tota

63 1795 256 1826 aeternitate
289 1803 356 1824 non
389 1793 569 1834 poterimus
599 1791 775 1823 exhaurire
808 1792 1044 1823 consideratio-

65 1847 138 1870 nem
160 1837 408 1878 temperamenti
429 1836 571 1867 iustitiae
594 1840 626 1866 et
645 1834 892 1865 misericordiae
909 1835 942 1865 in
961 1834 1043 1866 Deo.

149 1879 324 1911 Postremo
343 1879 496 1910 addenda
515 1883 566 1909 est
584 1878 735 1909 doctrina
753 1878 794 1908 de
812 1876 1043 1918 applicatione.

65 1922 156 1955 Haec
170 1922 207 1954 fit
225 1922 345 1953 fiducia
367 1921 464 1953 huius
488 1920 544 1952 filii
567 1921 600 1952 in
619 1929 699 1952 vera
718 1922 950 1953 conversione.
979 1920 1043 1952 Το-

63 1971 131 1998 tum
153 1965 219 1997 hoc
241 1967 375 2003 bonum,
399 1964 487 2006 quod
509 1962 597 1995 filius
616 1961 680 1995 Dei
703 1970 754 1995 est
774 1964 946 1996 subiectus
965 1963 1043 2006 legi,

63 2009 152 2051 quod
174 2009 248 2051 ipse
270 2007 384 2049 implet
406 2007 527 2050 legem,
550 2006 583 2038 id
607 2012 669 2044 est,
693 2007 782 2048 quod
802 2006 963 2039 satisfacit
982 2017 1043 2049 pro

63 2052 178 2090 nobis,
212 2057 245 2083 et
273 2052 306 2083 in
335 2051 432 2082 nobis
461 2050 620 2088 restituit,
655 2056 787 2091 oportet
816 2061 836 2081 a
859 2051 957 2082 nobis
980 2051 1044 2082 fide

63 2094 277 2136 apprehendi,
300 2100 432 2135 oportet
455 2103 517 2124 nos
541 2098 632 2124 certo
656 2098 814 2131 statuere,
837 2094 926 2135 quod
950 2092 1044 2124 Chri-

63 2143 136 2169 stus
159 2148 220 2179 pro
242 2137 340 2169 nobis
363 2137 407 2167 sit
429 2136 538 2168 sactus
569 2136 630 2167 sub
658 2135 750 2178 lege,
781 2136 869 2177 quod
897 2135 1043 2178 impletio

63 2179 120 2211 illa
141 2179 229 2223 legis
253 2181 296 2211 sit
321 2180 418 2210 nobis
446 2179 586 2217 donata,
615 2179 701 2211 sicut
728 2177 806 2211 alibi
836 2180 938 2221 inquit
961 2179 1045 2211 Pau-

64 2222 135 2255 lust
169 2224 291 2254 Factus
313 2227 361 2254 est
388 2231 451 2263 pro
477 2221 568 2253 nobis
594 2227 777 2263 peccalum,
805 2226 841 2254 ut
867 2232 926 2254 nos
953 2222 1044 2264 fiere—

64 2275 132 2297 mus
152 2267 276 2298 iustitia
302 2265 368 2296 Dei
386 2266 418 2296 in
442 2265 525 2306 ipso.

150 2309 237 2345 Quid
271 2315 324 2340 est
356 2308 445 2339 hoc?
484 2307 605 2339 Factus·
629 2312 677 2340 est
703 2312 886 2349 peccatum,
920 2309 952 2340 id
981 2315 1044 2347 est,

64 2351 174 2383 hostia
197 2362 258 2393 pro
281 2358 440 2392 peccato,
464 2360 525 2382 seu
547 2351 699 2392 quiddam
723 2361 833 2389 reum,
856 2357 889 2382 et
911 2352 1043 2384 danma-

65 2401 143 2426 tum.
188 2394 262 2426 Hoc
285 2401 351 2425 tam
375 2403 528 2436 magnum
547 2400 610 2431 est,
632 2400 667 2424 ut
686 2392 778 2426 nulla
796 2400 948 2426 creatura
966 2405 1044 2436 pos-

66 2437 108 2468 sit
136 2434 429 2478 comprehendere.
476 2435 646 2468 Efficimur
678 2443 785 2468 autem
821 2446 883 2468 nos
917 2438 1042 2469 iustitia

65 2479 133 2511 Dei
151 2481 185 2511 in
207 2491 260 2518 eo,
286 2480 424 2521 primum
450 2480 679 2519 imputatione,
709 2485 745 2512 ut
765 2490 828 2512 nos
856 2487 1044 2521 reputemur

67 2523 162 2561 iusti,
190 2529 220 2554 et
251 2523 353 2554 simus
382 2523 509 2562 accepti
535 2529 668 2563 propte-r
689 2522 806 2562 ipsum.
852 2522 973 2555 Postea
997 2525 1042 2556 in-

68 2563 255 2602 choatione,
279 2566 333 2596 ubi
357 2570 465 2595 tamen
490 2574 622 2603 seinper
641 2570 748 2596 manet
767 2565 844 2603 hoc,
868 2567 956 2607 quod
975 2565 1043 2608 pla-
1068 2585 1070 2605 ᾗ

747 202 962 234 POSTlLLA
990 201 1389 234 MELANTHONtANA.

2009 202 2074 234 218

1182 295 1273 327 Haec
1300 294 1485 327 consolatio
1510 297 1607 327 debet
1640 306 1775 328 manere
1803 295 1914 334 firma,
1943 302 1977 328 et
2006 307 2074 328 non

1095 345 1147 370 est
1169 339 1352 376 obruenda,
1374 345 1410 370 ut
1429 349 1517 370 nunc
1536 339 1699 370 Osiander
1717 340 1864 381 disputat
1887 339 1928 371 de
1952 340 2075 372 iustitia

1095 380 1275 413 essentiali.
1321 381 1395 416 Quo
1418 383 1525 422 magis
1548 390 1703 413 crescunt
1731 383 1837 414 sancti
1866 382 1898 413 in
1916 383 2075 421 novitate,

1096 435 1136 456 eo
1159 424 1265 464 magis
1289 425 1410 456 crescit
1431 425 1464 454 in
1488 424 1535 456 eis
1563 425 1685 466 agnitio
1715 425 1877 463 sordium,
1906 432 2005 466 atque
2033 435 2073 457 eo

1095 469 1201 509 magis
1226 467 1308 498 fides
1337 467 1462 509 indiget
1489 466 1720 498 consolatione
1748 466 1821 505 illa,
1851 468 1939 509 quod
1968 474 2074 500 aeter-

1094 520 1156 542 nus
1181 516 1274 551 pater
1297 510 1339 541 sit
1361 510 1458 541 nobis
1487 511 1649 550 propitius
1674 517 1810 551 propter
1833 510 1945 542 filium.
1989 510 2074 542 Tan-

1095 554 1168 585 dem
1191 558 1348 595 sequetur
1372 554 1628 591 consummatio,
1657 553 1698 584 de
1720 564 1784 594 qua
1807 552 1928 584 Paulus
1951 554 2073 595 inquit:

1094 596 1168 627 Nos
1190 600 1394 637 e.rpectanms
1415 605 1502 636 spem
1526 597 1686 633 iustitiae,
1714 596 1745 627 id
1775 603 1846 634 est,
1875 595 1964 627 illam
1992 598 2073 628 inte-

1095 649 1187 680 gram
1219 638 1480 670 conformitatem
1511 650 1585 669 cum
1615 637 1706 680 lege,
1740 649 1825 680 quae
1853 640 1885 669 in
1915 639 1979 670 hac
2008 640 2075 670 vita

1096 691 1154 722 per
1178 680 1360 713 efficaciam
1383 680 1439 712 filii
1461 680 1525 713 Dei
1549 688 1598 712 est
1622 683 1654 712 in
1673 682 1770 712 nobis
1794 681 1959 712 inchoata.

1284 796 1346 835 De
1378 810 1547 836 numero
1579 795 1735 835 dierum
1768 795 1888 836 Anni.

1182 885 1339 928 Aegyptii
1367 885 1500 927 gloriati
1529 892 1622 924 sunt,
1649 886 1738 927 quod
1765 885 1926 917 haberent
1954 885 2074 917 flumen

1095 927 1221 966 Nilum,
1256 929 1350 961 cuius
1381 928 1497 960 literae
1526 930 1691 960 continent
1721 929 1790 959 dies
1819 929 1906 960 anni.
1953 929 2019 960 Sed
2043 929 2075 959 in

1097 971 1273 1003 Germania
1294 971 1413 1004 Menus
1440 972 1579 1003 eundem
1605 982 1776 1003 numerum
1806 972 1929 1004 dierum
1959 972 2076 1011 reddit,

1096 1014 1125 1044 si
1149 1015 1314 1047 scribatur
1337 1014 1477 1047 Graecis
1501 1013 1613 1046 literis.
1821 1012 1829 1019 '

1246 1099 1395 1172 ἕιὸθ

1373 1142 1394 1173 5
1758 1144 1793 1172 ,η
1870 1143 1912 1173 40

1253 1188 1273 1215 1
1352 1185 1393 1216 10
1768 1187 1795 1215 E
1820 1223 1821 1226 Ἴ
1891 1185 1912 1216 5

1241 1232 1273 1258 A
1349 1228 1392 1259 30
1762 1230 1821 1269 Α]
1867 1227 1911 1258 50

1245 1273 1272 1301 ο
1346 1271 1389 1301 70
1767 1272 1793 1301 ο
1869 1270 1911 1301 70

1245 1315 1274 1344 Σ
1297 1281 1301 1353 i
1324 1313 1388 1344 ‘200
1818 1284 1821 1353 i
1847 1314 1911 1344 200

1773 1315 1795 1330 Ὃ

1768 1334 1793 1343 a

1137 1362 1304 1406 “summa
1319 1363 1383 1405 365
1407 1374 1488 1405 dies.
1511 1363 1517 1365 ‘
1559 1362 1654 1365 ἡ
1685 1363 1907 1406 Summa'363
1931 1363 2039 1406 dies.-

1096 1489 1243 1529 Forma
1274 1487 1513 1541 precationis
1546 1487 1696 1527 dietata
1727 1503 1751 1527 a
1782 1487 1832 1527 D.
1859 1488 1958 1528 Phil.
1985 1487 2076 1528 Me-

1207 1548 1399 1587 lanthone
1432 1546 1598 1587 Calend.
1631 1547 1802 1587 Ianuarii
1841 1550 1964 1589 1560.

1139 1646 1215 1688 lpse
1238 1645 1332 1678 Deus
1355 1647 1491 1687 sapiens
1513 1647 1618 1677 verbo
1642 1646 1696 1687 qui
1721 1652 1841 1678 cuncta
1865 1647 2003 1685 creavit,

1203 1688 1245 1720 Et
1269 1690 1368 1721 certis
1392 1699 1513 1720 annum
1536 1688 1667 1730 legibus
1692 1690 1738 1720 ire
1762 1690 1863 1728 iubet,

1138 1731 1272 1764 Efficiat
1293 1732 1390 1763 nobis
1414 1732 1551 1762 veniens
1575 1733 1618 1763 sit
1639 1730 1769 1763 faustus
1791 1738 1827 1763 ut
1849 1742 1956 1764 annus

1202 1774 1245 1805 Et
1268 1773 1415 1806 clemens
1439 1774 1557 1805 dextra
1579 1785 1642 1805 nos
1665 1780 1755 1815 tegat
1777 1775 1850 1815 ipse
1872 1784 1944 1806 sua.

1140 1817 1181 1849 Et
1205 1818 1360 1870 Quoniam
1383 1823 1519 1859 gnatum
1542 1818 1641 1855 misit,
1663 1818 1718 1859 qui
1742 1816 1879 1860 colligat
1901 1827 2034 1860 agmen,

1204 1861 1307 1892 Cuius
1331 1861 1373 1891 sit
1396 1861 1526 1898 doctor,
1550 1861 1627 1899 vita,
1653 1866 1830 1902 caputque,
1852 1861 1946 1900 λόγος.

1139 1903 1201 1935 Hic
1224 1903 1310 1943 λόγος
1332 1909 1469 1934 aeterno
1493 1908 1590 1934 natus
1614 1909 1720 1944 patre,
1742 1913 1874 1945 semper
1896 1904 2018 1936 adesse

1203 1946 1246 1977 Et
1269 1952 1384 1978 custos
1408 1945 1518 1983 nobis,
1543 1952 1576 1978 et
1599 1952 1698 1987 caput
1722 1956 1797 1977 esse
1821 1945 1910 1978 velit.

1139 1989 1275 2021 Viribus
1298 1988 1448 2020 humanis
1473 1999 1537 2020 non
1563 1995 1612 2020 est
1635 1988 1791 2021 Ecclesia
1814 1994 1894 2027 tuta,

1202 2031 1331 2074 Regum
1354 2032 1529 2074 praesidiis
1552 2031 1694 2064 {ortibus
1717 2033 1799 2063 orba
1823 2038 1925 2063 caret.

1140 2075 1208 2108 Sed
1232 2081 1381 2106 nostram
1404 2075 1550 2106 indueris
1575 2085 1648 2106 cum
1671 2075 1753 2106 miro
1778 2074 1912 2107 foedere
1934 2085 2077 2107 massam

1205 2117 1313 2149 Gnate
1336 2118 1411 2157 Dei,
1434 2128 1565 2158 semper
1586 2128 1649 2149 nos
1674 2124 1729 2149 tua
1752 2119 1900 2149 membra
1923 2128 2032 2159 regas.

1139 2161 1181 2192 Et
1203 2160 1321 2199 facias,
1346 2167 1454 2192 tecum
1477 2171 1539 2192 nos
1563 2172 1663 2193 unum
1686 2168 1721 2192 ut
1744 2162 1847 2192 simus
1871 2162 1901 2192 in
1921 2172 2030 2200 avum,

1204 2204 1295 2235 Vera
1316 2203 1416 2236 laude
1438 2210 1513 2236 tuus
1537 2214 1603 2246 quo
1628 2202 1813 2235 celebretur
1836 2204 1954 2235 honos.

1393 2301 1459 2342 De
1490 2301 1599 2342 dieto
1630 2301 1781 2342 Iustini.

1181 2393 1325 2424 lustinus
1352 2392 1468 2434 inquit:
1509 2391 1664 2423 Christus
1693 2398 1744 2422 est
1772 2392 1869 2422 nobis
1899 2390 1964 2423 lex.
2010 2393 2074 2425 Sed

1095 2435 1240 2477 loquitur
1266 2442 1392 2467 tantum
1425 2436 1466 2467 de
1490 2433 1785 2466 Ceremonialibus.
1833 2433 2001 2467 Christum
2031 2436 2074 2467 si-

1095 2479 1293 2521 gnificarunt
1321 2479 1544 2516 ceremoniae,
1573 2483 1604 2509 et
1627 2476 1761 2509 Christo
1791 2476 1936 2508 exhibito
1963 2488 2075 2509 cessa—

1095 2528 1170 2553 runt
1193 2521 1414 2559 ceremoniae,
1446 2521 1545 2558 Quia,
1575 2531 1648 2552 cum
1677 2520 1858 2551 habeamus
1882 2530 1950 2551 rem
1974 2521 2074 2563 signi-

1095 2565 1243 2603 ficatam,
1275 2574 1341 2603 non
1368 2564 1552 2606 indigemus
1579 2563 1704 2595 umbris
1725 2561 1822 2605 legis.
1867 2562 1997 2595 Pascha
2019 2573 2074 2595 71⁰-

67 2617 182 2639 cemus
204 2613 341 2649 propter
362 2606 453 2638 inum
476 2605 652 2638 Dominum
677 2608 773 2638 nobis
796 2607 964 2647 donatum,
988 2610 1043 2651 qui
1068 2613 1070 2635 t
1094 2612 1208 2646 strum,
1232 2607 1335 2649 inquit
1357 2605 1494 2644 Paulus,
1518 2606 1696 2637 immolatus
1718 2610 1765 2637 est
1789 2604 1948 2638 Christus.
1995 2605 2073 2639 Cre-

68 2657 119 2681 est
136 2660 282 2682 summus
296 2650 466 2681 Sacerdos
484 2659 617 2689 semper
636 2648 847 2690 interpellans
861 2661 921 2692 pro
934 2653 1043 2684 nohis.
1067 2637 1070 2682 i
1095 2651 1174 2683 dere
1196 2651 1229 2682 in
1252 2649 1420 2683 Christum
1443 2655 1493 2685 est
1517 2647 1690 2687 celebrare
1712 2647 1854 2682 Pascha.
