2324 2958
133 164 199 198 857
829 159 1046 193 POSTILLA
1067 159 1468 194 MELANTHONIANA.
2073 163 2139 198 858

133 258 233 291 valde
255 258 361 290 saevit
382 257 416 288 in
438 257 522 297 pios.
567 256 677 287 Antea
699 264 772 286 cum
796 260 887 286 esset
899 253 1044 293 Paduae,
1066 252 1112 286 le·
1165 257 1211 286 lia
1232 263 1332 294 super
1349 255 1461 294 Israel,
1495 261 1528 287 ee
1547 259 1649 288 cirrus
1671 260 1740 288 eius
1763 260 1796 287 in
1819 258 1963 289 nubibus.
2009 259 2139 290 Μὶν-αὐό-

135 302 183 345 git
205 306 342 332 nostros
375 298 496 331 libros:
531 299 656 330 vadens
689 298 733 329 ad
755 297 930 329 lectionem
954 295 1113 338 epistolae
1163 298 1206 329 Iis
1228 299 1317 329 Deus
1340 301 1372 328 in
1394 302 1518 329 sanctis
1540 303 1617 330 suis.
1641 301 1729 330 Dens
1753 301 1856 331 lsrael
1877 303 1944 340 ipse
1966 300 2054 331 dabit
2075 303 2138 331 vir-

134 345 178 376 ad
199 343 381 377 Romanos,
405 340 478 374 tulit
499 351 614 373 secum
643 345 793 372 nostrum
822 339 1112 379 commentarium,
1164 344 1262 372 mem
1285 344 1317 371 ec
1332 338 1555 380 fortitudinem
1575 343 1663 381 plebi
1683 352 1769 373 suae.
1815 342 2012 374 Benedictus
2024 344 2137 383 Deus]

135 393 168 419 et
190 393 264 418 eum
287 384 377 427 legit.
443 384 584 420 Quando
614 383 739 415 audivit
761 382 962 415 Monachum
984 381 1112 424 praele·
1164 381 1353 414 Observate
1377 381 1441 414 hoc
1465 383 1643 424 epitheton.
1688 383 1781 415 Deus
1803 383 1959 416 mirabilis
1984 395 2061 416 vere
2085 391 2137 417 est

133 435 280 471 gentem,
304 426 402 460 valde
413 427 611 469 improbavit
629 426 700 458 eius
712 426 874 467 ineptias:
897 432 1016 466 postea
1039 435 1112 457 coe·
1163 424 1337 457 mirabilis:
1372 426 1447 467 quia
1481 425 1671 457 mirabiliter
1694 432 1806 458 servat
1831 426 2016 458 Ecclesiam
2039 428 2139 460 imbe-

133 472 180 514 pit
203 471 352 503 scribere
372 470 415 502 ad
434 469 639 507 Pontificem,
661 474 697 500 ut
718 468 813 500 fieret
828 476 977 500 summus
995 469 1112 511 guber·
1164 467 1273 499 cillem
1303 474 1336 500 et
1369 469 1533 500 miseram.
1600 468 1673 499 Hoc
1696 476 1745 500 est
1769 479 1847 500 vere
1870 469 2018 502 mirabile
2043 480 2138 510 opus,

133 521 233 546 nator
262 515 294 545 in
322 511 462 544 Anolia:
497 511 662 544 interfecit
683 510 886 543 Latimerum
914 518 1112 554 octuagena-
1163 509 1315 553 Relegite
1347 510 1523 553 psalmum,
1558 517 1589 542 et
1618 511 1727 542 addite
1756 511 1986 544 Germanicam
2014 513 2139 544 versio-

132 557 229 595 rium,
251 565 365 588 senem
378 538 603 597 =’Episcopumt
627 555 703 586 item
715 552 998 586 Cantuariensem.
1023 553 1111 587 Con—
1162 564 1249 593 nem,
1267 559 1299 585 et
1321 552 1547 586 dulcissimum
1570 553 1699 597 Stigelii
1721 564 1864 593 carmen,
1887 556 1977 596 quod
1999 555 2060 587 erit
2081 566 2137 588 vo-

133 605 184 633 tra
207 599 308 637 hunc,
332 605 363 630 et
387 609 460 630 eum
484 597 620 635 similes,
644 597 801 629 debemus
821 607 928 628 orare.
1134 563 1138 634 l
1163 597 1214 629 bis
1233 597 1308 630 vice
1338 597 1571 629 commentarii⁴

219 641 380 683 Repetitio
400 640 602 683 precationis
625 646 676 671 est
698 639 732 670 in
754 638 808 670 his
821 640 948 671 verbis:
972 639 1113 680 Dissipa
1135 635 1138 683 Ι

130 690 251 727 yemes,
274 695 355 726 quae
378 685 461 716 bella
481 683 600 714 colunt.
631 682 769 723 Dissipa
792 683 1025 714 conculcantem
1035 692 1111 723 pro-
1134 689 1138 709 ⁸

131 732 207 770 pter
229 731 419 769 argentum]
464 726 560 758 Prius
583 731 738 766 precatus
761 733 813 757 est
837 731 956 757 contr:⁴
980 724 1111 757 Pontifi-
1134 713 1137 761 l

133 781 204 809 ceS,
229 777 346 802 contra
369 779 492 810 corpus
515 768 763 811 hypocriticam.
832 768 900 799 lam
924 774 1040 800 eontra
1063 775 1111 810 ty·
1134 764 1137 803 l
1205 774 1443 808 EXCERPTA
1486 774 1546 806 EX
1590 773 1858 807 RHAPSODHS
1903 774 2106 808 AMORUM

132 823 259 846 rannus
282 814 337 855 qui
360 812 540 844 volunt-nid
563 818 627 850 est,
649 812 704 853 qui
727 809 869 843 inserunt
891 809 991 842 bella.
1043 810 1111 842 Dc·
1134 814 1136 849 ξ

131 855 260 900 pellere
292 853 425 893 bellum,
449 862 499 886 est
524 865 608 896 opus
632 864 694 885 suo
718 854 833 885 ordine
858 854 978 885 bonum
1002 858 1032 885 et
1055 864 1110 885 ne·
1534 834 1768 867 ANNORUM‘

134 899 333 932 cessarium:
356 898 417 929 sed
430 896 582 929 differunt
594 900 754 936 ἐπενέγκειν
771 897 911 936 πόλεμον,
930 902 963 928 et
983 896 1110 935 ἀμόνεσ-
1134 928 1137 932 ,

133 945 202 974 θαι.
247 940 304 979 Ut,
327 951 401 972 cum
422 939 530 971 Turca
552 939 650 972 infert
674 939 813 978 bellum,
837 939 1058 971 resistendum
1082 939 1112 971 ei
1135 938 1137 945 '
1248 937 1333 969 Tota
1357 936 1510 969 collectio
1534 936 1706 970 Ecclesiae
1736 943 1786 970 est
1813 936 1912 979 plena
1945 937 2141 971 mirabilium

132 991 197 1023 est,
231 989 264 1016 et
286 984 429 1026 ignavae
451 989 638 1024 potestates
661 981 748 1014 male
769 982 914 1021 faciunt,
948 993 1023 1014 cum
1045 992 1112 1014 non
1163 986 1195 1012 et
1217 991 1413 1013 arcanorum
1437 991 1584 1023 operum,
1609 991 1748 1023 quorum
1777 991 1899 1012 causas
1927 981 1960 1012 in
1990 986 2058 1013 tota
2087 992 2141 1013 ae-

134 1027 283 1069 cogitant
306 1027 347 1057 de
369 1025 517 1068 legitima
540 1024 745 1057 defensione.
789 1024 919 1057 Dicitur
937 1026 1001 1056 iam
1025 1025 1110 1056 ceci·
1136 1026 1139 1049 ¹
1162 1024 1317 1056 ternitate
1351 1024 1546 1056 videbimus.
1614 1024 1666 1056 Sit
1698 1025 1794 1055 vobis
1824 1030 1933 1055 autem
1956 1034 2086 1066 semper
2108 1025 2142 1056 in
2180 1022 2189 1031 ’

132 1071 226 1102 disse
248 1079 390 1112 magnus
413 1067 535 1110 globus
557 1069 678 1100 ardens
700 1068 732 1099 in
752 1067 913 1100 Moravia.
958 1067 1037 1098 Inde
1059 1073 1112 1099 est
1164 1072 1357 1108 conspectu,
1390 1067 1476 1098 hanc
1510 1068 1665 1098 miseram
1698 1072 1850 1098 naturam
1877 1065 2052 1099 humanam
2074 1077 2141 1099 non

132 1111 257 1149 fabula,
281 1112 370 1154 quod
393 1112 437 1143 ibi
461 1111 617 1143 ceciderit
639 1121 717 1151 pars
731 1117 892 1142 cometae.
938 1108 1060 1148 Credo,
1082 1110 1111 1141 si
1163 1118 1241 1140 esse
1264 1110 1306 1140 ad
1329 1108 1473 1141 infinitas
1497 1110 1647 1142 miserias
1671 1115 1703 1141 et
1731 1109 1937 1141 calamitates
1961 1110 2142 1148 conditam;

132 1156 178 1188 ita
199 1154 323 1187 factum
347 1161 409 1192 est,
432 1152 536 1186 fuisse
558 1154 727 1185 materiam
751 1151 943 1190 chasmatis,
967 1162 1032 1184 non
1056 1163 1111 1184 co-
1162 1151 1237 1182 Non
1270 1158 1424 1194 putemus
1458 1158 1563 1184 totum
1586 1162 1693 1195 genus
1716 1151 1893 1184 humanum
1916 1152 2041 1185 frustra
2065 1163 2142 1185 con-

132 1204 250 1230 metae.
316 1197 377 1228 Est
411 1195 582 1234 credibile,
617 1195 706 1237 quod
740 1195 783 1226 ibi
806 1193 936 1227 futurae
957 1195 1023 1226 sint
1045 1205 1111 1226 ma.-
1162 1193 1264 1226 ditum
1297 1204 1384 1226 esse.
1441 1193 1562 1236 Aliqua
1588 1205 1675 1268 fpars
1711 1196 1842 1237 generis
1876 1194 2010 1227 humani
2032 1197 2142 1228 veniet

133 1250 220 1283 gnae
241 1250 385 1281 pugnae,
408 1240 495 1270 sicut
516 1238 738 1280 Anaxagoras
751 1261 761 1275 ,
796 1249 871 1270 cum
893 1238 1035 1270 arsisset
1057 1247 1111 1269 co-
1162 1236 1341 1279 aliquando
1364 1238 1397 1269 in
1419 1243 1563 1279 portum,
1603 1244 1714 1269 ruetur
1726 1239 1861 1270 summis
1874 1239 1983 1277 bonis,
2001 1239 2044 1270 ad
2057 1248 2142 1280 quae

129 1288 219 1315 meta
241 1284 275 1314 in
299 1292 419 1324 magna
441 1288 534 1322 parte
556 1280 721 1313 Graeciae
749 1290 809 1322 per
837 1280 881 1312 60
909 1281 998 1320 dies,
1032 1281 1112 1312 dbn‘t
1162 1286 1215 1311 est
1238 1281 1382 1312 condita.
1416 1289 1419 1290 ⁷
1449 1280 1485 1312 In
1515 1281 1580 1311 hac
1602 1281 1765 1312 sententia
1787 1281 2042 1323 acquiescamus
2066 1282 2142 1321 fide,
2197 1313 2202 1315 .

130 1323 164 1358 la
188 1325 274 1357 idem
297 1334 454 1358 casurum
477 1324 518 1356 de
542 1323 650 1362 coelo,
673 1324 761 1365 quod
785 1321 910 1356 sactum
934 1330 985 1355 est
1001 1324 1043 1355 ad
1066 1324 1110 1355 in·
1161 1323 1337 1355 credamus
1359 1333 1438 1355 esse
1448 1322 1648 1361 Ecclesiam,
1671 1329 1703 1355 et
1720 1334 1792 1355 eam
1815 1324 1864 1355 sic
1889 1323 2013 1366 colligi,
2036 1325 2139 1357 misso

131 1378 172 1400 su
207 1379 251 1405 m,
273 1377 360 1409 quae
383 1367 503 1399 dicitur
526 1367 765 1406 Αἰγοσπόπαμος,
789 1376 856 1397 non
874 1365 1014 1408 procula
1027 1365 1112 1398 Con-
1136 1367 1138 1370 ’
1161 1365 1255 1401 Fili0‚
1279 1372 1312 1398 et
1333 1372 1470 1408 propter
1492 1365 1624 1403 Filium3
1648 1365 1749 1398 voluit
1775 1367 1859 1398 enim
1878 1366 1970 1398 Deus
1983 1378 2043 1409 per
2065 1369 2142 1399 obe>

132 1409 366 1451 stantinopoli:
391 1409 512 1448 Credo,
537 1410 626 1450 quod
649 1407 748 1441 fuerit
770 1418 881 1440 massa
905 1408 1048 1441 conflata
1071 1419 1111 1441 ex
1163 1409 1320 1440 dientiam
1342 1408 1414 1440 Filii
1439 1409 1595 1440 satisfieri
1619 1419 1699 1440 suae
1722 1410 1878 1445 iustitiae3
1902 1410 1976 1441 ideo
1989 1410 2074 1441 enim
2086 1421 2141 1442 vo-

131 1453 270 1485 materia
293 1453 420 1491 eadem,
444 1462 484 1484 ex
507 1462 573 1494 qua
597 1451 678 1484 fiunt
690 1450 829 1493 lapides.
875 1451 923 1483 Ibi
947 1458 999 1483 est
1021 1451 1113 1484 iacta
1137 1458 1139 1469 ¹
1163 1451 1224 1483 luit
1247 1451 1318 1483 fieri
1340 1452 1517 1490 hominem,
1540 1458 1575 1484 ut
1599 1458 1714 1494 posset
1737 1452 1807 1483 fieri
1830 1453 2023 1494 redemptio.

132 1501 304 1538 postrema
327 1505 437 1537 pugna
460 1496 545 1526 inter
567 1494 863 1532 Lacedaemonios,
887 1500 919 1526 et
931 1493 1112 1526 Athenien·
1140 1523 1141 1526 ,
1252 1494 1432 1535 Postquam
1456 1495 1554 1535 igitur
1577 1494 1776 1536 completum
1801 1501 1853 1526 est
1874 1495 1939 1527 hoc
1964 1506 2066 1537 opuS‚
2093 1495 2143 1527 Fi-

132 1548 190 1570 ses
213 1539 290 1570 victi
313 1544 407 1570 sunt:
429 1537 518 1568 Urhs
542 1548 656 1569 eorum
679 1538 789 1569 cincta
812 1537 986 1569 obsidione
1014 1536 1113 1579 paulo
1139 1558 1141 1576 ς
1162 1536 1226 1569 lius
1249 1537 1282 1569 in
1304 1543 1423 1568 natura
1445 1544 1617 1578 assumpta
1640 1538 1790 1569 ascendit
1812 1538 1854 1569 ad
1877 1544 2014 1579 patrem.
2080 1538 2143 1570 Hic

131 1587 210 1623 post
231 1581 264 1612 in
286 1582 414 1612 tristem
437 1580 630 1613 servitutem
653 1581 753 1612 venit.
1138 1579 1141 1620 f
1164 1589 1245 1612 vero
1279 1580 1458 1622 quaeritur,
1492 1590 1534 1611 an
1568 1581 1740 1612 accesserit
1772 1582 1896 1622 aliquid
1925 1581 2056 1613 Christo
2081 1591 2144 1624 per·

219 1623 379 1665 Sequitur
400 1623 592 1655 antithesis:
614 1622 686 1654 Etsi
709 1630 805 1654 erunt
817 1621 1019 1661 Maxentius,
1044 1622 1113 1654 Ma-
1138 1632 1141 1658 5
1164 1627 1380 1655 ascensionem
1415 1624 1521 1662 illum,
1557 1633 1598 1654 an
1621 1633 1684 1655 non
1711 1628 1784 1655 erat
1812 1625 1877 1655 z'am
1899 1625 1989 1665 apud
2011 1623 2144 1656 Patrem

134 1666 289 1705 siminus,
300 1662 553 1704 Diocletianus,
586 1664 691 1697 etalii
713 1665 863 1707 tyranni:
894 1670 1003 1698 tamen
1022 1664 1114 1697 multi
1138 1667 1141 1714 j
1159 1670 1237 1706 post
1259 1667 1545 1703 resurrectimaenu
1568 1670 1642 1705 imo,
1666 1676 1709 1698 an
1733 1676 1796 1698 non
1815 1666 1884 1706 suit
1900 1668 1933 1698 in
1947 1668 2034 1699 coelo
2046 1668 2143 1700 etiam

134 1715 242 1747 erunt,
265 1709 320 1751 qui
344 1709 497 1745 credent;
527 1708 657 1740 Venient
680 1709 782 1750 legati
802 1718 842 1739 ea:
864 1709 1026 1750 Aegypto:
1052 1710 1112 1740 Ae·
1138 1717 1141 1737 ι
1165 1710 1273 1741 cicens
1295 1710 1330 1740 in
1351 1709 1412 1741 Ιιαε
1435 1710 1662 1741 consuetmline
1683 1710 1795 1741 citae?
1844 1709 2055 1752 Respondeo.
2106 1711 2143 1742 Si

134 1751 258 1792 tln'opt'a
290 1751 408 1783 lez-abit
441 1761 553 1783 manus
587 1752 632 1783 ud
664 1755 756 1791 eum]
825 1750 884 1782 Est
918 1752 1113 1793 praedictio,
1137 1759 1241 1791 esse
1273 1753 1306 1783 in
1341 1751 1438 1784 coelo
1472 1751 1675 1794 intelligatur
1698 1753 1739 1784 de
1763 1751 1854 1784 claro
1877 1754 1994 1784 intuitu
2022 1752 2143 1792 Patris,

134 1795 225 1836 quod
258 1792 413 1826 Ecclesia
446 1801 575 1827 crescet
609 1795 706 1826 etiam
741 1795 849 1825 invitis
884 1795 1046 1836 tyrannis,
1081 1801 1113 1826 et
1138 1795 1139 1826 3
1163 1803 1195 1827 et
1219 1805 1321 1826 sensu
1354 1793 1499 1827 laetitiae
1522 1802 1554 1827 et
1577 1796 1805 1834 beatitudinis,
1839 1796 1924 1828 sicut
1948 1795 2064 1827 Matth.
2090 1796 2140 1828 18.

134 1836 365 1869 Pontificibus.
386 1835 482 1868 Multi
504 1847 545 1869 ex
568 1838 719 1869 omnibus
743 1838 897 1879 gentibus
920 1844 952 1868 et
974 1838 1112 1870 nationi·
1138 1851 1139 1865 z
1163 1838 1300 1870 dicitur:
1324 1839 1443 1879 Anyelz'
1461 1849 1570 1870 eornm
1592 1840 1624 1869 tn
1635 1840 1743 1877 coelis,
1766 1839 2008 1879 semper-videm
2023 1837 2144 1878 sociem

134 1881 196 1912 bus
220 1885 418 1922 agnoscent,
441 1885 474 1911 et
495 1880 695 1912 invocabunt
719 1879 898 1911 Christum.
1136 1867 1140 1906 l
1164 1881 1279 1913 Patris
1312 1882 1390 1919 mei,
1424 1883 1482 1923 qni
1512 1883 1545 1912 in
1575 1883 1672 1913 coelis
1703 1887 1767 1918 «osc,-
1801 1882 2068 1924 distinguendum
2092 1887 2144 1914 est

225 1923 337 1964 la'eyna
370 1926 481 1954 terrae
514 1927 644 1955 cantate
676 1922 760 1962 Deo,
796 1923 931 1954 Psallitc
961 1923 1112 1961 Domino,
1163 1925 1248 1955 inter
1271 1930 1392 1956 statum
1414 1923 1650 1956 humiliationis
1674 1932 1704 1956 et
1735 1923 1985 1967 glorificationis
2009 1924 2142 1957 Christi.

131 1966 265 2007 psallite
300 1965 382 2005 Deo,
416 1967 474 2006 qui
504 1966 651 1997 ascemlit
685 1976 788 2007 supra
817 1967 935 1998 coelum
958 1967 1040 1998 coeli
1069 1967 1113 1998 ad
1162 1965 1293 2000 Deinde
1306 1977 1420 1999 verum
1444 1973 1507 2006 est,
1531 1967 1698 2000 Christum
1722 1978 1799 1999 esse
1811 1967 2044 2010 glorificatum,
2068 1978 2143 2001 cum

132 2012 306 2047 orientem}
353 2007 543 2050 Alloquitur
565 2007 752 2040 Ecclesiam
770 2015 922 2046 vocatam
944 2019 986 2041 ex
1010 2010 1113 2051 genti·
1163 2011 1370 2046 resurrexitg
1405 2010 1495 2042 Vere
1529 2011 1628 2053 igitur
1661 2010 1834 2043 fruebatur
1856 2010 2040 2043 laetissimo
2065 2021 2142 2043 con-

133 2052 208 2090 bus,
231 2057 264 2084 et
286 2051 435 2083 hortatur
465 2051 507 2083 ad
535 2051 713 2093 gratiarum
743 2053 916 2084 actionem.
962 2051 1113 2094 Explicat
1163 2060 1280 2094 spectu
1303 2054 1427 2085 aeterni
1450 2053 1570 2085 Patris.
1595 2054 1648 2095 qui
1672 2055 1795 2096 ubique
1814 2054 1920 2086 adest.
1966 2054 2075 2095 Atque
2098 2054 2144 2086 ita

132 2100 261 2132 autem,
293 2094 382 2136 quod
406 2104 509 2135 supra
532 2095 631 2125 dixit:
666 2096 819 2127 Ascendit
842 2105 947 2136 supra
969 2096 1111 2134 Arabos,
1163 2097 1272 2127 statim
1301 2103 1377 2137 post
1406 2097 1704 2135 resurrectionem,
1734 2098 1824 2138 prius
1848 2108 1946 2139 quam
1970 2095 2144 2129 visibiliter

132 2137 179 2169 ad
201 2141 362 2169 orientem.
409 2136 474 2168 Alii
498 2143 643 2168 vertunt:
674 2138 716 2170 ab
738 2140 885 2178 antiquo:
915 2146 949 2170 ut
972 2139 1014 2170 sit
1038 2138 1111 2180 Epi·
1163 2145 1194 2170 et
1219 2138 1437 2182 corporaliter
1459 2149 1591 2171 sursum
1605 2141 1765 2178 ascendit,
1790 2140 1822 2170 in
1843 2137 1937 2171 coelo
1960 2138 2031 2177 suit,
2055 2140 2143 2171 vide-

132 2180 247 2212 theton
271 2179 368 2218 coeli,
393 2180 481 2221 quod
504 2187 554 2211 est
579 2181 620 2211 ab
645 2181 732 2212 omni
751 2182 950 2223 antiquitate.
1162 2182 1239 2215 licet
1261 2183 1349 2224 quod
1380 2183 1422 2213 ad
1452 2183 1727 2225 significationem
1752 2181 1840 2213 illam
1870 2181 2047 2215 locutionis
2071 2183 2143 2213 atti-

219 2223 300 2255 Ecce
332 2223 423 2255 daln't
457 2224 531 2255 coci
558 2233 647 2261 suae,
678 2234 785 2255 vocem
813 2225 968 2263 virtutis-J
992 2225 1025 2256 id
1048 2231 1112 2264 est,
1161 2232 1229 2264 net,
1263 2235 1328 2267 qua
1361 2224 1483 2268 Angeli
1518 2236 1650 2268 quoque
1684 2226 1770 2257 beati
1805 2226 1959 2257 dicuntur
1986 2226 2019 2257 in
2044 2224 2141 2257 coelo

130 2263 245 2304 flacint,
278 2272 313 2297 ut
335 2277 401 2298 vox
423 2265 596 2308 Evangelii
615 2266 658 2297 sit
688 2265 817 2298 efficax.
863 2266 936 2300 Hoc
959 2272 1011 2299 est
1032 2277 1111 2300 con·
1162 2278 1250 2307 esse,
1274 2268 1350 2310 quia
1373 2276 1557 2310 conspectu
1579 2268 1642 2300 Dei
1661 2267 1823 2300 fruuntur.

132 2314 184 2340 tra
206 2307 478 2347 Stenckfeldium‚
503 2310 557 2351 qui
582 2309 659 2341 dicit
676 2308 783 2342 Deum
805 2311 877 2342 sine
894 2311 999 2342 verbo
1022 2321 1110 2343 come
1247 2311 1411 2343 Ascendit
1443 2318 1551 2344 autem
1586 2312 1618 2342 in
1653 2310 1796 2343 coelum:
1826 2310 1857 2341 id
1880 2316 1942 2349 est,
1965 2311 1998 2342 in
2021 2309 2142 2350 locum,

130 2352 300 2384 municare
322 2362 360 2385 se
383 2353 501 2384 nobis:
524 2351 623 2383 Tollit
647 2353 861 2384 ministerium
889 2353 994 2385 verbi.
1040 2353 1109 2386 Sed
1162 2364 1260 2396 quem
1282 2354 1455 2396 Scriptura
1477 2355 1621 2386 nominat
1643 2354 1747 2385 sedem
1774 2353 1857 2392 Dei,
1886 2357 1916 2384 et
1949 2355 2142 2386 mansionem

132 2394 188 2425 hic
209 2404 272 2426 nos
295 2395 428 2427 deducit
449 2394 604 2427 Psalmus
628 2396 669 2426 ad
692 2397 829 2428 verbum
857 2401 891 2427 et
916 2397 1111 2429 doctrinam.
1163 2398 1339 2437 beatorum,
1372 2398 1428 2430 ubi
1461 2398 1642 2429 secundum
1676 2397 1910 2428 humanitatem
1944 2403 2042 2429 antea
2075 2407 2142 2429 non

133 2436 339 2479 Evanqelium
373 2442 420 2470 est
447 2439 592 2479 potentia
622 2437 689 2469 Dei
715 2439 759 2470 at!
781 2440 915 2470 salutem
937 2440 1024 2471 omni
1043 2449 1112 2472 cre*
1161 2440 1240 2478 fuit3
1274 2441 1361 2473 sicut
1394 2441 1517 2482 inquit:
1550 2440 1618 2481 1390
1639 2440 1785 2481 relinquo
1807 2440 1969 2478 mundum,
2003 2444 2033 2472 et
2055 2441 2143 2472 vado

132 2480 231 2511 denti·
1163 2485 1209 2516 ud
1241 2488 1387 2526 patrem.-
1421 2486 1459 2516 In
1491 2485 1585 2515 domo
1606 2483 1715 2524 patris
1737 2483 1799 2514 mei
1817 2483 1998 2515 mansiones
2027 2484 2142 2516 mutae

220 2522 314 2558 Quae
346 2523 379 2554 in
411 2524 588 2565 postremis
623 2524 751 2556 duobus
787 2524 939 2556 versibus
973 2524 1109 2565 Psalmi,
1162 2531 1254 2558 sunt.-
1277 2531 1306 2558 et
1330 2537 1388 2568 eqo
1412 2527 1495 2558 cado
1515 2530 1670 2567 paratum
1692 2526 1782 2558 cobis
1804 2527 1923 2562 Iocum3
1947 2525 2066 2558 Iterum
2090 2536 2140 2558 ce-

133 2571 211 2596 sunt
233 2564 373 2608 reliqua,
395 2572 474 2598 sunt
495 2565 774 2608 Epiphonemata3
796 2567 856 2599 sed
878 2568 970 2609 prius
992 2569 1111 2611 repetit
1162 2571 1259 2609 niam,
1294 2575 1325 2601 et
1347 2570 1506 2610 accipiam
1530 2579 1587 2601 vos
1609 2570 1655 2601 ad
1682 2579 1741 2608 me,
1770 2573 1816 2608 ut,
1844 2569 1903 2602 ubi
1921 2579 1980 2611 eqo
2001 2580 2081 2610 sum,
2110 2573 2141 2602 et

132 2607 412 2641 adhortationem:
435 2609 521 2642 Date
539 2609 678 2649 ,qlorz‘om
695 2611 775 2648 Deo,
797 2614 889 2643 cuius
910 2614 1109 2654 magnificen-
1161 2623 1220 2645 vos
1241 2614 1322 2645 sitis.
