<?xml version="1.0" encoding="UTF-8"?>
<!DOCTYPE html PUBLIC "-//W3C//DTD XHTML 1.0 Transitional//EN"
    "http://www.w3.org/TR/xhtml1/DTD/xhtml1-transitional.dtd">
<html xmlns="http://www.w3.org/1999/xhtml" xml:lang="en" lang="en">
 <head>
  <title>
</title>
<meta http-equiv="Content-Type" content="text/html;charset=utf-8" />
  <meta name='ocr-system' content='tesseract 3.04.00' />
  <meta name='ocr-capabilities' content='ocr_page ocr_carea ocr_par ocr_line ocrx_word'/>
</head>
<body>
  <div class='ocr_page' id='page_1' title='image "./operaquaesupersu24melauoft/operaquaesupersu24melauoft_0294.png"; bbox 0 0 2324 2958; ppageno 0'>
   <div class='ocr_carea' id='block_1_1' title="bbox 181 154 244 186">
    <p class='ocr_par' dir='ltr' id='par_1_1' title="bbox 181 154 244 186">
     <span class='ocr_line' id='line_1_1' title="bbox 181 154 244 186; baseline 0 0"><span class='ocrx_word' id='word_1_1' title='bbox 181 154 244 186; x_wconf 81' lang='lat'>535</span> 
     </span>
    </p>
   </div>
   <div class='ocr_carea' id='block_1_2' title="bbox 179 245 1153 452">
    <p class='ocr_par' dir='ltr' id='par_1_2' title="bbox 179 245 1153 452">
     <span class='ocr_line' id='line_1_2' title="bbox 181 245 1153 287; baseline -0.006 -6"><span class='ocrx_word' id='word_1_2' title='bbox 181 255 257 281; x_wconf 86' lang='lat' dir='ltr'>runt</span> <span class='ocrx_word' id='word_1_3' title='bbox 289 248 332 280; x_wconf 83' lang='grc'>30</span> <span class='ocrx_word' id='word_1_4' title='bbox 365 247 592 278; x_wconf 75' lang='lat' dir='ltr'>toachimtcos.</span> <span class='ocrx_word' id='word_1_5' title='bbox 636 245 769 287; x_wconf 79' lang='lat' dir='ltr'><strong>Hospes</strong></span> <span class='ocrx_word' id='word_1_6' title='bbox 804 247 950 278; x_wconf 85' lang='lat' dir='ltr'>dicebat:</span> <span class='ocrx_word' id='word_1_7' title='bbox 983 245 1056 287; x_wconf 85' lang='lat' dir='ltr'>Ego</span> <span class='ocrx_word' id='word_1_8' title='bbox 1087 255 1153 276; x_wconf 89' lang='lat' dir='ltr'>non</span> 
     </span>
     <span class='ocr_line' id='line_1_3' title="bbox 180 287 1152 331; baseline -0.006 -7"><span class='ocrx_word' id='word_1_9' title='bbox 180 289 299 324; x_wconf 80' lang='lat' dir='ltr'>vellem</span> <span class='ocrx_word' id='word_1_10' title='bbox 322 290 474 331; x_wconf 80' lang='lat' dir='ltr'>accipere</span> <span class='ocrx_word' id='word_1_11' title='bbox 495 289 567 327; x_wconf 87' lang='lat'>100,</span> <span class='ocrx_word' id='word_1_12' title='bbox 590 295 622 321; x_wconf 90' lang='lat' dir='ltr'>et</span> <span class='ocrx_word' id='word_1_13' title='bbox 644 289 753 321; x_wconf 80' lang='lat' dir='ltr'>adhuc</span> <span class='ocrx_word' id='word_1_14' title='bbox 775 288 879 321; x_wconf 90' lang='lat' dir='ltr'>semel</span> <span class='ocrx_word' id='word_1_15' title='bbox 902 289 1024 320; x_wconf 87' lang='lat' dir='ltr'>videre.</span> <span class='ocrx_word' id='word_1_16' title='bbox 1060 287 1152 318; x_wconf 85' lang='lat' dir='ltr'>Haec</span> 
     </span>
     <span class='ocr_line' id='line_1_4' title="bbox 181 330 1152 372; baseline -0.006 -6"><span class='ocrx_word' id='word_1_17' title='bbox 181 335 273 372; x_wconf 88' lang='lat' dir='ltr'>dico,</span> <span class='ocrx_word' id='word_1_18' title='bbox 299 339 335 365; x_wconf 86' lang='lat' dir='ltr'>ut</span> <span class='ocrx_word' id='word_1_19' title='bbox 356 332 497 364; x_wconf 84' lang='lat' dir='ltr'>audiatis</span> <span class='ocrx_word' id='word_1_20' title='bbox 519 341 581 364; x_wconf 85' lang='lat' dir='ltr'>vos</span> <span class='ocrx_word' id='word_1_21' title='bbox 589 355 599 371; x_wconf 95' lang='lat'>,</span> <span class='ocrx_word' id='word_1_22' title='bbox 627 331 767 364; x_wconf 78' lang='lat' dir='ltr'>Domine</span> <span class='ocrx_word' id='word_1_23' title='bbox 791 331 929 368; x_wconf 83' lang='lat' dir='ltr'>comes,</span> <span class='ocrx_word' id='word_1_24' title='bbox 958 331 1020 369; x_wconf 80' lang='lat' dir='ltr'>(sic</span> <span class='ocrx_word' id='word_1_25' title='bbox 1043 330 1152 361; x_wconf 87' lang='lat' dir='ltr'>aiebat</span> 
     </span>
     <span class='ocr_line' id='line_1_5' title="bbox 179 373 1153 412; baseline -0.006 -3"><span class='ocrx_word' id='word_1_26' title='bbox 179 377 222 409; x_wconf 77' lang='lat' dir='ltr'>ad</span> <span class='ocrx_word' id='word_1_27' title='bbox 240 374 416 412; x_wconf 87' lang='lat' dir='ltr'>Polonum)</span> <span class='ocrx_word' id='word_1_28' title='bbox 433 376 528 407; x_wconf 84' lang='lat' dir='ltr'>etiam</span> <span class='ocrx_word' id='word_1_29' title='bbox 547 381 681 408; x_wconf 86' lang='lat' dir='ltr'>strenua</span> <span class='ocrx_word' id='word_1_30' title='bbox 699 374 787 406; x_wconf 82' lang='lat' dir='ltr'>sacta</span> <span class='ocrx_word' id='word_1_31' title='bbox 804 374 1054 411; x_wconf 89' lang='lat' dir='ltr'>Germanorum,</span> <span class='ocrx_word' id='word_1_32' title='bbox 1067 373 1153 404; x_wconf 84' lang='lat' dir='ltr'>sicut</span> 
     </span>
     <span class='ocr_line' id='line_1_6' title="bbox 179 417 598 452; baseline -0.007 0"><span class='ocrx_word' id='word_1_33' title='bbox 179 420 244 452; x_wconf 78' lang='lat' dir='ltr'>dixi</span> <span class='ocrx_word' id='word_1_34' title='bbox 267 426 366 450; x_wconf 85' lang='lat' dir='ltr'>antea</span> <span class='ocrx_word' id='word_1_35' title='bbox 388 419 429 450; x_wconf 89' lang='lat' dir='ltr'>de</span> <span class='ocrx_word' id='word_1_36' title='bbox 453 417 598 450; x_wconf 72' lang='lat' dir='ltr'>rotonis.</span> 
     </span>
    </p>
   </div>
   <div class='ocr_carea' id='block_1_3' title="bbox 219 580 1099 641">
    <p class='ocr_par' dir='ltr' id='par_1_3' title="bbox 219 580 1099 641">
     <span class='ocr_line' id='line_1_7' title="bbox 219 580 1099 641; baseline -0.01 -13"><span class='ocrx_word' id='word_1_37' title='bbox 219 586 474 641; x_wconf 83' lang='lat' dir='ltr'>Frugalitatis</span> <span class='ocrx_word' id='word_1_38' title='bbox 505 592 546 624; x_wconf 84' lang='lat' dir='ltr'>et</span> <span class='ocrx_word' id='word_1_39' title='bbox 576 583 846 624; x_wconf 82' lang='lat' dir='ltr'>Parsimoniae</span> <span class='ocrx_word' id='word_1_40' title='bbox 875 580 1099 621; x_wconf 84' lang='lat' dir='ltr'>commoda.</span> 
     </span>
    </p>
   </div>
   <div class='ocr_carea' id='block_1_4' title="bbox 175 671 1153 2136">
    <p class='ocr_par' dir='ltr' id='par_1_4' title="bbox 178 671 1153 882">
     <span class='ocr_line' id='line_1_8' title="bbox 264 671 1150 721; baseline -0.011 -10"><span class='ocrx_word' id='word_1_41' title='bbox 264 679 363 721; x_wconf 80' lang='lat' dir='ltr'>Apud</span> <span class='ocrx_word' id='word_1_42' title='bbox 386 675 536 708; x_wconf 75' lang='lat' dir='ltr'>Plautum</span> <span class='ocrx_word' id='word_1_43' title='bbox 560 681 628 712; x_wconf 81' lang='lat' dir='ltr'>est,</span> <span class='ocrx_word' id='word_1_44' title='bbox 657 673 743 715; x_wconf 89' lang='lat' dir='ltr'>quod</span> <span class='ocrx_word' id='word_1_45' title='bbox 767 681 832 703; x_wconf 91' lang='lat' dir='ltr'>non</span> <span class='ocrx_word' id='word_1_46' title='bbox 856 672 898 703; x_wconf 88' lang='lat' dir='ltr'>sit</span> <span class='ocrx_word' id='word_1_47' title='bbox 921 671 1072 702; x_wconf 79' lang='lat' dir='ltr'>diuturna</span> <span class='ocrx_word' id='word_1_48' title='bbox 1096 681 1150 702; x_wconf 81' lang='lat' dir='ltr'>res</span> 
     </span>
     <span class='ocr_line' id='line_1_9' title="bbox 179 713 1149 762; baseline -0.012 -7"><span class='ocrx_word' id='word_1_49' title='bbox 179 720 365 759; x_wconf 86' lang='lat' dir='ltr'>familiaris,</span> <span class='ocrx_word' id='word_1_50' title='bbox 394 719 524 762; x_wconf 89' lang='lat' dir='ltr'>quando</span> <span class='ocrx_word' id='word_1_51' title='bbox 553 723 701 758; x_wconf 87' lang='lat' dir='ltr'>sumptus</span> <span class='ocrx_word' id='word_1_52' title='bbox 731 720 888 756; x_wconf 85' lang='lat' dir='ltr'>superant</span> <span class='ocrx_word' id='word_1_53' title='bbox 911 715 1046 745; x_wconf 76' lang='lat' dir='ltr'>redituS.</span> <span class='ocrx_word' id='word_1_54' title='bbox 1090 713 1149 744; x_wconf 87' lang='lat' dir='ltr'>Est</span> 
     </span>
     <span class='ocr_line' id='line_1_10' title="bbox 179 755 1153 806; baseline -0.014 -8"><span class='ocrx_word' id='word_1_55' title='bbox 179 771 211 798; x_wconf 83' lang='lat' dir='ltr'>et</span> <span class='ocrx_word' id='word_1_56' title='bbox 233 765 398 806; x_wconf 79' lang='lat' dir='ltr'>antiquum</span> <span class='ocrx_word' id='word_1_57' title='bbox 422 762 659 794; x_wconf 87' lang='lat' dir='ltr'>Germanorum</span> <span class='ocrx_word' id='word_1_58' title='bbox 678 758 904 800; x_wconf 79' lang='lat' dir='ltr'>proverbium:</span> <span class='ocrx_word' id='word_1_59' title='bbox 934 756 1007 786; x_wconf 73' lang='lat' dir='ltr'>Wer</span> <span class='ocrx_word' id='word_1_60' title='bbox 1025 756 1068 785; x_wconf 83' lang='lat' dir='ltr'>da</span> <span class='ocrx_word' id='word_1_61' title='bbox 1087 755 1153 785; x_wconf 82' lang='lat' dir='ltr'>will</span> 
     </span>
     <span class='ocr_line' id='line_1_11' title="bbox 178 799 1149 841; baseline -0.012 -2"><span class='ocrx_word' id='word_1_62' title='bbox 178 808 261 839; x_wconf 78' lang='lat' dir='ltr'>melu·</span> <span class='ocrx_word' id='word_1_63' title='bbox 282 806 449 840; x_wconf 77' lang='lat' dir='ltr'>verzehren,</span> <span class='ocrx_word' id='word_1_64' title='bbox 469 804 528 834; x_wconf 77' lang='lat' dir='ltr'>den</span> <span class='ocrx_word' id='word_1_65' title='bbox 551 805 616 832; x_wconf 79' lang='lat' dir='ltr'>sein</span> <span class='ocrx_word' id='word_1_66' title='bbox 637 803 724 841; x_wconf 71' lang='lat' dir='ltr'>pfluy</span> <span class='ocrx_word' id='word_1_67' title='bbox 747 801 808 829; x_wconf 74' lang='lat' dir='ltr'>kun</span> <span class='ocrx_word' id='word_1_68' title='bbox 831 800 969 835; x_wconf 59' lang='lat' dir='ltr'>erchren,</span> <span class='ocrx_word' id='word_1_69' title='bbox 996 799 1053 828; x_wconf 81' lang='lat' dir='ltr'>der</span> <span class='ocrx_word' id='word_1_70' title='bbox 1071 809 1149 828; x_wconf 81' lang='lat' dir='ltr'>nmss</span> 
     </span>
     <span class='ocr_line' id='line_1_12' title="bbox 179 842 1086 882; baseline -0.013 0"><span class='ocrx_word' id='word_1_71' title='bbox 179 851 285 882; x_wconf 73' lang='lat' dir='ltr'>tulelzt</span> <span class='ocrx_word' id='word_1_72' title='bbox 308 849 484 882; x_wconf 79' lang='lat' dir='ltr'>verderben,</span> <span class='ocrx_word' id='word_1_73' title='bbox 508 846 572 876; x_wconf 80' lang='lat' dir='ltr'>mul</span> <span class='ocrx_word' id='word_1_74' title='bbox 590 844 730 874; x_wconf 76' lang='lat' dir='ltr'>vieleielzt</span> <span class='ocrx_word' id='word_1_75' title='bbox 753 854 800 872; x_wconf 83' lang='lat' dir='ltr'>am</span> <span class='ocrx_word' id='word_1_76' title='bbox 822 842 935 882; x_wconf 73' lang='lat' dir='ltr'>yalyen</span> <span class='ocrx_word' id='word_1_77' title='bbox 958 842 1086 872; x_wconf 77' lang='lat' dir='ltr'>sterben.</span> 
     </span>
    </p>

    <p class='ocr_par' dir='ltr' id='par_1_5' title="bbox 178 882 1149 969">
     <span class='ocr_line' id='line_1_13' title="bbox 264 882 1149 935; baseline -0.011 -11"><span class='ocrx_word' id='word_1_78' title='bbox 264 890 451 935; x_wconf 81' lang='lat' dir='ltr'>Frugalitas</span> <span class='ocrx_word' id='word_1_79' title='bbox 475 895 525 921; x_wconf 91' lang='lat' dir='ltr'>est</span> <span class='ocrx_word' id='word_1_80' title='bbox 547 889 650 920; x_wconf 86' lang='lat' dir='ltr'>virtus</span> <span class='ocrx_word' id='word_1_81' title='bbox 673 888 705 918; x_wconf 95' lang='lat' dir='ltr'>in</span> <span class='ocrx_word' id='word_1_82' title='bbox 729 896 824 924; x_wconf 91' lang='lat' dir='ltr'>sese,</span> <span class='ocrx_word' id='word_1_83' title='bbox 853 892 884 917; x_wconf 84' lang='lat' dir='ltr'>et</span> <span class='ocrx_word' id='word_1_84' title='bbox 905 885 1013 916; x_wconf 85' lang='lat' dir='ltr'>nutrix</span> <span class='ocrx_word' id='word_1_85' title='bbox 1036 882 1149 916; x_wconf 84' lang='lat' dir='ltr'>multa-</span> 
     </span>
     <span class='ocr_line' id='line_1_14' title="bbox 178 936 435 969; baseline -0.019 0"><span class='ocrx_word' id='word_1_86' title='bbox 178 948 249 969; x_wconf 87' lang='lat' dir='ltr'>rum</span> <span class='ocrx_word' id='word_1_87' title='bbox 271 936 435 967; x_wconf 87' lang='lat' dir='ltr'>virtutum.</span> 
     </span>
    </p>

    <p class='ocr_par' dir='ltr' id='par_1_6' title="bbox 175 970 1151 1525">
     <span class='ocr_line' id='line_1_15' title="bbox 264 970 1149 1014; baseline -0.012 -5"><span class='ocrx_word' id='word_1_88' title='bbox 264 978 326 1010; x_wconf 84' lang='lat' dir='ltr'>Est</span> <span class='ocrx_word' id='word_1_89' title='bbox 353 978 450 1008; x_wconf 88' lang='lat' dir='ltr'>etiam</span> <span class='ocrx_word' id='word_1_90' title='bbox 481 975 602 1006; x_wconf 81' lang='lat' dir='ltr'>dictum</span> <span class='ocrx_word' id='word_1_91' title='bbox 632 971 902 1014; x_wconf 75' lang='lat' dir='ltr'>Pythagoricum:</span> <span class='ocrx_word' id='word_1_92' title='bbox 945 970 1019 1001; x_wconf 87' lang='lat' dir='ltr'>Non</span> <span class='ocrx_word' id='word_1_93' title='bbox 1038 973 1084 999; x_wconf 82' lang='lat' dir='ltr'>est</span> <span class='ocrx_word' id='word_1_94' title='bbox 1105 971 1149 999; x_wconf 81' lang='lat' dir='ltr'>in-</span> 
     </span>
     <span class='ocr_line' id='line_1_16' title="bbox 179 1013 1149 1052; baseline -0.012 1"><span class='ocrx_word' id='word_1_95' title='bbox 179 1021 341 1052; x_wconf 68' lang='lat' dir='ltr'>sitiendum</span> <span class='ocrx_word' id='word_1_96' title='bbox 365 1019 529 1049; x_wconf 73' lang='lat' dir='ltr'>Choem&#39;ci:</span> <span class='ocrx_word' id='word_1_97' title='bbox 552 1026 619 1045; x_wconf 87' lang='lat' dir='ltr'>man</span> <span class='ocrx_word' id='word_1_98' title='bbox 644 1015 705 1044; x_wconf 80' lang='lat' dir='ltr'>soll</span> <span class='ocrx_word' id='word_1_99' title='bbox 725 1015 784 1044; x_wconf 73' lang='lat' dir='ltr'>(Ias</span> <span class='ocrx_word' id='word_1_100' title='bbox 807 1013 921 1043; x_wconf 78' lang='lat' dir='ltr'>arslet‘n</span> <span class='ocrx_word' id='word_1_101' title='bbox 944 1013 1029 1043; x_wconf 71' lang='lat' dir='ltr'>nicht</span> <span class='ocrx_word' id='word_1_102' title='bbox 1051 1016 1149 1042; x_wconf 79' lang='lat' dir='ltr'>selzen</span> 
     </span>
     <span class='ocr_line' id='line_1_17' title="bbox 179 1056 1150 1104; baseline -0.01 -9"><span class='ocrx_word' id='word_1_103' title='bbox 179 1066 240 1104; x_wconf 79' lang='lat' dir='ltr'>auf</span> <span class='ocrx_word' id='word_1_104' title='bbox 255 1065 314 1094; x_wconf 83' lang='lat' dir='ltr'>das</span> <span class='ocrx_word' id='word_1_105' title='bbox 336 1061 482 1092; x_wconf 58' lang='lat' dir='ltr'>messit-iu.</span> <span class='ocrx_word' id='word_1_106' title='bbox 529 1058 649 1090; x_wconf 82' lang='lat' dir='ltr'>Procul</span> <span class='ocrx_word' id='word_1_107' title='bbox 674 1059 771 1089; x_wconf 90' lang='lat' dir='ltr'>dubio</span> <span class='ocrx_word' id='word_1_108' title='bbox 796 1056 960 1099; x_wconf 82' lang='lat' dir='ltr'>significat</span> <span class='ocrx_word' id='word_1_109' title='bbox 983 1066 1049 1087; x_wconf 87' lang='lat' dir='ltr'>non</span> <span class='ocrx_word' id='word_1_110' title='bbox 1072 1056 1150 1086; x_wconf 87' lang='lat' dir='ltr'>abu-</span> 
     </span>
     <span class='ocr_line' id='line_1_18' title="bbox 179 1097 1149 1144; baseline -0.012 -4"><span class='ocrx_word' id='word_1_111' title='bbox 179 1109 332 1144; x_wconf 88' lang='lat' dir='ltr'>tendum,</span> <span class='ocrx_word' id='word_1_112' title='bbox 366 1105 426 1136; x_wconf 88' lang='lat' dir='ltr'>sed</span> <span class='ocrx_word' id='word_1_113' title='bbox 455 1108 648 1135; x_wconf 79' lang='lat' dir='ltr'>reverentur</span> <span class='ocrx_word' id='word_1_114' title='bbox 676 1101 830 1132; x_wconf 90' lang='lat' dir='ltr'>utendum</span> <span class='ocrx_word' id='word_1_115' title='bbox 858 1109 934 1130; x_wconf 85' lang='lat' dir='ltr'>esse</span> <span class='ocrx_word' id='word_1_116' title='bbox 957 1099 1052 1130; x_wconf 89' lang='lat' dir='ltr'>donis</span> <span class='ocrx_word' id='word_1_117' title='bbox 1077 1097 1149 1129; x_wconf 89' lang='lat' dir='ltr'>Dei.</span> 
     </span>
     <span class='ocr_line' id='line_1_19' title="bbox 178 1142 1151 1188; baseline -0.012 -5"><span class='ocrx_word' id='word_1_118' title='bbox 178 1151 251 1183; x_wconf 83' lang='lat' dir='ltr'>Fuit</span> <span class='ocrx_word' id='word_1_119' title='bbox 264 1148 469 1181; x_wconf 84' lang='lat' dir='ltr'>cousuetudo</span> <span class='ocrx_word' id='word_1_120' title='bbox 487 1151 657 1188; x_wconf 88' lang='lat' dir='ltr'>parentum</span> <span class='ocrx_word' id='word_1_121' title='bbox 677 1149 877 1180; x_wconf 80' lang='lat' dir='ltr'>nostrorum,</span> <span class='ocrx_word' id='word_1_122' title='bbox 890 1142 1151 1183; x_wconf 82' lang='lat' dir='ltr'>quandocunque</span> 
     </span>
     <span class='ocr_line' id='line_1_20' title="bbox 177 1183 1151 1232; baseline -0.012 -6"><span class='ocrx_word' id='word_1_123' title='bbox 177 1193 329 1226; x_wconf 74' lang='lat' dir='ltr'>viderunt</span> <span class='ocrx_word' id='word_1_124' title='bbox 352 1200 470 1232; x_wconf 85' lang='lat' dir='ltr'>panem</span> <span class='ocrx_word' id='word_1_125' title='bbox 492 1190 523 1220; x_wconf 88' lang='lat' dir='ltr'>in</span> <span class='ocrx_word' id='word_1_126' title='bbox 547 1187 621 1219; x_wconf 83' lang='lat' dir='ltr'>solo</span> <span class='ocrx_word' id='word_1_127' title='bbox 639 1188 811 1223; x_wconf 74' lang='lat' dir='ltr'>iacentem,</span> <span class='ocrx_word' id='word_1_128' title='bbox 829 1191 862 1216; x_wconf 90' lang='lat' dir='ltr'>ut</span> <span class='ocrx_word' id='word_1_129' title='bbox 885 1184 1045 1215; x_wconf 80' lang='lat' dir='ltr'>levarent.</span> <span class='ocrx_word' id='word_1_130' title='bbox 1090 1183 1151 1214; x_wconf 81' lang='lat' dir='ltr'>&#39;ra-</span> 
     </span>
     <span class='ocr_line' id='line_1_21' title="bbox 178 1227 1150 1272; baseline -0.011 -4"><span class='ocrx_word' id='word_1_131' title='bbox 178 1235 229 1268; x_wconf 88' lang='lat' dir='ltr'>les</span> <span class='ocrx_word' id='word_1_132' title='bbox 252 1236 334 1266; x_wconf 90' lang='lat' dir='ltr'>ritus</span> <span class='ocrx_word' id='word_1_133' title='bbox 363 1233 495 1264; x_wconf 89' lang='lat' dir='ltr'>fuerunt</span> <span class='ocrx_word' id='word_1_134' title='bbox 526 1231 621 1272; x_wconf 80' lang='lat' dir='ltr'>signa</span> <span class='ocrx_word' id='word_1_135' title='bbox 651 1227 853 1269; x_wconf 85' lang='lat' dir='ltr'>disciplinae.</span> <span class='ocrx_word' id='word_1_136' title='bbox 899 1227 966 1259; x_wconf 86' lang='lat' dir='ltr'>Sed</span> <span class='ocrx_word' id='word_1_137' title='bbox 989 1228 1052 1258; x_wconf 85' lang='lat' dir='ltr'>ista</span> <span class='ocrx_word' id='word_1_138' title='bbox 1076 1237 1150 1257; x_wconf 88' lang='lat' dir='ltr'>con-</span> 
     </span>
     <span class='ocr_line' id='line_1_22' title="bbox 177 1268 1151 1311; baseline -0.012 0"><span class='ocrx_word' id='word_1_139' title='bbox 177 1282 357 1311; x_wconf 85' lang='lat' dir='ltr'>senescunt</span> <span class='ocrx_word' id='word_1_140' title='bbox 390 1276 421 1306; x_wconf 93' lang='lat' dir='ltr'>in</span> <span class='ocrx_word' id='word_1_141' title='bbox 445 1275 509 1306; x_wconf 84' lang='lat' dir='ltr'>hac</span> <span class='ocrx_word' id='word_1_142' title='bbox 532 1272 701 1309; x_wconf 87' lang='lat' dir='ltr'>barbarie,</span> <span class='ocrx_word' id='word_1_143' title='bbox 736 1271 882 1308; x_wconf 88' lang='lat' dir='ltr'>licentia,</span> <span class='ocrx_word' id='word_1_144' title='bbox 917 1277 948 1301; x_wconf 88' lang='lat' dir='ltr'>et</span> <span class='ocrx_word' id='word_1_145' title='bbox 971 1268 1151 1310; x_wconf 75' lang='lat' dir='ltr'>petulantia</span> 
     </span>
     <span class='ocr_line' id='line_1_23' title="bbox 177 1311 1149 1355; baseline -0.012 -1"><span class='ocrx_word' id='word_1_146' title='bbox 177 1322 352 1354; x_wconf 85' lang='lat' dir='ltr'>hominum¹</span> <span class='ocrx_word' id='word_1_147' title='bbox 398 1316 487 1349; x_wconf 83' lang='lat' dir='ltr'>Nihil</span> <span class='ocrx_word' id='word_1_148' title='bbox 510 1325 597 1348; x_wconf 90' lang='lat' dir='ltr'>nunc</span> <span class='ocrx_word' id='word_1_149' title='bbox 619 1320 752 1355; x_wconf 87' lang='lat' dir='ltr'>putatur</span> <span class='ocrx_word' id='word_1_150' title='bbox 774 1324 850 1345; x_wconf 78' lang='lat' dir='ltr'>csse</span> <span class='ocrx_word' id='word_1_151' title='bbox 874 1311 1064 1354; x_wconf 85' lang='lat' dir='ltr'>pulchrum,</span> <span class='ocrx_word' id='word_1_152' title='bbox 1088 1312 1149 1342; x_wconf 81' lang='lat' dir='ltr'>nisi</span> 
     </span>
     <span class='ocr_line' id='line_1_24' title="bbox 177 1355 1150 1397; baseline -0.013 0"><span class='ocrx_word' id='word_1_153' title='bbox 177 1366 219 1397; x_wconf 89' lang='lat' dir='ltr'>sit</span> <span class='ocrx_word' id='word_1_154' title='bbox 240 1363 343 1396; x_wconf 84' lang='lat' dir='ltr'>ferum</span> <span class='ocrx_word' id='word_1_155' title='bbox 367 1367 399 1392; x_wconf 89' lang='lat' dir='ltr'>et</span> <span class='ocrx_word' id='word_1_156' title='bbox 422 1359 566 1391; x_wconf 85' lang='lat' dir='ltr'>efferum.</span> <span class='ocrx_word' id='word_1_157' title='bbox 612 1357 686 1389; x_wconf 87' lang='lat' dir='ltr'>Fuit</span> <span class='ocrx_word' id='word_1_158' title='bbox 705 1362 737 1388; x_wconf 88' lang='lat' dir='ltr'>et</span> <span class='ocrx_word' id='word_1_159' title='bbox 755 1357 837 1387; x_wconf 87' lang='lat' dir='ltr'>haec</span> <span class='ocrx_word' id='word_1_160' title='bbox 857 1355 932 1387; x_wconf 91' lang='lat' dir='ltr'>olim</span> <span class='ocrx_word' id='word_1_161' title='bbox 952 1355 1150 1392; x_wconf 83' lang='lat' dir='ltr'>ceremonia,</span> 
     </span>
     <span class='ocr_line' id='line_1_25' title="bbox 177 1397 1150 1449; baseline -0.012 -10"><span class='ocrx_word' id='word_1_162' title='bbox 177 1407 285 1449; x_wconf 88' lang='lat' dir='ltr'>quod,</span> <span class='ocrx_word' id='word_1_163' title='bbox 318 1403 449 1447; x_wconf 91' lang='lat' dir='ltr'>quando</span> <span class='ocrx_word' id='word_1_164' title='bbox 472 1401 628 1433; x_wconf 82' lang='lat' dir='ltr'>levabant</span> <span class='ocrx_word' id='word_1_165' title='bbox 649 1409 783 1440; x_wconf 87' lang='lat' dir='ltr'>panem,</span> <span class='ocrx_word' id='word_1_166' title='bbox 807 1397 1042 1430; x_wconf 84' lang='lat' dir='ltr'>osculabantur</span> <span class='ocrx_word' id='word_1_167' title='bbox 1066 1407 1150 1428; x_wconf 86' lang='lat' dir='ltr'>eum.</span> 
     </span>
     <span class='ocr_line' id='line_1_26' title="bbox 175 1441 1150 1483; baseline -0.012 -1"><span class='ocrx_word' id='word_1_168' title='bbox 175 1450 249 1482; x_wconf 83' lang='lat' dir='ltr'>Fuit</span> <span class='ocrx_word' id='word_1_169' title='bbox 270 1449 352 1480; x_wconf 86' lang='lat' dir='ltr'>ritus</span> <span class='ocrx_word' id='word_1_170' title='bbox 374 1446 462 1478; x_wconf 90' lang='lat' dir='ltr'>haud</span> <span class='ocrx_word' id='word_1_171' title='bbox 485 1445 582 1476; x_wconf 87' lang='lat' dir='ltr'>dubie</span> <span class='ocrx_word' id='word_1_172' title='bbox 605 1448 762 1483; x_wconf 88' lang='lat' dir='ltr'>acceptus</span> <span class='ocrx_word' id='word_1_173' title='bbox 785 1452 804 1473; x_wconf 91' lang='lat' dir='ltr'>a</span> <span class='ocrx_word' id='word_1_174' title='bbox 826 1442 987 1483; x_wconf 87' lang='lat' dir='ltr'>patribus,</span> <span class='ocrx_word' id='word_1_175' title='bbox 1006 1441 1060 1482; x_wconf 87' lang='lat' dir='ltr'>qui</span> <span class='ocrx_word' id='word_1_176' title='bbox 1082 1451 1150 1472; x_wconf 92' lang='lat' dir='ltr'>mo-</span> 
     </span>
     <span class='ocr_line' id='line_1_27' title="bbox 175 1483 999 1525; baseline -0.016 1"><span class='ocrx_word' id='word_1_177' title='bbox 175 1498 317 1525; x_wconf 87' lang='lat' dir='ltr'>nuerunt</span> <span class='ocrx_word' id='word_1_178' title='bbox 340 1495 530 1522; x_wconf 82' lang='lat' dir='ltr'>reverenter</span> <span class='ocrx_word' id='word_1_179' title='bbox 554 1485 694 1518; x_wconf 91' lang='lat' dir='ltr'>colenda</span> <span class='ocrx_word' id='word_1_180' title='bbox 717 1494 793 1516; x_wconf 90' lang='lat' dir='ltr'>esse</span> <span class='ocrx_word' id='word_1_181' title='bbox 816 1485 902 1515; x_wconf 71' lang='lat' dir='ltr'>donzi</span> <span class='ocrx_word' id='word_1_182' title='bbox 926 1483 999 1515; x_wconf 89' lang='lat' dir='ltr'>Dei.</span> 
     </span>
    </p>

    <p class='ocr_par' dir='ltr' id='par_1_7' title="bbox 175 1526 1150 1869">
     <span class='ocr_line' id='line_1_28' title="bbox 262 1526 1150 1566; baseline -0.011 0"><span class='ocrx_word' id='word_1_183' title='bbox 262 1535 332 1566; x_wconf 86' lang='lat' dir='ltr'>Nos</span> <span class='ocrx_word' id='word_1_184' title='bbox 360 1532 459 1564; x_wconf 84' lang='lat' dir='ltr'>hodie</span> <span class='ocrx_word' id='word_1_185' title='bbox 489 1531 596 1562; x_wconf 89' lang='lat' dir='ltr'>abusu</span> <span class='ocrx_word' id='word_1_186' title='bbox 623 1529 782 1559; x_wconf 91' lang='lat' dir='ltr'>donorum</span> <span class='ocrx_word' id='word_1_187' title='bbox 810 1527 872 1558; x_wconf 86' lang='lat' dir='ltr'>Dei</span> <span class='ocrx_word' id='word_1_188' title='bbox 896 1526 1055 1557; x_wconf 78' lang='lat' dir='ltr'>laedimus</span> <span class='ocrx_word' id='word_1_189' title='bbox 1078 1536 1150 1557; x_wconf 89' lang='lat' dir='ltr'>cor-</span> 
     </span>
     <span class='ocr_line' id='line_1_29' title="bbox 176 1569 1148 1622; baseline -0.012 -11"><span class='ocrx_word' id='word_1_190' title='bbox 176 1589 275 1622; x_wconf 85' lang='lat' dir='ltr'>pora,</span> <span class='ocrx_word' id='word_1_191' title='bbox 298 1577 459 1608; x_wconf 78' lang='lat' dir='ltr'>laedimus</span> <span class='ocrx_word' id='word_1_192' title='bbox 482 1574 624 1605; x_wconf 83' lang='lat' dir='ltr'>animas:</span> <span class='ocrx_word' id='word_1_193' title='bbox 648 1571 887 1611; x_wconf 78' lang='lat' dir='ltr'>corrumpimus</span> <span class='ocrx_word' id='word_1_194' title='bbox 911 1569 1065 1611; x_wconf 77' lang='lat' dir='ltr'>negotia?</span> <span class='ocrx_word' id='word_1_195' title='bbox 1093 1569 1148 1599; x_wconf 94' lang='lat' dir='ltr'>im-</span> 
     </span>
     <span class='ocr_line' id='line_1_30' title="bbox 175 1612 1149 1665; baseline -0.011 -11"><span class='ocrx_word' id='word_1_196' title='bbox 175 1622 324 1665; x_wconf 85' lang='lat' dir='ltr'>pedimus</span> <span class='ocrx_word' id='word_1_197' title='bbox 358 1618 598 1660; x_wconf 71' lang='lat' dir='ltr'>precationem:</span> <span class='ocrx_word' id='word_1_198' title='bbox 631 1613 784 1656; x_wconf 86' lang='lat' dir='ltr'>Denique</span> <span class='ocrx_word' id='word_1_199' title='bbox 818 1623 931 1645; x_wconf 86' lang='lat' dir='ltr'>sumus</span> <span class='ocrx_word' id='word_1_200' title='bbox 965 1612 1149 1653; x_wconf 85' lang='lat' dir='ltr'>parricidae</span> 
     </span>
     <span class='ocr_line' id='line_1_31' title="bbox 176 1654 1149 1700; baseline -0.012 -3"><span class='ocrx_word' id='word_1_201' title='bbox 176 1671 381 1700; x_wconf 85' lang='lat' dir='ltr'>nostrorum,</span> <span class='ocrx_word' id='word_1_202' title='bbox 410 1667 439 1692; x_wconf 89' lang='lat' dir='ltr'>et</span> <span class='ocrx_word' id='word_1_203' title='bbox 471 1659 627 1695; x_wconf 86' lang='lat' dir='ltr'>aliorum,</span> <span class='ocrx_word' id='word_1_204' title='bbox 657 1659 739 1689; x_wconf 86' lang='lat' dir='ltr'>adeo</span> <span class='ocrx_word' id='word_1_205' title='bbox 764 1657 866 1697; x_wconf 76' lang='lat' dir='ltr'>turpis</span> <span class='ocrx_word' id='word_1_206' title='bbox 891 1663 922 1687; x_wconf 89' lang='lat' dir='ltr'>et</span> <span class='ocrx_word' id='word_1_207' title='bbox 946 1654 1074 1686; x_wconf 85' lang='lat' dir='ltr'>beluina</span> <span class='ocrx_word' id='word_1_208' title='bbox 1099 1662 1149 1685; x_wconf 86' lang='lat' dir='ltr'>est</span> 
     </span>
     <span class='ocr_line' id='line_1_32' title="bbox 177 1696 1148 1740; baseline -0.011 0"><span class='ocrx_word' id='word_1_209' title='bbox 177 1709 243 1740; x_wconf 79' lang='lat' dir='ltr'>vita</span> <span class='ocrx_word' id='word_1_210' title='bbox 265 1704 440 1738; x_wconf 83' lang='lat' dir='ltr'>multorum</span> <span class='ocrx_word' id='word_1_211' title='bbox 498 1702 537 1734; x_wconf 81' lang='lat' dir='ltr'>Et</span> <span class='ocrx_word' id='word_1_212' title='bbox 558 1701 677 1733; x_wconf 87' lang='lat' dir='ltr'>accidit</span> <span class='ocrx_word' id='word_1_213' title='bbox 702 1707 809 1731; x_wconf 89' lang='lat' dir='ltr'>tamen</span> <span class='ocrx_word' id='word_1_214' title='bbox 834 1699 910 1736; x_wconf 84' lang='lat' dir='ltr'>hoc,</span> <span class='ocrx_word' id='word_1_215' title='bbox 935 1699 1022 1740; x_wconf 89' lang='lat' dir='ltr'>quod</span> <span class='ocrx_word' id='word_1_216' title='bbox 1047 1696 1148 1740; x_wconf 76' lang='lat' dir='ltr'>vulgo</span> 
     </span>
     <span class='ocr_line' id='line_1_33' title="bbox 178 1741 1147 1787; baseline -0.015 -4"><span class='ocrx_word' id='word_1_217' title='bbox 178 1751 313 1787; x_wconf 80' lang='lat' dir='ltr'>dicitur,</span> <span class='ocrx_word' id='word_1_218' title='bbox 338 1746 494 1786; x_wconf 74' lang='lat' dir='ltr'>Quicquid</span> <span class='ocrx_word' id='word_1_219' title='bbox 516 1745 619 1774; x_wconf 75' lang='lat' dir='ltr'>multis</span> <span class='ocrx_word' id='word_1_220' title='bbox 639 1747 798 1784; x_wconf 66' lang='lat' dir='ltr'>pet-eatur,</span> <span class='ocrx_word' id='word_1_221' title='bbox 823 1742 951 1771; x_wconf 79' lang='lat' dir='ltr'>inultum</span> <span class='ocrx_word' id='word_1_222' title='bbox 972 1745 1027 1770; x_wconf 64' lang='lat' dir='ltr'>est.</span> <span class='ocrx_word' id='word_1_223' title='bbox 1074 1741 1147 1772; x_wconf 86' lang='lat' dir='ltr'>Non</span> 
     </span>
     <span class='ocr_line' id='line_1_34' title="bbox 175 1785 1148 1837; baseline -0.011 -12"><span class='ocrx_word' id='word_1_224' title='bbox 175 1799 285 1837; x_wconf 81' lang='lat' dir='ltr'>potest</span> <span class='ocrx_word' id='word_1_225' title='bbox 307 1792 376 1823; x_wconf 83' lang='lat' dir='ltr'>fieri</span> <span class='ocrx_word' id='word_1_226' title='bbox 399 1789 596 1826; x_wconf 76' lang='lat' dir='ltr'>emendatio,</span> <span class='ocrx_word' id='word_1_227' title='bbox 615 1787 747 1829; x_wconf 90' lang='lat' dir='ltr'>quando</span> <span class='ocrx_word' id='word_1_228' title='bbox 772 1786 848 1817; x_wconf 82' lang='lat' dir='ltr'>vitia</span> <span class='ocrx_word' id='word_1_229' title='bbox 871 1786 992 1817; x_wconf 87' lang='lat' dir='ltr'>abeunt</span> <span class='ocrx_word' id='word_1_230' title='bbox 1014 1785 1046 1815; x_wconf 89' lang='lat' dir='ltr'>in</span> <span class='ocrx_word' id='word_1_231' title='bbox 1071 1795 1148 1816; x_wconf 89' lang='lat' dir='ltr'>con-</span> 
     </span>
     <span class='ocr_line' id='line_1_35' title="bbox 175 1836 391 1869; baseline -0.019 -2"><span class='ocrx_word' id='word_1_232' title='bbox 175 1836 391 1869; x_wconf 88' lang='lat' dir='ltr'>suetudinem.</span> 
     </span>
    </p>

    <p class='ocr_par' dir='ltr' id='par_1_8' title="bbox 175 1870 1148 1997">
     <span class='ocr_line' id='line_1_36' title="bbox 262 1870 1148 1913; baseline -0.011 -3"><span class='ocrx_word' id='word_1_233' title='bbox 262 1878 452 1910; x_wconf 84' lang='lat' dir='ltr'>Habuerunt</span> <span class='ocrx_word' id='word_1_234' title='bbox 483 1875 578 1906; x_wconf 88' lang='lat' dir='ltr'>etiam</span> <span class='ocrx_word' id='word_1_235' title='bbox 603 1872 677 1904; x_wconf 93' lang='lat' dir='ltr'>olim</span> <span class='ocrx_word' id='word_1_236' title='bbox 708 1870 907 1913; x_wconf 83' lang='lat' dir='ltr'>peculiarem</span> <span class='ocrx_word' id='word_1_237' title='bbox 931 1870 1148 1902; x_wconf 78' lang='lat' dir='ltr'>ceremoniam</span> 
     </span>
     <span class='ocr_line' id='line_1_37' title="bbox 175 1911 1148 1958; baseline -0.013 -4"><span class='ocrx_word' id='word_1_238' title='bbox 175 1925 206 1955; x_wconf 92' lang='lat' dir='ltr'>in</span> <span class='ocrx_word' id='word_1_239' title='bbox 236 1920 410 1953; x_wconf 84' lang='lat' dir='ltr'>tractando</span> <span class='ocrx_word' id='word_1_240' title='bbox 440 1928 499 1949; x_wconf 78' lang='lat' dir='ltr'>scu</span> <span class='ocrx_word' id='word_1_241' title='bbox 530 1916 706 1958; x_wconf 77' lang='lat' dir='ltr'>aperiendo</span> <span class='ocrx_word' id='word_1_242' title='bbox 737 1914 883 1946; x_wconf 80' lang='lat' dir='ltr'>canthari</span> <span class='ocrx_word' id='word_1_243' title='bbox 908 1911 1083 1954; x_wconf 81' lang='lat' dir='ltr'>operculo,</span> <span class='ocrx_word' id='word_1_244' title='bbox 1114 1918 1148 1943; x_wconf 82' lang='lat' dir='ltr'>ut</span> 
     </span>
     <span class='ocr_line' id='line_1_38' title="bbox 176 1962 460 1997; baseline -0.025 0"><span class='ocrx_word' id='word_1_245' title='bbox 176 1972 227 1997; x_wconf 85' lang='lat' dir='ltr'>est</span> <span class='ocrx_word' id='word_1_246' title='bbox 251 1965 283 1995; x_wconf 88' lang='lat' dir='ltr'>in</span> <span class='ocrx_word' id='word_1_247' title='bbox 307 1962 460 1995; x_wconf 83' lang='lat' dir='ltr'>Hesiodo.</span> 
     </span>
    </p>

    <p class='ocr_par' dir='ltr' id='par_1_9' title="bbox 177 1997 1150 2136">
     <span class='ocr_line' id='line_1_39' title="bbox 262 1997 1148 2042; baseline -0.012 -4"><span class='ocrx_word' id='word_1_248' title='bbox 262 2007 323 2038; x_wconf 85' lang='lat' dir='ltr'>Est</span> <span class='ocrx_word' id='word_1_249' title='bbox 356 2011 462 2037; x_wconf 81' lang='lat' dir='ltr'>autem</span> <span class='ocrx_word' id='word_1_250' title='bbox 494 2013 522 2034; x_wconf 80' lang='lat' dir='ltr'>et</span> <span class='ocrx_word' id='word_1_251' title='bbox 559 2002 623 2033; x_wconf 82' lang='lat' dir='ltr'>hoc</span> <span class='ocrx_word' id='word_1_252' title='bbox 657 2003 688 2032; x_wconf 92' lang='lat' dir='ltr'>in</span> <span class='ocrx_word' id='word_1_253' title='bbox 724 2000 945 2042; x_wconf 64' lang='lat' dir='ltr'>Pythagorico</span> <span class='ocrx_word' id='word_1_254' title='bbox 975 1997 1032 2029; x_wconf 82' lang='lat' dir='ltr'>illo</span> <span class='ocrx_word' id='word_1_255' title='bbox 1061 1999 1148 2029; x_wconf 70' lang='lat' dir='ltr'>dit-to</span> 
     </span>
     <span class='ocr_line' id='line_1_40' title="bbox 177 2042 1150 2092; baseline -0.012 -13"><span class='ocrx_word' id='word_1_256' title='bbox 177 2049 463 2092; x_wconf 80' lang='lat' dir='ltr'>comprehensum,</span> <span class='ocrx_word' id='word_1_257' title='bbox 484 2046 631 2075; x_wconf 71' lang='lat' dir='ltr'>Clmrnici</span> <span class='ocrx_word' id='word_1_258' title='bbox 654 2055 711 2073; x_wconf 81' lang='lat' dir='ltr'>non</span> <span class='ocrx_word' id='word_1_259' title='bbox 736 2043 887 2071; x_wconf 63' lang='lat' dir='ltr'>insidias:</span> <span class='ocrx_word' id='word_1_260' title='bbox 911 2042 942 2073; x_wconf 83' lang='lat' dir='ltr'>id</span> <span class='ocrx_word' id='word_1_261' title='bbox 967 2048 1029 2072; x_wconf 80' lang='lat' dir='ltr'>est.</span> <span class='ocrx_word' id='word_1_262' title='bbox 1049 2042 1150 2071; x_wconf 71' lang='lat' dir='ltr'>debes</span> 
     </span>
     <span class='ocr_line' id='line_1_41' title="bbox 177 2086 1150 2136; baseline -0.014 -10"><span class='ocrx_word' id='word_1_263' title='bbox 177 2094 367 2136; x_wconf 81' lang='lat' dir='ltr'>prospicere</span> <span class='ocrx_word' id='word_1_264' title='bbox 391 2091 422 2121; x_wconf 95' lang='lat' dir='ltr'>in</span> <span class='ocrx_word' id='word_1_265' title='bbox 448 2090 633 2120; x_wconf 80' lang='lat' dir='ltr'>crastinum.</span> <span class='ocrx_word' id='word_1_266' title='bbox 679 2087 751 2117; x_wconf 82' lang='lat' dir='ltr'>Nou</span> <span class='ocrx_word' id='word_1_267' title='bbox 777 2086 823 2116; x_wconf 84' lang='lat' dir='ltr'>sis</span> <span class='ocrx_word' id='word_1_268' title='bbox 844 2086 982 2121; x_wconf 69' lang='lat' dir='ltr'>otiosus,</span> <span class='ocrx_word' id='word_1_269' title='bbox 1003 2095 1074 2115; x_wconf 84' lang='lat' dir='ltr'>cum</span> <span class='ocrx_word' id='word_1_270' title='bbox 1099 2095 1150 2113; x_wconf 79' lang='lat' dir='ltr'>se-</span> 
     </span>
    </p>
   </div>
   <div class='ocr_carea' id='block_1_5' title="bbox 868 149 1598 186">
    <p class='ocr_par' dir='ltr' id='par_1_10' title="bbox 868 149 1598 186">
     <span class='ocr_line' id='line_1_42' title="bbox 868 149 1598 186; baseline -0.001 -1"><span class='ocrx_word' id='word_1_271' title='bbox 868 151 979 185; x_wconf 83' lang='lat' dir='ltr'>PmL.</span> <span class='ocrx_word' id='word_1_272' title='bbox 1003 150 1104 183; x_wconf 75' lang='lat' dir='ltr'>MEL.</span> <span class='ocrx_word' id='word_1_273' title='bbox 1127 149 1311 184; x_wconf 61' lang='lat' dir='ltr'>semem</span> <span class='ocrx_word' id='word_1_274' title='bbox 1336 150 1598 186; x_wconf 75' lang='lat' dir='ltr'>EXEGE&#39;HCA.</span> 
     </span>
    </p>
   </div>
   <div class='ocr_carea' id='block_1_6' title="bbox 1174 413 1181 783">
    <p class='ocr_par' dir='ltr' id='par_1_11' title="bbox 1174 413 1181 783">
     <span class='ocr_line' id='line_1_43' title="bbox 1174 413 1181 783; baseline 0 0"><span class='ocrx_word' id='word_1_275' title='bbox 1174 413 1181 783; x_wconf 70' lang='lat' dir='ltr'>f</span> 
     </span>
    </p>
   </div>
   <div class='ocr_carea' id='block_1_7' title="bbox 177 2127 1180 2168">
    <p class='ocr_par' dir='ltr' id='par_1_12' title="bbox 177 2127 1180 2168">
     <span class='ocr_line' id='line_1_44' title="bbox 177 2127 1180 2168; baseline -0.012 0"><span class='ocrx_word' id='word_1_276' title='bbox 177 2135 242 2168; x_wconf 90' lang='lat' dir='ltr'>mel</span> <span class='ocrx_word' id='word_1_277' title='bbox 265 2136 371 2167; x_wconf 72' lang='lat' dir='ltr'>habes</span> <span class='ocrx_word' id='word_1_278' title='bbox 397 2133 534 2165; x_wconf 65' lang='lat' dir='ltr'>victum,</span> <span class='ocrx_word' id='word_1_279' title='bbox 558 2131 615 2161; x_wconf 76' lang='lat' dir='ltr'>sed</span> <span class='ocrx_word' id='word_1_280' title='bbox 639 2128 772 2163; x_wconf 79' lang='lat' dir='ltr'>labora.</span> <span class='ocrx_word' id='word_1_281' title='bbox 797 2135 827 2159; x_wconf 90' lang='lat' dir='ltr'>ut</span> <span class='ocrx_word' id='word_1_282' title='bbox 854 2129 947 2158; x_wconf 80' lang='lat' dir='ltr'>etiam</span> <span class='ocrx_word' id='word_1_283' title='bbox 973 2127 1151 2158; x_wconf 70' lang='lat' dir='ltr'>crastinum</span> <span class='ocrx_word' id='word_1_284' title='bbox 1178 2148 1180 2156; x_wconf 48' lang='lat' dir='ltr'>t</span> 
     </span>
    </p>
   </div>
   <div class='ocr_carea' id='block_1_8' title="bbox 177 2170 1151 2262">
    <p class='ocr_par' dir='ltr' id='par_1_13' title="bbox 177 2170 1151 2262">
     <span class='ocr_line' id='line_1_45' title="bbox 178 2170 1151 2221; baseline -0.015 -10"><span class='ocrx_word' id='word_1_285' title='bbox 178 2190 294 2221; x_wconf 71' lang='lat' dir='ltr'>panem</span> <span class='ocrx_word' id='word_1_286' title='bbox 319 2178 444 2209; x_wconf 69' lang='lat' dir='ltr'>liabens</span> <span class='ocrx_word' id='word_1_287' title='bbox 502 2175 547 2205; x_wconf 80' lang='lat' dir='ltr'>lta</span> <span class='ocrx_word' id='word_1_288' title='bbox 571 2173 623 2204; x_wconf 79' lang='lat' dir='ltr'>lllt:</span> <span class='ocrx_word' id='word_1_289' title='bbox 647 2174 782 2204; x_wconf 63' lang='lat' dir='ltr'>divitur:</span> <span class='ocrx_word' id='word_1_290' title='bbox 816 2171 964 2209; x_wconf 39' lang='lat' dir='ltr'>‘&#39;ulfi-‘litt&#39;</span> <span class='ocrx_word' id='word_1_291' title='bbox 983 2170 1066 2210; x_wconf 73' lang='lat' dir='ltr'>quun!</span> <span class='ocrx_word' id='word_1_292' title='bbox 1087 2170 1151 2198; x_wconf 64' lang='lat' dir='ltr'>reli-</span> 
     </span>
     <span class='ocr_line' id='line_1_46' title="bbox 177 2226 340 2262; baseline -0.012 -11"><span class='ocrx_word' id='word_1_293' title='bbox 177 2233 264 2262; x_wconf 79' lang='lat' dir='ltr'>quum</span> <span class='ocrx_word' id='word_1_294' title='bbox 287 2226 340 2251; x_wconf 76' lang='lat' dir='ltr'>est.</span> 
     </span>
    </p>
   </div>
   <div class='ocr_carea' id='block_1_9' title="bbox 263 2264 1152 2406">
    <p class='ocr_par' dir='ltr' id='par_1_14' title="bbox 263 2264 1152 2406">
     <span class='ocr_line' id='line_1_47' title="bbox 263 2264 403 2295; baseline -0.007 0"><span class='ocrx_word' id='word_1_295' title='bbox 263 2264 403 2295; x_wconf 76' lang='lat' dir='ltr'>Contra·-</span> 
     </span>
     <span class='ocr_line' id='line_1_48' title="bbox 264 2317 971 2357; baseline -0.014 -3"><span class='ocrx_word' id='word_1_296' title='bbox 264 2325 456 2353; x_wconf 66' lang='lat' dir='ltr'>Sollicitudo</span> <span class='ocrx_word' id='word_1_297' title='bbox 480 2325 511 2351; x_wconf 79' lang='lat' dir='ltr'>in</span> <span class='ocrx_word' id='word_1_298' title='bbox 537 2322 703 2350; x_wconf 72' lang='lat' dir='ltr'>rrastitmm</span> <span class='ocrx_word' id='word_1_299' title='bbox 726 2323 770 2347; x_wconf 75' lang='lat' dir='ltr'>es!</span> <span class='ocrx_word' id='word_1_300' title='bbox 791 2317 971 2357; x_wconf 71' lang='lat' dir='ltr'>prohibita:</span> 
     </span>
     <span class='ocr_line' id='line_1_49' title="bbox 266 2359 1152 2406; baseline -0.012 -9"><span class='ocrx_word' id='word_1_301' title='bbox 266 2368 420 2406; x_wconf 54' lang='lat' dir='ltr'>(fallique</span> <span class='ocrx_word' id='word_1_302' title='bbox 450 2377 502 2396; x_wconf 73' lang='lat' dir='ltr'>ea.</span> <span class='ocrx_word' id='word_1_303' title='bbox 533 2375 610 2404; x_wconf 77' lang='lat' dir='ltr'>qnm·</span> <span class='ocrx_word' id='word_1_304' title='bbox 639 2366 818 2402; x_wconf 71' lang='lat' dir='ltr'>supersunt.</span> <span class='ocrx_word' id='word_1_305' title='bbox 849 2365 892 2390; x_wconf 79' lang='lat' dir='ltr'>cst</span> <span class='ocrx_word' id='word_1_306' title='bbox 917 2359 1096 2388; x_wconf 63' lang='lat' dir='ltr'>sollicitudo</span> <span class='ocrx_word' id='word_1_307' title='bbox 1120 2360 1152 2387; x_wconf 80' lang='lat' dir='ltr'>ia</span> 
     </span>
    </p>
   </div>
   <div class='ocr_carea' id='block_1_10' title="bbox 267 2412 887 2493">
    <p class='ocr_par' dir='ltr' id='par_1_15' title="bbox 267 2412 887 2493">
     <span class='ocr_line' id='line_1_50' title="bbox 308 2412 489 2440; baseline -0.017 0"><span class='ocrx_word' id='word_1_308' title='bbox 308 2412 473 2440; x_wconf 60' lang='lat' dir='ltr'>erastinum</span> <span class='ocrx_word' id='word_1_309' title='bbox 484 2421 489 2437; x_wconf 71' lang='grc' dir='ltr'>ι</span> 
     </span>
     <span class='ocr_line' id='line_1_51' title="bbox 267 2447 887 2493; baseline -0.011 -10"><span class='ocrx_word' id='word_1_310' title='bbox 267 2455 352 2493; x_wconf 76' lang='lat' dir='ltr'>Eryn</span> <span class='ocrx_word' id='word_1_311' title='bbox 377 2464 435 2482; x_wconf 83' lang='lat' dir='ltr'>mm</span> <span class='ocrx_word' id='word_1_312' title='bbox 460 2455 526 2480; x_wconf 72' lang='lat' dir='ltr'>sun!</span> <span class='ocrx_word' id='word_1_313' title='bbox 552 2448 727 2488; x_wconf 68' lang='lat' dir='ltr'>rnllt&#39;ymnla</span> <span class='ocrx_word' id='word_1_314' title='bbox 753 2447 887 2476; x_wconf 69' lang='lat' dir='ltr'>residua.</span> 
     </span>
    </p>
   </div>
   <div class='ocr_carea' id='block_1_11' title="bbox 268 2515 1153 2564">
    <p class='ocr_par' dir='ltr' id='par_1_16' title="bbox 268 2515 1153 2564">
     <span class='ocr_line' id='line_1_52' title="bbox 268 2515 1153 2564; baseline -0.012 -10"><span class='ocrx_word' id='word_1_315' title='bbox 268 2523 464 2564; x_wconf 59' lang='lat' dir='ltr'>Respondet)</span> <span class='ocrx_word' id='word_1_316' title='bbox 489 2520 528 2550; x_wconf 89' lang='lat' dir='ltr'>nd</span> <span class='ocrx_word' id='word_1_317' title='bbox 555 2518 726 2550; x_wconf 54' lang='lat' dir='ltr'>nazorenu</span> <span class='ocrx_word' id='word_1_318' title='bbox 763 2516 945 2547; x_wconf 64' lang='lat' dir='ltr'>Sollicitudo</span> <span class='ocrx_word' id='word_1_319' title='bbox 974 2519 1023 2545; x_wconf 72' lang='lat' dir='ltr'>es!</span> <span class='ocrx_word' id='word_1_320' title='bbox 1046 2515 1153 2553; x_wconf 74' lang='lat' dir='ltr'>prohi-</span> 
     </span>
    </p>
   </div>
   <div class='ocr_carea' id='block_1_12' title="bbox 1179 2196 1183 2380">
    <p class='ocr_par' dir='ltr' id='par_1_17' title="bbox 1179 2196 1183 2380">
     <span class='ocr_line' id='line_1_53' title="bbox 1179 2196 1183 2380; baseline 0 0"><span class='ocrx_word' id='word_1_321' title='bbox 1179 2196 1183 2380; x_wconf 95' lang='lat' dir='ltr'> </span> 
     </span>
    </p>
   </div>
   <div class='ocr_carea' id='block_1_13' title="bbox 1177 2392 1182 2531">
    <p class='ocr_par' dir='ltr' id='par_1_18' title="bbox 1177 2392 1182 2531">
     <span class='ocr_line' id='line_1_54' title="bbox 1177 2392 1182 2531; baseline 0 427"><span class='ocrx_word' id='word_1_322' title='bbox 1177 2392 1182 2531; x_wconf 95' lang='lat' dir='ltr'> </span> 
     </span>
    </p>
   </div>
   <div class='ocr_carea' id='block_1_14' title="bbox 1179 2166 2078 2209">
    <p class='ocr_par' dir='ltr' id='par_1_19' title="bbox 1179 2166 2078 2209">
     <span class='ocr_line' id='line_1_55' title="bbox 1179 2166 2078 2209; baseline -0.004 -10"><span class='ocrx_word' id='word_1_323' title='bbox 1179 2171 1181 2190; x_wconf 42' lang='grc' dir='ltr'>ἰ</span> <span class='ocrx_word' id='word_1_324' title='bbox 1207 2171 1246 2199; x_wconf 79' lang='lat' dir='ltr'>de</span> <span class='ocrx_word' id='word_1_325' title='bbox 1271 2167 1450 2199; x_wconf 74' lang='lat' dir='ltr'>miraculis.</span> <span class='ocrx_word' id='word_1_326' title='bbox 1485 2168 1570 2209; x_wconf 84' lang='lat' dir='ltr'>quod</span> <span class='ocrx_word' id='word_1_327' title='bbox 1596 2168 1657 2198; x_wconf 81' lang='lat' dir='ltr'>siut</span> <span class='ocrx_word' id='word_1_328' title='bbox 1695 2168 1877 2197; x_wconf 64' lang='lat' dir='ltr'>testimonia</span> <span class='ocrx_word' id='word_1_329' title='bbox 1901 2166 2078 2197; x_wconf 85' lang='lat' dir='ltr'>doctrinae.</span> 
     </span>
    </p>
   </div>
   <div class='ocr_carea' id='block_1_15' title="bbox 2111 155 2174 187">
    <p class='ocr_par' dir='ltr' id='par_1_20' title="bbox 2111 155 2174 187">
     <span class='ocr_line' id='line_1_56' title="bbox 2111 155 2174 187; baseline 0 0"><span class='ocrx_word' id='word_1_330' title='bbox 2111 155 2174 187; x_wconf 83' lang='lat'>536</span> 
     </span>
    </p>
   </div>
   <div class='ocr_carea' id='block_1_16' title="bbox 1200 243 2177 1825">
    <p class='ocr_par' dir='ltr' id='par_1_21' title="bbox 1205 243 2174 319">
     <span class='ocr_line' id='line_1_57' title="bbox 1206 243 2174 290; baseline 0.006 -16"><span class='ocrx_word' id='word_1_331' title='bbox 1206 250 1239 274; x_wconf 85' lang='lat' dir='ltr'>ut</span> <span class='ocrx_word' id='word_1_332' title='bbox 1262 243 1451 277; x_wconf 83' lang='lat' dir='ltr'>laboremus</span> <span class='ocrx_word' id='word_1_333' title='bbox 1474 257 1534 288; x_wconf 89' lang='lat' dir='ltr'>pro</span> <span class='ocrx_word' id='word_1_334' title='bbox 1548 246 1733 284; x_wconf 75' lang='lat' dir='ltr'>vocatione,</span> <span class='ocrx_word' id='word_1_335' title='bbox 1756 246 1820 277; x_wconf 90' lang='lat' dir='ltr'>imo</span> <span class='ocrx_word' id='word_1_336' title='bbox 1833 247 1928 279; x_wconf 89' lang='lat' dir='ltr'>etiam</span> <span class='ocrx_word' id='word_1_337' title='bbox 1950 252 1983 278; x_wconf 91' lang='lat' dir='ltr'>ut</span> <span class='ocrx_word' id='word_1_338' title='bbox 2001 246 2174 290; x_wconf 82' lang='lat' dir='ltr'>diligenter</span> 
     </span>
     <span class='ocr_line' id='line_1_58' title="bbox 1205 285 1432 319; baseline -0.004 -1"><span class='ocrx_word' id='word_1_339' title='bbox 1205 285 1407 319; x_wconf 83' lang='lat' dir='ltr'>laboremus.</span> <span class='ocrx_word' id='word_1_340' title='bbox 1427 286 1432 292; x_wconf 89' lang='grc'><em>“</em></span> 
     </span>
    </p>

    <p class='ocr_par' dir='ltr' id='par_1_22' title="bbox 1202 329 2174 659">
     <span class='ocr_line' id='line_1_59' title="bbox 1290 329 2174 374; baseline 0.005 -13"><span class='ocrx_word' id='word_1_341' title='bbox 1290 329 1343 361; x_wconf 87' lang='lat' dir='ltr'>Ad</span> <span class='ocrx_word' id='word_1_342' title='bbox 1365 329 1527 363; x_wconf 75' lang='lat' dir='ltr'>Minorem</span> <span class='ocrx_word' id='word_1_343' title='bbox 1550 330 1754 371; x_wconf 81' lang='lat' dir='ltr'>respondeo:</span> <span class='ocrx_word' id='word_1_344' title='bbox 1786 332 1942 371; x_wconf 62' lang='lat' dir='ltr'>Colligere</span> <span class='ocrx_word' id='word_1_345' title='bbox 1962 342 2043 372; x_wconf 80' lang='lat' dir='ltr'>quae</span> <span class='ocrx_word' id='word_1_346' title='bbox 2063 343 2174 374; x_wconf 70' lang='lat' dir='ltr'>super-</span> 
     </span>
     <span class='ocr_line' id='line_1_60' title="bbox 1204 373 2174 417; baseline 0.003 -13"><span class='ocrx_word' id='word_1_347' title='bbox 1204 377 1286 412; x_wconf 74' lang='lat' dir='ltr'>sunt,</span> <span class='ocrx_word' id='word_1_348' title='bbox 1308 376 1357 404; x_wconf 74' lang='lat' dir='ltr'>est</span> <span class='ocrx_word' id='word_1_349' title='bbox 1379 375 1564 411; x_wconf 75' lang='lat' dir='ltr'>sollicitudo,</span> <span class='ocrx_word' id='word_1_350' title='bbox 1587 373 1741 405; x_wconf 69' lang='lat' dir='ltr'>videlicet</span> <span class='ocrx_word' id='word_1_351' title='bbox 1768 373 1894 405; x_wconf 78' lang='lat' dir='ltr'>labonis</span> <span class='ocrx_word' id='word_1_352' title='bbox 1923 381 1955 406; x_wconf 86' lang='lat' dir='ltr'>et</span> <span class='ocrx_word' id='word_1_353' title='bbox 1977 373 2174 417; x_wconf 84' lang='lat' dir='ltr'>diligentiae,</span> 
     </span>
     <span class='ocr_line' id='line_1_61' title="bbox 1204 413 2174 459; baseline 0.004 -13"><span class='ocrx_word' id='word_1_354' title='bbox 1204 425 1269 446; x_wconf 90' lang='lat' dir='ltr'>non</span> <span class='ocrx_word' id='word_1_355' title='bbox 1292 413 1502 447; x_wconf 85' lang='lat' dir='ltr'>diffidentiae.</span> <span class='ocrx_word' id='word_1_356' title='bbox 1549 416 1640 447; x_wconf 83' lang='lat' dir='ltr'>Hanc</span> <span class='ocrx_word' id='word_1_357' title='bbox 1669 415 1867 458; x_wconf 81' lang='lat' dir='ltr'>diligentiam</span> <span class='ocrx_word' id='word_1_358' title='bbox 1890 418 2048 459; x_wconf 85' lang='lat' dir='ltr'>praecipit</span> <span class='ocrx_word' id='word_1_359' title='bbox 2070 417 2174 459; x_wconf 83' lang='lat' dir='ltr'>Deus,</span> 
     </span>
     <span class='ocr_line' id='line_1_62' title="bbox 1203 456 2174 500; baseline 0.003 -11"><span class='ocrx_word' id='word_1_360' title='bbox 1203 464 1236 489; x_wconf 88' lang='lat' dir='ltr'>et</span> <span class='ocrx_word' id='word_1_361' title='bbox 1258 456 1326 490; x_wconf 87' lang='lat' dir='ltr'>vult</span> <span class='ocrx_word' id='word_1_362' title='bbox 1349 469 1411 490; x_wconf 84' lang='lat' dir='ltr'>nos</span> <span class='ocrx_word' id='word_1_363' title='bbox 1434 459 1503 490; x_wconf 82' lang='lat' dir='ltr'>suis</span> <span class='ocrx_word' id='word_1_364' title='bbox 1528 460 1623 490; x_wconf 74' lang='lat' dir='ltr'>«ionis</span> <span class='ocrx_word' id='word_1_365' title='bbox 1647 457 1820 500; x_wconf 85' lang='lat' dir='ltr'>diligenter</span> <span class='ocrx_word' id='word_1_366' title='bbox 1850 466 1880 490; x_wconf 86' lang='lat' dir='ltr'>et</span> <span class='ocrx_word' id='word_1_367' title='bbox 1905 467 2094 492; x_wconf 79' lang='lat' dir='ltr'>reverenter</span> <span class='ocrx_word' id='word_1_368' title='bbox 2116 461 2174 498; x_wconf 87' lang='lat' dir='ltr'>uti,</span> 
     </span>
     <span class='ocr_line' id='line_1_63' title="bbox 1203 500 2174 544; baseline 0.004 -13"><span class='ocrx_word' id='word_1_369' title='bbox 1203 506 1237 532; x_wconf 92' lang='lat' dir='ltr'>ut</span> <span class='ocrx_word' id='word_1_370' title='bbox 1260 502 1413 531; x_wconf 78' lang='lat' dir='ltr'>estendat</span> <span class='ocrx_word' id='word_1_371' title='bbox 1435 512 1527 533; x_wconf 87' lang='lat' dir='ltr'>suam</span> <span class='ocrx_word' id='word_1_372' title='bbox 1551 502 1754 543; x_wconf 75' lang='lat' dir='ltr'>sapientiam.</span> <span class='ocrx_word' id='word_1_373' title='bbox 1788 500 1829 532; x_wconf 89' lang='lat' dir='ltr'>Et</span> <span class='ocrx_word' id='word_1_374' title='bbox 1853 509 1902 533; x_wconf 83' lang='lat' dir='ltr'>est</span> <span class='ocrx_word' id='word_1_375' title='bbox 1921 513 2075 544; x_wconf 88' lang='lat' dir='ltr'>maguum</span> <span class='ocrx_word' id='word_1_376' title='bbox 2097 513 2174 544; x_wconf 87' lang='lat' dir='ltr'>peo-</span> 
     </span>
     <span class='ocr_line' id='line_1_64' title="bbox 1204 544 2174 585; baseline 0.003 -11"><span class='ocrx_word' id='word_1_377' title='bbox 1204 550 1324 581; x_wconf 87' lang='lat' dir='ltr'>catum,</span> <span class='ocrx_word' id='word_1_378' title='bbox 1347 544 1477 585; x_wconf 83' lang='lat' dir='ltr'>quaudo</span> <span class='ocrx_word' id='word_1_379' title='bbox 1501 551 1564 576; x_wconf 87' lang='lat' dir='ltr'>tam</span> <span class='ocrx_word' id='word_1_380' title='bbox 1589 545 1724 585; x_wconf 81' lang='lat' dir='ltr'>turpiter</span> <span class='ocrx_word' id='word_1_381' title='bbox 1748 545 1856 575; x_wconf 87' lang='lat' dir='ltr'>omnia</span> <span class='ocrx_word' id='word_1_382' title='bbox 1879 545 2119 585; x_wconf 90' lang='lat' dir='ltr'>profundimus,</span> <span class='ocrx_word' id='word_1_383' title='bbox 2142 553 2174 577; x_wconf 84' lang='lat' dir='ltr'>et</span> 
     </span>
     <span class='ocr_line' id='line_1_65' title="bbox 1202 585 2032 659; baseline 0.004 -43"><span class='ocrx_word' id='word_1_384' title='bbox 1202 585 1267 616; x_wconf 89' lang='lat' dir='ltr'>hac</span> <span class='ocrx_word' id='word_1_385' title='bbox 1288 586 1359 659; x_wconf 61' lang='lat' dir='ltr'>ilpsa</span> <span class='ocrx_word' id='word_1_386' title='bbox 1383 586 1576 627; x_wconf 82' lang='lat' dir='ltr'>profusione</span> <span class='ocrx_word' id='word_1_387' title='bbox 1598 597 1755 618; x_wconf 84' lang='lat' dir='ltr'>nocemus</span> <span class='ocrx_word' id='word_1_388' title='bbox 1780 588 1876 618; x_wconf 84' lang='lat' dir='ltr'>nobis</span> <span class='ocrx_word' id='word_1_389' title='bbox 1899 594 1931 619; x_wconf 83' lang='lat' dir='ltr'>et</span> <span class='ocrx_word' id='word_1_390' title='bbox 1949 587 2032 619; x_wconf 72' lang='lat' dir='ltr'>aliis.</span> 
     </span>
    </p>

    <p class='ocr_par' dir='ltr' id='par_1_23' title="bbox 1201 629 2176 1097">
     <span class='ocr_line' id='line_1_66' title="bbox 1318 629 2174 672; baseline 0.004 -13"><span class='ocrx_word' id='word_1_391' title='bbox 1318 635 1445 660; x_wconf 82' lang='lat' dir='ltr'>utamus</span> <span class='ocrx_word' id='word_1_392' title='bbox 1468 629 1533 661; x_wconf 82' lang='lat' dir='ltr'>hoc</span> <span class='ocrx_word' id='word_1_393' title='bbox 1555 640 1708 671; x_wconf 88' lang='lat' dir='ltr'>magnum</span> <span class='ocrx_word' id='word_1_394' title='bbox 1732 639 1808 661; x_wconf 85' lang='lat' dir='ltr'>esse</span> <span class='ocrx_word' id='word_1_395' title='bbox 1833 636 2014 670; x_wconf 79' lang='lat' dir='ltr'>peccatum,</span> <span class='ocrx_word' id='word_1_396' title='bbox 2043 631 2174 672; x_wconf 80' lang='lat' dir='ltr'>quando</span> 
     </span>
     <span class='ocr_line' id='line_1_67' title="bbox 1203 671 2174 716; baseline 0.004 -15"><span class='ocrx_word' id='word_1_397' title='bbox 1203 671 1383 702; x_wconf 89' lang='lat' dir='ltr'>occidimus</span> <span class='ocrx_word' id='word_1_398' title='bbox 1406 672 1585 703; x_wconf 80' lang='lat' dir='ltr'>hominem:</span> <span class='ocrx_word' id='word_1_399' title='bbox 1614 673 1673 704; x_wconf 78' lang='lat' dir='ltr'>sed</span> <span class='ocrx_word' id='word_1_400' title='bbox 1698 683 1762 703; x_wconf 84' lang='lat' dir='ltr'>non</span> <span class='ocrx_word' id='word_1_401' title='bbox 1788 673 1989 714; x_wconf 76' lang='lat' dir='ltr'>cogitamus,</span> <span class='ocrx_word' id='word_1_402' title='bbox 2018 680 2174 716; x_wconf 84' lang='lat' dir='ltr'>quantum</span> 
     </span>
     <span class='ocr_line' id='line_1_68' title="bbox 1202 714 2175 756; baseline 0.004 -12"><span class='ocrx_word' id='word_1_403' title='bbox 1202 714 1245 744; x_wconf 85' lang='lat' dir='ltr'>sit</span> <span class='ocrx_word' id='word_1_404' title='bbox 1267 720 1452 754; x_wconf 83' lang='lat' dir='ltr'>peccatum,</span> <span class='ocrx_word' id='word_1_405' title='bbox 1474 715 1604 756; x_wconf 82' lang='lat' dir='ltr'>quando</span> <span class='ocrx_word' id='word_1_406' title='bbox 1629 725 1690 746; x_wconf 87' lang='lat' dir='ltr'>nos</span> <span class='ocrx_word' id='word_1_407' title='bbox 1714 722 1746 746; x_wconf 87' lang='lat' dir='ltr'>et</span> <span class='ocrx_word' id='word_1_408' title='bbox 1768 714 1852 746; x_wconf 85' lang='lat' dir='ltr'>alios</span> <span class='ocrx_word' id='word_1_409' title='bbox 1884 716 2065 748; x_wconf 78' lang='lat' dir='ltr'>occidimus</span> <span class='ocrx_word' id='word_1_410' title='bbox 2087 715 2175 748; x_wconf 80' lang='lat' dir='ltr'>mala</span> 
     </span>
     <span class='ocr_line' id='line_1_69' title="bbox 1203 755 2173 799; baseline 0.004 -13"><span class='ocrx_word' id='word_1_411' title='bbox 1203 756 1321 787; x_wconf 87' lang='lat' dir='ltr'>diaeta.</span> <span class='ocrx_word' id='word_1_412' title='bbox 1367 755 1474 787; x_wconf 87' lang='lat' dir='ltr'>Etiam</span> <span class='ocrx_word' id='word_1_413' title='bbox 1496 756 1664 789; x_wconf 86' lang='lat' dir='ltr'>radiculae</span> <span class='ocrx_word' id='word_1_414' title='bbox 1686 768 1810 799; x_wconf 82' lang='lat' dir='ltr'>parvae</span> <span class='ocrx_word' id='word_1_415' title='bbox 1840 765 1963 789; x_wconf 84' lang='lat' dir='ltr'>tantum</span> <span class='ocrx_word' id='word_1_416' title='bbox 1987 759 2173 790; x_wconf 83' lang='lat' dir='ltr'>nutrimenti</span> 
     </span>
     <span class='ocr_line' id='line_1_70' title="bbox 1201 799 2174 843; baseline 0.004 -14"><span class='ocrx_word' id='word_1_417' title='bbox 1201 799 1380 833; x_wconf 79' lang='lat' dir='ltr'>attrahunt,</span> <span class='ocrx_word' id='word_1_418' title='bbox 1411 806 1566 840; x_wconf 85' lang='lat' dir='ltr'>quantum</span> <span class='ocrx_word' id='word_1_419' title='bbox 1590 810 1675 841; x_wconf 91' lang='lat' dir='ltr'>opus</span> <span class='ocrx_word' id='word_1_420' title='bbox 1698 807 1760 839; x_wconf 89' lang='lat' dir='ltr'>est,</span> <span class='ocrx_word' id='word_1_421' title='bbox 1784 807 1815 832; x_wconf 86' lang='lat' dir='ltr'>et</span> <span class='ocrx_word' id='word_1_422' title='bbox 1839 811 1904 831; x_wconf 88' lang='lat' dir='ltr'>non</span> <span class='ocrx_word' id='word_1_423' title='bbox 1928 800 2082 843; x_wconf 79' lang='lat' dir='ltr'>amplius:</span> <span class='ocrx_word' id='word_1_424' title='bbox 2113 800 2174 833; x_wconf 80' lang='lat' dir='ltr'>Pe-</span> 
     </span>
     <span class='ocr_line' id='line_1_71' title="bbox 1203 841 2175 886; baseline 0.005 -15"><span class='ocrx_word' id='word_1_425' title='bbox 1203 841 1305 872; x_wconf 75' lang='lat' dir='ltr'>cudes</span> <span class='ocrx_word' id='word_1_426' title='bbox 1335 843 1432 873; x_wconf 73' lang='lat' dir='ltr'>etiam</span> <span class='ocrx_word' id='word_1_427' title='bbox 1467 848 1592 873; x_wconf 86' lang='lat' dir='ltr'>tantum</span> <span class='ocrx_word' id='word_1_428' title='bbox 1619 843 1736 881; x_wconf 85' lang='lat' dir='ltr'>edunt,</span> <span class='ocrx_word' id='word_1_429' title='bbox 1771 850 1925 885; x_wconf 76' lang='lat' dir='ltr'>quantum</span> <span class='ocrx_word' id='word_1_430' title='bbox 1950 851 2107 886; x_wconf 82' lang='lat' dir='ltr'>possuut3</span> <span class='ocrx_word' id='word_1_431' title='bbox 2142 850 2175 876; x_wconf 83' lang='lat' dir='ltr'>et</span> 
     </span>
     <span class='ocr_line' id='line_1_72' title="bbox 1201 882 2174 928; baseline 0.002 -13"><span class='ocrx_word' id='word_1_432' title='bbox 1201 882 1318 916; x_wconf 91' lang='lat' dir='ltr'>melior</span> <span class='ocrx_word' id='word_1_433' title='bbox 1339 891 1390 915; x_wconf 84' lang='lat' dir='ltr'>est</span> <span class='ocrx_word' id='word_1_434' title='bbox 1412 884 1493 915; x_wconf 85' lang='lat' dir='ltr'>ordo</span> <span class='ocrx_word' id='word_1_435' title='bbox 1511 885 1672 925; x_wconf 88' lang='lat' dir='ltr'>pecudum</span> <span class='ocrx_word' id='word_1_436' title='bbox 1695 892 1727 917; x_wconf 86' lang='lat' dir='ltr'>et</span> <span class='ocrx_word' id='word_1_437' title='bbox 1749 886 1906 925; x_wconf 84' lang='lat' dir='ltr'>radicum,</span> <span class='ocrx_word' id='word_1_438' title='bbox 1929 897 2027 928; x_wconf 83' lang='lat' dir='ltr'>quam</span> <span class='ocrx_word' id='word_1_439' title='bbox 2049 893 2174 919; x_wconf 90' lang='lat' dir='ltr'>noster.</span> 
     </span>
     <span class='ocr_line' id='line_1_73' title="bbox 1203 926 2175 972; baseline 0.004 -15"><span class='ocrx_word' id='word_1_440' title='bbox 1203 926 1237 957; x_wconf 91' lang='lat' dir='ltr'>ln</span> <span class='ocrx_word' id='word_1_441' title='bbox 1274 937 1421 964; x_wconf 86' lang='lat' dir='ltr'>summa,</span> <span class='ocrx_word' id='word_1_442' title='bbox 1459 926 1616 968; x_wconf 86' lang='lat' dir='ltr'>colligere</span> <span class='ocrx_word' id='word_1_443' title='bbox 1649 927 1853 970; x_wconf 61' lang='lat' dir='ltr'>fragmenta,</span> <span class='ocrx_word' id='word_1_444' title='bbox 1892 936 1944 961; x_wconf 84' lang='lat' dir='ltr'>est</span> <span class='ocrx_word' id='word_1_445' title='bbox 1984 940 2106 972; x_wconf 75' lang='lat' dir='ltr'>mag-na</span> <span class='ocrx_word' id='word_1_446' title='bbox 2142 936 2175 961; x_wconf 85' lang='lat' dir='ltr'>et</span> 
     </span>
     <span class='ocr_line' id='line_1_74' title="bbox 1203 968 2175 1014; baseline 0.002 -13"><span class='ocrx_word' id='word_1_447' title='bbox 1203 968 1339 1011; x_wconf 88' lang='lat' dir='ltr'>pulchra</span> <span class='ocrx_word' id='word_1_448' title='bbox 1361 970 1476 1001; x_wconf 85' lang='lat' dir='ltr'>virtus.</span> <span class='ocrx_word' id='word_1_449' title='bbox 1518 969 1611 1001; x_wconf 77' lang='lat' dir='ltr'>Deus</span> <span class='ocrx_word' id='word_1_450' title='bbox 1634 969 1704 1001; x_wconf 88' lang='lat' dir='ltr'>vult</span> <span class='ocrx_word' id='word_1_451' title='bbox 1727 981 1789 1003; x_wconf 88' lang='lat' dir='ltr'>nos</span> <span class='ocrx_word' id='word_1_452' title='bbox 1812 981 1912 1011; x_wconf 87' lang='lat' dir='ltr'>parce</span> <span class='ocrx_word' id='word_1_453' title='bbox 1935 979 1965 1003; x_wconf 92' lang='lat' dir='ltr'>et</span> <span class='ocrx_word' id='word_1_454' title='bbox 1989 971 2175 1014; x_wconf 83' lang='lat' dir='ltr'>diligenter,</span> 
     </span>
     <span class='ocr_line' id='line_1_75' title="bbox 1203 1013 2176 1054; baseline 0.001 -11"><span class='ocrx_word' id='word_1_455' title='bbox 1203 1019 1234 1043; x_wconf 91' lang='lat' dir='ltr'>et</span> <span class='ocrx_word' id='word_1_456' title='bbox 1267 1018 1454 1044; x_wconf 88' lang='lat' dir='ltr'>reverenter</span> <span class='ocrx_word' id='word_1_457' title='bbox 1487 1013 1533 1044; x_wconf 92' lang='lat' dir='ltr'>uti</span> <span class='ocrx_word' id='word_1_458' title='bbox 1566 1014 1716 1044; x_wconf 86' lang='lat' dir='ltr'>omnibus</span> <span class='ocrx_word' id='word_1_459' title='bbox 1751 1014 1846 1044; x_wconf 83' lang='lat' dir='ltr'>donis</span> <span class='ocrx_word' id='word_1_460' title='bbox 1881 1013 2110 1054; x_wconf 80' lang='lat' dir='ltr'>corporalibus</span> <span class='ocrx_word' id='word_1_461' title='bbox 2144 1020 2176 1045; x_wconf 87' lang='lat' dir='ltr'>et</span> 
     </span>
     <span class='ocr_line' id='line_1_76' title="bbox 1203 1055 1436 1097; baseline 0.004 -13"><span class='ocrx_word' id='word_1_462' title='bbox 1203 1055 1436 1097; x_wconf 78' lang='lat' dir='ltr'>spiritualibus.</span> 
     </span>
    </p>

    <p class='ocr_par' dir='ltr' id='par_1_24' title="bbox 1200 1097 2177 1825">
     <span class='ocr_line' id='line_1_77' title="bbox 1289 1097 2173 1139; baseline 0.001 -10"><span class='ocrx_word' id='word_1_463' title='bbox 1289 1097 1345 1129; x_wconf 83' lang='lat' dir='ltr'>Sic</span> <span class='ocrx_word' id='word_1_464' title='bbox 1380 1099 1410 1128; x_wconf 92' lang='lat' dir='ltr'>in</span> <span class='ocrx_word' id='word_1_465' title='bbox 1441 1097 1664 1139; x_wconf 80' lang='lat' dir='ltr'>spiritualibus</span> <span class='ocrx_word' id='word_1_466' title='bbox 1701 1097 1769 1129; x_wconf 81' lang='lat' dir='ltr'>vult</span> <span class='ocrx_word' id='word_1_467' title='bbox 1801 1109 1862 1129; x_wconf 89' lang='lat' dir='ltr'>uos</span> <span class='ocrx_word' id='word_1_468' title='bbox 1894 1109 2094 1130; x_wconf 78' lang='lat' dir='ltr'>conservare</span> <span class='ocrx_word' id='word_1_469' title='bbox 2117 1099 2173 1130; x_wconf 58' lang='lat' dir='ltr'>dv</span> 
     </span>
     <span class='ocr_line' id='line_1_78' title="bbox 1204 1140 2176 1183; baseline 0.002 -12"><span class='ocrx_word' id='word_1_470' title='bbox 1204 1141 1327 1172; x_wconf 69' lang='lat' dir='ltr'>cti-inae</span> <span class='ocrx_word' id='word_1_471' title='bbox 1350 1140 1545 1182; x_wconf 86' lang='lat' dir='ltr'>fragmenta.</span> <span class='ocrx_word' id='word_1_472' title='bbox 1598 1142 1659 1176; x_wconf 80' lang='lat' dir='ltr'>Qui</span> <span class='ocrx_word' id='word_1_473' title='bbox 1689 1149 1765 1172; x_wconf 82' lang='lat' dir='ltr'>ante</span> <span class='ocrx_word' id='word_1_474' title='bbox 1797 1141 1878 1172; x_wconf 88' lang='lat' dir='ltr'>haec</span> <span class='ocrx_word' id='word_1_475' title='bbox 1903 1150 2050 1183; x_wconf 86' lang='lat' dir='ltr'>tempora</span> <span class='ocrx_word' id='word_1_476' title='bbox 2074 1141 2176 1173; x_wconf 88' lang='lat' dir='ltr'>domi·</span> 
     </span>
     <span class='ocr_line' id='line_1_79' title="bbox 1203 1182 2176 1224; baseline 0.003 -11"><span class='ocrx_word' id='word_1_477' title='bbox 1203 1184 1268 1214; x_wconf 88' lang='lat' dir='ltr'>nati</span> <span class='ocrx_word' id='word_1_478' title='bbox 1292 1190 1367 1214; x_wconf 87' lang='lat' dir='ltr'>sunt</span> <span class='ocrx_word' id='word_1_479' title='bbox 1390 1184 1422 1214; x_wconf 91' lang='lat' dir='ltr'>in</span> <span class='ocrx_word' id='word_1_480' title='bbox 1453 1182 1622 1221; x_wconf 78' lang='lat' dir='ltr'>Ecclesia,</span> <span class='ocrx_word' id='word_1_481' title='bbox 1654 1192 1888 1224; x_wconf 82' lang='lat' dir='ltr'>oppresserunt</span> <span class='ocrx_word' id='word_1_482' title='bbox 1920 1186 2100 1223; x_wconf 86' lang='lat' dir='ltr'>veritatem,</span> <span class='ocrx_word' id='word_1_483' title='bbox 2122 1195 2176 1216; x_wconf 78' lang='lat' dir='ltr'>ex-</span> 
     </span>
     <span class='ocr_line' id='line_1_80' title="bbox 1203 1226 2176 1269; baseline 0.001 -12"><span class='ocrx_word' id='word_1_484' title='bbox 1203 1227 1367 1258; x_wconf 80' lang='lat' dir='ltr'>tinxerunt</span> <span class='ocrx_word' id='word_1_485' title='bbox 1389 1227 1522 1267; x_wconf 86' lang='lat' dir='ltr'>antiqua</span> <span class='ocrx_word' id='word_1_486' title='bbox 1550 1234 1769 1258; x_wconf 85' lang='lat' dir='ltr'>monumenta.</span> <span class='ocrx_word' id='word_1_487' title='bbox 1820 1226 1893 1268; x_wconf 84' lang='lat' dir='ltr'>Ego</span> <span class='ocrx_word' id='word_1_488' title='bbox 1923 1228 1996 1260; x_wconf 84' lang='lat' dir='ltr'>scio</span> <span class='ocrx_word' id='word_1_489' title='bbox 2025 1237 2065 1259; x_wconf 80' lang='lat' dir='ltr'>ex</span> <span class='ocrx_word' id='word_1_490' title='bbox 2093 1228 2176 1269; x_wconf 85' lang='lat' dir='ltr'>opti-</span> 
     </span>
     <span class='ocr_line' id='line_1_81' title="bbox 1204 1267 2175 1312; baseline 0.001 -12"><span class='ocrx_word' id='word_1_491' title='bbox 1204 1270 1264 1300; x_wconf 88' lang='lat' dir='ltr'>mis</span> <span class='ocrx_word' id='word_1_492' title='bbox 1287 1267 1378 1299; x_wconf 75' lang='lat' dir='ltr'>libn&#39;s</span> <span class='ocrx_word' id='word_1_493' title='bbox 1402 1275 1547 1300; x_wconf 82' lang='lat' dir='ltr'>veterum</span> <span class='ocrx_word' id='word_1_494' title='bbox 1568 1275 1739 1309; x_wconf 77' lang='lat' dir='ltr'>exemptas</span> <span class='ocrx_word' id='word_1_495' title='bbox 1762 1278 1837 1300; x_wconf 76' lang='lat' dir='ltr'>esse</span> <span class='ocrx_word' id='word_1_496' title='bbox 1859 1271 2017 1312; x_wconf 74' lang='lat' dir='ltr'>paginas,</span> <span class='ocrx_word' id='word_1_497' title='bbox 2050 1271 2082 1301; x_wconf 90' lang='lat' dir='ltr'>in</span> <span class='ocrx_word' id='word_1_498' title='bbox 2107 1269 2175 1311; x_wconf 86' lang='lat' dir='ltr'>qui·</span> 
     </span>
     <span class='ocr_line' id='line_1_82' title="bbox 1205 1312 2175 1354; baseline 0.001 -12"><span class='ocrx_word' id='word_1_499' title='bbox 1205 1313 1264 1342; x_wconf 86' lang='lat' dir='ltr'>bus</span> <span class='ocrx_word' id='word_1_500' title='bbox 1288 1312 1411 1352; x_wconf 77' lang='lat' dir='ltr'>scripta</span> <span class='ocrx_word' id='word_1_501' title='bbox 1444 1318 1537 1342; x_wconf 87' lang='lat' dir='ltr'>erant</span> <span class='ocrx_word' id='word_1_502' title='bbox 1566 1312 1750 1342; x_wconf 87' lang='lat' dir='ltr'>testimonia</span> <span class='ocrx_word' id='word_1_503' title='bbox 1781 1313 1812 1342; x_wconf 91' lang='lat' dir='ltr'>in</span> <span class='ocrx_word' id='word_1_504' title='bbox 1838 1322 1940 1343; x_wconf 84' lang='lat' dir='ltr'>causa</span> <span class='ocrx_word' id='word_1_505' title='bbox 1971 1323 2106 1354; x_wconf 75' lang='lat' dir='ltr'>magna,</span> <span class='ocrx_word' id='word_1_506' title='bbox 2139 1319 2175 1342; x_wconf 84' lang='lat' dir='ltr'>ut</span> 
     </span>
     <span class='ocr_line' id='line_1_83' title="bbox 1203 1352 2175 1395; baseline 0 -10"><span class='ocrx_word' id='word_1_507' title='bbox 1203 1352 1428 1385; x_wconf 85' lang='lat' dir='ltr'>stabilirentur</span> <span class='ocrx_word' id='word_1_508' title='bbox 1450 1364 1582 1385; x_wconf 85' lang='lat' dir='ltr'>errores</span> <span class='ocrx_word' id='word_1_509' title='bbox 1605 1354 1635 1384; x_wconf 96' lang='lat' dir='ltr'>in</span> <span class='ocrx_word' id='word_1_510' title='bbox 1648 1353 1812 1385; x_wconf 83' lang='lat' dir='ltr'>Ecclesia.</span> <span class='ocrx_word' id='word_1_511' title='bbox 1860 1353 1949 1391; x_wconf 76' lang='lat' dir='ltr'>hem,</span> <span class='ocrx_word' id='word_1_512' title='bbox 1974 1364 2070 1395; x_wconf 84' lang='lat' dir='ltr'>quam</span> <span class='ocrx_word' id='word_1_513' title='bbox 2094 1352 2175 1385; x_wconf 86' lang='lat' dir='ltr'>mul·</span> 
     </span>
     <span class='ocr_line' id='line_1_84' title="bbox 1203 1395 2177 1437; baseline 0 -10"><span class='ocrx_word' id='word_1_514' title='bbox 1203 1403 1269 1427; x_wconf 90' lang='lat' dir='ltr'>tum</span> <span class='ocrx_word' id='word_1_515' title='bbox 1299 1396 1428 1437; x_wconf 75' lang='lat' dir='ltr'>irrepsit</span> <span class='ocrx_word' id='word_1_516' title='bbox 1458 1396 1748 1437; x_wconf 63' lang='lat' dir='ltr'>suppositio-iarum</span> <span class='ocrx_word' id='word_1_517' title='bbox 1775 1397 2020 1428; x_wconf 84' lang='lat' dir='ltr'>sententiarum.</span> <span class='ocrx_word' id='word_1_518' title='bbox 2071 1395 2177 1429; x_wconf 76' lang='lat' dir='ltr'>Multa</span> 
     </span>
     <span class='ocr_line' id='line_1_85' title="bbox 1203 1439 2176 1481; baseline 0.001 -12"><span class='ocrx_word' id='word_1_519' title='bbox 1203 1440 1291 1471; x_wconf 85' lang='lat' dir='ltr'>dicta</span> <span class='ocrx_word' id='word_1_520' title='bbox 1314 1439 1529 1480; x_wconf 86' lang='lat' dir='ltr'>suppositicia</span> <span class='ocrx_word' id='word_1_521' title='bbox 1557 1439 1759 1479; x_wconf 83' lang='lat' dir='ltr'>irrepserunt</span> <span class='ocrx_word' id='word_1_522' title='bbox 1789 1440 1822 1470; x_wconf 92' lang='lat' dir='ltr'>in</span> <span class='ocrx_word' id='word_1_523' title='bbox 1849 1440 2050 1481; x_wconf 83' lang='lat' dir='ltr'>scriptores,</span> <span class='ocrx_word' id='word_1_524' title='bbox 2084 1445 2119 1471; x_wconf 87' lang='lat' dir='ltr'>ut</span> <span class='ocrx_word' id='word_1_525' title='bbox 2143 1439 2176 1470; x_wconf 89' lang='lat' dir='ltr'>in</span> 
     </span>
     <span class='ocr_line' id='line_1_86' title="bbox 1202 1480 2176 1523; baseline 0.001 -11"><span class='ocrx_word' id='word_1_526' title='bbox 1202 1480 1287 1514; x_wconf 88' lang='lat' dir='ltr'>libro</span> <span class='ocrx_word' id='word_1_527' title='bbox 1317 1483 1483 1513; x_wconf 80' lang='lat' dir='ltr'>Ambrosii</span> <span class='ocrx_word' id='word_1_528' title='bbox 1518 1483 1560 1513; x_wconf 89' lang='lat' dir='ltr'>de</span> <span class='ocrx_word' id='word_1_529' title='bbox 1594 1483 1839 1513; x_wconf 60' lang='lat' dir='ltr'>&amp;aeramentisz</span> <span class='ocrx_word' id='word_1_530' title='bbox 1882 1482 1949 1513; x_wconf 82' lang='lat' dir='ltr'>fieri</span> <span class='ocrx_word' id='word_1_531' title='bbox 1984 1488 2106 1523; x_wconf 87' lang='lat' dir='ltr'>potest,</span> <span class='ocrx_word' id='word_1_532' title='bbox 2141 1488 2176 1513; x_wconf 82' lang='lat' dir='ltr'>ut</span> 
     </span>
     <span class='ocr_line' id='line_1_87' title="bbox 1202 1523 2175 1565; baseline -0.001 -9"><span class='ocrx_word' id='word_1_533' title='bbox 1202 1524 1362 1565; x_wconf 87' lang='lat' dir='ltr'>particula</span> <span class='ocrx_word' id='word_1_534' title='bbox 1386 1525 1455 1556; x_wconf 78' lang='lat' dir='ltr'>eius</span> <span class='ocrx_word' id='word_1_535' title='bbox 1481 1524 1554 1556; x_wconf 88' lang='lat' dir='ltr'>libri</span> <span class='ocrx_word' id='word_1_536' title='bbox 1578 1526 1621 1556; x_wconf 73' lang='lat' dir='ltr'>sit</span> <span class='ocrx_word' id='word_1_537' title='bbox 1644 1525 1820 1556; x_wconf 81' lang='lat' dir='ltr'>Ambrosii.</span> <span class='ocrx_word' id='word_1_538' title='bbox 1870 1525 1935 1556; x_wconf 85' lang='lat' dir='ltr'>Sed</span> <span class='ocrx_word' id='word_1_539' title='bbox 1963 1531 2038 1556; x_wconf 89' lang='lat' dir='ltr'>sunt</span> <span class='ocrx_word' id='word_1_540' title='bbox 2063 1525 2095 1556; x_wconf 89' lang='lat' dir='ltr'>in</span> <span class='ocrx_word' id='word_1_541' title='bbox 2118 1523 2175 1564; x_wconf 77' lang='lat' dir='ltr'>illo</span> 
     </span>
     <span class='ocr_line' id='line_1_88' title="bbox 1202 1568 2177 1607; baseline 0 -8"><span class='ocrx_word' id='word_1_542' title='bbox 1202 1568 1288 1600; x_wconf 90' lang='lat' dir='ltr'>libro</span> <span class='ocrx_word' id='word_1_543' title='bbox 1312 1574 1482 1606; x_wconf 79' lang='lat' dir='ltr'>centones,</span> <span class='ocrx_word' id='word_1_544' title='bbox 1505 1570 1577 1600; x_wconf 64' lang='lat' dir='ltr'>Ales</span> <span class='ocrx_word' id='word_1_545' title='bbox 1593 1570 1644 1599; x_wconf 82' lang='lat' dir='ltr'>ein</span> <span class='ocrx_word' id='word_1_546' title='bbox 1663 1569 1780 1599; x_wconf 76' lang='lat' dir='ltr'>bellet-s</span> <span class='ocrx_word' id='word_1_547' title='bbox 1797 1568 1924 1607; x_wconf 76' lang='lat' dir='ltr'>mantel,</span> <span class='ocrx_word' id='word_1_548' title='bbox 1947 1577 2018 1599; x_wconf 72' lang='lat' dir='ltr'>acan</span> <span class='ocrx_word' id='word_1_549' title='bbox 2031 1577 2104 1599; x_wconf 81' lang='lat' dir='ltr'>man</span> <span class='ocrx_word' id='word_1_550' title='bbox 2117 1568 2177 1599; x_wconf 75' lang='grc' dir='ltr'>ηϊΙ</span> 
     </span>
     <span class='ocr_line' id='line_1_89' title="bbox 1201 1608 2173 1653; baseline -0.002 -10"><span class='ocrx_word' id='word_1_551' title='bbox 1201 1613 1327 1653; x_wconf 76' lang='lat' dir='ltr'>lumpeu</span> <span class='ocrx_word' id='word_1_552' title='bbox 1350 1621 1532 1643; x_wconf 76' lang='lat' dir='ltr'>zusammen</span> <span class='ocrx_word' id='word_1_553' title='bbox 1556 1611 1652 1651; x_wconf 68' lang='lat' dir='ltr'>slicltt.</span> <span class='ocrx_word' id='word_1_554' title='bbox 1703 1609 1807 1642; x_wconf 80' lang='lat' dir='ltr'>Multa</span> <span class='ocrx_word' id='word_1_555' title='bbox 1835 1617 1910 1642; x_wconf 88' lang='lat' dir='ltr'>sunt</span> <span class='ocrx_word' id='word_1_556' title='bbox 1941 1611 1973 1641; x_wconf 92' lang='lat' dir='ltr'>in</span> <span class='ocrx_word' id='word_1_557' title='bbox 2001 1608 2059 1641; x_wconf 84' lang='lat' dir='ltr'>illo</span> <span class='ocrx_word' id='word_1_558' title='bbox 2087 1608 2173 1641; x_wconf 73' lang='lat' dir='ltr'>limo</span> 
     </span>
     <span class='ocr_line' id='line_1_90' title="bbox 1201 1654 2175 1696; baseline -0.002 -11"><span class='ocrx_word' id='word_1_559' title='bbox 1201 1654 1397 1696; x_wconf 78' lang='lat' dir='ltr'>pugnantia,</span> <span class='ocrx_word' id='word_1_560' title='bbox 1426 1661 1458 1685; x_wconf 90' lang='lat' dir='ltr'>et</span> <span class='ocrx_word' id='word_1_561' title='bbox 1485 1654 1614 1685; x_wconf 88' lang='lat' dir='ltr'>consuti</span> <span class='ocrx_word' id='word_1_562' title='bbox 1646 1659 1719 1684; x_wconf 86' lang='lat' dir='ltr'>sunt</span> <span class='ocrx_word' id='word_1_563' title='bbox 1756 1654 1961 1684; x_wconf 83' lang='lat' dir='ltr'>diversorum</span> <span class='ocrx_word' id='word_1_564' title='bbox 1993 1660 2175 1694; x_wconf 87' lang='lat' dir='ltr'>temporum</span> 
     </span>
     <span class='ocr_line' id='line_1_91' title="bbox 1202 1696 2174 1734; baseline -0.002 -6"><span class='ocrx_word' id='word_1_565' title='bbox 1202 1704 1372 1734; x_wconf 81' lang='lat' dir='ltr'>centones,</span> <span class='ocrx_word' id='word_1_566' title='bbox 1399 1697 1439 1727; x_wconf 83' lang='lat' dir='ltr'>ad</span> <span class='ocrx_word' id='word_1_567' title='bbox 1465 1696 1693 1727; x_wconf 75' lang='lat' dir='ltr'>stabiliendum</span> <span class='ocrx_word' id='word_1_568' title='bbox 1719 1697 1924 1727; x_wconf 87' lang='lat' dir='ltr'>teterrimum</span> <span class='ocrx_word' id='word_1_569' title='bbox 1955 1705 2102 1726; x_wconf 84' lang='lat' dir='ltr'>errorem</span> <span class='ocrx_word' id='word_1_570' title='bbox 2134 1696 2174 1726; x_wconf 82' lang='lat' dir='ltr'>de</span> 
     </span>
     <span class='ocr_line' id='line_1_92' title="bbox 1200 1737 2174 1780; baseline -0.002 -10"><span class='ocrx_word' id='word_1_571' title='bbox 1200 1739 1591 1771; x_wconf 73' lang='lat' dir='ltr'>Transsubstantiatione.</span> <span class='ocrx_word' id='word_1_572' title='bbox 1649 1737 1786 1769; x_wconf 73' lang='lat' dir='ltr'>Debetis</span> <span class='ocrx_word' id='word_1_573' title='bbox 1828 1748 1904 1769; x_wconf 83' lang='lat' dir='ltr'>esse</span> <span class='ocrx_word' id='word_1_574' title='bbox 1938 1737 2113 1780; x_wconf 85' lang='lat' dir='ltr'>diligentes</span> <span class='ocrx_word' id='word_1_575' title='bbox 2143 1739 2174 1768; x_wconf 93' lang='lat' dir='ltr'>in</span> 
     </span>
     <span class='ocr_line' id='line_1_93' title="bbox 1202 1780 1815 1825; baseline -0.007 -11"><span class='ocrx_word' id='word_1_576' title='bbox 1202 1782 1396 1825; x_wconf 79' lang='lat' dir='ltr'>colligendis</span> <span class='ocrx_word' id='word_1_577' title='bbox 1420 1780 1611 1823; x_wconf 67' lang='lat' dir='ltr'>fragmentis</span> <span class='ocrx_word' id='word_1_578' title='bbox 1636 1782 1815 1812; x_wconf 62' lang='lat' dir='ltr'>‹lor-trinae.</span> 
     </span>
    </p>
   </div>
   <div class='ocr_carea' id='block_1_17' title="bbox 1203 1904 2173 2036">
    <p class='ocr_par' dir='ltr' id='par_1_25' title="bbox 1203 1904 2173 2036">
     <span class='ocr_line' id='line_1_94' title="bbox 1203 1904 2173 1958; baseline -0.004 -12"><span class='ocrx_word' id='word_1_579' title='bbox 1203 1906 1324 1946; x_wconf 78' lang='lat' dir='ltr'>Est-ne</span> <span class='ocrx_word' id='word_1_580' title='bbox 1358 1906 1529 1945; x_wconf 77' lang='lat' dir='ltr'>narratio</span> <span class='ocrx_word' id='word_1_581' title='bbox 1563 1905 1672 1944; x_wconf 75' lang='lat' dir='ltr'>istius</span> <span class='ocrx_word' id='word_1_582' title='bbox 1706 1904 1884 1944; x_wconf 59' lang='lat' dir='ltr'>lectionis</span> <span class='ocrx_word' id='word_1_583' title='bbox 1917 1904 2071 1958; x_wconf 70' lang='lat' dir='ltr'>legalis,</span> <span class='ocrx_word' id='word_1_584' title='bbox 2111 1904 2173 1943; x_wconf 71' lang='lat' dir='ltr'>vel</span> 
     </span>
     <span class='ocr_line' id='line_1_95' title="bbox 1558 1981 1823 2036; baseline 0 -16"><span class='ocrx_word' id='word_1_585' title='bbox 1558 1981 1823 2036; x_wconf 71' lang='lat' dir='ltr'>1⁴]vaiigclica‘.&#39;</span> 
     </span>
    </p>
   </div>
   <div class='ocr_carea' id='block_1_18' title="bbox 1205 2079 2177 2553">
    <p class='ocr_par' dir='ltr' id='par_1_26' title="bbox 1205 2079 2177 2553">
     <span class='ocr_line' id='line_1_96' title="bbox 1290 2079 2173 2121; baseline -0.005 -8"><span class='ocrx_word' id='word_1_586' title='bbox 1290 2083 1363 2113; x_wconf 69' lang='lat' dir='ltr'>&#39;Non</span> <span class='ocrx_word' id='word_1_587' title='bbox 1387 2091 1433 2112; x_wconf 80' lang='lat' dir='ltr'>est</span> <span class='ocrx_word' id='word_1_588' title='bbox 1463 2080 1604 2120; x_wconf 68' lang='lat' dir='ltr'>Legalis.</span> <span class='ocrx_word' id='word_1_589' title='bbox 1630 2081 1688 2113; x_wconf 88' lang='lat' dir='ltr'>sed</span> <span class='ocrx_word' id='word_1_590' title='bbox 1713 2079 1914 2121; x_wconf 69' lang='lat' dir='ltr'>Evangelica</span> <span class='ocrx_word' id='word_1_591' title='bbox 1939 2080 2173 2121; x_wconf 83' lang='lat' dir='ltr'>principaliter:</span> 
     </span>
     <span class='ocr_line' id='line_1_97' title="bbox 1206 2123 2175 2164; baseline -0.002 -9"><span class='ocrx_word' id='word_1_592' title='bbox 1206 2127 1288 2161; x_wconf 80' lang='lat' dir='ltr'>Quia</span> <span class='ocrx_word' id='word_1_593' title='bbox 1312 2133 1360 2155; x_wconf 65' lang='lat' dir='ltr'>est</span> <span class='ocrx_word' id='word_1_594' title='bbox 1387 2125 1603 2155; x_wconf 58' lang='lat' dir='ltr'>testimouium</span> <span class='ocrx_word' id='word_1_595' title='bbox 1629 2124 1808 2156; x_wconf 72' lang='lat' dir='ltr'>doetrinae.</span> <span class='ocrx_word' id='word_1_596' title='bbox 1831 2124 1915 2154; x_wconf 78' lang='lat' dir='ltr'>sicut</span> <span class='ocrx_word' id='word_1_597' title='bbox 1934 2133 2034 2164; x_wconf 83' lang='lat' dir='ltr'>saepe</span> <span class='ocrx_word' id='word_1_598' title='bbox 2059 2123 2175 2153; x_wconf 88' lang='lat' dir='ltr'>dicitur</span> 
     </span>
     <span class='ocr_line' id='line_1_98' title="bbox 2126 2165 2174 2195; baseline 0 0"><span class='ocrx_word' id='word_1_599' title='bbox 2126 2165 2174 2195; x_wconf 69' lang='lat' dir='ltr'>Ac</span> 
     </span>
     <span class='ocr_line' id='line_1_99' title="bbox 1207 2207 2175 2251; baseline -0.004 -10"><span class='ocrx_word' id='word_1_600' title='bbox 1207 2222 1306 2251; x_wconf 71' lang='lat' dir='ltr'>saepe</span> <span class='ocrx_word' id='word_1_601' title='bbox 1327 2222 1454 2242; x_wconf 66' lang='lat' dir='ltr'>mona-o.</span> <span class='ocrx_word' id='word_1_602' title='bbox 1478 2218 1510 2242; x_wconf 89' lang='lat' dir='ltr'>ut</span> <span class='ocrx_word' id='word_1_603' title='bbox 1536 2211 1685 2241; x_wconf 69' lang='lat' dir='ltr'>dot-trina</span> <span class='ocrx_word' id='word_1_604' title='bbox 1708 2211 1748 2239; x_wconf 89' lang='lat' dir='ltr'>de</span> <span class='ocrx_word' id='word_1_605' title='bbox 1771 2210 1850 2250; x_wconf 69' lang='lat' dir='ltr'>ipsis</span> <span class='ocrx_word' id='word_1_606' title='bbox 1873 2207 2051 2241; x_wconf 81' lang='lat' dir='ltr'>miraculis.</span> <span class='ocrx_word' id='word_1_607' title='bbox 2075 2218 2175 2249; x_wconf 80' lang='lat' dir='ltr'>saepe</span> 
     </span>
     <span class='ocr_line' id='line_1_100' title="bbox 1207 2252 2176 2295; baseline -0.002 -12"><span class='ocrx_word' id='word_1_608' title='bbox 1207 2256 1246 2284; x_wconf 80' lang='lat' dir='ltr'>sit</span> <span class='ocrx_word' id='word_1_609' title='bbox 1271 2256 1301 2284; x_wconf 86' lang='lat' dir='ltr'>in</span> <span class='ocrx_word' id='word_1_610' title='bbox 1328 2261 1518 2295; x_wconf 60' lang='lat' dir='ltr'>uwuispevtu.</span> <span class='ocrx_word' id='word_1_611' title='bbox 1567 2253 1604 2284; x_wconf 72' lang='lat' dir='ltr'>Et</span> <span class='ocrx_word' id='word_1_612' title='bbox 1629 2260 1677 2283; x_wconf 85' lang='lat' dir='ltr'>est</span> <span class='ocrx_word' id='word_1_613' title='bbox 1705 2263 1775 2283; x_wconf 85' lang='lat' dir='ltr'>mea</span> <span class='ocrx_word' id='word_1_614' title='bbox 1801 2252 2003 2283; x_wconf 48' lang='lat' dir='ltr'>‹onmem-10</span> <span class='ocrx_word' id='word_1_615' title='bbox 2028 2258 2176 2292; x_wconf 78' lang='lat' dir='ltr'>repetere</span> 
     </span>
     <span class='ocr_line' id='line_1_101' title="bbox 1208 2294 2174 2338; baseline -0.005 -10"><span class='ocrx_word' id='word_1_616' title='bbox 1208 2299 1320 2328; x_wconf 81' lang='lat' dir='ltr'>eadem</span> <span class='ocrx_word' id='word_1_617' title='bbox 1364 2308 1421 2338; x_wconf 82' lang='lat' dir='ltr'>per</span> <span class='ocrx_word' id='word_1_618' title='bbox 1460 2297 1585 2327; x_wconf 82' lang='lat' dir='ltr'>eadem.</span> <span class='ocrx_word' id='word_1_619' title='bbox 1653 2297 1856 2336; x_wconf 78' lang='lat' dir='ltr'>Quamquam</span> <span class='ocrx_word' id='word_1_620' title='bbox 1898 2294 1997 2335; x_wconf 76' lang='lat' dir='ltr'>igitur</span> <span class='ocrx_word' id='word_1_621' title='bbox 2031 2294 2174 2327; x_wconf 79' lang='lat' dir='ltr'>continet</span> 
     </span>
     <span class='ocr_line' id='line_1_102' title="bbox 1207 2337 2175 2381; baseline -0.004 -11"><span class='ocrx_word' id='word_1_622' title='bbox 1207 2341 1288 2371; x_wconf 73' lang='lat' dir='ltr'>lim-e</span> <span class='ocrx_word' id='word_1_623' title='bbox 1320 2339 1415 2370; x_wconf 79' lang='lat' dir='ltr'>lectio</span> <span class='ocrx_word' id='word_1_624' title='bbox 1450 2338 1611 2381; x_wconf 70' lang='lat' dir='ltr'>exempla,</span> <span class='ocrx_word' id='word_1_625' title='bbox 1645 2348 1730 2380; x_wconf 73' lang='lat' dir='ltr'>quae</span> <span class='ocrx_word' id='word_1_626' title='bbox 1761 2344 1834 2368; x_wconf 76' lang='lat' dir='ltr'>sunt</span> <span class='ocrx_word' id='word_1_627' title='bbox 1871 2344 2065 2378; x_wconf 67' lang='lat' dir='ltr'>praecepta:</span> <span class='ocrx_word' id='word_1_628' title='bbox 2100 2337 2175 2367; x_wconf 82' lang='lat' dir='ltr'>item</span> 
     </span>
     <span class='ocr_line' id='line_1_103' title="bbox 1206 2379 2176 2424; baseline -0.005 -10"><span class='ocrx_word' id='word_1_629' title='bbox 1206 2385 1340 2414; x_wconf 78' lang='lat' dir='ltr'>umbrat·</span> <span class='ocrx_word' id='word_1_630' title='bbox 1374 2390 1402 2414; x_wconf 77' lang='lat' dir='ltr'>et</span> <span class='ocrx_word' id='word_1_631' title='bbox 1435 2383 1531 2423; x_wconf 73' lang='lat' dir='ltr'>signa</span> <span class='ocrx_word' id='word_1_632' title='bbox 1561 2388 1809 2424; x_wconf 79' lang='lat' dir='ltr'>praeceptorum</span> <span class='ocrx_word' id='word_1_633' title='bbox 1842 2379 2029 2411; x_wconf 80' lang='lat' dir='ltr'>multorum.</span> <span class='ocrx_word' id='word_1_634' title='bbox 2070 2386 2176 2409; x_wconf 73' lang='grc'><strong>11111101]</strong></span> 
     </span>
     <span class='ocr_line' id='line_1_104' title="bbox 1207 2422 2175 2467; baseline -0.005 -11"><span class='ocrx_word' id='word_1_635' title='bbox 1207 2425 1396 2457; x_wconf 63' lang='lat' dir='ltr'>miraculum</span> <span class='ocrx_word' id='word_1_636' title='bbox 1432 2437 1489 2467; x_wconf 80' lang='lat' dir='ltr'>per</span> <span class='ocrx_word' id='word_1_637' title='bbox 1530 2436 1567 2456; x_wconf 85' lang='lat' dir='ltr'>se</span> <span class='ocrx_word' id='word_1_638' title='bbox 1602 2431 1649 2455; x_wconf 78' lang='lat' dir='ltr'>est</span> <span class='ocrx_word' id='word_1_639' title='bbox 1685 2423 1904 2455; x_wconf 58' lang='lat' dir='ltr'>testimonium</span> <span class='ocrx_word' id='word_1_640' title='bbox 1939 2423 1979 2453; x_wconf 80' lang='lat' dir='ltr'>de</span> <span class='ocrx_word' id='word_1_641' title='bbox 2014 2422 2175 2452; x_wconf 79' lang='lat' dir='ltr'>doctrina.</span> 
     </span>
     <span class='ocr_line' id='line_1_105' title="bbox 1208 2463 2175 2509; baseline -0.006 -10"><span class='ocrx_word' id='word_1_642' title='bbox 1208 2469 1297 2499; x_wconf 72' lang='lat' dir='ltr'>Deus</span> <span class='ocrx_word' id='word_1_643' title='bbox 1318 2469 1416 2499; x_wconf 63' lang='lat' dir='ltr'>voluit</span> <span class='ocrx_word' id='word_1_644' title='bbox 1455 2469 1554 2499; x_wconf 82' lang='lat' dir='ltr'>edere</span> <span class='ocrx_word' id='word_1_645' title='bbox 1584 2474 1614 2498; x_wconf 77' lang='lat' dir='ltr'>et</span> <span class='ocrx_word' id='word_1_646' title='bbox 1651 2465 1838 2509; x_wconf 72' lang='lat' dir='ltr'>patefacere</span> <span class='ocrx_word' id='word_1_647' title='bbox 1872 2464 1978 2507; x_wconf 77' lang='lat' dir='ltr'>legem</span> <span class='ocrx_word' id='word_1_648' title='bbox 2007 2472 2035 2495; x_wconf 83' lang='lat' dir='ltr'>et</span> <span class='ocrx_word' id='word_1_649' title='bbox 2069 2463 2175 2494; x_wconf 78' lang='lat' dir='ltr'>Evan-</span> 
     </span>
     <span class='ocr_line' id='line_1_106' title="bbox 1205 2507 2177 2553; baseline -0.006 -11"><span class='ocrx_word' id='word_1_650' title='bbox 1205 2511 1323 2553; x_wconf 69' lang='lat' dir='ltr'>gotium</span> <span class='ocrx_word' id='word_1_651' title='bbox 1359 2512 1477 2542; x_wconf 84' lang='lat' dir='ltr'>additis</span> <span class='ocrx_word' id='word_1_652' title='bbox 1512 2510 1693 2542; x_wconf 78' lang='lat' dir='ltr'>illustribus</span> <span class='ocrx_word' id='word_1_653' title='bbox 1729 2516 1758 2539; x_wconf 76' lang='lat' dir='ltr'>et</span> <span class='ocrx_word' id='word_1_654' title='bbox 1789 2507 2063 2540; x_wconf 73' lang='lat' dir='ltr'>inanifestissimis</span> <span class='ocrx_word' id='word_1_655' title='bbox 2088 2507 2177 2538; x_wconf 68' lang='lat' dir='ltr'>testi—</span> 
     </span>
    </p>
   </div>
   <div class='ocr_carea' id='block_1_19' title="bbox 180 2552 2176 2647">
    <p class='ocr_par' dir='ltr' id='par_1_27' title="bbox 180 2552 2176 2647">
     <span class='ocr_line' id='line_1_107' title="bbox 180 2552 2176 2606; baseline -0.01 -7"><span class='ocrx_word' id='word_1_656' title='bbox 180 2570 253 2605; x_wconf 77' lang='lat' dir='ltr'>mla,</span> <span class='ocrx_word' id='word_1_657' title='bbox 278 2565 403 2598; x_wconf 67' lang='lat' dir='ltr'>scilic-et</span> <span class='ocrx_word' id='word_1_658' title='bbox 428 2575 510 2606; x_wconf 77' lang='lat' dir='ltr'>quac</span> <span class='ocrx_word' id='word_1_659' title='bbox 530 2569 580 2593; x_wconf 77' lang='lat' dir='ltr'>est</span> <span class='ocrx_word' id='word_1_660' title='bbox 598 2561 809 2592; x_wconf 59' lang='lat' dir='ltr'>diffidentiae.</span> <span class='ocrx_word' id='word_1_661' title='bbox 832 2569 897 2590; x_wconf 82' lang='lat' dir='ltr'>non</span> <span class='ocrx_word' id='word_1_662' title='bbox 923 2568 1005 2598; x_wconf 82' lang='lat' dir='ltr'>quae</span> <span class='ocrx_word' id='word_1_663' title='bbox 1030 2556 1152 2587; x_wconf 67' lang='lat' dir='ltr'>laboris</span> <span class='ocrx_word' id='word_1_664' title='bbox 1177 2569 1179 2597; x_wconf 56' lang='grc' dir='ltr'>ἰ</span> <span class='ocrx_word' id='word_1_665' title='bbox 1205 2556 1319 2585; x_wconf 62' lang='lat' dir='ltr'>iinoniis</span> <span class='ocrx_word' id='word_1_666' title='bbox 1345 2556 1383 2585; x_wconf 91' lang='lat' dir='ltr'>ad</span> <span class='ocrx_word' id='word_1_667' title='bbox 1410 2566 1516 2595; x_wconf 79' lang='lat' dir='ltr'>genus</span> <span class='ocrx_word' id='word_1_668' title='bbox 1540 2555 1714 2585; x_wconf 81' lang='lat' dir='ltr'>humanum</span> <span class='ocrx_word' id='word_1_669' title='bbox 1738 2552 2016 2584; x_wconf 63' lang='lat' dir='ltr'>cnm-incendium</span> <span class='ocrx_word' id='word_1_670' title='bbox 2046 2555 2076 2580; x_wconf 80' lang='lat' dir='ltr'>ct</span> <span class='ocrx_word' id='word_1_671' title='bbox 2100 2559 2176 2580; x_wconf 83' lang='lat' dir='ltr'>con-</span> 
     </span>
     <span class='ocr_line' id='line_1_108' title="bbox 182 2599 1407 2647; baseline -0.011 -6"><span class='ocrx_word' id='word_1_672' title='bbox 182 2617 231 2641; x_wconf 77' lang='lat' dir='ltr'>cst</span> <span class='ocrx_word' id='word_1_673' title='bbox 267 2617 299 2641; x_wconf 85' lang='lat' dir='ltr'>et</span> <span class='ocrx_word' id='word_1_674' title='bbox 336 2607 544 2647; x_wconf 67' lang='lat' dir='ltr'>diligentiae:</span> <span class='ocrx_word' id='word_1_675' title='bbox 581 2606 656 2646; x_wconf 80' lang='lat' dir='ltr'>quin</span> <span class='ocrx_word' id='word_1_676' title='bbox 690 2610 740 2635; x_wconf 63' lang='lat' dir='ltr'>est</span> <span class='ocrx_word' id='word_1_677' title='bbox 775 2602 961 2634; x_wconf 83' lang='lat' dir='ltr'>mandatum</span> <span class='ocrx_word' id='word_1_678' title='bbox 997 2600 1152 2631; x_wconf 79' lang='lat' dir='ltr'>divinum.</span> <span class='ocrx_word' id='word_1_679' title='bbox 1176 2603 1179 2638; x_wconf 88' lang='grc' dir='ltr'>Ι</span> <span class='ocrx_word' id='word_1_680' title='bbox 1205 2599 1407 2628; x_wconf 77' lang='lat' dir='ltr'>tirmamium.</span> 
     </span>
    </p>
   </div>
   <div class='ocr_carea' id='block_1_20' title="bbox 2305 1764 2324 2384">
    <p class='ocr_par' dir='ltr' id='par_1_28' title="bbox 2305 1764 2324 2384">
     <span class='ocr_line' id='line_1_109' title="bbox 2305 1764 2324 2384; baseline 0 574"><span class='ocrx_word' id='word_1_681' title='bbox 2305 1764 2324 2384; x_wconf 95' lang='lat' dir='ltr'> </span> 
     </span>
    </p>
   </div>
  </div>
 </body>
</html>
