2324 2958
178 120 242 153 579
296 107 301 111 '
807 119 919 153 pum.
934 120 1047 154 :ul-21..
1070 120 1257 155 semen
1277 122 1541 156 exactum.
2107 128 2172 162 580

264 212 359 245 Hanc
378 214 597 255 precationem
614 220 745 254 semper
762 214 973 256 cogitemus.·
1001 214 1077 246 {deo
1101 214 1147 246 w·—
1196 221 1347 256 peccata.
1392 215 1551 258 Cogitate,
1570 217 1736 260 ingentem
1757 216 2027 252 luminationem.
2068 219 2171 254 Filius

178 257 244 288 vis:
266 254 402 298 loquor,
423 266 489 288 non
512 261 633 289 tantum
662 257 704 288 de
725 255 909 298 corporali,
936 257 996 288 sed
1019 257 1061 288 de
1083 257 1147 298 spi·
1198 257 1386 290 Deiiacuit
1405 264 1593 300 prostratus
1616 269 1728 291 coram
1750 266 1862 301 patre,
1884 263 1979 303 quasi
1999 263 2071 304 ipse
2094 273 2171 296 cou-

179 297 286 330 rituali
310 299 393 337 vita,
423 299 511 340 quod
539 309 575 329 es
599 299 740 331 insertus
763 298 864 336 Filio,
891 300 944 340 qui
968 299 1146 339 assumpsit
1171 305 1174 312 “
1199 301 1391 332 taminasset
1413 312 1450 333 se
1473 302 1537 332 tuis
1561 309 1592 333 et
1616 302 1695 334 meis
1719 304 1876 345 peccatiS.
1932 304 2003 336 Hoc
2025 311 2092 337 tam
2114 306 2172 337 mi-

178 346 323 372 nostram
344 351 507 379 massam,
531 347 563 372 et
586 342 674 383 quod
694 341 751 373 ille
774 348 805 372 te
828 342 980 373 vivificat.
1031 341 1080 372 lta
1102 341 1147 372 vi·
1198 344 1336 374 randum
1359 350 1426 381 est,
1449 350 1483 375 ut
1505 355 1571 376 non
1597 345 1714 376 subeat
1736 345 1896 378 humanas
1918 353 2064 386 mentes,
2095 348 2172 390 quia

178 393 292 415 vemus
315 384 346 414 in
369 389 438 415 tota
461 385 653 416 aeternitate
675 385 787 415 inserti
811 393 940 415 massae
963 383 1066 424 ipsius
1089 394 1147 424 per
1200 385 1335 418 dicitur:
1374 385 1495 418 Factus
1528 391 1575 418 est
1606 397 1671 427 pro
1703 388 1794 420 nobis
1825 393 1991 429 peccatum
2019 394 2049 421 et
2076 391 2172 422 male-

178 426 284 477 fidem.
307 469 314 476 ·
341 425 480 477 {stapie
511 427 687 468 cogitanda
715 433 808 458 sunt:
836 427 896 457 sed
919 436 983 457 non
1007 433 1145 466 possunt
1198 428 1326 460 (lictum.
1383 428 1443 460 llla
1466 430 1519 470 pie
1542 430 1735 472 cogitanda,
1768 436 1800 462 et
1822 432 1970 473 pondera
1993 433 2171 465 verborum

178 475 332 510 cogitari,
359 479 421 500 nist
443 477 570 501 mentes
597 471 661 501 sint
686 470 888 511 compositae
911 469 951 499 ad
977 469 1146 510 cogitatio·
1170 472 1175 495 Ι
1196 471 1442 503 consideranda
1465 476 1552 504 sun't.

177 521 263 542 nem.
325 511 429 543 Huius
462 513 587 554 primae
620 523 743 544 causae
777 513 871 553 quasi
905 509 1146 542 declarationes

177 560 253 585 sunt
275 553 360 586 aliae
383 564 516 586 causae.

262 595 322 628 Est
356 597 454 639 igitur
491 597 638 629 secunda
673 607 793 634 causa,
832 597 907 637 quia
941 597 1146 637 congruebat

176 638 317 680 aliquem
352 651 392 671 ex
425 650 546 682 genere
579 639 722 671 humano
751 639 843 670 luere
871 649 1019 680 poenam.
1066 638 1146 670 Cum
1489 635 1640 686 Quinta
1665 651 1768 691 quae
1797 637 1882 679 est?

177 691 284 725 genus
305 682 480 714 humanum
503 682 630 724 lapsum
654 688 756 720 esset,
780 682 998 723 congruebat,
1022 680 1144 712 Media·

176 731 280 757 torem
304 733 382 757 esse
405 725 514 763 talem,
538 726 590 767 qui
614 732 703 756 esset
725 736 765 756 ex
789 734 908 767 genere
931 723 1093 762 humano,
1115 730 1147 755 et
1286 724 1378 756 Haec
1399 724 1519 756 multas
1547 725 1785 768 complectitur.
1837 726 1895 758 llle
1924 729 2085 761 mediator
2107 739 2173 762 non

175 768 344 809 quiesset
373 769 550 807 innocens,
585 774 616 799 et
645 768 699 809 qui
731 769 910 798 sustineret
933 776 1077 808 poenas,
1111 773 1147 797 ut
1200 774 1250 798 est
1283 774 1407 798 tantum
1441 769 1644 810 redemptor,
1677 770 1737 801 sed
1770 771 1866 801 etiam
1901 769 2060 803 salvator.
2111 772 2174 805 Re-

176 811 281 852 ipsius
304 811 487 842 innocentis
510 821 616 851 poena
640 817 729 841 esset
746 811 849 851 λιὶιρον
867 819 925 850 pro
943 807 1027 840 aliis.
1070 809 1146 840 ldeo
1200 810 1350 851 demptor
1373 816 1435 847 est,
1453 811 1529 852 quia
1551 810 1710 852 persolvit
1733 814 1886 854 pretinm:
1910 812 2077 852 Salvator,
2098 815 2175 857 quia

177 851 299 885 Paulus
321 854 382 884 ait:
412 854 513 883 Adam
536 857 581 883 est
605 857 697 893 typus
715 853 816 891 siccari
838 853 962 882 Adami.
1008 851 1049 883 Ut
1072 862 1147 893 pio·
1199 853 1307 884 reddit
1329 853 1484 884 iustitiam
1512 859 1545 885 et
1574 854 1671 885 vitam
1700 862 1875 887 aeternam.
1931 857 2036 888 Adest
2058 856 2174 889 Eccle-

176 901 249 937 pter
271 895 376 927 Adam
401 897 522 928 caeteri
545 903 620 927 sunt
643 896 706 931 rei3
730 897 773 927 ita
797 901 931 936 propter
954 893 1071 926 Filium
1093 904 1147 924 su·
1199 895 1284 933 siae,
1307 896 1451 937 protegit
1478 901 1511 927 et
1536 903 1714 928 conservat
1736 896 1932 929 Ecclesiam.
1984 897 2086 931 filius
2109 899 2173 932 Dei

176 948 250 970 mus
273 937 392 970 dilecti.
437 938 624 980 Diligimur,
642 939 826 979 recipimur,
845 944 1054 978 acceptamur
1072 937 1147 969 iusti
1199 948 1374 970 assumens
1398 948 1541 970 massam
1564 937 1725 971 humanae
1747 947 1902 979 naturae,
1924 941 1998 972 ideo
2021 943 2173 981 assumit,

175 988 312 1023 propter
333 981 453 1013 iustum
476 980 592 1013 filium:
616 981 883 1012 lustiticationem
907 981 1055 1021 sequitur
1073 990 1147 1011 san·
1199 987 1235 1012 ut
1265 980 1374 1013 deleat
1401 987 1575 1022 peccatum
1605 988 1636 1013 et
1664 989 1818 1020 mortem,
1852 983 1940 1023 quod
1969 994 2035 1014 non
2063 990 2174 1026 potest

177 1023 332 1056 ctificatio
355 1031 387 1056 et
410 1025 552 1055 novitas.
597 1025 650 1056 Sic
673 1024 771 1066 igitur
800 1023 885 1055 dico:
921 1021 1147 1065 Congruebat,
1200 1021 1310 1055 facere
1339 1022 1407 1055 ulla
1435 1030 1598 1055 creatura.
1654 1024 1726 1056 Hoc
1756 1025 1867 1057 didicit
1889 1025 1995 1056 Adam
2017 1026 2050 1056 in
2071 1027 2176 1067 prima

176 1073 211 1099 ut
234 1065 396 1098 Mediator
417 1074 506 1098 esset
529 1065 648 1108 aliquis
672 1077 713 1097 ex
738 1076 860 1109 genere
883 1065 1042 1101 humanm
1072 1065 1147 1106 quia

177 1109 269 1141 Deus
292 1109 393 1141 voluit
416 1120 492 1141 esse
516 1108 657 1151 aliquem
687 1120 728 1140 ex
759 1118 880 1151 genere
910 1107 1070 1143 humano,
1093 1108 1147 1149 qui

175 1153 353 1184 sustineret
376 1162 535 1193 poenam,
563 1159 595 1183 et
623 1153 677 1193 qui
708 1151 915 1183 satisfaceret
937 1151 1080 1181 iustitiae
1103 1151 1147 1180 di—

176 1196 283 1226 vinae.
327 1193 420 1226 Deus
444 1193 551 1226 salvat
574 1205 655 1233 nos,
682 1195 742 1225 sed
765 1195 824 1233 ita,
847 1200 881 1225 ut
904 1192 1025 1224 habeat
1048 1193 1147 1224 ratio-

1199 1067 1432 1107 promissione,
1465 1072 1498 1097 et
1525 1076 1589 1108 ego
1619 1068 1736 1105 credo,
1770 1067 1856 1108 quod
1880 1068 1911 1098 in
1934 1068 2040 1109 prima
2061 1067 2174 1101 solitu-

1200 1109 1274 1140 dine
1308 1108 1409 1140 Filius
1438 1108 1501 1140 Dei
1531 1119 1605 1140 cum
1639 1120 1678 1141 eo
1713 1120 1814 1151 saepe
1845 1109 2032 1142 collocutus
2055 1111 2118 1150 sit,
2141 1117 2174 1143 et

1199 1152 1349 1183 docuerit
1379 1163 1451 1183 eum
1482 1150 1572 1182 illam
1599 1150 1741 1192 planius.
1787 1153 1897 1184 Semen
1928 1154 2072 1185 mulieris
2101 1163 2174 1186 con*

1199 1194 1334 1226 calcabit
1364 1197 1462 1234 caput
1490 1195 1667 1234 serpentis,
1696 1195 1729 1226 id
1759 1202 1828 1232 est,
1859 1195 2008 1227 destruet
2037 1206 2173 1238 regnum

1197 1243 1230 1268 et
1256 1238 1434 1277 potentiam
1463 1235 1614 1272 Diaboli3
1647 1235 1742 1268 tollet
1775 1244 1947 1278 peccatum
1969 1244 2000 1269 et
2023 1245 2170 1270 mortem.

1201 1279 1243 1309 [t
1271 1278 1327 1309 illa
1361 1289 1504 1320 persona
1534 1290 1615 1321 ergo
1645 1278 1737 1311 tollat
1767 1286 1940 1320 peccatum
1968 1280 2000 1312 et
2022 1287 2173 1318 mortem,

1199 1328 1328 1361 oportet
1352 1322 1383 1352 in
1407 1331 1446 1352 eo
1470 1331 1546 1352 esse
1565 1322 1850 1362 omnipotentiam:
1874 1321 1959 1356 Quia
1976 1329 2093 1354 natura
2114 1323 2175 1353 hu-

1199 1373 1296 1395 mana
1318 1374 1384 1394 non
1400 1369 1510 1405 potest
1530 1363 1648 1394 tollere
1668 1369 1838 1404 peccatum
1858 1369 1890 1394 et
1905 1370 2055 1396 mortem.
2094 1363 2175 1396 Sola

1200 1406 1341 1438 humana
1362 1412 1481 1438 natura
1504 1416 1570 1437 non
1593 1412 1704 1447 potest
1725 1405 1790 1437 hoc
1813 1403 1956 1437 efficere.

1287 1447 1438 1490 Cogitate
1460 1449 1526 1480 hoc
1548 1449 1688 1488 dictum,
1723 1449 1811 1490 quod
1841 1455 1892 1480 est
1914 1449 2003 1490 apud
2024 1448 2174 1481 Esaiam:

1201 1491 1319 1523 Patres
1349 1493 1414 1529 tui,
1441 1492 1557 1533 inquit,
1590 1501 1652 1522 non
1680 1496 1852 1532 potuerunt
1876 1496 1906 1523 te
1926 1493 2074 1523 salvare:
2107 1492 2176 1534 [390

1199 1544 1285 1573 sum,
1308 1535 1364 1575 qui
1384 1535 1472 1566 deleo
1501 1535 1685 1575 iniquitates
1712 1538 1787 1565 tuas
1807 1539 1945 1575 propter
1970 1545 2025 1565 me.
2060 1534 2107 1565 'I'u
2129 1545 2176 1566 me

1200 1579 1234 1609 in
1261 1578 1406 1617 peccatis
1436 1578 1499 1609 tuis
1526 1578 1650 1609 servire
1673 1575 1800 1617 fecisti,
1830 1576 1956 1609 scilicet
1986 1577 2174 1609 redimendo

1201 1621 1233 1652 in
1255 1620 1421 1661 passione.
1469 1620 1535 1660 Eyo
1558 1621 1664 1658 deleo,
1686 1619 1811 1651 scilicet
1835 1619 2014 1651 salvando:
2045 1618 2175 1651 Tollam

175 1247 250 1269 nem
272 1247 352 1269 suae
376 1238 527 1268 iustitiae.
573 1237 748 1275 Ἐπιείκεια,
772 1247 831 1267 seu
855 1235 1057 1276 dispensatio
1081 1246 1146 1266 non

175 1280 274 1312 debet
296 1289 372 1311 esse
394 1280 574 1321 dissipatio.
619 1280 721 1321 igitur
744 1278 1013 1319 compensatione
1036 1276 1148 1318 aliqua

174 1322 268 1398 gens
295 1321 399 1355 voluit
426 1321 578 1354 satisfieri
609 1332 690 1354 suae
718 1322 870 1354 iustitiae.
914 1320 981 1352 lam
1004 1321 1146 1363 cogitate

210 1371 322 1398 tenus.

359 1530 493 1581 Quare
524 1530 726 1571 Mediator
754 1538 816 1570 est
845 1530 957 1570 Deus
969 1529 986 1570 ’ἔ

261 1621 411 1659 Scilicet,
440 1628 475 1652 nt
501 1622 545 1653 sit
567 1622 707 1663 pretium
729 1619 956 1662 aequivalens.
1002 1619 1074 1651 Hoc
1097 1625 1149 1650 est

176 1671 411 1708 exaggeratum
433 1666 475 1696 ab
498 1665 707 1706 antiquitate:
731 1663 927 1706 Cogitat-unt
944 1663 1052 1694 omnia
1073 1672 1149 1703 pec·
1200 1670 1390 1705 peccatum,
1425 1664 1528 1704 primo
1558 1664 1770 1704 imputatione
1802 1663 1945 1694 iustitiae
1979 1669 2011 1693 et
2039 1661 2174 1695 inchoa·

176 1715 252 1741 cata
274 1709 306 1740 in
329 1708 450 1739 mundo
474 1717 550 1739 esse
573 1708 698 1738 minora
721 1705 776 1738 illo
801 1707 916 1747 pretio,
935 1706 1022 1747 quod
1046 1704 1148 1736 fitius
1203 1707 1290 1738 tione
1312 1707 1482 1743 novitatis,
1506 1712 1621 1746 postea
1644 1706 1936 1736 consummatione.

176 1752 337 1793 praestitit
365 1761 424 1792 pro
454 1751 560 1782 nobis.
615 1748 816 1781 Anshelmus
846 1747 982 1791 pulchre
1006 1758 1149 1780 commo·
1288 1747 1472 1788 Prophetae
1494 1749 1626 1789 quando
1649 1749 1690 1779 de
1713 1748 1778 1779 hoc
1801 1747 1961 1779 beneficio
1983 1746 2173 1789 loquuntur,

176 1800 268 1826 ratus
301 1800 352 1826 est
380 1795 412 1824 in
440 1792 496 1824 illo
525 1792 660 1824 affectu:
703 1792 738 1823 ln
761 1792 826 1824 hoc
849 1791 1094 1824 connnoretnini
1117 1796 1149 1822 et
1202 1790 1483 1832 comprehendunt
1505 1792 1666 1833 integrum
1691 1790 1905 1828 beneficium,
1928 1797 1963 1822 ut
1986 1788 2106 1822 Daniel
2128 1790 2174 1822 di·

178 1847 257 1875 vos,
281 1843 312 1869 et
334 1837 417 1868 haec
440 1842 491 1868 est
515 1837 610 1867 tertia
633 1846 746 1867 causa.
1203 1835 1262 1866 cit:
1288 1834 1477 1864 Adducetur
1499 1838 1631 1865 aeterna
1655 1834 1789 1864 iustitia.
1841 1833 2005 1864 Osiander
2026 1834 2173 1875 exponit:

1203 1876 1384 1907 ‹ultim-etm-
1414 1876 1502 1907 Deus
1530 1877 1609 1917 ipse.
1666 1876 1715 1907 Sit
1743 1877 1786 1906 ita
1815 1886 1915 1913 sane,
1948 1876 2008 1907 sed
2031 1875 2175 1918 loquitur

1202 1918 1321 1951 Daniel
1344 1919 1385 1951 de
1407 1925 1476 1950 toto
1501 1919 1658 1950 beneficio
1682 1918 1814 1950 Christi.
1859 1918 1932 1949 Non
1957 1917 2070 1950 volunt
2094 1919 2174 1950 Pro·

1204 1962 1334 2003 phetae,
1353 1962 1441 2003 quod
1464 1963 1566 1993 simus
1589 1962 1664 1993 iusti
1687 1969 1821 2002 propter
1839 1967 1986 1992 nostram
2005 1961 2175 1999 iustitiam,

471 2002 585 2052 Quae
615 2009 676 2042 est
707 2001 878 2055 quarta?
1204 2004 1257 2036 vel
1280 2005 1433 2036 iustitiam
1456 2004 1668 2036 essentialem
1692 2004 1822 2042 Christ,
1852 2002 1905 2035 vel
1929 2010 2063 2045 propter
2083 2003 2175 2035 novi-

1204 2055 1321 2083 tatem;
1355 2047 1415 2078 sed
1445 2048 1531 2088 quod
1560 2048 1662 2078 simus
1692 2046 1802 2078 dilecti
1826 2047 1856 2078 in
1880 2045 2020 2084 dilecto,
2055 2047 2086 2078 id
2110 2052 2173 2083 est,

1203 2091 1306 2121 simus
1336 2091 1411 2121 insti
1441 2097 1574 2131 propter
1602 2090 1821 2121 obedientiam
1852 2087 1922 2120 Filii
1952 2090 1983 2120 in
2008 2088 2070 2121 hac
2095 2090 2173 2121 vita:

1203 2140 1235 2165 et
1258 2143 1453 2174 quamquam
1477 2133 1652 2164 inchoatur
1675 2133 1705 2164 in
1728 2133 1824 2163 nobis
1847 2142 1934 2163 nova
1957 2132 2096 2169 iustitia,
2127 2138 2174 2163 ta·

1204 2187 1276 2207 men
1300 2175 1354 2207 illa
1379 2176 1506 2207 (imnum
1530 2177 1588 2207 erit
1613 2177 1752 2217 integra,
1769 2185 1828 2206 seu
1848 2173 1996 2215 perfecta
2020 2175 2050 2206 in
2073 2181 2174 2207 aeter-

1173 2209 1181 2593 ι
1203 2221 1320 2255 nitate,
1344 2220 1375 2249 in
1400 2229 1463 2260 qun
1487 2219 1578 2250 Deus
1601 2219 1662 2250 erit
1691 2219 1799 2249 onmia
1822 2218 1852 2248 in
1876 2218 2038 2249 omnibus.
2082 2218 2175 2250 Sicut

266 2093 351 2130 Quia
380 2091 471 2125 nulla
500 2099 651 2125 creatura
682 2093 843 2133 potuisset
875 2093 1039 2122 sustinere
1070 2091 1150 2121 iram

179 2138 252 2170 Dei.
299 2137 386 2169 Deus
409 2137 491 2177 syrtis
514 2145 695 2167 con-sumens
719 2139 775 2165 est.
826 2134 966 2169 Quando
990 2133 1082 2165 Deus=
1106 2133 1151 2164 es-

179 2180 284 2214 sundit
306 2180 386 2212 iram
409 2190 522 2216 suam,
549 2185 626 2210 tunc
657 2185 808 2209 creatura
830 2178 913 2218 perit
935 2187 975 2208 ac
999 2177 1151 2211 moritur;

179 2232 213 2257 ut
239 2223 344 2255 Adam
367 2223 475 2263 coepit
498 2222 590 2259 mori,
611 2221 741 2263 quando
759 2220 852 2252 Deus
876 2230 948 2251 eum
972 2219 1078 2260 coepit
1101 2229 1150 2250 ar-

180 2276 300 2309 guere,
323 2273 355 2297 et
378 2265 554 2296 mansisset
577 2265 609 2295 in
632 2271 753 2301 morte,
780 2264 840 2294 nisi
866 2263 1050 2293 vivificatus
1075 2260 1150 2292 suis-

179 2316 231 2341 set
253 2310 366 2341 iterum
389 2318 448 2348 per
471 2308 594 2338 Filium.
644 2306 755 2338 Sensit
785 2317 823 2337 se
853 2305 1010 2337 vivificari
1041 2305 1151 2336 audita

180 2353 408 2395 promissione.
455 2351 525 2382 lloc
544 2358 592 2381 est
611 2360 705 2392 ergo,
724 2350 810 2391 quod
831 2349 919 2380 dico:
945 2346 1042 2379 Nulla
1061 2357 1150 2379 creu-

182 2403 255 2427 turn
285 2395 446 2436 potuisset
475 2395 639 2424 sustinere
669 2393 749 2423 iram
777 2391 848 2424 Dei.
907 2390 1058 2422 Cin-istus
1082 2391 1152 2431 ipse

181 2438 312 2470 sudavit
342 2437 534 2478 sanguinem
563 2437 634 2467 sine
663 2433 818 2466 violentia
846 2441 992 2465 externa.
1048 2433 1151 2464 Nemo

182 2481 346 2512 hominum
369 2480 454 2511 adeo
473 2481 630 2511 robustus
649 2485 710 2515 est,
729 2479 783 2520 qui
803 2484 916 2518 posset
937 2478 1046 2507 rivere
1065 2477 1152 2507 iacta

183 2530 274 2555 tanta
296 2523 407 2554 cordis
430 2522 648 2554 commotione
670 2529 702 2553 et
726 2520 936 2557 laceratione,
961 2526 993 2551 ut
1018 2519 1152 2550 sudare-t

183 2567 386 2609 sanguinem.
432 2564 532 2598 Fufius
555 2564 618 2597 Dei
640 2565 740 2596 sentit
759 2564 840 2596 iraun
857 2563 1021 2595 adversus
1039 2568 1152 2594 nostra

1204 2261 1325 2293 Paulus
1350 2262 1443 2293 dit-it:
1481 2261 1576 2293 Nune
1603 2265 1804 2302 expectamus
1832 2261 1950 2300 spirim
1979 2270 2018 2290 rs
2038 2259 2101 2302 fide
2130 2261 2175 2292 ιἰι-

1202 2306 1341 2337 aritiam.
1365 2303 1490 2336 scilicet
1517 2306 1695 2346 integrum,
1719 2314 1779 2334 scu
1803 2309 2071 2334 consummatam.

1291 2347 1360 2378 lloc
1383 2354 1506 2378 tantum
1531 2347 1723 2379 beneficium
1747 2347 1851 2377 reddit
1876 2347 1972 2377 nobis
1995 2347 2056 2376 iste
2073 2344 2175 2378 Filius

1205 2390 1379 2425 Mediator,
1403 2397 1434 2421 et
1458 2391 1520 2421 isto
1544 2390 1659 2421 urdine
1682 2389 1797 2420 reddit.
1843 2388 1877 2419 ln
1902 2388 1962 2419 lmc
1987 2389 2052 2419 vita
2075 2387 2176 2421 habe·

1205 2444 1276 2463 tntts
1301 2433 1524 2464 remissionem
1548 2439 1777 2475 peccatorum:
1799 2429 2095 2463 reconciliationem
2117 2441 2176 2473 per

1204 2477 1462 2507 misericordium
1485 2483 1619 2517 propter
1643 2473 1775 2506 Filium:
1802 2474 1922 2506 Sumus
1946 2482 2082 2515 propter
2099 2477 2176 2508 obo-

1205 2519 1358 2550 dientiarn
1382 2517 1452 2550 Fuit
1476 2519 1604 2560 accepti
1627 2524 1659 2549 et
1682 2518 1769 2549 iusti:
1802 2516 1921 2548 Postea
1944 2519 2176 2559 consequimur

1204 2561 1297 2594 initio
1329 2562 1564 2594 renovationis.
1621 2559 1704 2593 Post
1737 2560 1823 2593 hanc
1857 2561 1956 2591 vitum
1989 2558 2084 2593 Deus
2105 2561 2178 2604 ,eft

2291 906 2309 1101 -.πμ
2291 910 2294 934 ““
2290 827 2308 903 jz·
