2324 2958
169 176 234 210 803

171 270 288 307 tentia,
316 274 348 300 et
378 275 411 300 ut
441 268 521 299 vitet
548 267 662 299 maiori
686 267 981 308 circumspectione
1004 272 1142 308 peccata

168 311 295 345 similia.

255 355 373 386 Sexto:
404 353 608 392 Comparatio
638 352 863 382 commodorum
886 356 915 382 et
939 351 1142 383 incommodo-

169 409 251 431 rum,
281 394 512 437 complectitur
543 396 576 427 in
603 394 756 427 Ecclesia
783 396 879 426 etiam
909 395 1142 436 mitigationeS,

168 451 252 482 quas
285 439 424 470 subinde
458 438 550 470 Deus
579 438 635 470 dat
665 439 695 469 in
719 438 834 469 mediis
857 438 1042 473 aerumnis,
1078 435 1142 467 etsi

168 483 229 514 has
253 484 342 524 ipsas
366 482 586 523 mitigationes
616 491 683 512 non
705 487 771 512 tam
794 491 835 512 ex
858 478 949 522 lege,
979 489 1077 521 quam
1099 487 1141 509 ex

168 523 349 567 Evangelio
373 524 662 566 apprehendimus.

189 707 306 759 Quae
337 714 430 749 sunt
461 707 582 762 igitur
612 705 794 762 propriae
826 702 1118 744 consolationes

533 781 767 837 Evangelii?

254 875 465 917 Respondeo.
509 874 592 906 Tres
624 870 835 915 principales:
870 871 978 902 Prima
1005 875 1057 900 est
1077 878 1142 898 voz-

168 920 358 949 remissionis
383 922 583 958 peccatorum
610 921 639 946 et
666 914 943 945 reconciliationis.
998 911 1140 947 Quando

168 963 292 993 scimus
317 972 379 992 nos
404 961 468 991 fide
496 961 601 992 iustos
630 970 706 991 esse
730 964 762 989 et
785 963 944 998 acceptos
966 954 1041 986 Deo
1064 964 1141 996 pro-

168 1013 242 1047 pter
275 1003 459 1035 Christumt
494 1011 560 1034 tum
594 1002 742 1044 sequitur
775 1001 857 1038 hoc,
892 999 980 1041 quod
1016 996 1140 1029 Paulus

169 1047 262 1085 dicit,
286 1047 451 1086 Iastifirati
469 1047 532 1085 fide
550 1055 659 1084 pacem
681 1043 830 1073 habemus.
876 1042 986 1073 David
1009 1041 1139 1083 quando

168 1096 245 1132 post
267 1088 414 1131 lapsum,
449 1090 481 1120 id
504 1096 571 1126 est,
605 1093 682 1129 post
704 1086 824 1118 factam
853 1086 1005 1123 caedem,
1033 1090 1065 1115 et
1088 1094 1140 1115 ra-

168 1140 257 1175 ptam
280 1133 454 1174 coniugem
477 1130 632 1166 alienam,
657 1130 745 1161 audit
767 1127 1008 1160 absolutionem
1032 1136 1051 1156 a
1074 1126 1139 1157 Na-

169 1176 267 1213 than,
290 1183 323 1206 et
354 1176 417 1206 scit
445 1185 483 1206 se
513 1175 636 1206 habere
661 1173 886 1204 remissionem
917 1175 1139 1211 peccatorum,

169 1217 362 1251 consolatur
400 1227 438 1248 se
467 1216 531 1248 hac
564 1226 704 1253 ancora,
744 1221 779 1246 ut
812 1220 953 1250 statuat,
987 1211 1140 1254 quicquid

168 1262 265 1293 etiam
299 1261 361 1302 ipsi
392 1260 540 1298 accidat,
575 1266 683 1290 tamen
712 1268 749 1289 se
778 1257 901 1288 habere
928 1255 1047 1287 Deum.
1065 1265 1140 1296 pro-

168 1305 289 1345 pitium.

253 1345 404 1377 Secunda
433 1343 619 1376 consolatio
645 1340 815 1384 Evangelii
839 1341 988 1382 propria,
1017 1346 1067 1371 est
1091 1349 1140 1368 as-

167 1390 319 1419 severatio
342 1388 382 1418 de
399 1388 579 1427 praesentia
603 1385 680 1420 Dei,
703 1389 733 1415 et
756 1385 795 1414 de
817 1385 954 1413 auxilio:
978 1383 1071 1414 Sicut
1095 1382 1140 1412 di-

168 1433 268 1464 citur:
302 1432 373 1460 Sum
402 1441 467 1460 cum
489 1431 560 1469 ipso
582 1430 614 1458 in
637 1428 848 1458 tribulatione.
893 1427 990 1463 Item,
1023 1425 1139 1455 Invoca

168 1486 212 1504 me
233 1476 265 1504 in
289 1474 341 1503 die
365 1473 588 1506 tribulationis,
619 1475 648 1501 et
671 1472 801 1510 eripimn
824 1473 870 1503 te,
886 1472 929 1498 -et
950 1467 1141 1508 ylorificabis

167 1529 220 1549 me.
266 1517 319 1549 Ad
342 1516 428 1549 hunc
451 1514 559 1548 locum
583 1515 624 1545 de
647 1514 812 1556 agnitione
833 1511 1040 1554 praesentiae
1064 1511 1139 1548 Dei,

169 1561 309 1602 pertinet
343 1560 439 1591 etiam
473 1557 553 1589 illud
582 1557 717 1588 Esaiae:
755 1555 816 1586 Ubi
843 1554 990 1585 habitabo
1018 1555 1080 1583 nisi
1108 1555 1139 1582 in

167 1604 289 1643 Spiritu
323 1603 478 1635 contrito,
518 1605 547 1630 et
580 1603 724 1630 tremente
756 1609 909 1628 sermones
942 1607 1032 1627 meos.
1087 1595 1139 1629 Et,

169 1647 256 1689 quod
287 1644 439 1677 psalmus
468 1644 587 1685 inquit:
620 1643 728 1682 Prope
754 1646 800 1672 est
822 1642 974 1671 Dominus
995 1639 1059 1674 his,
1088 1640 1142 1679 qui

168 1689 318 1719 tribulato
347 1691 416 1718 sunt
447 1687 551 1716 corde.
602 1686 675 1718 lloc
702 1695 769 1716 non
793 1685 891 1716 docet
915 1681 1140 1724 Philosophia.

169 1733 253 1763 Fato
272 1732 408 1768 dubitat,
429 1741 470 1761 an
491 1729 584 1761 Deus
604 1734 695 1761 curet
714 1729 832 1769 ipsum,
851 1733 882 1759 et
900 1726 1008 1758 tremit
1027 1731 1142 1757 contra

169 1775 292 1813 Deum,
314 1775 402 1816 quod
426 1773 576 1804 vincatur
598 1773 628 1804 in
653 1770 778 1803 meliori
801 1780 913 1802 causa.

254 1817 363 1849 Tertia
403 1814 586 1847 consolatio
626 1812 847 1856 Evangelica,
888 1819 939 1844 est
976 1812 1142 1851 promissio

164 1860 268 1899 finalis
291 1860 502 1893 lt‘berntt‘oni13
532 1858 607 1899 quia
631 1864 780 1889 caeterae
804 1854 1052 1887 consolationes
1075 1864 1141 1884 non

169 1910 281 1935 essent
316 1902 538 1939 sufficientes,
579 1902 621 1932 si,
648 1911 778 1941 semper
816 1899 912 1930 nobis
947 1898 1141 1928 manendum

169 1953 261 1978 essct
291 1947 323 1977 in
353 1945 493 1976 miseriis
523 1954 552 1974 et
582 1944 757 1974 aerumnis.
803 1941 895 1973 Deus
919 1941 1061 1971 condidit
1087 1949 1142 1982 ge-

169 2000 231 2022 nus
255 1989 445 2024 humanum,
464 1994 498 2017 ut
518 1987 579 2017 sibi
599 1993 765 2017 aeternam
789 1984 972 2016 Ecclesiam
997 1981 1142 2024 colligat,

170 2039 200 2063 et
227 2038 302 2073 post
327 2031 477 2062 miserias
513 2028 608 2059 huius
638 2029 724 2059 vitae
747 2029 777 2058 in
810 2036 945 2058 aeterna
969 2032 1142 2057 vonsuetu-

169 2076 244 2106 dine
268 2074 483 2106 communicet
509 2071 680 2103 Ecclesiae
704 2081 796 2102 suam
820 2070 1030 2111 sapientiam,
1054 2068 1143 2099 boni-

171 2126 287 2153 tatem,
313 2124 343 2147 θ’.
368 2115 522 2147 laetitiam
553 2116 585 2146 in
615 2116 700 2145 οιιιιιῑ
725 2114 929 2144 aeternitate.
976 2111 1022 2142 lbi
1046 2112 1144 2153 igitur

171 2162 229 2192 erit
253 2160 327 2192 finis
352 2158 521 2190 nudorum.

258 2203 382 2243 mitigat
412 2202 540 2243 quidem
571 2199 663 2231 Deus
687 2197 890 2230 calamitates
915 2198 1144 2228 invocantibus

171 2247 265 2278 etiam
289 2247 320 2277 in
345 2246 407 2276 hac
430 2246 511 2275 vita.
538 2243 627 2280 ltcm,
651 2241 765 2273 liberat
789 2252 889 2281 saepe
914 2251 953 2271 ex
977 2239 1143 2281 petit-ulis,

171 2297 200 2321 et
227 2288 480 2320 asilii-tionibus:
505 2287 564 2317 sed
589 2293 695 2316 tamen
719 2285 913 2315 veniendum
938 2290 989 2313 est
1012 2284 1142 2313 tandem

170 2333 211 2363 ud
242 2339 389 2373 portum,
423 2338 451 2361 et
484 2330 525 2360 ad
559 2339 667 2360 teram
697 2328 848 2370 quietem.
906 2327 982 2357 ldeo
1013 2336 1144 2366 semper

173 2374 400 2415 coniungenda
431 2380 481 2402 ost
513 2383 591 2413 spes
629 2379 658 2401 ct
690 2370 913 2411 exspertntio,
948 2369 1053 2399 linaiis
1084 2380 1143 2399 seu

173 2416 302 2449 ultimae
333 2416 545 2447 liberationis.
600 2414 732 2445 litium-si
765 2414 815 2444 bit·
844 2413 1035 2443 interficitur
1061 2411 1142 2442 l'an-

172 2460 243 2498 lus,
266 2466 372 2490 tamt-n
394 2457 548 2489 Ecclesia
572 2456 830 2499 glorilit·al)itur;
858 2456 932 2486 idn-o
963 2461 992 2484 et
1020 2453 1142 2485 l’aulns

173 2510 342 2543 resurget,
366 2509 397 2533 et
421 2501 545 2532 fruetur
567 2508 701 2531 ιιι-ισ-τιιο
725 2505 906 2539 conspectu
931 2497 1003 2528 Dei.

259 2543 326 2576 llae
351 2543 598 2574 consolationes
624 2541 848 2583 Evangelii-ne
871 2541 1048 2571 destituunt
1075 2539 1142 2581 phi—

174 2588 344 2629 losophos.
411 2588 481 2617 Non
522 2588 647 2623 sciunt,
686 2597 727 2616 an
763 2583 913 2625 placeant
952 2583 1041 2619 Deo,
1078 2593 1140 2613 non

173 2638 358 2674 agnoscunt
383 2631 602 2672 praesentium
622 2628 694 2666 Dei,
719 2639 781 2659 non
806 2626 925 2658 habeut
949 2637 1042 2668 spem
1066 2624 1139 2656 libo·

859 171 972 206 PntL.
994 171 1097 204 MEL.
1119 171 1306 205 SCRIPTA
1328 170 1592 206 EXEGETlCA.

2101 176 2167 211 8⁰⁴

1194 265 1344 314 rationiS‚
1365 263 1458 296 Deus
1477 264 1629 308 relinquit
1653 276 1725 305 eos,
1742 267 1818 298 sinit
1839 267 2070 301 miserabiliter
2091 269 2166 302 illos

1193 316 1313 347 pet-tre.

1194 347 1392 381 solationem
1415 351 1457 382 de
1479 351 1673 383 remissione
1695 359 1924 392 peccatorum,
1948 355 2035 386 videt
2057 353 2165 388 Deum

1193 391 1256 423 sibi
1278 398 1488 433 praesentem
1511 403 1603 432 esse,
1633 395 1752 426 retinet
1778 405 1870 436 spem
1892 395 2096 428 libetationis
2117 397 2166 430 ub

1194 435 1302 465 timae.
1356 435 1472 467 Potest
1495 437 1606 468 dicere
1629 446 1703 468 cum
1727 436 1823 469 lobo:
1855 438 1991 468 Etiamsi
2014 441 2167 471 ocn‘elen‘t

1193 487 1238 506 me
1260 476 1426 512 Dominus,
1458 482 1558 508 tamen
1588 479 1720 518 sperabo
1746 481 1779 509 in
1805 490 1880 511 eum.
1936 481 1977 513 Et
2001 492 2076 513 cum
2098 482 2165 514 Da-

1192 520 1286 551 vide:
1323 519 1363 550 In
1398 524 1443 556 te,
1476 521 1624 556 Domine,
1653 523 1793 561 speravi,
1830 533 1892 553 non
1925 525 2101 563 consimilat
2133 527 2166 555 in

1193 566 1356 600 aeternam.
1411 562 1484 595 Hae
1513 563 1761 596 consolationes
1791 563 1916 598 faciunt
1946 577 2058 599 verum
2088 579 2165 610 gau-

1194 605 1280 636 dium
1310 606 1342 636 in
1371 606 1488 645 corde,
1517 607 1603 648 quod
1634 613 1685 639 est
1706 606 1815 647 reale,
1845 615 1878 640 et
1906 609 2064 642 sensibile
2087 621 2165 653 gatz-

1193 648 1297 685 dium,
1320 653 1353 679 et
1374 649 1462 690 quod
1484 649 1644 681 absorbet
1665 657 1815 682 mortem.

1278 690 1372 722 Hane
1395 689 1602 724 collationem
1624 691 1790 732 locorum,
1819 693 1874 735 qui
1895 694 1928 725 in
1951 693 2166 737 Philosophus

1193 738 1226 764 et
1248 733 1398 764 doctrina
1419 733 1593 766 Ecclesiae
1622 735 1760 767 flectunt
1792 737 1835 767 ad
1866 737 2071 777 patientiam,
2105 748 2166 770 seu

1192 774 1317 807 leniunt
1349 774 1502 814 dolores,
1536 784 1569 808 et
1597 778 1728 820 erigunt
1755 779 1902 817 animos,
1936 778 2112 822 diligenter
2134 788 2166 812 et

1192 828 1294 859 saepe
1317 819 1577 858 consideremus,
1600 826 1634 852 ut
1656 821 1688 851 in
1711 822 1910 863 quotidianis
1933 823 2096 854 exercitiis
2119 823 2166 855 in·

1193 861 1396 899 vocationis,
1423 862 1500 893 item
1527 862 1560 893 in
1589 872 1691 895 sensu
1718 863 1921 904 publicarum
1945 864 2166 897 calamitatum

1193 904 1412 946 cogitationes
1430 911 1564 935 nostras
1577 905 1755 937 dirioamus
1773 907 1815 937 ad
1834 907 2075 939 meditationem
2094 915 2166 939 tan-

1192 952 1298 978 tarum
1326 956 1451 983 rerum3
1481 952 1514 978 et
1536 953 1571 978 ut
1592 929 1708 979 meiius
1730 948 1951 991 intelligamus
1975 951 2163 982 discrimina

1192 989 1433 1028 doctrinarum,
1457 988 1712 1031 Philosophiae,
1735 990 1853 1033 Legis,
1875 998 1907 1023 et
1928 991 2111 1035 Evangelii.

1277 1032 1435 1070 Iuvenes,
1457 1033 1512 1075 qui
1535 1039 1613 1064 sunt
1634 1033 1746 1064 adhuc
1767 1033 1962 1072 incolumes,
1985 1045 2052 1066 non
2074 1045 2165 1067 exm-

1192 1081 1308 1107 centur
1340 1076 1463 1107 morbis
1497 1082 1530 1107 et
1558 1074 1632 1107 aliis
1660 1075 1774 1115 malis,
1803 1075 1910 1108 levius
1940 1077 2004 1108 ista
2032 1083 2166 1114 curant;

1192 1119 1252 1149 sed
1275 1125 1382 1149 tamen
1406 1119 1586 1150 doctrinam
1609 1119 1740 1150 discere
1763 1129 1879 1151 omnes
1902 1119 2041 1158 debent,
2065 1126 2098 1151 et
2119 1121 2165 1151 iu—

1192 1161 1275 1191 tueri
1297 1168 1419 1192 statum
1440 1171 1481 1193 ac
1504 1162 1722 1197 conditionem
1747 1160 1920 1193 Ecclesiae
1942 1163 1974 1193 in
1998 1161 2062 1194 hac
2084 1163 2166 1199 vita3

1192 1203 1268 1244 quia
1298 1204 1380 1235 haec
1409 1210 1460 1235 est
1488 1203 1644 1235 voluntas
1673 1204 1755 1242 Dei,
1790 1211 1825 1236 ut
1849 1203 2001 1236 Ecclesia
2024 1207 2065 1237 sit
2089 1206 2167 1237 snb—

1191 1247 1276 1277 iecta
1307 1247 1414 1278 cruci:
1448 1254 1479 1278 ut
1513 1247 1631 1278 dicitur
1660 1247 1747 1288 apud
1777 1246 1960 1278 leremiamz
2000 1247 2088 1278 Dede·
2119 1247 2167 1277 di-

1191 1288 1302 1318 lectam
1320 1291 1449 1318 animam
1468 1300 1561 1318 meam
1579 1291 1611 1318 in
1630 1300 1735 1319 manus
1752 1291 1945 1320 inimicorum
1963 1292 2039 1320 eius.
2080 1290 2166 1326 Quid

1192 1337 1302 1372 potest
1320 1332 1384 1363 dici
1408 1332 1514 1374 magis
1535 1332 1756 1374 patheticum‘t

1326 1496 1437 1547 Quid
1467 1497 1650 1538 nominat
1680 1497 1858 1538 animam
1887 1496 2030 1538 suam?

1277 1586 1462 1619 Ecclesiam
1491 1588 1635 1619 nominat
1663 1589 1822 1626 animam;
1855 1588 1939 1620 sicut
1968 1589 2090 1620 usitate
2118 1587 2168 1620 lo·

1192 1630 1320 1672 quimur
1343 1631 1384 1662 de
1408 1641 1443 1662 re
1467 1630 1564 1662 xalde
1587 1629 1720 1662 dilecta:
1748 1631 1807 1661 Est
1828 1641 1910 1661 meus
1930 1633 2063 1665 animas,
2084 1641 2168 1661 meus

1193 1673 1315 1707 oculus,
1339 1684 1404 1703 mea
1425 1673 1579 1713 voluptas.
1632 1673 1750 1711 lacob,
1779 1680 1872 1715 pater
1902 1673 2034 1716 losephi
2062 1675 2167 1716 potuit

1193 1717 1304 1748 dicere
1335 1717 1376 1748 de
1404 1716 1470 1748 hoc
1498 1716 1564 1748 tilio
1593 1727 1671 1748 suo:
1705 1717 1770 1746 Iste
1794 1720 1840 1747 est
1868 1727 1949 1753 rmus
1975 1719 2112 1746 animus.-
2134 1717 2166 1749 id

1194 1765 1262 1798 est,
1285 1765 1350 1791 tam
1373 1758 1512 1792 dilectus
1534 1759 1629 1797 mihi,
1652 1769 1749 1800 quam
1773 1766 1824 1791 est
1848 1760 1914 1790 vita
1937 1769 2020 1791 meu.
2073 1759 2166 1791 Hanc

1193 1803 1292 1845 igitur
1315 1804 1454 1834 animam
1477 1812 1588 1840 suam,
1611 1802 1643 1833 id
1666 1808 1727 1836 est.
1750 1812 1818 1833 rem
1841 1801 2100 1841 dilectissimam,
2121 1803 2168 1834 ν’»

1193 1844 1312 1877 delicet
1334 1845 1536 1883 Ecclesiam,
1568 1845 1612 1876 ait
1641 1844 1801 1876 Dominus
1829 1855 1867 1876 se
1890 1845 2024 1877 dedisse
2047 1846 2078 1877 in
2101 1855 2168 1878 ιι»

1193 1899 1270 1920 ηιιιιι
1304 1889 1508 1920 inimicorum
1538 1888 1628 1925 eius,
1661 1886 1787 1919 scilicet
1816 1888 1857 1919 ad
1889 1895 2030 1930 tempus.
2084 1888 2166 1920 Nam

1194 1931 1269 1973 quia
1297 1937 1349 1963 est
1375 1932 1498 1969 anima,
1531 1938 1563 1962 et
1590 1929 1712 1963 dilecta
1742 1929 1833 1962 Deo:
1862 1930 1954 1973 Ergo
1983 1941 2049 1962 non
2072 1931 2167 1963 dese—

1193 1982 1294 2006 retur.

1280 2016 1437 2048 paremus
1472 2022 1578 2048 autem
1614 2026 1675 2047 nos
1709 2016 1751 2047 ad
1783 2026 1973 2048 communes
2003 2016 2167 2048 miserias.

1195 2070 1279 2102 quus
1302 2060 1419 2101 partim
1442 2060 1472 2090 in
1497 2066 1679 2101 conspectu
1702 2069 1777 2090 esse
1802 2060 1962 2097 videmus,
2005 2059 2100 2090 artim
2119 2057 2168 2091 ft»

1196 2110 1270 2134 turo
1294 2110 1440 2144 tempore
1464 2104 1646 2133 metuimus.
1698 2101 1824 2143 Singuli
1854 2103 1951 2133 etiam
2003 2111 2020 2133 e
2043 2101 2112 2133 suis
2136 2108 2168 2133 et

1197 2157 1330 2177 suorum
1359 2146 1495 2176 mist-riis
1526 2144 1646 2187 aliquid
1678 2147 1841 2186 cogitent,
1875 2151 1906 2176 et
1936 2150 2103 2185 petamus.
2134 2151 2169 2176 m

1198 2188 1289 2219 Dens
1314 2188 1409 2219 leniat
1436 2188 1584 2229 publicas
1610 2195 1639 2219 et
1663 2189 1810 2229 priuatas
1829 2198 1972 2228 poenus,
2002 2195 2031 2218 et
2057 2193 2170 2219 servet

1197 2231 1325 2273 aliquas
1360 2230 1534 2263 Ecclesiae
1566 2230 1741 2272 reliquias,
1775 2238 1807 2261 ut
1843 2232 1988 2262 servavit
2023 2231 2055 2261 in
2088 2231 2169 2262 mari

1197 2276 1316 2309 rubro,
1350 2276 1380 2305 in
1417 2275 1552 2305 fornace
1583 2273 1806 2315 Babflonitm
1841 2274 1915 2315 quia
1947 2284 2078 2313 semper
2107 2272 2168 2305 Eo·

1197 2316 1299 2348 vlt-sia
1323 2325 1372 2348 cst
1396 2319 1425 2348 in
1451 2317 1610 2348 sitnilibus
1635 2316 1801 2358 periculis,
1821 2317 1945 2347 etiamsi
1971 2327 2035 2346 non
2059 2317 2168 2346 omnia

1196 2361 1352 2391 videmus.
1411 2359 1504 2391 Deus
1535 2361 1656 2401 mitiget
1688 2359 1774 2391 mala
1805 2366 1939 2401 propter
1969 2357 2101 2390 Filium.
2136 2364 2168 2389 et

1195 2405 1278 2434 adsit
1305 2403 1477 2435 Ecclesiae
1501 2403 1697 2434 senescenti.

1358 307 1494 346 Contra,
1511 307 1710 340 Laurentius
1728 310 1760 340 in
1783 309 1943 343 craticula
1964 311 2065 344 habet
2087 322 2166 344 con-
2215 325 2225 329 ·
