2324 2958
161 165 287 198 XXXV
790 157 903 190 PHlL.
928 156 1032 188 MEL.
1055 154 1242 187 SCRIPTA
1264 150 1526 184 EXEGETICA.
2009 150 2153 184 XXXV1

362 256 429 285 Non
453 265 579 294 possum
601 258 699 282 autem
724 262 781 282 nou
804 251 949 291 profiteri,
978 249 1071 278 multo
1099 248 1202 277 labore
1230 250 1259 274 et
1288 245 1432 284 temporis
1463 245 1614 284 impendio
1644 255 1701 274 non
1726 245 1851 283 exiguo,
1879 245 1952 274 mihi
1975 246 2153 284 praesertim

157 302 272 331 initium
307 300 406 339 operis
437 298 526 326 buius
559 296 693 334 suscepti
728 294 914 322 constitisse.
959 292 1036 321 Nam
1060 291 1129 329 quia
1158 287 1354 327 Rhapsodiae
1388 287 1552 326 pleraeque
1586 286 1677 316 celeri
1707 296 1796 316 manu
1821 291 1966 326 exceptae
1994 291 2089 323 erant,
2123 292 2155 317 et

158 345 237 373 notis
261 342 512 371 abbreviationum
537 337 672 376 plurimis
695 337 885 368 constabant,
920 333 1042 363 disticile
1066 331 1135 360 mihi
1159 331 1214 359 suit
1237 329 1362 367 assequi
1386 329 1532 368 legendo,
1567 339 1644 368 quae
1679 328 1833 358 festinanti
1862 330 1988 365 calamo,
2016 330 2083 360 sine
2112 330 2154 360 di-

157 386 367 415 stinctionibus
389 382 584 411 membrorum
608 384 637 408 et
660 378 847 417 periodorum
870 377 1044 416 plerumque
1068 374 1180 411 scripta
1196 376 1288 401 erant.
1322 371 1441 401 Deinde
1465 383 1521 401 non
1546 373 1613 401 sine
1636 371 1736 401 taedio
1759 371 1824 406 suit,
1847 371 1981 402 conferre
2005 372 2154 412 exempla-

157 430 198 457 ria
222 438 278 457 non
302 427 389 454 unius
412 423 530 453 saitem.
553 422 607 451 sed
632 421 758 460 plurium
781 429 936 448 annorum:
967 420 1121 456 praeterea
1149 415 1311 453 insigniora
1341 424 1379 444 ex
1406 414 1537 453 singulis
1561 413 1750 453 Rhapsodiis
1779 414 1925 449 notanda,
1954 415 2154 454 excerpenda,

157 472 185 499 in
210 471 339 498 ordinem
363 465 532 499 redigenda.
556 469 585 493 et
609 465 674 492 suis
698 473 818 500 quoque
842 461 918 490 locis
942 458 1112 497 reponenda
1134 457 1268 491 suerunt,
1292 461 1450 496 propterea
1478 457 1559 495 quod
1590 457 1672 486 initio
1702 466 1759 486 non
1790 466 1828 486 ex
1858 456 1990 495 singulis
2014 456 2153 496 Rhapso-

157 513 215 542 diis
238 510 374 545 singulas
398 498 619 537 ceinciuuculas.
654 505 711 534 sed
747 514 783 532 cx
817 503 967 532 universis
1000 510 1141 529 annorum
1164 499 1302 538 plurium,
1338 510 1426 528 unam
1450 501 1626 529 concionem
1649 499 1808 533 adornare,
1844 503 1874 529 et
1898 501 1987 538 quasi
2011 500 2039 528 in
2063 510 2153 529 unum

157 565 265 593 corpus
288 543 422 589 redigere
445 550 644 578 institueram:
675 547 730 575 boc
759 546 862 575 ordine
890 545 1064 583 plerumque
1091 545 1223 576 servato,
1251 546 1284 571 ut
1312 542 1438 580 primum
1468 542 1712 581 grammatica
1741 545 1772 571 et
1801 541 2012 577 historica,
2046 546 2156 582 postea

156 607 225 625 vero
249 594 447 624 doctrinae
470 591 582 620 locos
606 590 773 618 recitarem:
802 598 861 626 quo
885 587 951 625 ipso
971 585 1073 613 ordine
1092 584 1230 613 videbam
1254 587 1284 613 et
1306 584 1344 613 Ι).
1359 583 1531 624 Philippum
1553 594 1663 623 magua
1685 594 1723 614 ex
1745 588 1829 623 parte
1852 594 1941 614 usum
1958 584 2073 621 suisse3
2103 586 2153 624 qui

155 644 252 668 tamen
275 636 342 665 aliis
365 639 454 673 atquo
477 633 544 662 aliis
567 633 669 665 annis,
693 635 742 659 aut
765 630 849 669 plura
872 633 921 657 aut
943 628 1093 666 pauciora,
1117 636 1196 665 quae
1218 626 1256 656 ad
1276 625 1507 656 Grammaticam
1529 627 1717 666 spectabant,
1741 630 1772 656 et
1794 627 1948 657 doctrinae
1965 627 2053 657 locos
2076 627 2154 658 alios

155 685 243 719 atque
265 678 352 711 alios,
376 677 432 705 hoc
456 680 505 704 aut
528 674 586 703 alio
611 674 712 702 ordine
735 672 829 701 libere
852 674 976 700 tractare
999 669 1128 698 solebat.

358 761 424 790 Etsi
448 763 545 787 autem
570 759 674 796 religio
697 756 767 785 mihi
793 756 855 789 suit,
881 753 1040 783 discedere
1067 762 1085 781 a
1108 753 1208 781 verbis
1232 756 1263 782 et
1284 752 1449 791 phrasibus
1463 751 1655 792 Philippicis,
1678 758 1778 784 tamen
1801 754 1932 784 subinde
1950 764 1999 784 res
2021 754 2154 794 postula-

154 807 204 836 vit.
227 810 258 833 ut
282 809 331 833 aut
355 802 529 831 Germanica
552 800 642 829 multa
666 801 740 828 inter
769 797 934 826 docendum
959 805 1084 834 aspersa
1106 795 1216 826 Latine
1240 795 1406 830 reddenda3
1438 799 1489 824 aut
1518 805 1557 824 ex
1579 795 1768 835 Rhapsodiis
1796 797 1983 826 diversorum
2012 807 2153 826 annorum

153 848 335 878 evidentiora
358 843 524 881 deligenda.
547 847 597 872 aut
621 852 697 881 quae
722 843 749 870 in
772 840 909 879 pluribus
930 838 1118 877 Rhapsodiis
1141 838 1271 873 diversa,
1294 838 1352 868 sed
1375 838 1412 867 ad
1436 848 1524 867 unam
1548 838 1735 878 eandemque
1758 839 1922 869 doctrinam
1946 839 2154 870 illustrandam

154 890 237 920 utilia
259 900 294 919 se
317 888 489 919 offerebant,
514 884 717 914 connectenda
741 882 1012 922 quomodocunque
1036 880 1155 911 fuerint.

355 971 438 1001 Hanc
461 971 683 1008 σωματοποιΐιιν
705 978 770 996 cum
794 968 870 996 inter
887 967 970 995 initia
993 965 1084 995 huius
1108 966 1221 995 laboris
1245 965 1428 1004 aliquamdiu
1451 970 1634 1005 prosecutus
1658 975 1778 996 essem:
1807 970 1917 1005 postea
1938 971 2037 997 tamen
2062 968 2154 997 certis

153 1018 191 1047 de
214 1017 332 1045 caussis
357 1015 477 1043 mutavi:
502 1014 640 1052 primum,
665 1012 734 1049 quia
753 1010 873 1039 nimium
897 1009 1042 1047 temporis
1067 1008 1104 1037 ad
1128 1007 1209 1037 illam
1232 1009 1341 1047 requiri
1360 1008 1509 1042 videbam,
1534 1019 1593 1047 quo
1617 1009 1693 1038 inter
1715 1009 1860 1038 assiduas
1882 1011 2050 1040 vocationis
2068 1020 2155 1040 meae

152 1069 270 1099 operas.
295 1062 323 1086 et
346 1057 555 1095 impedimenta
577 1054 741 1083 studiorum
763 1052 900 1091 plurima,
924 1052 1044 1080 minime
1068 1051 1208 1090 equidem
1231 1051 1428 1080 abundabam.
1473 1051 1594 1081 Deinde
1616 1052 1645 1081 si
1668 1061 1756 1080 unam
1780 1050 1890 1081 saltem
1919 1053 2094 1082 concionem
2118 1063 2155 1082 ex

152 1102 300 1133 omnibus.
324 1110 399 1139 quas
423 1108 562 1128 annorum
587 1097 772 1125 diversorum
795 1104 892 1133 penes
914 1105 961 1123 me
985 1093 1144 1127 haberem,
1174 1093 1364 1133 Rhapsodiis
1388 1097 1550 1124 contexere
1572 1104 1739 1134 pergerem,
1763 1095 1952 1127 metuebam,
1976 1105 2014 1124 ne
2037 1094 2155 1134 prolixi·

151 1149 198 1174 tas
223 1143 373 1172 fastidium
397 1141 498 1171 lectori
521 1142 645 1180 pareret.
690 1138 737 1167 Ad
763 1137 838 1166 haec
862 1137 1038 1176 experiebar
1060 1136 1193 1166 ordinem
1217 1136 1348 1166 subinde
1371 1136 1559 1171 mutandum,
1589 1147 1679 1176 quem
1702 1136 1919 1166 Melanchtbon
1944 1141 2153 1176 usurpaverat:

152 1197 246 1226 saepe
269 1186 355 1215 etiam
380 1183 548 1213 earumdem
569 1192 662 1211 rerum
686 1180 906 1209 declarationes
929 1179 1086 1208 uberiores
1108 1182 1160 1208 aut
1182 1178 1241 1208 alio
1263 1179 1332 1208 loco
1352 1179 1540 1214 inserendas,
1570 1183 1622 1209 aut
1643 1179 1732 1219 plane
1756 1180 1937 1209 omittendas
1961 1189 2045 1209 esse.
2092 1179 2158 1210 Sed

152 1234 181 1259 et
205 1229 308 1258 lectori
332 1232 443 1266 gratum
469 1226 531 1254 sore
555 1224 706 1264 putabam,
739 1224 869 1261 integras
899 1221 1017 1261 aliquas
1046 1221 1259 1251 conciunculas
1283 1233 1320 1251 eo
1343 1222 1433 1251 modo
1457 1222 1626 1261 descriptas
1650 1222 1770 1256 videre,
1801 1232 1860 1261 quo
1883 1227 1968 1251 erant
1995 1222 2115 1252 habitae
2138 1233 2156 1252 a

152 1270 393 1301 Melanchtbone.
440 1269 590 1307 Denique,
613 1266 732 1305 singula
754 1266 894 1294 maiorem
920 1265 1007 1294 fidem
1030 1265 1169 1294 habitura
1191 1265 1412 1301 existimabam,
1437 1265 1517 1294 addo
1541 1266 1632 1294 etiam
1655 1265 1814 1298 suaviora,
1844 1266 1882 1294 iis
1905 1265 1956 1304 qui
1980 1263 2155 1304 Philippum

153 1315 251 1353 ipsum
276 1313 474 1343 audivissent,
499 1311 560 1339 sore
583 1309 654 1339 mibi
679 1308 914 1348 persuadebam,
939 1309 966 1337 si
990 1317 1068 1346 quae
1091 1307 1130 1336 de
1153 1311 1237 1337 textu
1260 1308 1416 1347 proposito
1439 1317 1498 1337 uno
1522 1312 1657 1347 tempore
1680 1307 1873 1342 familiariter,
1898 1312 1928 1337 et
1951 1307 2083 1336 dictione
2106 1317 2154 1337 ex-

149 1361 342 1395 temporanea
366 1354 417 1383 illc
440 1354 651 1392 disseruisset,
674 1361 731 1381 una
754 1352 842 1380 etiam
866 1350 1064 1380 conciuncula
1086 1350 1196 1380 eodem
1218 1360 1344 1390 prorsus
1368 1351 1473 1386 modo,
1502 1360 1562 1389 quo
1586 1349 1638 1380 iila
1660 1350 1763 1380 habita
1785 1360 1804 1379 a
1827 1349 1864 1379 D.
1889 1349 2033 1390 Philippo
2056 1354 2154 1385 esset,

151 1409 208 1428 suo
232 1408 370 1437 quaeque
392 1396 460 1426 loco
482 1397 665 1426 retineretur.

354 1481 468 1511 Mutato
492 1491 562 1519 ergo
585 1480 673 1519 priori
696 1479 852 1519 instituto,
881 1479 939 1507 iam
967 1488 1026 1508 non
1056 1477 1186 1517 plurium
1209 1477 1455 1517 Rhapsodiarum
1478 1479 1705 1516 σωματοποιΐαν
1731 1488 1791 1507 nna
1815 1477 1960 1507 concione
1983 1477 2155 1517 complecti,

150 1526 207 1555 sed
230 1535 267 1554 ex
289 1528 350 1553 toto
375 1523 492 1553 cumulo
516 1523 777 1562 Rhapsodiarum‚
805 1531 881 1560 quas
909 1522 947 1550 ad
970 1531 1087 1550 manum
1114 1520 1226 1550 habere
1248 1521 1350 1560 potui,
1381 1520 1608 1550 conciunculam
1639 1530 1705 1550 eam
1736 1520 1775 1550 ad
1797 1519 1976 1550 Dominicas
2003 1519 2154 1559 singulas,

151 1579 228 1607 quae
251 1569 317 1595 visa
340 1567 394 1595 suit
416 1566 546 1605 plenior.
571 1567 713 1603 integram
737 1565 966 1593 describendam
990 1565 1106 1598 curavi,
1130 1573 1230 1602 neque
1253 1564 1402 1602 demptis,
1426 1573 1526 1601 neque
1549 1563 1661 1592 additis
1685 1563 1771 1597 aliis,
1795 1573 1873 1601 quae
1897 1563 1925 1592 in
1949 1572 1986 1591 ea
2008 1563 2154 1592 concione

151 1622 208 1641 non
232 1611 419 1639 haberentur.
465 1609 541 1637 Huic
569 1618 640 1637 vero
663 1609 796 1646 integrae
819 1608 954 1636 concioni
983 1607 1111 1636 seorsim
1142 1607 1271 1641 subieci,
1306 1616 1385 1646 quae
1418 1616 1457 1636 ex
1480 1605 1670 1645 Rhapsodiis
1704 1605 1852 1645 singulis,
1881 1605 1919 1635 ad
1949 1606 2093 1644 pietatem
2123 1608 2155 1635 et

151 1654 348 1683 eruditionem
371 1652 558 1691 pertinentia,
582 1651 693 1680 utiliter
715 1650 783 1679 addi
807 1660 903 1689 posse
925 1650 1112 1679 videbantur.

354 1737 420 1766 Nec
440 1746 510 1765 vero
533 1736 657 1765 arbitror
686 1745 762 1774 opus
786 1745 876 1769 esse,
907 1739 939 1764 ut
962 1735 1184 1774 qualiacunque
1207 1736 1268 1764 ista
1290 1734 1478 1764 collectanea
1499 1733 1605 1764 lectori
1629 1733 1848 1767 commendem,
1881 1743 1950 1763 cum
1973 1743 2075 1763 eorum
2098 1733 2154 1764 uti-

151 1781 220 1811 litas
244 1784 274 1809 et
297 1781 432 1809 suavitas
456 1789 492 1808 ex
515 1780 582 1818 ipsa
604 1778 735 1808 lectione
759 1777 847 1807 facile
870 1779 981 1817 percipi
1006 1779 1114 1817 possit.
1150 1778 1189 1807 Et
1211 1777 1339 1807 eduntur
1361 1778 1430 1813 ista,
1454 1787 1512 1806 non
1535 1776 1688 1806 nasutulis
1711 1780 1763 1806 aut
1785 1775 1956 1805 fastidiosis
1975 1775 2154 1810 lectoribus,

152 1824 207 1853 sed
232 1823 381 1852 studiosis
405 1827 495 1860 atque
519 1821 687 1851 amantibus
717 1821 869 1850 doctrinae
892 1820 1211 1855 Melanchthonianae‚
1239 1821 1327 1850 cuius
1355 1830 1434 1859 pene
1463 1819 1585 1858 singula
1614 1821 1714 1854 verba,
1745 1818 1932 1849 oraculorum
1961 1819 2055 1849 instar
2082 1822 2156 1849 sunt

151 1866 286 1896 afferenti
308 1865 440 1895 studium
464 1862 737 1894 meditationis:'ut
760 1864 797 1893 de
810 1863 955 1903 Euripide
977 1864 1177 1903 pronuntiavit
1200 1862 1320 1898 Cicero,
1343 1863 1494 1903 St'nffltlos
1511 1863 1581 1894 eins
1603 1872 1724 1902 verm,
1744 1863 1874 1902 einyula
1894 1871 1969 1894 ωδε
1989 1864 2133 1894 oracula.

355 1957 439 1987 Tuae
463 1968 533 1986 vero
556 1958 708 1995 dignitati,
732 1958 774 1986 vir
797 1957 995 1996 amplissime,
1019 1958 1214 1987 dedicandam
1237 1961 1329 1996 atque
1352 1957 1573 1986 inscribendam
1603 1956 1681 1986 hanc
1703 1957 1826 1996 primam
1850 1956 1953 1995 operis
1976 1955 2068 1985 huius
2089 1965 2154 1995 par·

151 2007 211 2031 tem
230 2001 414 2034 existimavi,
439 2001 518 2039 quod
543 2010 580 2029 ex
603 2000 699 2029 literis
723 1998 847 2029 lacobi
872 2000 1052 2034 illonavii,
1076 2001 1129 2030 viri
1154 2000 1326 2030 Clarissimi
1349 2005 1379 2030 et
1402 2000 1488 2029 amici
1518 2000 1677 2038 utriusque
1704 1999 1838 2029 nostrum
1869 1998 2050 2037 singularis,
2082 1999 2153 2038 quin

151 2049 182 2074 et
205 2054 242 2073 ex
265 2045 325 2073 tuis
351 2044 450 2082 ipsius
473 2044 508 2072 ad
533 2053 580 2072 me
603 2043 709 2076 literis,
734 2042 950 2072 humanissime
973 2043 1136 2082 aliquoties
1160 2044 1346 2083 perscriptis,
1370 2043 1481 2077 lucide,
1505 2053 1563 2072 non
1587 2043 1715 2072 obscure
1739 2042 1892 2081 perspexi,
1915 2051 2007 2071 unum
2030 2045 2062 2071 te
2079 2051 2154 2071 esee

152 2097 190 2116 ex
209 2088 264 2121 iis,
283 2087 333 2126 qui
358 2091 387 2115 ct
410 2096 517 2115 nomen
542 2090 570 2115 et
594 2087 707 2125 scripta
730 2084 902 2125 Philippi
927 2086 1238 2116 Melanchtbouis
1261 2087 1456 2121 admirantur,
1479 2085 1711 2124 magnifaciunt,
1735 2088 1766 2114 et
1788 2089 1898 2114 amant.

357 2170 476 2200 Deinde
510 2171 590 2210 quod
621 2180 657 2200 ex
686 2171 766 2200 sama
793 2170 913 2210 publica
942 2172 1082 2210 cognovi.
1110 2176 1140 2202 te
1169 2173 1281 2211 pietate
1304 2173 1440 2206 sincera,
1475 2175 1505 2201 et
1527 2171 1597 2201 aliis
1620 2171 1781 2200 virtutibus
1800 2169 1905 2200 multis
1928 2168 2153 2201 excellentibus

151 2214 313 2254 praeditum
338 2214 524 2253 (ubicunque
547 2214 624 2243 enim
649 2224 717 2242 vcra
741 2215 768 2242 in
793 2214 890 2243 Deum
914 2215 1012 2253 pietas
1031 2219 1094 2249 est,
1125 2215 1165 2244 ibi
1195 2215 1306 2244 chorus
1329 2214 1452 2244 aliarum
1481 2215 1622 2244 virtutum
1650 2214 1764 2243 deesse
1793 2223 1851 2243 non
1880 2216 1996 2252 potest)
2018 2212 2153 2251 inprimis

149 2257 345 2329 Ezrqitztgzliigo
360 2257 596 2329 Joeffig‘ssffifiae'
621 2257 732 2296 optime
755 2258 860 2286 mereri
885 2257 922 2286 de
947 2257 1098 2287 Ecclesiis
1122 2259 1245 2288 istarum
1268 2259 1434 2298 regionum,
1457 2261 1488 2287 et
1510 2258 1540 2287 in
1563 2257 1736 2287 universum
1760 2256 1799 2286 de
1821 2256 1934 2286 studiis
1958 2254 2097 2293 enidius,
2122 2258 2154 2284 et

355 2375 412 2405 Est
434 2380 532 2405 autem
558 2375 634 2405 haec
656 2375 751 2405 virtus
770 2377 893 2409 eximia,
918 2379 947 2405 et
971 2387 1064 2406 rarum
1089 2376 1146 2407 Dei
1168 2378 1292 2412 donum,
1317 2378 1476 2407 excitantis
1499 2377 1630 2406 subinde
1653 2375 1791 2415 aliquot,
1815 2377 1867 2415 qui
1890 2375 1927 2405 ad
1952 2374 2099 2404 fovendae
2122 2378 2154 2404 et

150 2418 299 2447 ornandas
322 2417 481 2447 Ecclesiae
516 2423 545 2447 et
579 2417 728 2453 scholas,
762 2422 792 2447 et
827 2419 1036 2458 provehendos
1061 2431 1132 2453 eos,
1161 2422 1211 2459 qui
1241 2421 1439 2450 doctrinarum
1467 2420 1580 2449 studiis
1604 2419 1698 2449 dediti
1721 2423 1810 2453 sunt.
1830 2418 2041 2449 liberalitatem
2065 2427 2152 2447 suam

149 2465 290 2490 exercent
313 2465 343 2490 et
365 2461 600 2490 beneficentiam.
647 2462 713 2490 Nec.
737 2461 876 2499 exiguum
900 2466 946 2491 est
971 2473 1142 2500 magnorum
1166 2467 1196 2492 et
1218 2465 1432 2503 praestantium
1457 2465 1584 2493 virorum
1607 2462 1738 2501 elogium
1758 2461 1848 2495 illud,
1880 2461 1962 2500 quod
1990 2460 2070 2500 apud
2093 2459 2152 2490 Co-

150 2504 257 2533 mitum
281 2508 396 2537 entat-
422 2505 462 2536 ΕΙ
482 2505 575 2535 habet
591 2505 676 2544 quod
695 2504 763 2543 det,
785 2509 818 2536 ee
835 2514 922 2535 nemo
944 2506 1001 2536 da!
1021 2515 1058 2537 eo
1079 2508 1209 2545 lor-qim.
1255 2506 1331 2537 Nam
1362 2507 1389 2536 si
1414 2507 1464 2545 qui
1490 2505 1568 2535 tales
1597 2510 1684 2540 sunt,
1713 2505 1812 2534 decus
1831 2503 1988 2534 multarum
2013 2504 2153 2533 virtutum

150 2551 308 2576 exere-ent:
339 2547 410 2585 quia
439 2551 468 2576 et
491 2547 568 2576 facto
600 2548 741 2587 probant,
769 2557 805 2576 ee
828 2547 1011 2585 intelligere,
1047 2549 1116 2587 quis
1139 2550 1179 2578 sit
1204 2559 1293 2578 verus
1317 2549 1486 2579 divitiarum
1510 2559 1604 2584 usus,
1639 2552 1670 2578 et
1699 2557 1767 2577 cum
1798 2547 1884 2576 hilari
1907 2548 2006 2577 animo
2029 2555 2154 2586 operm

149 2588 238 2625 dent,
261 2593 293 2619 ut
316 2589 353 2619 de
377 2589 509 2619 tontibus
532 2590 599 2619 suis
623 2589 708 2619 rivuli
731 2589 769 2620 ed
795 2589 873 2619 elios
897 2590 1043 2620 iuvandos
1072 2595 1260 2630 promouent.
1286 2592 1491 2632 multipliciter
1517 2592 1607 2622 tidem
1633 2601 1720 2621 suun
1747 2600 1819 2630 erga
1844 2589 1944 2620 Deum
1974 2589 2152 2620 ostendunt.
