2324 2958
161 229 225 263 ⁷45

162 322 375 358 interfuerunt
387 321 582 355 solennibus
594 320 659 354 illis
670 323 922 364 congressibus,
940 333 1025 365 quos
1044 329 1134 366 post-

162 377 203 400 ea
225 368 320 400 etiam
343 368 375 398 in
399 364 562 407 triumpho
586 375 699 397 secum
720 365 829 398 evexit
852 366 884 396 in
909 365 1046 398 coelum.

402 530 476 570 De
508 531 730 571 secundo
769 530 889 571 loco.

245 620 397 653 Christus
415 621 602 662 ingressus,
626 620 749 652 salutat
771 621 940 653 auditores
964 632 1056 660 suos,
1080 622 1131 653 his

160 665 287 696 verbis:
311 663 385 695 Pax
406 664 504 695 vobis.
549 663 717 695 Lutherus
735 670 894 695 verterat:
917 665 995 697 habt
1011 667 1131 705 friede.

157 706 317 739 Emserus
340 705 557 738 calumniatus
580 713 645 737 est:
667 708 814 744 meinstu,
837 709 898 739 das
920 711 967 739 sie
989 710 1057 740 siclt
1076 718 1131 747 ye-

158 750 307 789 schlayen
329 749 448 781 haben?
482 759 522 780 an
545 755 644 790 putas
673 759 802 791 pugnas
826 750 909 781 inter
933 760 991 782 eos
1015 749 1130 789 fuisse,

158 798 195 824 ut
218 802 302 833 opus
324 791 421 823 suerit
443 792 490 822 eis
513 792 662 822 mandari
686 791 822 832 pacem?
887 793 944 824 Sic
972 794 1056 824 enim
1086 793 1131 824 di-

158 845 235 867 cere
258 833 404 865 solemus
427 834 468 864 ad
492 833 741 866 tumultuantes:
765 834 833 866 halt
852 833 972 874 friede.
1018 835 1131 876 Repri-

157 879 235 909 mite
258 887 335 908 vos:
359 882 464 908 estote
487 876 664 918 tranquilli,
686 887 728 908 ne
750 876 996 909 tumultuemini.
1064 879 1131 910 Sed

158 931 223 952 non
257 919 361 951 voluit
390 918 454 950 hoc
476 918 654 951 Lutherus.
700 920 776 951 ldeo
812 921 854 952 ad
889 920 1130 952 cavillationem

157 964 252 995 istam
267 963 443 1000 vitandam,
465 968 581 1003 postea
594 963 745 1000 reddidit,
764 961 873 1003 friede
895 974 949 1005 Sey
971 965 1027 995 mit
1041 964 1130 994 mtclz:

157 1006 246 1048 quod
280 1015 346 1036 non
381 1011 433 1036 est
456 1005 659 1046 imperantis,
682 1007 723 1037 de
746 1016 782 1038 re
805 1016 824 1037 a
847 1006 944 1037 nobis
967 1005 1131 1045 facienda,

154 1049 215 1080 sed
239 1048 394 1089 optantis.

242 1091 383 1121 Hebraei
406 1090 606 1131 generaliter
629 1092 679 1122 usi
703 1098 777 1122 sunt
801 1091 864 1123 hac
887 1090 993 1123 forma
1012 1093 1130 1122 verbo-

155 1144 244 1165 rum:
268 1133 341 1164 Pax
362 1134 470 1168 cob1‘33
493 1134 579 1164 sicut
604 1144 665 1165 nos
678 1135 829 1170 dicimus3
853 1134 999 1170 Sala-erm
1022 1135 1053 1165 id
1067 1141 1129 1172 est,

154 1176 248 1208 Deus
273 1176 326 1207 det
350 1176 445 1206 vobis
470 1177 576 1207 omnia
600 1177 698 1214 bona,
721 1176 841 1214 fausta,
864 1183 896 1207 et
917 1175 1037 1208 felicia.
1062 1176 1130 1208 Pax

154 1219 242 1260 apud
277 1218 448 1249 Hebraeos
478 1219 596 1249 dicitur
617 1229 637 1249 a
660 1218 877 1259 perfectione:
911 1219 1065 1257 schalom,
1089 1220 1130 1250 si-

154 1261 288 1303 gnificat
322 1260 556 1302 perfectionem
591 1267 624 1291 et
656 1272 788 1302 pacem;
822 1267 854 1292 et
882 1263 976 1302 pacis
1000 1262 1130 1293 nomine

154 1302 478 1344 comprehenduntur
500 1305 606 1334 omnis
629 1305 762 1344 generis
782 1305 879 1342 bona,
903 1304 975 1336 Das
996 1315 1030 1335 es
1051 1305 1132 1336 wohl

153 1345 225 1377 emb
247 1349 337 1377 einen
358 1345 455 1383 stehe,
480 1352 514 1376 ut
537 1346 603 1376 siut
626 1348 736 1377 onmia
759 1348 889 1388 integra
912 1354 944 1378 et
968 1347 1073 1378 salva.

239 1385 450 1419 Vocabulum
483 1389 587 1426 salus,
620 1390 755 1427 salvum,
783 1391 919 1428 salvere,
954 1398 1034 1431 puto
1053 1400 1130 1421 esse

153 1432 196 1462 ab
221 1430 373 1461 Hebraeo
392 1430 537 1468 sclmlalz,
561 1432 649 1472 quod
673 1432 839 1473 significat
854 1443 1006 1463 securum
1030 1439 1062 1463 et
1084 1432 1129 1463 fe-

154 1471 251 1505 licem
284 1482 379 1508 csse3
413 1474 500 1505 unde
523 1480 573 1503 est
599 1474 695 1505 etiam
719 1484 837 1505 nomen
860 1475 992 1513 schilolz,
1026 1474 1130 1506 sortu-

154 1522 265 1553 natus,
289 1513 430 1553 faustus,
448 1516 500 1546 eui
523 1517 633 1546 cilinia
655 1527 815 1557 prospere
834 1518 1025 1549 succedunt
1052 1518 1130 1549 Cer-

154 1564 222 1590 tum
246 1563 296 1588 est
318 1558 350 1588 in
377 1557 519 1596 Graeca,
542 1558 670 1596 Latina,
693 1559 900 1598 Germanica,
923 1566 955 1591 et
978 1559 1050 1591 aliis
1070 1560 1130 1592 lin-

155 1601 231 1642 guis
255 1599 356 1631 multa
379 1610 454 1631 esse
477 1600 640 1632 vocabula
660 1609 731 1633 orta
755 1613 774 1633 a
796 1604 934 1634 vocibus
948 1603 1129 1642 Hebraicis,

151 1643 232 1715 {juia
266 1642 428 1674 Hebraica
463 1643 576 1684 lingua
609 1651 661 1675 est
688 1646 803 1686 prima,
838 1652 869 1677 et
902 1647 1128 1687 antiquissima

165 1695 196 1716 tn
223 1695 275 1716 ua.

199 1696 221 1727 g
237 1727 298 1759 Est
319 1728 418 1769 igitur
439 1727 593 1759 salutatio
616 1730 762 1769 optantis
785 1731 893 1761 omnia
916 1729 1026 1762 salva:
1054 1731 1128 1762 Pau:

151 1771 252 1807 robis,
274 1770 306 1800 id
330 1777 392 1808 est,
415 1771 480 1802 sint
505 1771 600 1802 vobis
623 1773 732 1803 onmia
755 1772 864 1804 fausta
887 1781 919 1805 et
942 1772 1060 1805 felicia.

238 1812 392 1853 Sequitur
407 1820 532 1854 postea
556 1815 597 1845 de
620 1814 702 1846 flatu
725 1813 859 1847 Christi.
905 1815 1009 1848 Asssat
1033 1816 1126 1848 Chri-

151 1861 224 1886 stus
247 1853 323 1885 illos
346 1865 407 1887 suo
431 1856 566 1897 Spiritu,
601 1856 655 1888 vel
689 1869 750 1890 suo
783 1857 897 1890 afflatu
927 1858 1125 1891 transfundit

151 1898 182 1928 in
207 1896 282 1928 illos
306 1898 460 1939 Spiritum
483 1906 642 1931 sanctum.

230 2062 402 2112 Quaero,
434 2077 485 2106 an
517 2062 635 2103 suerit
665 2064 782 2104 flatus
813 2065 1048 2120 corporalis?

235 2152 445 2193 Respondeo.
513 2153 585 2184 Fuit
609 2153 793 2194 corporalis
817 2161 850 2186 et
872 2155 1039 2188 sensibilis
1063 2157 1120 2188 ssa-

147 2202 214 2233 tus,
249 2202 281 2227 et
310 2206 384 2227 cum
422 2196 486 2227 hoc
519 2196 615 2233 ssatu,
649 2207 714 2238 quo
744 2196 895 2230 Christus
919 2199 1120 2232 sensibiliter

148 2238 294 2270 sufflavit
316 2239 348 2270 in
372 2238 568 2280 Apostolos,
586 2238 683 2271 simul
705 2238 765 2271 suit
787 2240 929 2282 Spiritus
951 2250 1098 2275 sanctus.

147 2402 284 2452 Qualis
316 2412 377 2445 est
408 2405 679 2459 praedicatio?
722 2421 786 2451 me
804 2423 902 2460 slatus
927 2421 1049 2455 Chr-ew
1069 2427 1118 2455 est

479 2480 619 2519 Spiritus
637 2482 792 2511 sanctus?

230 2579 440 2621 Respondeo.
486 2581 652 2622 Figurata.
698 2581 757 2612 Est
779 2581 863 2613 enim
886 2581 1116 2625 Synecdoche,

145 2622 220 2663 quia
248 2632 321 2654 cum
350 2622 408 2654 illo
431 2622 514 2654 flatu
537 2621 703 2664 corporali
736 2624 908 2656 verissime
929 2624 989 2657 fuit
1012 2625 1114 2668 Spiri-

144 2670 197 2695 tus
231 2672 378 2704 sanctus,
412 2666 443 2697 id
478 2671 540 2704 est,
574 2666 652 2697 flatu
677 2664 734 2698 illo
768 2667 917 2700 sensibili
941 2668 1037 2701 datus
1061 2676 1113 2701 est

845 228 1062 262 PosTlLLA
1083 229 1482 263 MELANTHONIANA.

2094 236 2156 268 746

1184 323 1357 365 Apostolis
1381 324 1522 366 Spiritus
1546 333 1694 364 sanctus,
1718 327 1803 358 sicut
1827 338 1899 359 cum
1929 330 2041 369 specie
2064 329 2156 361 flam-

1183 377 1308 398 marum
1342 367 1374 397 in
1409 367 1460 398 die
1491 367 1707 399 Pentecostes
1743 369 1799 400 fuit
1835 371 1974 411 Spiritus
2003 379 2155 403 sanctus:

1184 408 1274 446 ltem,
1307 419 1379 441 cum
1415 410 1524 451 specie
1558 409 1729 442 columbae
1763 413 1794 442 in
1831 413 1999 453 Baptismo
2023 414 2154 447 Christi.

1183 451 1260 483 ldeo
1285 450 1436 493 figurate,
1459 459 1491 483 et
1514 458 1621 484 tamen
1647 454 1816 485 verissime
1834 456 1988 487 dicimus:
2012 455 2157 489 Flamma

1183 495 1281 536 ignea
1305 501 1484 536 conspecta
1508 496 1538 525 in
1553 495 1741 536 Apostolis:
1768 496 1857 535 ltem,
1880 499 2008 538 species
2034 499 2156 530 colum-

1185 538 1245 568 bae
1268 538 1441 578 pandentis
1465 536 1535 569 alas
1559 548 1638 568 suas
1661 549 1761 579 super
1796 546 1894 580 caput
1928 540 2069 579 Christi,
2105 549 2156 573 est

1184 579 1326 620 Spiritus
1360 586 1508 611 sanctus.
1575 580 1659 611 Sunt
1692 583 1954 621 praedicationes
1986 584 2156 625 Synecdo-

1184 622 1306 654 chicae.

1269 665 1329 696 llic
1363 664 1462 697 multa
1497 665 1725 707 significantur
1765 667 1805 698 de
1839 668 1981 698 essentia
2015 670 2156 709 Spiritus

1183 708 1302 746 sancti,
1325 714 1358 739 et
1381 708 1422 739 «le
1441 709 1607 740 divinitate
1630 707 1712 740 Filii.

1226 777 1334 808 Sallu-5·
1355 779 1580 816 omnipotentis
1602 781 1742 809 naturae
1764 783 1814 809 est
1834 782 1960 810 mittere
1982 780 2137 819 Spiritum
2146 793 2157 812 .-

1225 818 1328 850 Fusus
1350 821 1446 850 mittit
1468 820 1640 859 SpIrt'lmn:

1225 863 1310 901 Eryo
1332 863 1432 894 Filiae
1454 867 1503 893 est
1523 866 1743 903 ‹mzmtpocenezze
1764 868 1909 895 nm‘nrae.

1267 923 1300 952 ln
1333 921 1428 952 Actis
1463 920 1698 963 Apostolorum
1733 921 1832 966 claris
1855 923 1966 954 verbis
1996 924 2081 955 idem
2105 931 2157 956 est

1181 973 1392 1004 expressum:
1415 965 1543 1005 Accepit
1560 968 1750 1005 promissum
1768 965 1926 1006 Spiritum
1948 977 1968 997 a
1990 968 2102 1006 Patre,
2126 973 2158 1000 et

1181 1007 1294 1045 effudit
1304 1008 1370 1045 hoc,
1384 1008 1467 1047 quod
1488 1009 1602 1039 videtis
1624 1013 1658 1039 et
1676 1010 1812 1040 audilis:
1836 1007 1875 1039 Et
1899 1009 1983 1040 sicut
2003 1009 2101 1041 Patre
2124 1017 2156 1042 et

1181 1048 1263 1080 Filio
1293 1049 1430 1080 mittitur
1465 1051 1614 1090 Spiritus,
1638 1051 1693 1082 -ita
1726 1051 1822 1082 etiam
1847 1051 1995 1092 procedit
2018 1063 2037 1083 a
2060 1052 2157 1085 Patre

1182 1098 1214 1122 et
1237 1090 1327 1122 Filio.
1373 1091 1433 1123 Est
1462 1103 1526 1123 una
1550 1093 1696 1125 essentia
1729 1094 1850 1132 divina,
1875 1093 2029 1126 videlicet
2051 1102 2156 1128 aeter-

1182 1143 1243 1165 nus
1267 1133 1377 1169 Pater,
1398 1140 1430 1165 et
1450 1134 1553 1165 Filius
1577 1136 1670 1174 zdyog,
1694 1142 1725 1167 et
1748 1136 1890 1176 Spiritus
1915 1143 2062 1169 sanctus.
2086 1138 2158 1170 Hae

1182 1186 1344 1216 personae
1367 1177 1600 1209 discernuntur
1623 1180 1891 1220 proprietatibus.
1940 1180 2048 1211 Patris
2081 1191 2157 1222 pro—

1182 1219 1306 1259 prietas
1325 1225 1388 1257 est,
1411 1221 1452 1251 ab
1476 1227 1612 1251 aeterno
1636 1222 1772 1263 gignere
1796 1221 1932 1253 filium:
1966 1223 2157 1264 Proprietas

1183 1260 1252 1292 Filii
1276 1267 1339 1300 est,
1362 1263 1466 1293 nasci.
1498 1262 1689 1304 Proprietas
1704 1264 1846 1305 Spiritus
1870 1267 1989 1303 sancti,
2014 1272 2064 1297 est
2081 1277 2156 1307 pro-

1182 1305 1301 1336 cedere
1323 1305 1363 1335 ab
1383 1312 1533 1347 utroque,
1556 1312 1588 1337 et
1611 1317 1629 1337 a
1654 1306 1749 1338 Patre
1773 1313 1805 1338 et
1824 1307 1917 1338 Filio.

1270 1346 1409 1378 Pulchre
1432 1349 1756 1390 autemsigniticatur
1780 1351 2023 1392 pei-imaginem
2044 1351 2155 1390 ssatus,

1181 1388 1287 1430 qualis
1321 1391 1363 1421 sit
1392 1390 1533 1431 Spiritus
1557 1398 1706 1429 sanctus,
1742 1393 1796 1433 qui
1831 1393 1950 1424 dicitur
1983 1401 2090 1425 motor
2124 1403 2156 1426 et

1181 1433 1334 1473 agitator.
1392 1433 1484 1465 Sicut
1514 1435 1619 1468 insum
1655 1437 1751 1465 etiam
1781 1434 1979 1467 vocabulum
2007 1438 2155 1477 spiritus,

1180 1475 1346 1516 significat
1368 1477 1580 1518 agitationem
1617 1485 1646 1508 et
1682 1484 1816 1508 motum.
1872 1478 1969 1519 Apud
2005 1480 2154 1511 Graecos

1181 1518 1246 1548 duo
1269 1524 1346 1549 sunt
1373 1517 1553 1557 vocabula,
1577 1530 1713 1561 quorum
1737 1520 1934 1562 significatio
1957 1528 2008 1553 est
2030 1524 2155 1554 eadem.

1180 1559 1287 1591 Unum
1311 1567 1362 1591 est
1380 1565 1473 1601 πνέω,
1507 1563 1608 1602 spiro,
1633 1563 1720 1593 unde
1751 1568 1801 1593 est
1829 1564 1962 1603 πνεῦμα,
1996 1566 2157 1605 Spiritus:

1180 1601 1319 1633 alterum
1353 1609 1402 1634 est
1433 1606 1558 1644 φυσάω,
1593 1606 1680 1646 quod
1715 1605 1879 1647 signifieat
1905 1610 2005 1647 flare,
2040 1609 2155 1641 blasen.

1183 1645 1229 1676 Eo
1250 1647 1353 1678 verbo
1377 1656 1457 1677 usus
1481 1653 1531 1678 est
1554 1647 1618 1680 hoc
1641 1647 1716 1679 loco
1733 1647 1959 1690 Evangelista,
1982 1651 2149 1691 ἐνεφύσησε.

1179 1688 1288 1729 Saepe
1312 1690 1455 1720 occurrit
1477 1690 1508 1720 in
1533 1691 1670 1722 Graecis
1694 1692 1912 1731 scriptoribus
1935 1695 2042 1736 φυσᾷν.
2083 1693 2150 1725 Ho-

1178 1741 1290 1762 merus
1313 1741 1353 1762 ρο
1376 1732 1487 1770 utitur,
1509 1731 1648 1774 loquens
1672 1734 1712 1765 de
1734 1733 1869 1766 follibus
1883 1735 2032 1767 Vulcani.
2067 1736 2149 1768 Nam

1177 1772 1275 1804 folles
1298 1774 1464 1811 inflantur,
1489 1777 1618 1816 quando
1644 1778 1831 1817 concipiunt
1853 1788 1961 1809 auras.

1263 1816 1346 1848 Sunt
1369 1823 1475 1848 autem
1505 1826 1696 1850 reverenter
1731 1821 1906 1862 cogitanda
1940 1831 2062 1853 arcana
2094 1821 2149 1854 illa

1177 1859 1365 1891 discrimina
1384 1859 1605 1892 Personarum
1630 1863 1824 1898 ‹livinitaus3
1858 1870 1888 1894 et
1912 1870 2038 1902 tamen,
2073 1866 2149 1906 quia

1176 1901 1269 1932 Deus
1303 1903 1400 1934 utitur
1435 1905 1559 1935 nostris
1594 1904 1790 1943 xoeabusss,
1832 1905 1900 1937 vult
1941 1917 2003 1938 nos
2037 1907 2147 1949 aliquo

1175 1945 1274 1975 modo
1298 1945 1492 1988 intelligere,
1515 1958 1599 1988 quae
1623 1947 1795 1979 vocabulis
1820 1949 1891 1980 istis
1911 1949 2147 1991 significantur.

1175 1986 1216 2017 Et
1238 1987 1401 2019 vocabula
1435 1996 1563 2030 sumpta
1592 1997 1709 2022 sunta
1734 1998 1848 2023 natura
1879 1991 2035 2031 hominis,
2071 1994 2147 2034 quia

1175 2028 1272 2061 homo
1301 2031 1456 2062 conditus
1489 2038 1540 2063 est
1572 2033 1614 2064 ad
1646 2034 1819 2075 imaginem
1848 2040 1880 2066 et
1909 2033 2147 2067 similitudinem

1174 2071 1247 2103 Dei.
1287 2073 1328 2104 Et
1349 2074 1378 2104 si
1401 2081 1516 2106 natura
1541 2082 1656 2107 nostra
1679 2077 1853 2107 mansisset
1877 2079 2017 2120 integra,
2041 2080 2145 2120 magis

1174 2116 1349 2157 perspicua
1372 2124 1487 2148 essent
1519 2119 1660 2160 vestigia
1684 2119 1861 2151 divinitatis
1896 2121 1926 2150 in
1950 2127 2066 2152 natura
2088 2120 2145 2153 ho—

1173 2158 1302 2189 minum.
1360 2159 1550 2201 Cogitemus
1575 2162 1672 2203 igitur
1695 2164 1828 2193 umbras
1852 2168 2013 2194 tantarum
2036 2174 2144 2196 rerum

1173 2201 1203 2232 in
1232 2201 1329 2232 nobis
1363 2203 1463 2244 ipsis:
1499 2204 1582 2235 sicut
1615 2205 1792 2246 antiquitas
1822 2206 1952 2245 quando
1987 2205 2144 2245 declarat,

1172 2244 1260 2285 quod
1283 2243 1380 2276 homo
1403 2245 1445 2277 sit
1467 2246 1576 2288 imago
1599 2246 1674 2285 Dei,
1708 2247 1848 2279 ostendit
1872 2248 2054 2289 potentias,
2083 2259 2143 2280 seu

1171 2287 1389 2327 proprietates
1402 2289 1598 2329 praecipuas
1622 2290 1759 2323 animae.
1785 2297 1815 2320 et
1838 2291 1897 2321 has
1919 2289 2046 2322 confert
2068 2301 2140 2323 cum

1171 2330 1424 2370 proprietatibus
1449 2331 1670 2363 Personarum
1694 2332 1735 2363 im
1749 2332 1833 2363 Deo.

1257 2372 1291 2403 ln
1325 2374 1432 2405 anima
1466 2374 1614 2406 rationali
1648 2381 1724 2406 sunt
1757 2376 1930 2407 distinctae
1964 2378 2138 2417 potentiae,

1170 2425 1394 2456 cognoscens,
1425 2423 1457 2448 et
1481 2416 1597 2449 volens
1621 2428 1680 2448 seu
1708 2425 1876 2458 appetens.
1922 2418 2138 2461 Cognoscens

1169 2459 1315 2499 potentia
1342 2460 1519 2501 cogitando
1555 2459 1673 2490 fitrmat
1708 2460 1886 2502 imagines:
1919 2468 1971 2500 ut,
2006 2463 2033 2493 si
2065 2464 2137 2504 quis

1169 2501 1291 2542 cogitet
1314 2502 1355 2533 de
1378 2501 1507 2533 homine
1530 2510 1624 2540 noto,
1657 2501 1775 2533 format
1808 2504 1980 2545 imaginem
2014 2507 2083 2537 eius
2107 2507 2137 2537 in

1168 2550 1286 2574 mente.
1332 2544 1504 2579 Quomodo
1527 2545 1591 2575 hoc
1616 2545 1682 2582 fiat,
1706 2545 1914 2586 ignoramus3
1935 2554 1968 2578 et
1991 2554 2041 2579 est
2063 2559 2137 2589 pro-

1167 2584 1256 2617 fecto
1279 2597 1334 2617 res
1358 2586 1570 2624 admirabilis,
1606 2585 1754 2618 formatio
1778 2587 1833 2619 illa
1857 2589 2024 2631 imaginis,
2053 2601 2137 2632 quae

1167 2628 1203 2659 fit
1225 2629 1412 2670 cogitando.
1458 2629 1607 2660 Potentia
1630 2629 1746 2661 volens
1768 2640 1827 2662 seu
1855 2640 2014 2673 appetens
2037 2633 2136 2665 habet

1167 2677 1274 2702 motus
1297 2681 1378 2703 suos
1402 2677 1433 2703 et
1461 2672 1668 2713 agitationes,
1701 2672 1816 2714 quales
1849 2681 1926 2707 sunt
1948 2676 1980 2707 in
2003 2674 2135 2714 laetitia,
