2324 2958
107 165 173 198 929

106 261 212 292 mines
234 260 359 300 praeda
381 259 424 290 ad
446 259 635 300 prodendos
648 258 866 291 Christianos.
912 257 972 290 llla
994 259 1078 290 scie·

107 303 187 334 bant
219 301 414 341 Christiani,
455 308 488 334 et
532 309 625 343 erapt
651 302 851 337 ⁴cautiores:
893 303 1078 334 vendebant

105 346 206 382 bona,
227 350 259 375 et
282 345 440 376 iuvabant
461 345 536 376 inde
559 354 644 386 quos
666 350 827 386 poterant.
863 344 930 376 lsta
952 345 1078 376 debetis

104 387 248 424 discere,
272 397 334 418 vos
357 386 609 425 adolescentes,-
631 388 707 429 quia
730 387 859 418 memini
883 388 1078 429 grandiores

104 439 169 460 non
203 430 288 460 bene
322 429 354 460 in
378 429 605 462 adolescentia
632 430 812 468 institutos,
845 441 911 462 non
930 431 1080 472 potuisse

102 471 223 504 erudiri
246 472 287 503 de
310 470 375 506 illis
396 473 508 504 rebus.

187 514 402 556 Evangelium
425 514 492 552 illa,
515 526 600 557 quae
622 520 699 547 sunt
722 513 857 556 politica
880 522 911 547 et
935 526 1078 548 oecono-

101 558 197 595 mica,
221 567 287 588 non
311 557 440 594 abolet3
472 565 517 596 ut,
548 568 613 589 non
636 556 750 589 abolet
779 569 891 589 curam
916 559 1079 600 corporis,

101 607 204 631 artem
227 601 399 639 medicam,
422 599 722 638 architectonicam,
747 600 939 633 culinariam
963 609 1077 640 artem,

101 643 255 674 concedit
289 642 489 684 corporalia:
518 643 579 675 das
612 647 656 675 ist
687 644 728 674 de
758 643 909 684 exemplo
935 645 1077 686 Aposto-

99 684 222 716 lorum:
246 687 392 718 dornach
415 688 555 723 lcommet,
579 685 698 717 Petrus
717 686 881 718 interfecit
904 687 1077 726 Ananiam,

99 729 187 770 quod
213 739 277 760 non
303 728 442 760 eontulit
464 729 572 760 omnia
595 738 668 760 sua.

186 771 243 817 §ic
267 778 496 813 argumentor:

226 833 294 863 Hoc
315 836 364 863 est
387 835 557 871 peccatum,
587 840 721 872 propter
754 833 839 872 quod
869 834 960 865 homo
982 836 1075 865 inter-

292 875 392 905 citur:

226 875 340 950 Peiirus
372 917 538 956 interfecit
559 918 729 949 Ananiam·
751 927 815 949 non
843 921 1077 958 conferentem:

226 961 312 999 Eryo
333 969 396 991 non
419 963 578 999 conferre,
602 965 653 992 est
669 965 843 1000 peccatum.

183 1026 278 1069 Nego
314 1027 490 1058 Minorem:
530 1028 606 1069 quia
640 1027 758 1059 Petrus
792 1027 954 1060 interfecit
987 1040 1073 1068 eum,

97 1080 163 1101 non
188 1075 320 1110 propter
345 1069 554 1101 collationem
583 1081 646 1101 non
676 1069 818 1108 factam,
852 1072 910 1102 sed
940 1079 1074 1113 propter

97 1113 314 1144 mendacium.
384 1115 488 1150 Quare
526 1117 674 1145 mentitus
710 1123 745 1145 es
768 1114 909 1154 Spiritui
939 1119 1074 1147 sancto?

96 1156 211 1197 inquit,
234 1157 398 1188 Potula-ses
419 1161 525 1188 lamen
547 1159 693 1187 retinere.

224 1217 342 1246 Petrus
364 1215 530 1254 interfecit
551 1216 705 1246 Ananiam
728 1217 842 1247 rerba:

224 1258 311 1296 Eryo
352 1258 433 1288 idem
464 1258 539 1288 licet
569 1258 697 1289 utilibet
723 1261 850 1298 pastori
879 1263 992 1290 contra
1025 1263 1074 1291 in-

267 1300 448 1331 obedientes
469 1301 634 1332 auditores
654 1310 737 1332 suos.

184 1367 396 1408 Respondeo.
433 1366 604 1406 Concedo,
629 1369 760 1409 quando
773 1369 892 1407 sciunt,
915 1369 1001 1400 sicut
1011 1369 1072 1401 Pe·

95 1418 177 1448 trus,
200 1412 303 1442 verbo
335 1411 497 1442 occidere,
555 1410 627 1441 Hoc
661 1421 745 1452 opus
773 1410 896 1442 Christi
929 1411 990 1443 fuit
1023 1412 1071 1444 lo-

117 1454 225 1485 uentis
249 1454 281 1484 in
305 1452 419 1488 Petro3
455 1459 485 1484 et
509 1451 567 1485 suit
591 1464 676 1495 opus
700 1453 840 1495 Spiritus
863 1455 981 1492 sancti,
1015 1455 1070 1496 qui

93 1464 154 1528 {tuit
177 1495 295 1528 efficax
331 1506 390 1537 per
421 1495 511 1527 illum
546 1506 743 1527 sermonem.
800 1496 940 1532 Quando
962 1504 1069 1529 autem

93 1539 232 1570 dicitur:
277 1541 409 1570 Pastori
438 1549 502 1571 non
536 1541 609 1571 licet
639 1539 822 1581 interficere
854 1541 1070 1573 inobedientes

93 1583 270 1619 auditores,
294 1581 360 1614 hoc
382 1588 434 1613 est
456 1580 703 1624 intelligendum
726 1583 768 1614 de
790 1582 822 1613 vi
845 1582 1020 1624 corporali.

342 1746 420 1786 De
465 1746 816 1801 Proselyti&

180 1836 334 1867 Christus
359 1838 567 1877 reprehendit
593 1837 803 1873 Pharisaeos,
834 1839 920 1879 quod
946 1838 1067 1870 faciant

92 1879 294 1921 proselytos.
345 1879 456 1914 Quare
482 1879 545 1912 hoc
568 1880 799 1921 reprehendit?
855 1881 1067 1921 Respondeo.

92 1922 315 1963 Reprehendit
365 1923 549 1963 opinionem
605 1925 827 1955 necessitatis.
900 1925 1067 1956 Pharisaei
1094 1938 1095 1964 3

92 1966 378 2007 imaginabantur,
424 1965 511 2006 quod
546 1965 675 1997 Ethnici
713 1978 778 1997 non
814 1975 951 2008 possent
991 1978 1095 2012 esse:

93 2009 218 2045 sancti,
261 2008 323 2038 ni>i
358 2009 547 2048 acciperent
588 2010 879 2041 circumcisionem.
947 2009 1068 2041 Postea

93 2053 189 2082 etiam
213 2057 427 2082 accesserunt
451 2049 504 2081 alii
528 2061 658 2083 errores
682 2052 723 2083 de
746 2053 869 2084 institia
893 2059 925 2084 et
943 2055 1066 2084 merito.

92 2093 275 2135 Fingebam
310 2103 369 2124 eos
404 2104 481 2125 esse
520 2095 624 2125 iustos
658 2105 792 2136 propter
826 2094 942 2138 legem.
1001 2097 1095 2127 Sfflr

92 2137 168 2178 quia
192 2136 338 2167 Ethnicis
361 2147 426 2167 non
459 2143 529 2167 erat
559 2138 633 2167 data
658 2136 710 2168 lex
740 2137 872 2178 politica
896 2138 1000 2176 Mosi,
1035 2140 1067 2170 id
1093 2146 1095 2179 ξ

93 2185 156 2216 est,
179 2179 328 2210 doctrina
362 2178 607 2216 cere-monialis,
636 2186 665 2211 et
689 2178 834 2211 forensia
857 2181 989 2219 iudicia,
1013 2181 1067 2213 illa
1090 2206 1093 2228 1

93 2220 171 2252 nihil
195 2222 401 2262 pertinebant
425 2223 465 2252 ad
490 2221 661 2253 Etlmicos.

180 2263 394 2295 Circumcisio
420 2275 483 2294 non
509 2272 577 2295 erat
600 2266 790 2295 necessaria
814 2266 875 2296 nisi
899 2265 978 2304 illis,
1013 2268 1066 2308 qui
1090 2274 1092 2284 ¹

92 2314 183 2338 erant
208 2308 272 2338 nati
308 2317 347 2337 ex
372 2308 564 2347 posteii⁰.=te
587 2307 706 2343 lacoh3
742 2308 816 2348 quia
842 2308 933 2339 Deus
964 2308 1065 2341 voluit
1090 2334 1092 2357 *s

92 2348 235 2390 postiam
274 2348 359 2380 illam
401 2351 560 2389 tantisper
601 2360 750 2387 manere,
799 2352 904 2382 donec
940 2353 1064 2383 veniret

92 2392 249 2422 Messias:
285 2400 315 2422 et
339 2399 445 2423 stante
470 2392 598 2433 politia.
635 2393 775 2433 oportuit
802 2392 889 2424 illum
913 2394 1065 2435 populum
1089 2411 1091 2434 ⁴,

93 2435 300 2471 circumcidi,
329 2442 362 2465 ut
396 2443 485 2465 esset
514 2436 689 2466 discrimen
719 2435 910 2467 ludaeorum
933 2444 965 2468 et
989 2448 1065 2479 gen-

92 2477 184 2509 tium:
219 2478 295 2519 quia
319 2477 462 2508 Messias
497 2479 683 2509 nasciturus
713 2485 781 2509 erat
816 2480 848 2510 in
871 2479 993 2520 populo
1017 2481 1064 2512 lu—
1088 2508 1090 2521 ᾗ

92 2520 196 2551 daico.
252 2519 404 2561 Apostoli
429 2521 542 2551 Actor.
570 2521 619 2551 15.
644 2521 860 2553 condiderunt
883 2523 1063 2561 decretum,
1088 2551 1090 2566 Ι

91 2569 126 2593 ut
156 2564 287 2604 quando
322 2570 438 2603 gentes
469 2565 711 2604 reciperentur,
745 2575 810 2595 non
844 2565 1091 2606 imponeretur}

93 2604 156 2636 illis
180 2607 398 2643 circumcisio,
421 2617 529 2647 neque
551 2605 604 2637 alii
629 2607 721 2638 ritus.
765 2609 834 2639 Non
857 2611 1063 2648 imponamus,
1087 2611 1090 2640 ξ

298 2673 441 2692 RELASKH.
459 2674 537 2692 OPER.
555 2674 616 2693 ΨΟΒΔ
628 2674 704 2693 xxn‘.

803 163 1020 197 PoS'ssLLA
1042 163 1438 198 MELANTHONJANA.

1092 2015 1095 2034 ἒ
1119 2015 1314 2050 sparserunt
1347 2011 1529 2042 doctrinam
1564 2012 1605 2043 de
1631 2011 1720 2044 Deo:

2041 171 2104 203 93⁰

1130 258 1296 299 inquiunt,
1325 260 1466 290 Eclmicis
1494 261 1767 302 a'rcumcssionem,
1793 265 1853 294 sed
1873 269 1907 295 uc
1927 265 2106 298 abstineant

1130 302 1169 332 ab
1203 301 1313 341 idolis,
1347 311 1367 332 a
1395 304 1603 342 scortatione,
1636 314 1657 335 a
1689 307 1843 344 suffocato
1875 312 1908 338 et
1938 313 2102 347 sanquine.

1131 343 1302 384 Sumptum
1316 349 1368 374 est
1380 342 1444 374 hoc
1457 344 1624 377 decretum
1643 357 1682 377 ex
1700 349 1803 378 veteri
1826 348 1948 385 sorma;
1972 351 2102 391 quando

1130 385 1241 417 ludaei
1276 387 1507 428 expugnabant
1542 389 1695 428 oppidum
1729 396 1823 421 extra
1858 401 1939 423 suos
1972 392 2103 431 limites,

1132 435 1239 460 tamen
1263 439 1328 460 non
1353 430 1527 470 cogebant
1552 430 1629 462 illos
1652 432 1693 462 ad
1718 434 2010 473 circumcisionem,
2042 436 2103 467 sed

1129 471 1173 503 ad
1195 471 1377 503 doctrinam
1400 472 1547 513 ipsorum
1571 473 1831 514 amplectendam

1215 513 1378 556 Tempore
1418 513 1486 546 lulii
1528 515 1618 546 multi
1659 516 1789 548 fuerunt
1829 519 1939 550 ludaei
1968 519 2103 559 Romae,

1129 557 1196 588 noti
1221 555 1402 588 illustribus
1424 555 1570 595 familiis,
1605 559 1691 590 sicut
1714 561 1808 591 etiam
1833 561 2002 593 Ciceronis
2026 570 2103 594 tem—

1129 609 1210 640 pore
1243 598 1406 642 aliquibus
1446 601 1610 632 obiectum
1644 600 1721 640 fuit,
1761 605 1849 644 quod
1882 606 2103 638 [tulate-arent.-

1129 643 1161 673 id
1185 649 1247 680 est,
1269 641 1400 674 fuerunt
1424 641 1535 684 aliqui,
1559 644 1612 685 qui
1636 645 1727 685 ipsos
1751 647 1931 685 audierunt,
1962 658 2013 678 am
2039 647 2102 679 lexi

1129 692 1205 716 sunt
1227 695 1341 717 eorum
1364 686 1555 717 doctrinam.
1601 686 1678 717 ldeo
1708 689 1785 721 dicit
1807 687 1924 719 Cicero
1952 690 1993 721 de
2016 659 2101 733 pege,

1129 739 1213 769 quae
1253 729 1405 770 prohibet
1444 729 1522 760 ferri
1561 731 1733 770 pecuniam
1774 741 1814 761 ex
1858 733 2036 772 provinciis
2071 734 2102 764 in

1129 770 1411 813 Hierosolynian13
1445 772 1521 814 quia
1545 773 1652 804 sancti
1684 774 1742 804 xii-i
1767 773 1981 806 conserebant
2006 786 2102 817 pecu—

1129 815 1214 844 niam
1237 815 1279 845 ad
1303 814 1468 855 templum.
1513 815 1618 846 Etiam
1641 816 1730 856 apud
1752 816 1928 857 losephum
1958 817 1992 849 fit
2014 829 2101 850 men-

1129 857 1172 887 tio
1208 857 1466 895 Germanorum,
1505 858 1559 899 qui
1592 856 1723 889 fuerunt
1756 860 1839 890 inter
1873 860 2101 901 stipendiarios

1129 899 1280 931 Herodis.
1336 899 1416 931 Mihi
1449 910 1514 931 non
1550 901 1681 932 dubium
1715 908 1787 940 est,
1827 903 1903 943 quin
1938 903 2027 934 multi
2062 915 2101 935 ex

1128 943 1275 983 patribus
1303 945 1425 974 nostris
1455 943 1628 974 Germanis
1664 942 1785 975 fuerint
1819 947 1990 976 conversi:
2027 948 2101 987 qnia

1127 995 1242 1016 verum
1266 993 1335 1024 est,
1367 987 1454 1028 quod
1480 985 1608 1027 plurimi
1642 986 1751 1018 ludaei
1786 985 1906 1018 fuerint
1939 991 2044 1029 sparsi
2070 990 2101 1020 in

1128 1026 1336 1059 Germaniam
1379 1030 1474 1060 etiam
1520 1028 1584 1060 illis
1621 1030 1856 1070 antiquissimis
1890 1033 2091 1073 temporibus

1126 1069 1198 1111 Ego
1221 1069 1329 1101 habeo
1352 1072 1438 1103 hanc
1461 1073 1694 1109 coniecturam,
1725 1074 1812 1114 quod
1843 1073 1950 1105 ludaei
1975 1085 2013 1105 ex
2038 1074 2101 1105 illis

1127 1113 1240 1143 decem
1262 1113 1412 1145 tribubus
1432 1115 1539 1155 sparsi
1562 1115 1594 1145 in
1611 1113 1781 1153 Colchica,
1804 1117 2005 1148 transierunt
2030 1128 2100 1148 cum

1127 1154 1300 1186 Germanis
1324 1156 1356 1187 in
1379 1156 1463 1189 haec
1487 1156 1574 1195 loca,
1597 1164 1743 1199 tempore
1766 1157 1868 1190 Darii.

1244 1319 1364 1361 Unde
1395 1320 1549 1361 habent
1579 1336 1727 1362 nomen
1761 1322 1949 1364 Germani
1963 1325 1980 1365 ’ἐ

1208 1410 1335 1441 Nomen
1356 1410 1593 1442 Germanarum
1627 1423 1692 1444 non
1723 1419 1775 1444 est
1797 1413 1957 1446 Latinum.
2014 1415 2099 1451 Quid

1123 1452 1287 1495 significat
1310 1453 1436 1485 Latinis
1463 1455 1670 1487 Germanus?
1712 1456 1830 1488 Latina
1853 1467 1917 1488 vox
1941 1458 2058 1490 dicitur
2079 1470 2100 1491 a

1123 1496 1285 1537 germine:
1306 1496 1472 1538 significat
1494 1495 1616 1538 aliquid
1644 1499 1798 1530 nativum.
1849 1500 1928 1531 lnde
1952 1507 2002 1532 est
2026 1512 2099 1543 ger-

1123 1548 1239 1569 manus
1278 1538 1396 1577 frater,
1436 1550 1627 1581 germanum
1659 1551 1792 1580 aurum,
1830 1543 1990 1575 natilrlz'clt
2022 1546 2097 1585 yolt.

1122 1581 1235 1612 Nostri
1258 1581 1406 1613 homines
1434 1593 1500 1613 non
1525 1582 1645 1615 habent
1669 1595 1787 1615 nomen
1810 1596 1830 1616 a
1853 1585 1968 1617 Latina
1987 1587 2098 1628 appel-

1122 1623 1252 1655 latione.
1308 1624 1435 1656 Nomen
1461 1625 1615 1657 Germani
1650 1634 1700 1658 est
1723 1629 1906 1669 antiquius,
1943 1640 2038 1670 quam
2064 1638 2097 1662 ut

1122 1668 1163 1698 ab
1187 1677 1227 1698 eo
1251 1672 1398 1708 tempore
1433 1674 1556 1699 tantum
1583 1668 1697 1707 suerit,
1733 1681 1805 1701 cuin
1839 1671 1977 1702 Romani
2000 1682 2096 1704 vene-

1121 1716 1196 1741 runt
1218 1711 1250 1740 in
1274 1711 1336 1741 ista
1359 1709 1442 1742 loca.
1489 1710 1554 1742 Alii
1586 1713 1750 1744 deducunt
1778 1715 1820 1745 ab
1843 1716 2016 1753 Heerrmm,
2040 1715 2095 1747 filii

1122 1753 1304 1784 exercitus:
1334 1753 1403 1785 Wie
1425 1754 1477 1785 die
1499 1758 1586 1787 alten
1609 1755 1706 1786 haben
1730 1756 1924 1788 Hermiones
1945 1760 2096 1797 yehetsen

1120 1796 1221 1827 haben
1238 1800 1287 1826 ein
1307 1795 1384 1826 hare
1406 1796 1428 1827 h
1448 1799 1604 1837 yemaclzt.
1644 1798 1692 1829 Ex
1715 1801 1735 1830 Ιι
1758 1799 1907 1831 fecerunt
1927 1810 1961 1839 y,
1986 1799 2039 1831 vel
2067 1812 2093 1833 c.

1121 1837 1238 1869 Gallici
1262 1839 1443 1880 scriptores
1468 1840 1577 1871 dicunt
1604 1842 1784 1882 Clocloceus,
1807 1853 1867 1883 pro
1889 1843 2094 1875 Ludovicus:

1120 1883 1213 1913 Sicut
1235 1880 1343 1912 adhuc
1362 1881 1501 1914 Helvetii
1526 1882 1659 1914 faciunt.
1694 1884 1762 1916 Sed
1785 1883 1862 1916 illud
1888 1892 1939 1916 est
1963 1884 2094 1925 bellum,

1121 1925 1148 1954 si
1172 1925 1353 1955 deducatur
1375 1935 1396 1955 a
1412 1927 1519 1958 Gerim
1541 1928 1639 1965 anim,
1667 1928 1698 1958 id
1723 1934 1789 1965 est,
1815 1928 1949 1959 exsules
1974 1930 2093 1960 miseri.

1120 1967 1265 1998 Fuerunt
1298 1966 1389 1998 multi
1423 1970 1528 2000 sancti
1555 1970 1612 2000 riri
1637 1972 1746 2010 sparsi
1780 1971 1862 2001 inter
1882 1978 2016 2012 gentes,
2039 1974 2092 2013 qui

1768 2020 1798 2044 et
1835 2013 1925 2045 Deus
1959 2013 2090 2057 collegit

1120 2054 1182 2083 sibi
1207 2051 1388 2084 Ecclesiam
1413 2064 1452 2084 ex
1477 2056 1644 2096 gentibus,
1668 2057 1764 2087 etiam
1794 2055 1856 2087 illis
1881 2058 2091 2098 temporibus.

1121 2095 1229 2127 Credo
1264 2097 1360 2127 ctiam
1400 2097 1606 2139 disciplinam
1645 2100 1729 2139 apud
1766 2099 1950 2130 Geriii‘mos
1991 2098 2092 2132 fuisse

1120 2139 1364 2176 modestiorem,
1389 2147 1523 2180 propter
1542 2139 1624 2171 tales
1648 2143 1748 2179 xiros,
1777 2143 1860 2172 sicut
1886 2143 2002 2173 videtis
2023 2153 2092 2174 eam

1119 2181 1245 2212 laudari
1273 2193 1292 2212 a
1316 2181 1469 2213 Cornelio
1500 2183 1625 2214 Tacito.
1685 2183 1790 2215 Valde
1823 2183 1933 2215 laudat
1957 2183 2091 2216 fidelita-

1088 2234 1093 2268 ,ζ
1119 2230 1184 2256 tem
1205 2225 1234 2255 in
1255 2223 1452 2265 hospitibuS,
1477 2226 1508 2257 in
1526 2227 1666 2258 vitandis
1680 2228 1835 2258 caedibus
1855 2234 1885 2258 et
1899 2226 2090 2259 homicidiis.

1119 2266 1205 2298 Dicit
1243 2269 1327 2307 apud
1367 2267 1453 2299 hanc
1492 2268 1596 2299 solam
1638 2277 1767 2310 gentem
1813 2280 1887 2300 esse
1928 2272 2091 2301 connubia

1120 2317 1223 2348 casta,
1255 2318 1386 2350 praeter
1408 2318 1559 2342 caeteas
1594 2320 1722 2353 genu-s.
1778 2311 1899 2353 Magna
1933 2311 2003 2343 laus
2028 2321 2089 2345 est.

1118 2352 1248 2384 Utinam
1271 2363 1341 2384 eam
1366 2364 1539 2394 possemus
1563 2365 1648 2385 nunc
1672 2355 1768 2385 tueri!

1208 2519 1410 2558 Locutis
1456 2526 1569 2558 sunt
1608 2519 1759 2559 variis
1803 2520 1995 2574 linguis.

1203 2608 1312 2649 Aliqui
1336 2609 1399 2639 hoc
1423 2609 1687 2649 interpretantur,
1711 2611 1799 2651 quod
1812 2610 1964 2652 Apostoli
1988 2610 2085 2643 locuti

1850 2672 1881 2695 59
