<?xml version="1.0" encoding="UTF-8"?>
<!DOCTYPE html PUBLIC "-//W3C//DTD XHTML 1.0 Transitional//EN"
    "http://www.w3.org/TR/xhtml1/DTD/xhtml1-transitional.dtd">
<html xmlns="http://www.w3.org/1999/xhtml" xml:lang="en" lang="en">
 <head>
  <title>
</title>
<meta http-equiv="Content-Type" content="text/html;charset=utf-8" />
  <meta name='ocr-system' content='tesseract 3.04.00' />
  <meta name='ocr-capabilities' content='ocr_page ocr_carea ocr_par ocr_line ocrx_word'/>
</head>
<body>
  <div class='ocr_page' id='page_1' title='image "./operaquaesupersu24melauoft/operaquaesupersu24melauoft_0419.png"; bbox 0 0 2324 2958; ppageno 0'>
   <div class='ocr_carea' id='block_1_1' title="bbox 150 164 213 199">
    <p class='ocr_par' dir='ltr' id='par_1_1' title="bbox 150 164 213 199">
     <span class='ocr_line' id='line_1_1' title="bbox 150 164 213 199; baseline 0.016 -1"><span class='ocrx_word' id='word_1_1' title='bbox 150 164 213 199; x_wconf 79' lang='lat'>⁷85</span> 
     </span>
    </p>
   </div>
   <div class='ocr_carea' id='block_1_2' title="bbox 146 250 1125 2079">
    <p class='ocr_par' dir='ltr' id='par_1_2' title="bbox 151 250 1122 381">
     <span class='ocr_line' id='line_1_2' title="bbox 152 250 1121 296; baseline -0.009 -6"><span class='ocrx_word' id='word_1_2' title='bbox 152 258 302 290; x_wconf 88' lang='lat' dir='ltr'>doctrina</span> <span class='ocrx_word' id='word_1_3' title='bbox 336 253 517 296; x_wconf 85' lang='lat' dir='ltr'>religionis,</span> <span class='ocrx_word' id='word_1_4' title='bbox 551 258 704 295; x_wconf 85' lang='lat' dir='ltr'>tegantur</span> <span class='ocrx_word' id='word_1_5' title='bbox 738 250 887 290; x_wconf 81' lang='lat' dir='ltr'>scholae,</span> <span class='ocrx_word' id='word_1_6' title='bbox 921 258 1011 282; x_wconf 88' lang='lat' dir='ltr'>recte</span> <span class='ocrx_word' id='word_1_7' title='bbox 1044 260 1121 282; x_wconf 87' lang='lat' dir='ltr'>con-</span> 
     </span>
     <span class='ocr_line' id='line_1_3' title="bbox 152 293 1122 333; baseline -0.009 -1"><span class='ocrx_word' id='word_1_8' title='bbox 152 303 327 333; x_wconf 85' lang='lat' dir='ltr'>stituantur</span> <span class='ocrx_word' id='word_1_9' title='bbox 348 296 538 333; x_wconf 82' lang='lat' dir='ltr'>Ecclesiae3</span> <span class='ocrx_word' id='word_1_10' title='bbox 559 296 635 327; x_wconf 87' lang='lat' dir='ltr'>item</span> <span class='ocrx_word' id='word_1_11' title='bbox 657 301 692 326; x_wconf 87' lang='lat' dir='ltr'>ut</span> <span class='ocrx_word' id='word_1_12' title='bbox 714 293 871 325; x_wconf 78' lang='lat' dir='ltr'>honestas</span> <span class='ocrx_word' id='word_1_13' title='bbox 896 300 1122 332; x_wconf 80' lang='lat' dir='ltr'>conservetur,</span> 
     </span>
     <span class='ocr_line' id='line_1_4' title="bbox 151 335 947 381; baseline -0.011 -6"><span class='ocrx_word' id='word_1_14' title='bbox 151 345 182 375; x_wconf 89' lang='lat' dir='ltr'>id</span> <span class='ocrx_word' id='word_1_15' title='bbox 206 349 268 378; x_wconf 78' lang='lat' dir='ltr'>est,</span> <span class='ocrx_word' id='word_1_16' title='bbox 292 349 401 371; x_wconf 86' lang='lat' dir='ltr'>mores</span> <span class='ocrx_word' id='word_1_17' title='bbox 425 346 582 381; x_wconf 74' lang='lat' dir='ltr'>regantur</span> <span class='ocrx_word' id='word_1_18' title='bbox 605 335 774 378; x_wconf 83' lang='lat' dir='ltr'>disciplina</span> <span class='ocrx_word' id='word_1_19' title='bbox 798 336 947 367; x_wconf 85' lang='lat' dir='ltr'>honesta.</span> 
     </span>
    </p>

    <p class='ocr_par' dir='ltr' id='par_1_3' title="bbox 146 377 1124 1348">
     <span class='ocr_line' id='line_1_5' title="bbox 198 377 1120 425; baseline -0.003 -12"><span class='ocrx_word' id='word_1_20' title='bbox 198 383 202 386; x_wconf 80' lang='grc'><strong>”</strong></span> <span class='ocrx_word' id='word_1_21' title='bbox 235 383 409 425; x_wconf 81' lang='lat' dir='ltr'>Tyrannus</span> <span class='ocrx_word' id='word_1_22' title='bbox 439 392 498 422; x_wconf 87' lang='lat' dir='ltr'>per</span> <span class='ocrx_word' id='word_1_23' title='bbox 520 379 714 412; x_wconf 80' lang='lat' dir='ltr'>metathesin</span> <span class='ocrx_word' id='word_1_24' title='bbox 737 377 922 416; x_wconf 89' lang='lat' dir='ltr'>literarum,</span> <span class='ocrx_word' id='word_1_25' title='bbox 957 385 1007 410; x_wconf 90' lang='lat' dir='ltr'>est</span> <span class='ocrx_word' id='word_1_26' title='bbox 1030 380 1120 410; x_wconf 77' lang='lat' dir='ltr'>Nem-</span> 
     </span>
     <span class='ocr_line' id='line_1_6' title="bbox 150 421 1120 464; baseline -0.007 -5"><span class='ocrx_word' id='word_1_27' title='bbox 150 427 236 464; x_wconf 73' lang='lat' dir='ltr'>roth,</span> <span class='ocrx_word' id='word_1_28' title='bbox 271 426 303 457; x_wconf 91' lang='lat' dir='ltr'>id</span> <span class='ocrx_word' id='word_1_29' title='bbox 331 430 400 462; x_wconf 90' lang='lat' dir='ltr'>est,</span> <span class='ocrx_word' id='word_1_30' title='bbox 442 422 584 455; x_wconf 84' lang='lat' dir='ltr'>crudelis</span> <span class='ocrx_word' id='word_1_31' title='bbox 617 421 797 459; x_wconf 74' lang='lat' dir='ltr'>Dominus,</span> <span class='ocrx_word' id='word_1_32' title='bbox 831 431 978 456; x_wconf 78' lang='lat' dir='ltr'>amaruS,</span> <span class='ocrx_word' id='word_1_33' title='bbox 1011 432 1120 462; x_wconf 80' lang='lat' dir='ltr'><strong>asper.</strong></span> 
     </span>
     <span class='ocr_line' id='line_1_7' title="bbox 150 462 1120 509; baseline -0.007 -9"><span class='ocrx_word' id='word_1_34' title='bbox 150 469 264 500; x_wconf 87' lang='lat' dir='ltr'>Bonus</span> <span class='ocrx_word' id='word_1_35' title='bbox 293 468 495 509; x_wconf 86' lang='lat' dir='ltr'>gubernator</span> <span class='ocrx_word' id='word_1_36' title='bbox 529 476 592 497; x_wconf 90' lang='lat' dir='ltr'>non</span> <span class='ocrx_word' id='word_1_37' title='bbox 623 466 720 496; x_wconf 77' lang='lat' dir='ltr'>debet</span> <span class='ocrx_word' id='word_1_38' title='bbox 754 473 831 495; x_wconf 71' lang='lat' dir='ltr'>esse</span> <span class='ocrx_word' id='word_1_39' title='bbox 865 462 1026 500; x_wconf 84' lang='lat' dir='ltr'>crudelis,</span> <span class='ocrx_word' id='word_1_40' title='bbox 1061 464 1120 494; x_wconf 80' lang='lat' dir='ltr'>sed</span> 
     </span>
     <span class='ocr_line' id='line_1_8' title="bbox 149 507 1122 546; baseline -0.004 -4"><span class='ocrx_word' id='word_1_41' title='bbox 149 512 267 543; x_wconf 84' lang='lat' dir='ltr'>iustus.</span> <span class='ocrx_word' id='word_1_42' title='bbox 321 511 415 540; x_wconf 73' lang='lat' dir='ltr'>ll&#39;etm</span> <span class='ocrx_word' id='word_1_43' title='bbox 437 519 474 540; x_wconf 78' lang='lat' dir='ltr'>er</span> <span class='ocrx_word' id='word_1_44' title='bbox 497 513 590 540; x_wconf 66' lang='lat' dir='ltr'>muer</span> <span class='ocrx_word' id='word_1_45' title='bbox 612 510 664 539; x_wconf 86' lang='lat' dir='ltr'>die</span> <span class='ocrx_word' id='word_1_46' title='bbox 684 509 750 539; x_wconf 77' lang='lat' dir='ltr'>leuc</span> <span class='ocrx_word' id='word_1_47' title='bbox 766 508 868 546; x_wconf 65' lang='lat' dir='ltr'>yeme,</span> <span class='ocrx_word' id='word_1_48' title='bbox 899 507 958 537; x_wconf 79' lang='lat' dir='ltr'>das</span> <span class='ocrx_word' id='word_1_49' title='bbox 979 508 1046 537; x_wconf 73' lang='lat' dir='ltr'>sich</span> <span class='ocrx_word' id='word_1_50' title='bbox 1069 508 1122 538; x_wconf 67' lang='lat' dir='ltr'>dte</span> 
     </span>
     <span class='ocr_line' id='line_1_9' title="bbox 148 549 1122 592; baseline -0.006 -7"><span class='ocrx_word' id='word_1_51' title='bbox 148 549 278 585; x_wconf 70' lang='lat' dir='ltr'>leudem</span> <span class='ocrx_word' id='word_1_52' title='bbox 296 554 422 592; x_wconf 76' lang='lat' dir='ltr'>stenen.</span> <span class='ocrx_word' id='word_1_53' title='bbox 453 553 521 581; x_wconf 82' lang='lat' dir='ltr'>und</span> <span class='ocrx_word' id='word_1_54' title='bbox 540 552 697 590; x_wconf 75' lang='lat' dir='ltr'>dencken,</span> <span class='ocrx_word' id='word_1_55' title='bbox 723 551 783 581; x_wconf 84' lang='lat' dir='ltr'>der</span> <span class='ocrx_word' id='word_1_56' title='bbox 803 551 879 581; x_wconf 79' lang='lat' dir='ltr'>Man</span> <span class='ocrx_word' id='word_1_57' title='bbox 907 550 1042 588; x_wconf 78' lang='lat' dir='ltr'>schaffet</span> <span class='ocrx_word' id='word_1_58' title='bbox 1062 559 1122 580; x_wconf 79' lang='lat' dir='ltr'>uns</span> 
     </span>
     <span class='ocr_line' id='line_1_10' title="bbox 146 593 1122 635; baseline -0.004 -9"><span class='ocrx_word' id='word_1_59' title='bbox 146 596 245 635; x_wconf 76' lang='lat' dir='ltr'>fried,</span> <span class='ocrx_word' id='word_1_60' title='bbox 267 596 333 626; x_wconf 77' lang='lat' dir='ltr'>lzelc</span> <span class='ocrx_word' id='word_1_61' title='bbox 349 595 586 633; x_wconf 63' lang='lat' dir='ltr'>yerezelmylseit,</span> <span class='ocrx_word' id='word_1_62' title='bbox 608 594 632 624; x_wconf 83' lang='lat' dir='ltr'>d</span> <span class='ocrx_word' id='word_1_63' title='bbox 641 604 650 607; x_wconf 54' lang='lat'>‘¹</span> <span class='ocrx_word' id='word_1_64' title='bbox 692 596 752 623; x_wconf 77' lang='lat' dir='ltr'>woe&#39;r</span> <span class='ocrx_word' id='word_1_65' title='bbox 772 595 829 622; x_wconf 80' lang='lat' dir='ltr'>mi!</span> <span class='ocrx_word' id='word_1_66' title='bbox 848 601 969 622; x_wconf 76' lang='lat' dir='ltr'>unsern</span> <span class='ocrx_word' id='word_1_67' title='bbox 990 593 1122 623; x_wconf 74' lang='lat' dir='ltr'>kinder-</span> 
     </span>
     <span class='ocr_line' id='line_1_11' title="bbox 147 634 1120 677; baseline -0.006 -8"><span class='ocrx_word' id='word_1_68' title='bbox 147 640 213 669; x_wconf 71' lang='lat' dir='ltr'>lem</span> <span class='ocrx_word' id='word_1_69' title='bbox 234 638 341 668; x_wconf 69' lang='lat' dir='ltr'>sicher</span> <span class='ocrx_word' id='word_1_70' title='bbox 361 646 457 677; x_wconf 74' lang='lat' dir='ltr'>seyn;</span> <span class='ocrx_word' id='word_1_71' title='bbox 492 636 612 667; x_wconf 85' lang='lat' dir='ltr'>subditi</span> <span class='ocrx_word' id='word_1_72' title='bbox 656 640 806 666; x_wconf 83' lang='lat' dir='ltr'>aetantur</span> <span class='ocrx_word' id='word_1_73' title='bbox 831 640 1014 674; x_wconf 76' lang='lat' dir='ltr'>conspectu</span> <span class='ocrx_word' id='word_1_74' title='bbox 1045 634 1120 665; x_wconf 88' lang='lat' dir='ltr'>boni</span> 
     </span>
     <span class='ocr_line' id='line_1_12' title="bbox 148 676 1121 722; baseline -0.004 -11"><span class='ocrx_word' id='word_1_75' title='bbox 148 680 393 722; x_wconf 76' lang='lat' dir='ltr'>gubernatoris,</span> <span class='ocrx_word' id='word_1_76' title='bbox 416 679 472 719; x_wconf 85' lang='lat' dir='ltr'>qui</span> <span class='ocrx_word' id='word_1_77' title='bbox 498 677 576 709; x_wconf 85' lang='lat' dir='ltr'>nihil</span> <span class='ocrx_word' id='word_1_78' title='bbox 604 677 709 708; x_wconf 80' lang='lat' dir='ltr'>differt</span> <span class='ocrx_word' id='word_1_79' title='bbox 733 687 752 708; x_wconf 90' lang='lat' dir='ltr'>a</span> <span class='ocrx_word' id='word_1_80' title='bbox 774 678 861 707; x_wconf 86' lang='lat' dir='ltr'>bono</span> <span class='ocrx_word' id='word_1_81' title='bbox 892 683 995 716; x_wconf 87' lang='lat' dir='ltr'>patre.</span> <span class='ocrx_word' id='word_1_82' title='bbox 1041 676 1121 708; x_wconf 86' lang='lat' dir='ltr'>Cum</span> 
     </span>
     <span class='ocr_line' id='line_1_13' title="bbox 148 718 1122 762; baseline -0.005 -8"><span class='ocrx_word' id='word_1_83' title='bbox 148 723 259 754; x_wconf 88' lang='lat' dir='ltr'>vident</span> <span class='ocrx_word' id='word_1_84' title='bbox 283 732 355 753; x_wconf 89' lang='lat' dir='ltr'>eum</span> <span class='ocrx_word' id='word_1_85' title='bbox 379 721 627 762; x_wconf 76' lang='lat' dir='ltr'>ingredientem,</span> <span class='ocrx_word' id='word_1_86' title='bbox 651 720 812 761; x_wconf 78' lang='lat' dir='ltr'>cogitant:</span> <span class='ocrx_word' id='word_1_87' title='bbox 837 719 895 750; x_wconf 86' lang='lat' dir='ltr'>Hic</span> <span class='ocrx_word' id='word_1_88' title='bbox 919 725 971 750; x_wconf 80' lang='lat' dir='ltr'>est</span> <span class='ocrx_word' id='word_1_89' title='bbox 991 720 1039 750; x_wconf 78' lang='lat' dir='ltr'>vir</span> <span class='ocrx_word' id='word_1_90' title='bbox 1055 718 1122 757; x_wconf 86' lang='lat' dir='ltr'>illc,</span> 
     </span>
     <span class='ocr_line' id='line_1_14' title="bbox 147 762 1122 806; baseline -0.004 -10"><span class='ocrx_word' id='word_1_91' title='bbox 147 775 208 806; x_wconf 84' lang='lat' dir='ltr'>per</span> <span class='ocrx_word' id='word_1_92' title='bbox 230 775 326 806; x_wconf 88' lang='lat' dir='ltr'>quem</span> <span class='ocrx_word' id='word_1_93' title='bbox 349 764 404 794; x_wconf 88' lang='lat' dir='ltr'>dat</span> <span class='ocrx_word' id='word_1_94' title='bbox 423 764 517 799; x_wconf 84' lang='lat' dir='ltr'>nobis</span> <span class='ocrx_word' id='word_1_95' title='bbox 542 762 635 794; x_wconf 81' lang='lat' dir='ltr'>Deus</span> <span class='ocrx_word' id='word_1_96' title='bbox 659 773 792 804; x_wconf 82' lang='lat' dir='ltr'>pacem,</span> <span class='ocrx_word' id='word_1_97' title='bbox 826 768 857 792; x_wconf 87' lang='lat' dir='ltr'>et</span> <span class='ocrx_word' id='word_1_98' title='bbox 890 768 999 793; x_wconf 81' lang='lat' dir='ltr'>tuetur</span> <span class='ocrx_word' id='word_1_99' title='bbox 1032 763 1122 793; x_wconf 73' lang='lat' dir='ltr'>iusti-</span> 
     </span>
     <span class='ocr_line' id='line_1_15' title="bbox 147 803 1122 847; baseline -0.004 -8"><span class='ocrx_word' id='word_1_100' title='bbox 147 809 236 845; x_wconf 81' lang='lat' dir='ltr'>tiam,</span> <span class='ocrx_word' id='word_1_101' title='bbox 258 813 292 838; x_wconf 91' lang='lat' dir='ltr'>ut</span> <span class='ocrx_word' id='word_1_102' title='bbox 315 807 385 847; x_wconf 83' lang='lat' dir='ltr'>agri</span> <span class='ocrx_word' id='word_1_103' title='bbox 407 806 512 837; x_wconf 83' lang='lat' dir='ltr'>nostri</span> <span class='ocrx_word' id='word_1_104' title='bbox 536 804 704 843; x_wconf 86' lang='lat' dir='ltr'>colantur,</span> <span class='ocrx_word' id='word_1_105' title='bbox 737 811 772 836; x_wconf 92' lang='lat' dir='ltr'>ut</span> <span class='ocrx_word' id='word_1_106' title='bbox 805 803 899 837; x_wconf 86' lang='lat' dir='ltr'>liberi</span> <span class='ocrx_word' id='word_1_107' title='bbox 929 805 980 845; x_wconf 87' lang='lat' dir='ltr'>pie</span> <span class='ocrx_word' id='word_1_108' title='bbox 1001 815 1042 835; x_wconf 87' lang='lat' dir='ltr'>ac</span> <span class='ocrx_word' id='word_1_109' title='bbox 1065 804 1122 835; x_wconf 90' lang='lat' dir='ltr'>ho—</span> 
     </span>
     <span class='ocr_line' id='line_1_16' title="bbox 148 846 1123 886; baseline -0.001 -6"><span class='ocrx_word' id='word_1_110' title='bbox 148 856 242 881; x_wconf 87' lang='lat' dir='ltr'>neste</span> <span class='ocrx_word' id='word_1_111' title='bbox 265 849 456 885; x_wconf 87' lang='lat' dir='ltr'>educentur,</span> <span class='ocrx_word' id='word_1_112' title='bbox 479 855 515 880; x_wconf 90' lang='lat' dir='ltr'>ut</span> <span class='ocrx_word' id='word_1_113' title='bbox 538 850 639 880; x_wconf 84' lang='lat' dir='ltr'>simus</span> <span class='ocrx_word' id='word_1_114' title='bbox 659 849 718 879; x_wconf 89' lang='lat' dir='ltr'>tuti</span> <span class='ocrx_word' id='word_1_115' title='bbox 735 848 777 879; x_wconf 84' lang='lat' dir='ltr'>ab</span> <span class='ocrx_word' id='word_1_116' title='bbox 796 846 958 879; x_wconf 78' lang='lat' dir='ltr'>hostibus.</span> <span class='ocrx_word' id='word_1_117' title='bbox 988 849 1123 886; x_wconf 63' lang='lat' dir='ltr'>Magnus</span> 
     </span>
     <span class='ocr_line' id='line_1_17' title="bbox 147 889 1122 932; baseline -0.004 -8"><span class='ocrx_word' id='word_1_118' title='bbox 147 894 255 925; x_wconf 84' lang='lat' dir='ltr'>Draco</span> <span class='ocrx_word' id='word_1_119' title='bbox 276 899 327 923; x_wconf 52' lang='lat' dir='ltr'>&amp;t</span> <span class='ocrx_word' id='word_1_120' title='bbox 350 889 524 929; x_wconf 89' lang='lat' dir='ltr'>Diabolus,</span> <span class='ocrx_word' id='word_1_121' title='bbox 548 892 603 932; x_wconf 87' lang='lat' dir='ltr'>qui</span> <span class='ocrx_word' id='word_1_122' title='bbox 632 891 804 922; x_wconf 78' lang='lat' dir='ltr'>insidiatur</span> <span class='ocrx_word' id='word_1_123' title='bbox 831 889 963 931; x_wconf 85' lang='lat' dir='ltr'>populis</span> <span class='ocrx_word' id='word_1_124' title='bbox 987 896 1019 920; x_wconf 90' lang='lat' dir='ltr'>et</span> <span class='ocrx_word' id='word_1_125' title='bbox 1041 890 1122 930; x_wconf 74' lang='lat' dir='ltr'>ipsis</span> 
     </span>
     <span class='ocr_line' id='line_1_18' title="bbox 147 932 1121 977; baseline -0.004 -11"><span class='ocrx_word' id='word_1_126' title='bbox 147 935 363 977; x_wconf 82' lang='lat' dir='ltr'>principibus,</span> <span class='ocrx_word' id='word_1_127' title='bbox 388 934 428 964; x_wconf 88' lang='lat' dir='ltr'>de</span> <span class='ocrx_word' id='word_1_128' title='bbox 451 944 516 974; x_wconf 89' lang='lat' dir='ltr'>quo</span> <span class='ocrx_word' id='word_1_129' title='bbox 539 944 605 965; x_wconf 90' lang='lat' dir='ltr'>non</span> <span class='ocrx_word' id='word_1_130' title='bbox 630 940 682 964; x_wconf 91' lang='lat' dir='ltr'>est</span> <span class='ocrx_word' id='word_1_131' title='bbox 705 934 845 964; x_wconf 85' lang='lat' dir='ltr'>dubium·</span> <span class='ocrx_word' id='word_1_132' title='bbox 882 932 1011 974; x_wconf 83' lang='lat' dir='ltr'>Cogitet</span> <span class='ocrx_word' id='word_1_133' title='bbox 1035 932 1121 973; x_wconf 84' lang='lat' dir='ltr'>quis-</span> 
     </span>
     <span class='ocr_line' id='line_1_19' title="bbox 149 977 1121 1020; baseline -0.004 -11"><span class='ocrx_word' id='word_1_134' title='bbox 149 987 226 1020; x_wconf 78' lang='lat' dir='ltr'>que,</span> <span class='ocrx_word' id='word_1_135' title='bbox 248 983 405 1018; x_wconf 83' lang='lat' dir='ltr'>quantum</span> <span class='ocrx_word' id='word_1_136' title='bbox 426 987 578 1007; x_wconf 86' lang='lat' dir='ltr'>curarum</span> <span class='ocrx_word' id='word_1_137' title='bbox 602 977 788 1007; x_wconf 84' lang='lat' dir='ltr'>sustineant</span> <span class='ocrx_word' id='word_1_138' title='bbox 817 983 971 1016; x_wconf 82' lang='lat' dir='ltr'>parentes</span> <span class='ocrx_word' id='word_1_139' title='bbox 997 981 1121 1006; x_wconf 82' lang='lat' dir='ltr'>tantum</span> 
     </span>
     <span class='ocr_line' id='line_1_20' title="bbox 148 1017 1123 1056; baseline -0.004 -5"><span class='ocrx_word' id='word_1_140' title='bbox 148 1021 181 1051; x_wconf 88' lang='lat' dir='ltr'>in</span> <span class='ocrx_word' id='word_1_141' title='bbox 204 1020 410 1056; x_wconf 71' lang='lat' dir='ltr'>oeconomia,</span> <span class='ocrx_word' id='word_1_142' title='bbox 432 1019 464 1049; x_wconf 89' lang='lat' dir='ltr'>in</span> <span class='ocrx_word' id='word_1_143' title='bbox 490 1019 683 1050; x_wconf 76' lang='lat' dir='ltr'>educatione</span> <span class='ocrx_word' id='word_1_144' title='bbox 707 1017 843 1049; x_wconf 82' lang='lat' dir='ltr'>sobolis.</span> <span class='ocrx_word' id='word_1_145' title='bbox 889 1017 994 1049; x_wconf 79' lang='lat' dir='ltr'>Multo</span> <span class='ocrx_word' id='word_1_146' title='bbox 1018 1018 1123 1048; x_wconf 80' lang='lat' dir='ltr'>maior</span> 
     </span>
     <span class='ocr_line' id='line_1_21' title="bbox 149 1059 1123 1103; baseline -0.003 -10"><span class='ocrx_word' id='word_1_147' title='bbox 149 1060 328 1094; x_wconf 75' lang='lat' dir='ltr'>difficultas</span> <span class='ocrx_word' id='word_1_148' title='bbox 363 1069 413 1093; x_wconf 88' lang='lat' dir='ltr'>est</span> <span class='ocrx_word' id='word_1_149' title='bbox 453 1063 484 1092; x_wconf 87' lang='lat' dir='ltr'>in</span> <span class='ocrx_word' id='word_1_150' title='bbox 517 1060 659 1103; x_wconf 90' lang='lat' dir='ltr'>publicis</span> <span class='ocrx_word' id='word_1_151' title='bbox 693 1061 1000 1103; x_wconf 80' lang='lat' dir='ltr'>gubernationibus:</span> <span class='ocrx_word' id='word_1_152' title='bbox 1039 1059 1123 1094; x_wconf 83' lang='lat' dir='ltr'>Quia</span> 
     </span>
     <span class='ocr_line' id='line_1_22' title="bbox 150 1102 1123 1146; baseline -0.004 -10"><span class='ocrx_word' id='word_1_153' title='bbox 150 1103 314 1136; x_wconf 84' lang='lat' dir='ltr'>difficilius</span> <span class='ocrx_word' id='word_1_154' title='bbox 333 1112 383 1136; x_wconf 85' lang='lat' dir='ltr'>est</span> <span class='ocrx_word' id='word_1_155' title='bbox 407 1114 524 1146; x_wconf 85' lang='lat' dir='ltr'>regere</span> <span class='ocrx_word' id='word_1_156' title='bbox 549 1103 694 1141; x_wconf 84' lang='lat' dir='ltr'>alienos,</span> <span class='ocrx_word' id='word_1_157' title='bbox 728 1114 823 1144; x_wconf 88' lang='lat' dir='ltr'>quam</span> <span class='ocrx_word' id='word_1_158' title='bbox 848 1113 939 1133; x_wconf 73' lang='lat' dir='ltr'>suoS.</span> <span class='ocrx_word' id='word_1_159' title='bbox 983 1102 1023 1133; x_wconf 88' lang='lat' dir='ltr'>Et</span> <span class='ocrx_word' id='word_1_160' title='bbox 1048 1102 1123 1133; x_wconf 87' lang='lat' dir='ltr'>Dia-</span> 
     </span>
     <span class='ocr_line' id='line_1_23' title="bbox 150 1144 1123 1188; baseline -0.005 -9"><span class='ocrx_word' id='word_1_161' title='bbox 150 1146 247 1179; x_wconf 86' lang='lat' dir='ltr'>bolus</span> <span class='ocrx_word' id='word_1_162' title='bbox 276 1158 441 1188; x_wconf 87' lang='lat' dir='ltr'>nunquam</span> <span class='ocrx_word' id='word_1_163' title='bbox 469 1147 618 1188; x_wconf 82' lang='lat' dir='ltr'>quiescit.</span> <span class='ocrx_word' id='word_1_164' title='bbox 672 1146 821 1177; x_wconf 73' lang='lat' dir='ltr'>Insidens</span> <span class='ocrx_word' id='word_1_165' title='bbox 854 1155 934 1186; x_wconf 90' lang='lat' dir='ltr'>ergo</span> <span class='ocrx_word' id='word_1_166' title='bbox 956 1144 1123 1186; x_wconf 79' lang='lat' dir='ltr'>Georgius</span> 
     </span>
     <span class='ocr_line' id='line_1_24' title="bbox 150 1187 1123 1231; baseline -0.003 -10"><span class='ocrx_word' id='word_1_167' title='bbox 150 1199 248 1231; x_wconf 84' lang='lat' dir='ltr'>equo,</span> <span class='ocrx_word' id='word_1_168' title='bbox 269 1196 391 1231; x_wconf 80' lang='lat' dir='ltr'>pugnat</span> <span class='ocrx_word' id='word_1_169' title='bbox 416 1196 531 1220; x_wconf 87' lang='lat' dir='ltr'>contra</span> <span class='ocrx_word' id='word_1_170' title='bbox 553 1189 753 1220; x_wconf 83' lang='lat' dir='ltr'>Draconem.</span> <span class='ocrx_word' id='word_1_171' title='bbox 798 1187 913 1219; x_wconf 87' lang='lat' dir='ltr'>Puella</span> <span class='ocrx_word' id='word_1_172' title='bbox 936 1195 985 1218; x_wconf 86' lang='lat' dir='ltr'>est</span> <span class='ocrx_word' id='word_1_173' title='bbox 1010 1187 1123 1219; x_wconf 84' lang='lat' dir='ltr'>Eccle-</span> 
     </span>
     <span class='ocr_line' id='line_1_25' title="bbox 149 1229 1123 1273; baseline -0.001 -11"><span class='ocrx_word' id='word_1_174' title='bbox 149 1233 217 1269; x_wconf 82' lang='lat' dir='ltr'>sia,</span> <span class='ocrx_word' id='word_1_175' title='bbox 252 1243 313 1273; x_wconf 88' lang='lat' dir='ltr'>pro</span> <span class='ocrx_word' id='word_1_176' title='bbox 349 1241 412 1273; x_wconf 89' lang='lat' dir='ltr'>qua</span> <span class='ocrx_word' id='word_1_177' title='bbox 447 1232 623 1272; x_wconf 83' lang='lat' dir='ltr'>praecipue</span> <span class='ocrx_word' id='word_1_178' title='bbox 654 1231 752 1262; x_wconf 92' lang='lat' dir='ltr'>debet</span> <span class='ocrx_word' id='word_1_179' title='bbox 785 1231 939 1262; x_wconf 86' lang='lat' dir='ltr'>dimicare</span> <span class='ocrx_word' id='word_1_180' title='bbox 977 1229 1123 1271; x_wconf 87' lang='lat' dir='ltr'>legitimo</span> 
     </span>
     <span class='ocr_line' id='line_1_26' title="bbox 149 1272 1124 1315; baseline -0.001 -10"><span class='ocrx_word' id='word_1_181' title='bbox 149 1275 263 1306; x_wconf 87' lang='lat' dir='ltr'>modo:</span> <span class='ocrx_word' id='word_1_182' title='bbox 286 1275 374 1312; x_wconf 85' lang='lat' dir='ltr'>item,</span> <span class='ocrx_word' id='word_1_183' title='bbox 396 1274 493 1305; x_wconf 87' lang='lat' dir='ltr'>debet</span> <span class='ocrx_word' id='word_1_184' title='bbox 517 1274 672 1305; x_wconf 83' lang='lat' dir='ltr'>dimicare</span> <span class='ocrx_word' id='word_1_185' title='bbox 701 1284 761 1315; x_wconf 84' lang='lat' dir='ltr'>pro</span> <span class='ocrx_word' id='word_1_186' title='bbox 786 1274 917 1311; x_wconf 83' lang='lat' dir='ltr'>iustitia,</span> <span class='ocrx_word' id='word_1_187' title='bbox 940 1284 1000 1314; x_wconf 90' lang='lat' dir='ltr'>pro</span> <span class='ocrx_word' id='word_1_188' title='bbox 1024 1272 1124 1304; x_wconf 86' lang='lat' dir='ltr'>hone-</span> 
     </span>
     <span class='ocr_line' id='line_1_27' title="bbox 148 1323 322 1348; baseline -0.006 0"><span class='ocrx_word' id='word_1_189' title='bbox 148 1324 203 1348; x_wconf 77' lang='lat' dir='ltr'>sto</span> <span class='ocrx_word' id='word_1_190' title='bbox 222 1323 322 1348; x_wconf 85' lang='lat' dir='ltr'>statu.</span> 
     </span>
    </p>

    <p class='ocr_par' dir='ltr' id='par_1_4' title="bbox 149 1357 1125 1942">
     <span class='ocr_line' id='line_1_28' title="bbox 235 1357 1124 1399; baseline -0.001 -9"><span class='ocrx_word' id='word_1_191' title='bbox 235 1358 300 1390; x_wconf 86' lang='lat' dir='ltr'>Alii</span> <span class='ocrx_word' id='word_1_192' title='bbox 325 1357 427 1390; x_wconf 76' lang='lat' dir='ltr'>multa</span> <span class='ocrx_word' id='word_1_193' title='bbox 460 1365 578 1399; x_wconf 86' lang='lat' dir='ltr'>postea</span> <span class='ocrx_word' id='word_1_194' title='bbox 610 1359 806 1390; x_wconf 88' lang='lat' dir='ltr'>addiderunt</span> <span class='ocrx_word' id='word_1_195' title='bbox 837 1358 880 1389; x_wconf 83' lang='lat' dir='ltr'>ad</span> <span class='ocrx_word' id='word_1_196' title='bbox 914 1358 1000 1390; x_wconf 83' lang='lat' dir='ltr'>hanc</span> <span class='ocrx_word' id='word_1_197' title='bbox 1022 1359 1124 1399; x_wconf 77' lang='lat' dir='ltr'>pictu-</span> 
     </span>
     <span class='ocr_line' id='line_1_29' title="bbox 149 1400 1124 1442; baseline -0.001 -9"><span class='ocrx_word' id='word_1_198' title='bbox 149 1411 233 1440; x_wconf 86' lang='lat' dir='ltr'>ram,</span> <span class='ocrx_word' id='word_1_199' title='bbox 254 1412 351 1442; x_wconf 87' lang='lat' dir='ltr'>quam</span> <span class='ocrx_word' id='word_1_200' title='bbox 374 1411 439 1432; x_wconf 90' lang='lat' dir='ltr'>non</span> <span class='ocrx_word' id='word_1_201' title='bbox 463 1402 576 1432; x_wconf 87' lang='lat' dir='ltr'>dubito</span> <span class='ocrx_word' id='word_1_202' title='bbox 599 1411 676 1432; x_wconf 87' lang='lat' dir='ltr'>esse</span> <span class='ocrx_word' id='word_1_203' title='bbox 703 1402 875 1442; x_wconf 87' lang='lat' dir='ltr'>poeticam.</span> <span class='ocrx_word' id='word_1_204' title='bbox 921 1401 994 1442; x_wconf 88' lang='lat' dir='ltr'>lpse</span> <span class='ocrx_word' id='word_1_205' title='bbox 1014 1400 1124 1432; x_wconf 74' lang='lat' dir='ltr'>volue-</span> 
     </span>
     <span class='ocr_line' id='line_1_30' title="bbox 150 1442 1123 1485; baseline -0.002 -9"><span class='ocrx_word' id='word_1_206' title='bbox 150 1450 227 1476; x_wconf 86' lang='lat' dir='ltr'>runt</span> <span class='ocrx_word' id='word_1_207' title='bbox 249 1454 326 1475; x_wconf 85' lang='lat' dir='ltr'>esse</span> <span class='ocrx_word' id='word_1_208' title='bbox 348 1444 528 1475; x_wconf 87' lang='lat' dir='ltr'>historiam.</span> <span class='ocrx_word' id='word_1_209' title='bbox 570 1443 731 1475; x_wconf 78' lang='lat' dir='ltr'>Dixerunt</span> <span class='ocrx_word' id='word_1_210' title='bbox 755 1442 858 1474; x_wconf 80' lang='lat' dir='ltr'>fuisse</span> <span class='ocrx_word' id='word_1_211' title='bbox 880 1442 1123 1485; x_wconf 78' lang='lat' dir='ltr'>Cappadocem,</span> 
     </span>
     <span class='ocr_line' id='line_1_31' title="bbox 151 1485 1122 1527; baseline -0.001 -9"><span class='ocrx_word' id='word_1_212' title='bbox 151 1485 205 1518; x_wconf 76' lang='lat' dir='ltr'>alii</span> <span class='ocrx_word' id='word_1_213' title='bbox 228 1485 338 1518; x_wconf 90' lang='lat' dir='ltr'>alium.</span> <span class='ocrx_word' id='word_1_214' title='bbox 406 1486 441 1517; x_wconf 87' lang='lat' dir='ltr'>ln</span> <span class='ocrx_word' id='word_1_215' title='bbox 474 1485 630 1527; x_wconf 81' lang='lat' dir='ltr'>Legenda</span> <span class='ocrx_word' id='word_1_216' title='bbox 665 1487 734 1517; x_wconf 85' lang='lat' dir='ltr'>eius</span> <span class='ocrx_word' id='word_1_217' title='bbox 775 1486 921 1523; x_wconf 85' lang='lat' dir='ltr'>additur,</span> <span class='ocrx_word' id='word_1_218' title='bbox 962 1487 1048 1527; x_wconf 93' lang='lat' dir='ltr'>quod</span> <span class='ocrx_word' id='word_1_219' title='bbox 1082 1486 1122 1517; x_wconf 90' lang='lat' dir='ltr'>ad</span> 
     </span>
     <span class='ocr_line' id='line_1_32' title="bbox 150 1528 1124 1570; baseline 0.001 -11"><span class='ocrx_word' id='word_1_220' title='bbox 150 1535 333 1560; x_wconf 85' lang='lat' dir='ltr'>extremum</span> <span class='ocrx_word' id='word_1_221' title='bbox 362 1536 498 1570; x_wconf 84' lang='lat' dir='ltr'>propter</span> <span class='ocrx_word' id='word_1_222' title='bbox 532 1528 775 1560; x_wconf 82' lang='lat' dir='ltr'>consessionem</span> <span class='ocrx_word' id='word_1_223' title='bbox 810 1530 851 1559; x_wconf 91' lang='lat' dir='ltr'>sit</span> <span class='ocrx_word' id='word_1_224' title='bbox 884 1528 1024 1560; x_wconf 79' lang='lat' dir='ltr'>affectus</span> <span class='ocrx_word' id='word_1_225' title='bbox 1048 1539 1124 1569; x_wconf 84' lang='lat' dir='ltr'>sup·</span> 
     </span>
     <span class='ocr_line' id='line_1_33' title="bbox 149 1570 1123 1612; baseline 0.001 -11"><span class='ocrx_word' id='word_1_226' title='bbox 149 1570 258 1611; x_wconf 84' lang='lat' dir='ltr'>plicio.</span> <span class='ocrx_word' id='word_1_227' title='bbox 315 1570 444 1602; x_wconf 89' lang='lat' dir='ltr'>Dicitur</span> <span class='ocrx_word' id='word_1_228' title='bbox 472 1570 621 1602; x_wconf 78' lang='lat' dir='ltr'>inclusus</span> <span class='ocrx_word' id='word_1_229' title='bbox 645 1570 750 1602; x_wconf 86' lang='lat' dir='ltr'>fuisse</span> <span class='ocrx_word' id='word_1_230' title='bbox 772 1572 805 1601; x_wconf 93' lang='lat' dir='ltr'>in</span> <span class='ocrx_word' id='word_1_231' title='bbox 828 1570 968 1609; x_wconf 85' lang='lat' dir='ltr'>dolium,</span> <span class='ocrx_word' id='word_1_232' title='bbox 1003 1572 1034 1602; x_wconf 94' lang='lat' dir='ltr'>in</span> <span class='ocrx_word' id='word_1_233' title='bbox 1060 1582 1123 1612; x_wconf 88' lang='lat' dir='ltr'>quo</span> 
     </span>
     <span class='ocr_line' id='line_1_34' title="bbox 149 1612 1124 1653; baseline 0 -8"><span class='ocrx_word' id='word_1_234' title='bbox 149 1613 270 1645; x_wconf 85' lang='lat' dir='ltr'>fuerint</span> <span class='ocrx_word' id='word_1_235' title='bbox 292 1614 456 1645; x_wconf 80' lang='lat' dir='ltr'>obversae</span> <span class='ocrx_word' id='word_1_236' title='bbox 482 1613 604 1644; x_wconf 82' lang='lat' dir='ltr'>multae</span> <span class='ocrx_word' id='word_1_237' title='bbox 633 1612 824 1645; x_wconf 79' lang='lat' dir='ltr'>novaculae.</span> <span class='ocrx_word' id='word_1_238' title='bbox 869 1614 904 1644; x_wconf 87' lang='lat' dir='ltr'>In</span> <span class='ocrx_word' id='word_1_239' title='bbox 931 1613 995 1645; x_wconf 92' lang='lat' dir='ltr'>hoc</span> <span class='ocrx_word' id='word_1_240' title='bbox 1025 1614 1124 1653; x_wconf 88' lang='lat' dir='ltr'>dolio,</span> 
     </span>
     <span class='ocr_line' id='line_1_35' title="bbox 152 1655 1123 1698; baseline -0.001 -10"><span class='ocrx_word' id='word_1_241' title='bbox 152 1666 225 1688; x_wconf 85' lang='lat' dir='ltr'>cum</span> <span class='ocrx_word' id='word_1_242' title='bbox 259 1663 350 1687; x_wconf 86' lang='lat' dir='ltr'>esset</span> <span class='ocrx_word' id='word_1_243' title='bbox 389 1657 472 1688; x_wconf 85' lang='lat' dir='ltr'>inter</span> <span class='ocrx_word' id='word_1_244' title='bbox 506 1655 706 1694; x_wconf 80' lang='lat' dir='ltr'>novaculas,</span> <span class='ocrx_word' id='word_1_245' title='bbox 741 1657 858 1687; x_wconf 84' lang='lat' dir='ltr'>dicitur</span> <span class='ocrx_word' id='word_1_246' title='bbox 891 1657 1123 1698; x_wconf 84' lang='lat' dir='ltr'>praecipitatus</span> 
     </span>
     <span class='ocr_line' id='line_1_36' title="bbox 150 1698 1122 1740; baseline 0.002 -11"><span class='ocrx_word' id='word_1_247' title='bbox 150 1708 228 1730; x_wconf 64' lang='lat' dir='ltr'>oese</span> <span class='ocrx_word' id='word_1_248' title='bbox 250 1699 291 1730; x_wconf 92' lang='lat' dir='ltr'>de</span> <span class='ocrx_word' id='word_1_249' title='bbox 310 1706 429 1730; x_wconf 85' lang='lat' dir='ltr'>monte.</span> <span class='ocrx_word' id='word_1_250' title='bbox 474 1699 541 1729; x_wconf 87' lang='lat' dir='ltr'>Sed</span> <span class='ocrx_word' id='word_1_251' title='bbox 565 1706 739 1740; x_wconf 75' lang='lat' dir='ltr'>postquam</span> <span class='ocrx_word' id='word_1_252' title='bbox 763 1698 940 1730; x_wconf 76' lang='lat' dir='ltr'>devolutus</span> <span class='ocrx_word' id='word_1_253' title='bbox 963 1706 1063 1737; x_wconf 84' lang='lat' dir='ltr'>esset,</span> <span class='ocrx_word' id='word_1_254' title='bbox 1092 1707 1122 1731; x_wconf 88' lang='lat' dir='ltr'>et</span> 
     </span>
     <span class='ocr_line' id='line_1_37' title="bbox 153 1740 1123 1782; baseline 0.002 -11"><span class='ocrx_word' id='word_1_255' title='bbox 153 1751 212 1772; x_wconf 86' lang='lat' dir='ltr'>vas</span> <span class='ocrx_word' id='word_1_256' title='bbox 240 1742 439 1782; x_wconf 75' lang='lat' dir='ltr'>aperiretur,</span> <span class='ocrx_word' id='word_1_257' title='bbox 472 1742 637 1782; x_wconf 71' lang='lat' dir='ltr'>prorepsit</span> <span class='ocrx_word' id='word_1_258' title='bbox 672 1751 712 1772; x_wconf 82' lang='lat' dir='ltr'>ex</span> <span class='ocrx_word' id='word_1_259' title='bbox 747 1741 834 1772; x_wconf 87' lang='lat' dir='ltr'>dolio</span> <span class='ocrx_word' id='word_1_260' title='bbox 868 1740 1004 1773; x_wconf 82' lang='lat' dir='ltr'>illaesus</span> <span class='ocrx_word' id='word_1_261' title='bbox 1028 1749 1057 1773; x_wconf 92' lang='lat' dir='ltr'>et</span> <span class='ocrx_word' id='word_1_262' title='bbox 1080 1743 1123 1773; x_wconf 86' lang='lat' dir='ltr'>in-</span> 
     </span>
     <span class='ocr_line' id='line_1_38' title="bbox 149 1782 1124 1825; baseline 0 -9"><span class='ocrx_word' id='word_1_263' title='bbox 149 1789 255 1825; x_wconf 77' lang='lat' dir='ltr'>teger.</span> <span class='ocrx_word' id='word_1_264' title='bbox 291 1782 381 1814; x_wconf 84' lang='lat' dir='ltr'>Haec</span> <span class='ocrx_word' id='word_1_265' title='bbox 403 1784 499 1814; x_wconf 83' lang='lat' dir='ltr'>ctiam</span> <span class='ocrx_word' id='word_1_266' title='bbox 522 1790 600 1824; x_wconf 87' lang='lat' dir='ltr'>puto</span> <span class='ocrx_word' id='word_1_267' title='bbox 624 1794 700 1815; x_wconf 83' lang='lat' dir='ltr'>esse</span> <span class='ocrx_word' id='word_1_268' title='bbox 725 1785 865 1825; x_wconf 87' lang='lat' dir='ltr'>poetica.</span> <span class='ocrx_word' id='word_1_269' title='bbox 901 1784 1124 1825; x_wconf 83' lang='lat' dir='ltr'>Significatur‚</span> 
     </span>
     <span class='ocr_line' id='line_1_39' title="bbox 152 1826 1124 1868; baseline 0.003 -12"><span class='ocrx_word' id='word_1_270' title='bbox 152 1827 258 1856; x_wconf 91' lang='lat' dir='ltr'>bonos</span> <span class='ocrx_word' id='word_1_271' title='bbox 281 1826 535 1867; x_wconf 73' lang='lat' dir='ltr'>gubernatoreS,</span> <span class='ocrx_word' id='word_1_272' title='bbox 564 1833 730 1868; x_wconf 85' lang='lat' dir='ltr'>tamquam</span> <span class='ocrx_word' id='word_1_273' title='bbox 759 1826 906 1858; x_wconf 85' lang='lat' dir='ltr'>inclusos</span> <span class='ocrx_word' id='word_1_274' title='bbox 935 1828 966 1858; x_wconf 92' lang='lat' dir='ltr'>in</span> <span class='ocrx_word' id='word_1_275' title='bbox 990 1826 1124 1866; x_wconf 87' lang='lat' dir='ltr'>dolium,</span> 
     </span>
     <span class='ocr_line' id='line_1_40' title="bbox 150 1867 1125 1911; baseline 0.002 -12"><span class='ocrx_word' id='word_1_276' title='bbox 150 1878 227 1899; x_wconf 79' lang='lat' dir='ltr'>esse</span> <span class='ocrx_word' id='word_1_277' title='bbox 246 1869 276 1899; x_wconf 95' lang='lat' dir='ltr'>in</span> <span class='ocrx_word' id='word_1_278' title='bbox 295 1872 422 1910; x_wconf 80' lang='lat' dir='ltr'>magnis</span> <span class='ocrx_word' id='word_1_279' title='bbox 447 1867 611 1908; x_wconf 86' lang='lat' dir='ltr'>periculis,</span> <span class='ocrx_word' id='word_1_280' title='bbox 635 1880 700 1900; x_wconf 88' lang='lat' dir='ltr'>non</span> <span class='ocrx_word' id='word_1_281' title='bbox 723 1868 819 1901; x_wconf 81' lang='lat' dir='ltr'>aliter</span> <span class='ocrx_word' id='word_1_282' title='bbox 841 1880 938 1911; x_wconf 86' lang='lat' dir='ltr'>quam</span> <span class='ocrx_word' id='word_1_283' title='bbox 961 1871 990 1901; x_wconf 84' lang='lat' dir='ltr'>si</span> <span class='ocrx_word' id='word_1_284' title='bbox 1013 1877 1125 1902; x_wconf 89' lang='lat' dir='ltr'>essent</span> 
     </span>
     <span class='ocr_line' id='line_1_41' title="bbox 150 1909 570 1942; baseline -0.002 0"><span class='ocrx_word' id='word_1_285' title='bbox 150 1909 322 1942; x_wconf 83' lang='lat' dir='ltr'>novaculis</span> <span class='ocrx_word' id='word_1_286' title='bbox 346 1910 522 1942; x_wconf 86' lang='lat' dir='ltr'>lacerandi.</span> <span class='ocrx_word' id='word_1_287' title='bbox 560 1925 570 1931; x_wconf 49' lang='grc' dir='ltr'><em>ν</em></span> 
     </span>
    </p>

    <p class='ocr_par' dir='ltr' id='par_1_5' title="bbox 150 1952 1124 2079">
     <span class='ocr_line' id='line_1_42' title="bbox 235 1952 1124 1997; baseline 0.003 -13"><span class='ocrx_word' id='word_1_288' title='bbox 235 1954 349 1986; x_wconf 89' lang='lat' dir='ltr'>Bonus</span> <span class='ocrx_word' id='word_1_289' title='bbox 383 1952 541 1994; x_wconf 80' lang='lat' dir='ltr'>Princeps</span> <span class='ocrx_word' id='word_1_290' title='bbox 583 1954 651 1985; x_wconf 77' lang='lat' dir='ltr'>dies</span> <span class='ocrx_word' id='word_1_291' title='bbox 690 1961 873 1996; x_wconf 86' lang='lat' dir='ltr'>noctesque</span> <span class='ocrx_word' id='word_1_292' title='bbox 907 1956 1053 1997; x_wconf 72' lang='lat' dir='ltr'>angitur,</span> <span class='ocrx_word' id='word_1_293' title='bbox 1092 1962 1124 1987; x_wconf 86' lang='lat' dir='ltr'>et</span> 
     </span>
     <span class='ocr_line' id='line_1_43' title="bbox 150 1996 1122 2029; baseline 0.001 -1"><span class='ocrx_word' id='word_1_294' title='bbox 150 2004 324 2028; x_wconf 78' lang='lat' dir='ltr'>exercetur</span> <span class='ocrx_word' id='word_1_295' title='bbox 347 1997 434 2027; x_wconf 85' lang='lat' dir='ltr'>curis</span> <span class='ocrx_word' id='word_1_296' title='bbox 458 1996 574 2026; x_wconf 81' lang='lat' dir='ltr'>variis:</span> <span class='ocrx_word' id='word_1_297' title='bbox 597 2002 627 2027; x_wconf 87' lang='lat' dir='ltr'>et</span> <span class='ocrx_word' id='word_1_298' title='bbox 650 2002 757 2028; x_wconf 87' lang='lat' dir='ltr'>tamen</span> <span class='ocrx_word' id='word_1_299' title='bbox 770 1997 862 2029; x_wconf 86' lang='lat' dir='ltr'>Deus</span> <span class='ocrx_word' id='word_1_300' title='bbox 879 2007 953 2029; x_wconf 90' lang='lat' dir='ltr'>eum</span> <span class='ocrx_word' id='word_1_301' title='bbox 971 1999 1122 2029; x_wconf 79' lang='lat' dir='ltr'>custodit.</span> 
     </span>
     <span class='ocr_line' id='line_1_44' title="bbox 151 2037 1122 2079; baseline 0.002 -9"><span class='ocrx_word' id='word_1_302' title='bbox 151 2038 263 2070; x_wconf 82' lang='lat' dir='ltr'>Manet</span> <span class='ocrx_word' id='word_1_303' title='bbox 282 2037 431 2075; x_wconf 82' lang='lat' dir='ltr'>illaesus,</span> <span class='ocrx_word' id='word_1_304' title='bbox 456 2039 605 2079; x_wconf 87' lang='lat' dir='ltr'>quamdiu</span> <span class='ocrx_word' id='word_1_305' title='bbox 620 2038 711 2070; x_wconf 88' lang='lat' dir='ltr'>Deus</span> <span class='ocrx_word' id='word_1_306' title='bbox 737 2050 808 2071; x_wconf 89' lang='lat' dir='ltr'>eum</span> <span class='ocrx_word' id='word_1_307' title='bbox 833 2048 1021 2072; x_wconf 77' lang='lat' dir='ltr'>conservat.</span> <span class='ocrx_word' id='word_1_308' title='bbox 1056 2041 1122 2072; x_wconf 86' lang='lat' dir='ltr'>Sed</span> 
     </span>
    </p>
   </div>
   <div class='ocr_carea' id='block_1_3' title="bbox 825 156 1463 190">
    <p class='ocr_par' dir='ltr' id='par_1_6' title="bbox 825 156 1463 190">
     <span class='ocr_line' id='line_1_45' title="bbox 825 156 1463 190; baseline -0.002 0"><span class='ocrx_word' id='word_1_309' title='bbox 825 156 1041 190; x_wconf 74' lang='lat' dir='ltr'>POSTtLLA</span> <span class='ocrx_word' id='word_1_310' title='bbox 1069 156 1463 189; x_wconf 77' lang='lat' dir='ltr'><strong>MELANTHONIANA.</strong></span> 
     </span>
    </p>
   </div>
   <div class='ocr_carea' id='block_1_4' title="bbox 151 2081 1149 2122">
    <p class='ocr_par' dir='ltr' id='par_1_7' title="bbox 151 2081 1149 2122">
     <span class='ocr_line' id='line_1_46' title="bbox 151 2081 1149 2122; baseline 0.002 -10"><span class='ocrx_word' id='word_1_311' title='bbox 151 2082 227 2122; x_wconf 89' lang='lat' dir='ltr'>quia</span> <span class='ocrx_word' id='word_1_312' title='bbox 250 2091 349 2122; x_wconf 84' lang='lat' dir='ltr'>saepe</span> <span class='ocrx_word' id='word_1_313' title='bbox 373 2082 536 2122; x_wconf 82' lang='lat' dir='ltr'>principes</span> <span class='ocrx_word' id='word_1_314' title='bbox 571 2081 691 2112; x_wconf 88' lang='lat' dir='ltr'>habent</span> <span class='ocrx_word' id='word_1_315' title='bbox 714 2092 776 2114; x_wconf 85' lang='lat' dir='ltr'>sua</span> <span class='ocrx_word' id='word_1_316' title='bbox 797 2089 926 2121; x_wconf 78' lang='lat' dir='ltr'>errata,</span> <span class='ocrx_word' id='word_1_317' title='bbox 961 2091 989 2114; x_wconf 87' lang='lat' dir='ltr'>et</span> <span class='ocrx_word' id='word_1_318' title='bbox 1015 2084 1122 2114; x_wconf 86' lang='lat' dir='ltr'>tristia</span> <span class='ocrx_word' id='word_1_319' title='bbox 1147 2086 1149 2089; x_wconf 61' lang='lat'><em>⁴</em></span> 
     </span>
    </p>
   </div>
   <div class='ocr_carea' id='block_1_5' title="bbox 149 2123 1123 2672">
    <p class='ocr_par' dir='ltr' id='par_1_8' title="bbox 149 2123 1123 2672">
     <span class='ocr_line' id='line_1_47' title="bbox 150 2123 1122 2164; baseline 0.003 -10"><span class='ocrx_word' id='word_1_320' title='bbox 150 2123 285 2162; x_wconf 81' lang='lat' dir='ltr'>delicta,</span> <span class='ocrx_word' id='word_1_321' title='bbox 320 2124 531 2164; x_wconf 77' lang='lat' dir='ltr'>experiuntur</span> <span class='ocrx_word' id='word_1_322' title='bbox 565 2124 725 2155; x_wconf 88' lang='lat' dir='ltr'>interdum</span> <span class='ocrx_word' id='word_1_323' title='bbox 754 2135 895 2164; x_wconf 73' lang='lat' dir='ltr'>poenas,</span> <span class='ocrx_word' id='word_1_324' title='bbox 935 2132 968 2157; x_wconf 82' lang='lat' dir='ltr'>ut</span> <span class='ocrx_word' id='word_1_325' title='bbox 1001 2125 1122 2164; x_wconf 76' lang='lat' dir='ltr'>David,</span> 
     </span>
     <span class='ocr_line' id='line_1_48' title="bbox 150 2165 1122 2210; baseline 0.003 -13"><span class='ocrx_word' id='word_1_326' title='bbox 150 2166 265 2204; x_wconf 87' lang='lat' dir='ltr'>Iosias,</span> <span class='ocrx_word' id='word_1_327' title='bbox 287 2165 449 2198; x_wconf 79' lang='lat' dir='ltr'>Ezechias</span> <span class='ocrx_word' id='word_1_328' title='bbox 473 2165 607 2197; x_wconf 82' lang='lat' dir='ltr'>mulium</span> <span class='ocrx_word' id='word_1_329' title='bbox 638 2167 714 2197; x_wconf 90' lang='lat' dir='ltr'>boni</span> <span class='ocrx_word' id='word_1_330' title='bbox 737 2165 876 2205; x_wconf 79' lang='lat' dir='ltr'>faciunt,</span> <span class='ocrx_word' id='word_1_331' title='bbox 905 2169 963 2200; x_wconf 89' lang='lat' dir='ltr'>sed</span> <span class='ocrx_word' id='word_1_332' title='bbox 987 2171 1122 2210; x_wconf 87' lang='lat' dir='ltr'>puniun—</span> 
     </span>
     <span class='ocr_line' id='line_1_49' title="bbox 151 2208 1122 2253; baseline 0.003 -13"><span class='ocrx_word' id='word_1_333' title='bbox 151 2216 204 2240; x_wconf 81' lang='lat' dir='ltr'>tur</span> <span class='ocrx_word' id='word_1_334' title='bbox 232 2211 327 2240; x_wconf 90' lang='lat' dir='ltr'>etiam</span> <span class='ocrx_word' id='word_1_335' title='bbox 357 2216 491 2250; x_wconf 85' lang='lat' dir='ltr'>propter</span> <span class='ocrx_word' id='word_1_336' title='bbox 525 2208 641 2239; x_wconf 89' lang='lat' dir='ltr'>delicta</span> <span class='ocrx_word' id='word_1_337' title='bbox 677 2219 748 2240; x_wconf 80' lang='lat' dir='ltr'>sua.</span> <span class='ocrx_word' id='word_1_338' title='bbox 802 2210 895 2241; x_wconf 79' lang='lat' dir='ltr'>Felix</span> <span class='ocrx_word' id='word_1_339' title='bbox 929 2213 1122 2253; x_wconf 84' lang='lat' dir='ltr'>gubernatio</span> 
     </span>
     <span class='ocr_line' id='line_1_50' title="bbox 151 2251 1122 2293; baseline 0.001 -11"><span class='ocrx_word' id='word_1_340' title='bbox 151 2251 342 2293; x_wconf 85' lang='lat' dir='ltr'>simpliciter</span> <span class='ocrx_word' id='word_1_341' title='bbox 360 2259 409 2282; x_wconf 84' lang='lat' dir='ltr'>est</span> <span class='ocrx_word' id='word_1_342' title='bbox 432 2252 551 2282; x_wconf 90' lang='lat' dir='ltr'>donum</span> <span class='ocrx_word' id='word_1_343' title='bbox 571 2252 648 2287; x_wconf 83' lang='lat' dir='ltr'>Dei3</span> <span class='ocrx_word' id='word_1_344' title='bbox 671 2252 755 2283; x_wconf 86' lang='lat' dir='ltr'>sicut</span> <span class='ocrx_word' id='word_1_345' title='bbox 779 2253 895 2284; x_wconf 85' lang='lat' dir='ltr'>dicitur</span> <span class='ocrx_word' id='word_1_346' title='bbox 916 2255 947 2285; x_wconf 93' lang='lat' dir='ltr'>in</span> <span class='ocrx_word' id='word_1_347' title='bbox 973 2253 1122 2285; x_wconf 81' lang='lat' dir='ltr'>Psalmo:</span> 
     </span>
     <span class='ocr_line' id='line_1_51' title="bbox 151 2295 1123 2336; baseline 0.003 -10"><span class='ocrx_word' id='word_1_348' title='bbox 151 2295 217 2333; x_wconf 70' lang='lat' dir='ltr'>Qua·</span> <span class='ocrx_word' id='word_1_349' title='bbox 231 2297 287 2326; x_wconf 79' lang='lat' dir='ltr'>dat</span> <span class='ocrx_word' id='word_1_350' title='bbox 309 2297 444 2327; x_wconf 74' lang='lat' dir='ltr'>sulutem</span> <span class='ocrx_word' id='word_1_351' title='bbox 466 2296 607 2333; x_wconf 66' lang='lat' dir='ltr'>rvyz&#39;bm:</span> <span class='ocrx_word' id='word_1_352' title='bbox 642 2296 730 2327; x_wconf 73' lang='lat' dir='ltr'>Deus</span> <span class='ocrx_word' id='word_1_353' title='bbox 763 2299 926 2336; x_wconf 73' lang='lat' dir='ltr'>transfert</span> <span class='ocrx_word' id='word_1_354' title='bbox 950 2302 982 2328; x_wconf 84' lang='lat' dir='ltr'>et</span> <span class='ocrx_word' id='word_1_355' title='bbox 1002 2299 1123 2330; x_wconf 73' lang='lat' dir='ltr'>stabim</span> 
     </span>
     <span class='ocr_line' id='line_1_52' title="bbox 149 2347 662 2377; baseline 0 -8"><span class='ocrx_word' id='word_1_356' title='bbox 149 2347 259 2377; x_wconf 63' lang='lat' dir='ltr'>regna.</span> <span class='ocrx_word' id='word_1_357' title='bbox 660 2360 662 2362; x_wconf 94' lang='lat'>-</span> 
     </span>
     <span class='ocr_line' id='line_1_53' title="bbox 234 2379 1122 2423; baseline 0.005 -13"><span class='ocrx_word' id='word_1_358' title='bbox 234 2380 363 2411; x_wconf 86' lang='lat' dir='ltr'>Nomen</span> <span class='ocrx_word' id='word_1_359' title='bbox 400 2379 535 2421; x_wconf 83' lang='lat' dir='ltr'>Georgii</span> <span class='ocrx_word' id='word_1_360' title='bbox 576 2385 704 2421; x_wconf 85' lang='lat' dir='ltr'>gratum</span> <span class='ocrx_word' id='word_1_361' title='bbox 739 2387 791 2411; x_wconf 84' lang='lat' dir='ltr'>est</span> <span class='ocrx_word' id='word_1_362' title='bbox 823 2379 1006 2412; x_wconf 87' lang='lat' dir='ltr'>nobilibus:</span> <span class='ocrx_word' id='word_1_363' title='bbox 1047 2383 1122 2423; x_wconf 86' lang='lat' dir='ltr'>quia</span> 
     </span>
     <span class='ocr_line' id='line_1_54' title="bbox 150 2421 1122 2463; baseline 0.003 -11"><span class='ocrx_word' id='word_1_364' title='bbox 150 2421 245 2452; x_wconf 87' lang='lat' dir='ltr'>fuerit</span> <span class='ocrx_word' id='word_1_365' title='bbox 275 2433 387 2463; x_wconf 80' lang='lat' dir='ltr'>equeS.</span> <span class='ocrx_word' id='word_1_366' title='bbox 449 2422 593 2453; x_wconf 83' lang='lat' dir='ltr'>Comites</span> <span class='ocrx_word' id='word_1_367' title='bbox 628 2421 890 2454; x_wconf 76' lang='lat' dir='ltr'>Mansseldenses</span> <span class='ocrx_word' id='word_1_368' title='bbox 925 2425 956 2455; x_wconf 92' lang='lat' dir='ltr'>in</span> <span class='ocrx_word' id='word_1_369' title='bbox 990 2432 1122 2456; x_wconf 85' lang='lat' dir='ltr'>moneta</span> 
     </span>
     <span class='ocr_line' id='line_1_55' title="bbox 150 2464 1122 2507; baseline 0.003 -12"><span class='ocrx_word' id='word_1_370' title='bbox 150 2465 314 2496; x_wconf 78' lang='lat' dir='ltr'>excudunt</span> <span class='ocrx_word' id='word_1_371' title='bbox 348 2464 489 2506; x_wconf 81' lang='lat' dir='ltr'>effigiem</span> <span class='ocrx_word' id='word_1_372' title='bbox 525 2466 641 2506; x_wconf 78' lang='lat' dir='ltr'>equitis</span> <span class='ocrx_word' id='word_1_373' title='bbox 676 2464 820 2507; x_wconf 82' lang='lat' dir='ltr'>Georgii.</span> <span class='ocrx_word' id='word_1_374' title='bbox 883 2465 1122 2498; x_wconf 77' lang='lat' dir='ltr'>Maximilianus</span> 
     </span>
     <span class='ocr_line' id='line_1_56' title="bbox 149 2506 1121 2551; baseline 0.005 -15"><span class='ocrx_word' id='word_1_375' title='bbox 149 2508 271 2548; x_wconf 87' lang='lat' dir='ltr'>primus</span> <span class='ocrx_word' id='word_1_376' title='bbox 297 2506 412 2538; x_wconf 86' lang='lat' dir='ltr'>solitus</span> <span class='ocrx_word' id='word_1_377' title='bbox 435 2514 486 2538; x_wconf 82' lang='lat' dir='ltr'>est</span> <span class='ocrx_word' id='word_1_378' title='bbox 516 2515 629 2548; x_wconf 84' lang='lat' dir='ltr'>petere</span> <span class='ocrx_word' id='word_1_379' title='bbox 660 2508 821 2539; x_wconf 84' lang='lat' dir='ltr'>indusium</span> <span class='ocrx_word' id='word_1_380' title='bbox 844 2519 864 2539; x_wconf 87' lang='lat' dir='ltr'>a</span> <span class='ocrx_word' id='word_1_381' title='bbox 885 2508 1121 2551; x_wconf 81' lang='lat' dir='ltr'>Bambergensi</span> 
     </span>
     <span class='ocr_line' id='line_1_57' title="bbox 150 2548 1120 2592; baseline 0.005 -13"><span class='ocrx_word' id='word_1_382' title='bbox 150 2548 313 2590; x_wconf 74' lang='lat' dir='ltr'>Capitale.</span> <span class='ocrx_word' id='word_1_383' title='bbox 371 2550 499 2581; x_wconf 84' lang='lat' dir='ltr'>Habent</span> <span class='ocrx_word' id='word_1_384' title='bbox 531 2551 573 2581; x_wconf 90' lang='lat' dir='ltr'>ibi</span> <span class='ocrx_word' id='word_1_385' title='bbox 608 2557 859 2588; x_wconf 83' lang='lat' dir='ltr'>monumentum,</span> <span class='ocrx_word' id='word_1_386' title='bbox 888 2552 975 2592; x_wconf 88' lang='lat' dir='ltr'>qnod</span> <span class='ocrx_word' id='word_1_387' title='bbox 1010 2553 1120 2584; x_wconf 88' lang='lat' dir='ltr'>dicunt</span> 
     </span>
     <span class='ocr_line' id='line_1_58' title="bbox 149 2590 1120 2633; baseline 0.004 -11"><span class='ocrx_word' id='word_1_388' title='bbox 149 2590 253 2623; x_wconf 69' lang='lat' dir='ltr'>fuisse</span> <span class='ocrx_word' id='word_1_389' title='bbox 274 2593 435 2624; x_wconf 80' lang='lat' dir='ltr'>thoracem</span> <span class='ocrx_word' id='word_1_390' title='bbox 457 2594 523 2624; x_wconf 75' lang='lat' dir='ltr'>clivi</span> <span class='ocrx_word' id='word_1_391' title='bbox 549 2594 684 2632; x_wconf 69' lang='lat' dir='ltr'>Georyie&#39;,</span> <span class='ocrx_word' id='word_1_392' title='bbox 719 2593 812 2624; x_wconf 85' lang='lat' dir='ltr'>cuius</span> <span class='ocrx_word' id='word_1_393' title='bbox 847 2603 885 2625; x_wconf 88' lang='lat' dir='ltr'>ea</span> <span class='ocrx_word' id='word_1_394' title='bbox 908 2595 958 2625; x_wconf 78' lang='lat' dir='ltr'>vis</span> <span class='ocrx_word' id='word_1_395' title='bbox 981 2595 1041 2633; x_wconf 87' lang='lat' dir='ltr'>sit,</span> <span class='ocrx_word' id='word_1_396' title='bbox 1074 2602 1120 2633; x_wconf 87' lang='lat' dir='ltr'>ut,</span> 
     </span>
     <span class='ocr_line' id='line_1_59' title="bbox 303 2649 712 2672; baseline 0.005 -3"><span class='ocrx_word' id='word_1_397' title='bbox 303 2649 447 2670; x_wconf 53' lang='lat' dir='ltr'>EFJANTH.</span> <span class='ocrx_word' id='word_1_398' title='bbox 462 2651 543 2672; x_wconf 72' lang='lat' dir='ltr'>OFEH.</span> <span class='ocrx_word' id='word_1_399' title='bbox 559 2652 619 2671; x_wconf 52' lang='lat'>5⁹01..</span> <span class='ocrx_word' id='word_1_400' title='bbox 637 2652 712 2671; x_wconf 66' lang='lat' dir='ltr'>XMV.</span> 
     </span>
    </p>
   </div>
   <div class='ocr_carea' id='block_1_6' title="bbox 1143 2215 1151 2619">
    <p class='ocr_par' dir='ltr' id='par_1_9' title="bbox 1143 2215 1151 2619">
     <span class='ocr_line' id='line_1_60' title="bbox 1143 2215 1151 2619; textangle 90"><span class='ocrx_word' id='word_1_401' title='bbox 1143 2215 1151 2619; x_wconf 66' lang='lat'><em>——-———-.-</em></span> 
     </span>
    </p>
   </div>
   <div class='ocr_carea' id='block_1_7' title="bbox 2079 158 2142 190">
    <p class='ocr_par' dir='ltr' id='par_1_10' title="bbox 2079 158 2142 190">
     <span class='ocr_line' id='line_1_61' title="bbox 2079 158 2142 190; baseline 0.016 -1"><span class='ocrx_word' id='word_1_402' title='bbox 2079 158 2142 190; x_wconf 78' lang='lat'>786</span> 
     </span>
    </p>
   </div>
   <div class='ocr_carea' id='block_1_8' title="bbox 1170 250 2147 2678">
    <p class='ocr_par' dir='ltr' id='par_1_11' title="bbox 1171 250 2143 334">
     <span class='ocr_line' id='line_1_62' title="bbox 1171 250 2143 293; baseline 0.002 -12"><span class='ocrx_word' id='word_1_403' title='bbox 1171 251 1225 292; x_wconf 84' lang='lat' dir='ltr'>qui</span> <span class='ocrx_word' id='word_1_404' title='bbox 1249 261 1288 281; x_wconf 91' lang='lat' dir='ltr'>eo</span> <span class='ocrx_word' id='word_1_405' title='bbox 1312 250 1356 281; x_wconf 87' lang='lat' dir='ltr'>sit</span> <span class='ocrx_word' id='word_1_406' title='bbox 1384 250 1536 288; x_wconf 74' lang='lat' dir='ltr'>indutus,</span> <span class='ocrx_word' id='word_1_407' title='bbox 1570 261 1633 282; x_wconf 89' lang='lat' dir='ltr'>non</span> <span class='ocrx_word' id='word_1_408' title='bbox 1657 252 1762 292; x_wconf 88' lang='lat' dir='ltr'>possit</span> <span class='ocrx_word' id='word_1_409' title='bbox 1785 250 1966 289; x_wconf 82' lang='lat' dir='ltr'>vulnerari,</span> <span class='ocrx_word' id='word_1_410' title='bbox 1999 258 2054 283; x_wconf 83' lang='lat' dir='ltr'>aut</span> <span class='ocrx_word' id='word_1_411' title='bbox 2078 253 2143 293; x_wconf 86' lang='lat' dir='ltr'>peti</span> 
     </span>
     <span class='ocr_line' id='line_1_63' title="bbox 1171 291 1588 334; baseline -0.002 -9"><span class='ocrx_word' id='word_1_412' title='bbox 1171 295 1237 325; x_wconf 84' lang='lat' dir='ltr'>ictu</span> <span class='ocrx_word' id='word_1_413' title='bbox 1255 291 1358 334; x_wconf 85' lang='lat' dir='ltr'>globi,</span> <span class='ocrx_word' id='word_1_414' title='bbox 1381 291 1434 323; x_wconf 90' lang='lat' dir='ltr'>vel</span> <span class='ocrx_word' id='word_1_415' title='bbox 1458 293 1588 334; x_wconf 78' lang='lat' dir='ltr'>sagitta.</span> 
     </span>
    </p>

    <p class='ocr_par' dir='ltr' id='par_1_12' title="bbox 1170 334 2144 665">
     <span class='ocr_line' id='line_1_64' title="bbox 1256 334 2142 376; baseline 0.002 -10"><span class='ocrx_word' id='word_1_416' title='bbox 1256 334 1354 366; x_wconf 88' lang='lat' dir='ltr'>Tales</span> <span class='ocrx_word' id='word_1_417' title='bbox 1370 335 1510 376; x_wconf 83' lang='lat' dir='ltr'>ineptiae</span> <span class='ocrx_word' id='word_1_418' title='bbox 1529 342 1558 366; x_wconf 83' lang='lat' dir='ltr'>et</span> <span class='ocrx_word' id='word_1_419' title='bbox 1580 337 1829 375; x_wconf 72' lang='lat' dir='ltr'>superstitiones</span> <span class='ocrx_word' id='word_1_420' title='bbox 1849 337 2020 368; x_wconf 77' lang='lat' dir='ltr'>accedunt.</span> <span class='ocrx_word' id='word_1_421' title='bbox 2054 336 2142 368; x_wconf 82' lang='lat' dir='ltr'>Man-</span> 
     </span>
     <span class='ocr_line' id='line_1_65' title="bbox 1170 378 2144 419; baseline 0.001 -9"><span class='ocrx_word' id='word_1_422' title='bbox 1170 384 1290 410; x_wconf 88' lang='lat' dir='ltr'>tuanus</span> <span class='ocrx_word' id='word_1_423' title='bbox 1322 378 1442 419; x_wconf 87' lang='lat' dir='ltr'>inquit:</span> <span class='ocrx_word' id='word_1_424' title='bbox 1478 379 1519 409; x_wconf 69' lang='lat' dir='ltr'>Ut</span> <span class='ocrx_word' id='word_1_425' title='bbox 1549 379 1635 409; x_wconf 75' lang='lat' dir='ltr'>Lata·</span> <span class='ocrx_word' id='word_1_426' title='bbox 1665 381 1810 418; x_wconf 82' lang='lat' dir='ltr'>Martem,</span> <span class='ocrx_word' id='word_1_427' title='bbox 1843 383 1890 410; x_wconf 70' lang='lat' dir='ltr'>sic</span> <span class='ocrx_word' id='word_1_428' title='bbox 1921 389 1979 411; x_wconf 80' lang='lat' dir='ltr'>nos</span> <span class='ocrx_word' id='word_1_429' title='bbox 2012 384 2041 411; x_wconf 85' lang='lat' dir='ltr'>te</span> <span class='ocrx_word' id='word_1_430' title='bbox 2063 380 2144 411; x_wconf 64' lang='lat' dir='ltr'>Dite</span> 
     </span>
     <span class='ocr_line' id='line_1_66' title="bbox 1174 419 2142 460; baseline 0.001 -8"><span class='ocrx_word' id='word_1_431' title='bbox 1174 422 1294 460; x_wconf 68' lang='lat' dir='ltr'>Georqi,</span> <span class='ocrx_word' id='word_1_432' title='bbox 1317 422 1409 452; x_wconf 78' lang='lat' dir='ltr'>Nunc</span> <span class='ocrx_word' id='word_1_433' title='bbox 1429 421 1563 451; x_wconf 72' lang='lat' dir='ltr'>colimus.</span> <span class='ocrx_word' id='word_1_434' title='bbox 1620 419 1775 451; x_wconf 85' lang='lat' dir='ltr'>Poemata</span> <span class='ocrx_word' id='word_1_435' title='bbox 1808 428 1883 452; x_wconf 85' lang='lat' dir='ltr'>sunt</span> <span class='ocrx_word' id='word_1_436' title='bbox 1918 431 2081 453; x_wconf 84' lang='lat' dir='ltr'>conversa</span> <span class='ocrx_word' id='word_1_437' title='bbox 2110 423 2142 453; x_wconf 90' lang='lat' dir='ltr'>in</span> 
     </span>
     <span class='ocr_line' id='line_1_67' title="bbox 1171 462 2144 503; baseline 0.002 -9"><span class='ocrx_word' id='word_1_438' title='bbox 1171 463 1376 494; x_wconf 83' lang='lat' dir='ltr'>idololatrias</span> <span class='ocrx_word' id='word_1_439' title='bbox 1412 468 1442 493; x_wconf 89' lang='lat' dir='ltr'>et</span> <span class='ocrx_word' id='word_1_440' title='bbox 1476 463 1593 503; x_wconf 86' lang='lat' dir='ltr'>impios</span> <span class='ocrx_word' id='word_1_441' title='bbox 1628 462 1749 494; x_wconf 86' lang='lat' dir='ltr'>cultus:</span> <span class='ocrx_word' id='word_1_442' title='bbox 1783 463 1875 497; x_wconf 87' lang='lat' dir='ltr'>Quod</span> <span class='ocrx_word' id='word_1_443' title='bbox 1907 463 1983 495; x_wconf 87' lang='lat' dir='ltr'>olim</span> <span class='ocrx_word' id='word_1_444' title='bbox 2025 465 2144 496; x_wconf 80' lang='lat' dir='ltr'>accidit</span> 
     </span>
     <span class='ocr_line' id='line_1_68' title="bbox 1172 504 2143 546; baseline 0.002 -10"><span class='ocrx_word' id='word_1_445' title='bbox 1172 507 1267 537; x_wconf 87' lang='lat' dir='ltr'>etiam</span> <span class='ocrx_word' id='word_1_446' title='bbox 1297 506 1383 546; x_wconf 88' lang='lat' dir='ltr'>apud</span> <span class='ocrx_word' id='word_1_447' title='bbox 1417 504 1589 536; x_wconf 87' lang='lat' dir='ltr'>Ethnicos:</span> <span class='ocrx_word' id='word_1_448' title='bbox 1630 505 1712 540; x_wconf 86' lang='lat' dir='ltr'>Quia</span> <span class='ocrx_word' id='word_1_449' title='bbox 1747 511 1861 536; x_wconf 83' lang='lat' dir='ltr'>natura</span> <span class='ocrx_word' id='word_1_450' title='bbox 1896 506 2058 537; x_wconf 85' lang='lat' dir='ltr'>hominum</span> <span class='ocrx_word' id='word_1_451' title='bbox 2093 513 2143 538; x_wconf 83' lang='lat' dir='ltr'>est</span> 
     </span>
     <span class='ocr_line' id='line_1_69' title="bbox 1172 546 2143 587; baseline 0 -7"><span class='ocrx_word' id='word_1_452' title='bbox 1172 558 1280 580; x_wconf 84' lang='lat' dir='ltr'>mersa</span> <span class='ocrx_word' id='word_1_453' title='bbox 1314 549 1346 578; x_wconf 89' lang='lat' dir='ltr'>in</span> <span class='ocrx_word' id='word_1_454' title='bbox 1375 549 1547 585; x_wconf 76' lang='lat' dir='ltr'>tenebras,</span> <span class='ocrx_word' id='word_1_455' title='bbox 1582 554 1612 578; x_wconf 90' lang='lat' dir='ltr'>et</span> <span class='ocrx_word' id='word_1_456' title='bbox 1643 546 1740 579; x_wconf 89' lang='lat' dir='ltr'>facile</span> <span class='ocrx_word' id='word_1_457' title='bbox 1775 547 1883 579; x_wconf 81' lang='lat' dir='ltr'>deficit</span> <span class='ocrx_word' id='word_1_458' title='bbox 1905 559 1925 578; x_wconf 86' lang='lat' dir='ltr'>a</span> <span class='ocrx_word' id='word_1_459' title='bbox 1958 559 2034 580; x_wconf 60' lang='lat' dir='ltr'>xero</span> <span class='ocrx_word' id='word_1_460' title='bbox 2058 548 2143 587; x_wconf 88' lang='lat' dir='ltr'>Deo,</span> 
     </span>
     <span class='ocr_line' id='line_1_70' title="bbox 1172 590 2143 632; baseline 0 -10"><span class='ocrx_word' id='word_1_461' title='bbox 1172 598 1205 622; x_wconf 85' lang='lat' dir='ltr'>et</span> <span class='ocrx_word' id='word_1_462' title='bbox 1240 591 1369 632; x_wconf 81' lang='lat' dir='ltr'>quaerit</span> <span class='ocrx_word' id='word_1_463' title='bbox 1406 591 1633 622; x_wconf 86' lang='lat' dir='ltr'>commenticia</span> <span class='ocrx_word' id='word_1_464' title='bbox 1679 591 1819 621; x_wconf 87' lang='lat' dir='ltr'>numina.</span> <span class='ocrx_word' id='word_1_465' title='bbox 1886 590 1933 621; x_wconf 81' lang='lat' dir='ltr'>lta</span> <span class='ocrx_word' id='word_1_466' title='bbox 1968 590 2143 623; x_wconf 81' lang='lat' dir='ltr'>Herculem</span> 
     </span>
     <span class='ocr_line' id='line_1_71' title="bbox 1172 632 1514 665; baseline -0.006 0"><span class='ocrx_word' id='word_1_467' title='bbox 1172 634 1351 665; x_wconf 85' lang='lat' dir='ltr'>adorarunt</span> <span class='ocrx_word' id='word_1_468' title='bbox 1373 632 1514 663; x_wconf 81' lang='lat' dir='ltr'>Etlinici.</span> 
     </span>
    </p>

    <p class='ocr_par' dir='ltr' id='par_1_13' title="bbox 1173 673 2147 1442">
     <span class='ocr_line' id='line_1_72' title="bbox 1258 673 2144 717; baseline 0.001 -10"><span class='ocrx_word' id='word_1_469' title='bbox 1258 676 1389 707; x_wconf 84' lang='lat' dir='ltr'>Memini</span> <span class='ocrx_word' id='word_1_470' title='bbox 1413 677 1506 706; x_wconf 79' lang='lat' dir='ltr'>nobis</span> <span class='ocrx_word' id='word_1_471' title='bbox 1531 676 1653 717; x_wconf 82' lang='lat' dir='ltr'>pueris,</span> <span class='ocrx_word' id='word_1_472' title='bbox 1677 685 1772 716; x_wconf 88' lang='lat' dir='ltr'>quam</span> <span class='ocrx_word' id='word_1_473' title='bbox 1796 673 1890 706; x_wconf 85' lang='lat' dir='ltr'>dulce</span> <span class='ocrx_word' id='word_1_474' title='bbox 1912 675 2008 706; x_wconf 80' lang='lat' dir='ltr'>suerit</span> <span class='ocrx_word' id='word_1_475' title='bbox 2033 675 2144 717; x_wconf 73' lang='lat' dir='ltr'>legere</span> 
     </span>
     <span class='ocr_line' id='line_1_73' title="bbox 1173 717 2143 760; baseline 0 -10"><span class='ocrx_word' id='word_1_476' title='bbox 1173 720 1254 750; x_wconf 86' lang='lat' dir='ltr'>istas</span> <span class='ocrx_word' id='word_1_477' title='bbox 1278 717 1436 756; x_wconf 78' lang='lat' dir='ltr'>fabellas,</span> <span class='ocrx_word' id='word_1_478' title='bbox 1469 728 1553 760; x_wconf 88' lang='lat' dir='ltr'>quae</span> <span class='ocrx_word' id='word_1_479' title='bbox 1583 725 1659 749; x_wconf 92' lang='lat' dir='ltr'>sunt</span> <span class='ocrx_word' id='word_1_480' title='bbox 1693 720 1725 748; x_wconf 89' lang='lat' dir='ltr'>in</span> <span class='ocrx_word' id='word_1_481' title='bbox 1755 717 1921 760; x_wconf 83' lang='lat' dir='ltr'>Legendis</span> <span class='ocrx_word' id='word_1_482' title='bbox 1945 725 2143 750; x_wconf 82' lang='lat' dir='ltr'>sanctorum.</span> 
     </span>
     <span class='ocr_line' id='line_1_74' title="bbox 1174 759 2144 801; baseline -0.001 -9"><span class='ocrx_word' id='word_1_483' title='bbox 1174 762 1405 792; x_wconf 88' lang='lat' dir='ltr'>Recitabantur</span> <span class='ocrx_word' id='word_1_484' title='bbox 1438 759 1512 792; x_wconf 80' lang='lat' dir='ltr'>illae</span> <span class='ocrx_word' id='word_1_485' title='bbox 1545 771 1565 792; x_wconf 84' lang='lat' dir='ltr'>a</span> <span class='ocrx_word' id='word_1_486' title='bbox 1599 761 1887 792; x_wconf 82' lang='lat' dir='ltr'>concionatoribus</span> <span class='ocrx_word' id='word_1_487' title='bbox 1926 761 1956 791; x_wconf 90' lang='lat' dir='ltr'>in</span> <span class='ocrx_word' id='word_1_488' title='bbox 1998 760 2144 801; x_wconf 84' lang='lat' dir='ltr'>templis:</span> 
     </span>
     <span class='ocr_line' id='line_1_75' title="bbox 1174 803 2144 845; baseline -0.002 -10"><span class='ocrx_word' id='word_1_489' title='bbox 1174 811 1204 835; x_wconf 85' lang='lat' dir='ltr'>et</span> <span class='ocrx_word' id='word_1_490' title='bbox 1228 814 1287 835; x_wconf 83' lang='lat' dir='ltr'>nos</span> <span class='ocrx_word' id='word_1_491' title='bbox 1312 805 1420 845; x_wconf 89' lang='lat' dir='ltr'>pueri,</span> <span class='ocrx_word' id='word_1_492' title='bbox 1445 804 1576 845; x_wconf 90' lang='lat' dir='ltr'>quando</span> <span class='ocrx_word' id='word_1_493' title='bbox 1605 803 1808 834; x_wconf 84' lang='lat' dir='ltr'>imitabamur</span> <span class='ocrx_word' id='word_1_494' title='bbox 1838 804 1923 834; x_wconf 88' lang='lat' dir='ltr'>domi</span> <span class='ocrx_word' id='word_1_495' title='bbox 1953 804 2144 842; x_wconf 81' lang='lat' dir='ltr'>conciones,</span> 
     </span>
     <span class='ocr_line' id='line_1_76' title="bbox 1173 845 2146 887; baseline -0.001 -9"><span class='ocrx_word' id='word_1_496' title='bbox 1173 848 1392 878; x_wconf 86' lang='lat' dir='ltr'>recitabamus</span> <span class='ocrx_word' id='word_1_497' title='bbox 1422 845 1497 877; x_wconf 89' lang='lat' dir='ltr'>illas</span> <span class='ocrx_word' id='word_1_498' title='bbox 1537 845 1679 877; x_wconf 84' lang='lat' dir='ltr'>fabellas</span> <span class='ocrx_word' id='word_1_499' title='bbox 1721 847 1805 877; x_wconf 87' lang='lat' dir='ltr'>inter</span> <span class='ocrx_word' id='word_1_500' title='bbox 1842 856 1979 887; x_wconf 88' lang='lat' dir='ltr'>pueros:</span> <span class='ocrx_word' id='word_1_501' title='bbox 2023 845 2146 877; x_wconf 80' lang='lat' dir='ltr'>Postea</span> 
     </span>
     <span class='ocr_line' id='line_1_77' title="bbox 1174 887 2144 929; baseline -0.001 -9"><span class='ocrx_word' id='word_1_502' title='bbox 1174 890 1354 920; x_wconf 83' lang='lat' dir='ltr'>accedebat</span> <span class='ocrx_word' id='word_1_503' title='bbox 1378 895 1482 920; x_wconf 85' lang='lat' dir='ltr'>mater</span> <span class='ocrx_word' id='word_1_504' title='bbox 1504 895 1535 919; x_wconf 84' lang='lat' dir='ltr'>et</span> <span class='ocrx_word' id='word_1_505' title='bbox 1559 887 1711 926; x_wconf 68' lang='lat' dir='ltr'>famulae,</span> <span class='ocrx_word' id='word_1_506' title='bbox 1747 896 1778 919; x_wconf 89' lang='lat' dir='ltr'>et</span> <span class='ocrx_word' id='word_1_507' title='bbox 1812 888 1993 920; x_wconf 83' lang='lat' dir='ltr'>afferebant</span> <span class='ocrx_word' id='word_1_508' title='bbox 2024 887 2144 929; x_wconf 88' lang='lat' dir='ltr'>aliquid</span> 
     </span>
     <span class='ocr_line' id='line_1_78' title="bbox 1174 930 2144 972; baseline -0.001 -9"><span class='ocrx_word' id='word_1_509' title='bbox 1174 933 1216 963; x_wconf 86' lang='lat' dir='ltr'>ad</span> <span class='ocrx_word' id='word_1_510' title='bbox 1235 930 1338 962; x_wconf 87' lang='lat' dir='ltr'>altare</span> <span class='ocrx_word' id='word_1_511' title='bbox 1362 938 1521 969; x_wconf 87' lang='lat' dir='ltr'>nostrum,</span> <span class='ocrx_word' id='word_1_512' title='bbox 1545 932 1629 962; x_wconf 85' lang='lat' dir='ltr'>sicut</span> <span class='ocrx_word' id='word_1_513' title='bbox 1660 930 1755 962; x_wconf 84' lang='lat' dir='ltr'>fiebat</span> <span class='ocrx_word' id='word_1_514' title='bbox 1784 932 1816 962; x_wconf 89' lang='lat' dir='ltr'>in</span> <span class='ocrx_word' id='word_1_515' title='bbox 1847 930 1986 972; x_wconf 86' lang='lat' dir='ltr'>templis.</span> <span class='ocrx_word' id='word_1_516' title='bbox 2032 931 2066 963; x_wconf 81' lang='lat' dir='ltr'>Si</span> <span class='ocrx_word' id='word_1_517' title='bbox 2090 931 2144 962; x_wconf 87' lang='lat' dir='ltr'>ha-</span> 
     </span>
     <span class='ocr_line' id='line_1_79' title="bbox 1175 972 2144 1011; baseline -0.001 -6"><span class='ocrx_word' id='word_1_518' title='bbox 1175 975 1360 1005; x_wconf 78' lang='lat' dir='ltr'>buissemus</span> <span class='ocrx_word' id='word_1_519' title='bbox 1384 981 1451 1005; x_wconf 91' lang='lat' dir='ltr'>tum</span> <span class='ocrx_word' id='word_1_520' title='bbox 1474 974 1656 1005; x_wconf 80' lang='lat' dir='ltr'>doctrinam</span> <span class='ocrx_word' id='word_1_521' title='bbox 1679 972 1856 1011; x_wconf 89' lang='lat' dir='ltr'>meliorem,</span> <span class='ocrx_word' id='word_1_522' title='bbox 1887 973 2006 1005; x_wconf 79' lang='lat' dir='ltr'>fuisset</span> <span class='ocrx_word' id='word_1_523' title='bbox 2026 972 2144 1005; x_wconf 71' lang='lat' dir='ltr'>utilius.</span> 
     </span>
     <span class='ocr_line' id='line_1_80' title="bbox 1175 1015 2146 1057; baseline 0 -10"><span class='ocrx_word' id='word_1_524' title='bbox 1175 1016 1241 1048; x_wconf 80' lang='lat' dir='ltr'>Sed</span> <span class='ocrx_word' id='word_1_525' title='bbox 1265 1023 1372 1047; x_wconf 88' lang='lat' dir='ltr'>tamen</span> <span class='ocrx_word' id='word_1_526' title='bbox 1395 1027 1473 1056; x_wconf 88' lang='lat' dir='ltr'>pars</span> <span class='ocrx_word' id='word_1_527' title='bbox 1496 1015 1689 1057; x_wconf 86' lang='lat' dir='ltr'>disciplinae</span> <span class='ocrx_word' id='word_1_528' title='bbox 1703 1017 1902 1047; x_wconf 84' lang='lat' dir='ltr'>domesticae</span> <span class='ocrx_word' id='word_1_529' title='bbox 1919 1022 2002 1054; x_wconf 83' lang='lat' dir='ltr'>erat,</span> <span class='ocrx_word' id='word_1_530' title='bbox 2024 1026 2146 1057; x_wconf 88' lang='lat' dir='ltr'>pueros</span> 
     </span>
     <span class='ocr_line' id='line_1_81' title="bbox 1175 1058 2145 1100; baseline -0.001 -10"><span class='ocrx_word' id='word_1_531' title='bbox 1175 1060 1330 1100; x_wconf 85' lang='lat' dir='ltr'>occupari</span> <span class='ocrx_word' id='word_1_532' title='bbox 1354 1058 1473 1090; x_wconf 82' lang='lat' dir='ltr'>talibus</span> <span class='ocrx_word' id='word_1_533' title='bbox 1497 1061 1596 1090; x_wconf 82' lang='lat' dir='ltr'>rebus</span> <span class='ocrx_word' id='word_1_534' title='bbox 1620 1060 1746 1100; x_wconf 86' lang='lat' dir='ltr'>potius,</span> <span class='ocrx_word' id='word_1_535' title='bbox 1780 1069 1875 1100; x_wconf 89' lang='lat' dir='ltr'>quam</span> <span class='ocrx_word' id='word_1_536' title='bbox 1901 1059 2145 1089; x_wconf 70' lang='lat' dir='ltr'>‹liscui-sationi-</span> 
     </span>
     <span class='ocr_line' id='line_1_82' title="bbox 1174 1099 2147 1142; baseline 0 -10"><span class='ocrx_word' id='word_1_537' title='bbox 1174 1102 1236 1132; x_wconf 81' lang='lat' dir='ltr'>bus</span> <span class='ocrx_word' id='word_1_538' title='bbox 1260 1102 1290 1132; x_wconf 90' lang='lat' dir='ltr'>in</span> <span class='ocrx_word' id='word_1_539' title='bbox 1314 1099 1443 1141; x_wconf 75' lang='lat' dir='ltr'>plateis,</span> <span class='ocrx_word' id='word_1_540' title='bbox 1477 1109 1530 1132; x_wconf 88' lang='lat' dir='ltr'>aut</span> <span class='ocrx_word' id='word_1_541' title='bbox 1564 1100 1764 1133; x_wconf 84' lang='lat' dir='ltr'>clamoribus</span> <span class='ocrx_word' id='word_1_542' title='bbox 1797 1102 1996 1142; x_wconf 82' lang='lat' dir='ltr'>agrestibus.</span> <span class='ocrx_word' id='word_1_543' title='bbox 2041 1101 2147 1140; x_wconf 90' lang='lat' dir='ltr'>Nunc,</span> 
     </span>
     <span class='ocr_line' id='line_1_83' title="bbox 1175 1143 2146 1182; baseline 0 -8"><span class='ocrx_word' id='word_1_544' title='bbox 1175 1154 1268 1182; x_wconf 88' lang='lat' dir='ltr'>cum,</span> <span class='ocrx_word' id='word_1_545' title='bbox 1303 1143 1365 1175; x_wconf 87' lang='lat' dir='ltr'>Dei</span> <span class='ocrx_word' id='word_1_546' title='bbox 1399 1144 1578 1181; x_wconf 79' lang='lat' dir='ltr'>beneficio,</span> <span class='ocrx_word' id='word_1_547' title='bbox 1613 1150 1719 1174; x_wconf 73' lang='lat' dir='ltr'>exstat</span> <span class='ocrx_word' id='word_1_548' title='bbox 1755 1145 1905 1175; x_wconf 85' lang='lat' dir='ltr'>doctrina</span> <span class='ocrx_word' id='word_1_549' title='bbox 1945 1144 2146 1182; x_wconf 79' lang='lat' dir='ltr'>necessaria,</span> 
     </span>
     <span class='ocr_line' id='line_1_84' title="bbox 1174 1185 2145 1228; baseline 0.001 -11"><span class='ocrx_word' id='word_1_550' title='bbox 1174 1197 1269 1217; x_wconf 88' lang='lat' dir='ltr'>nemo</span> <span class='ocrx_word' id='word_1_551' title='bbox 1292 1193 1361 1224; x_wconf 88' lang='lat' dir='ltr'>est,</span> <span class='ocrx_word' id='word_1_552' title='bbox 1397 1188 1449 1228; x_wconf 79' lang='lat' dir='ltr'>qui</span> <span class='ocrx_word' id='word_1_553' title='bbox 1484 1193 1575 1217; x_wconf 89' lang='lat' dir='ltr'>curet</span> <span class='ocrx_word' id='word_1_554' title='bbox 1609 1186 1829 1227; x_wconf 82' lang='lat' dir='ltr'>disciplinam:</span> <span class='ocrx_word' id='word_1_555' title='bbox 1865 1186 1903 1217; x_wconf 85' lang='lat' dir='ltr'>Et</span> <span class='ocrx_word' id='word_1_556' title='bbox 1933 1185 2023 1217; x_wconf 78' lang='lat' dir='ltr'>inulti</span> <span class='ocrx_word' id='word_1_557' title='bbox 2045 1188 2145 1218; x_wconf 84' lang='lat' dir='ltr'>nonii-</span> 
     </span>
     <span class='ocr_line' id='line_1_85' title="bbox 1174 1227 2146 1270; baseline 0 -10"><span class='ocrx_word' id='word_1_558' title='bbox 1174 1236 1253 1260; x_wconf 87' lang='lat' dir='ltr'>nant</span> <span class='ocrx_word' id='word_1_559' title='bbox 1275 1227 1459 1266; x_wconf 88' lang='lat' dir='ltr'>stultitiam,</span> <span class='ocrx_word' id='word_1_560' title='bbox 1482 1230 1509 1260; x_wconf 87' lang='lat' dir='ltr'>si</span> <span class='ocrx_word' id='word_1_561' title='bbox 1532 1230 1624 1270; x_wconf 77' lang='lat' dir='ltr'>puem&#39;</span> <span class='ocrx_word' id='word_1_562' title='bbox 1648 1229 1827 1261; x_wconf 84' lang='lat' dir='ltr'>assuefiant</span> <span class='ocrx_word' id='word_1_563' title='bbox 1852 1230 1892 1259; x_wconf 86' lang='lat' dir='ltr'>ad</span> <span class='ocrx_word' id='word_1_564' title='bbox 1923 1230 2078 1260; x_wconf 73' lang='lat' dir='ltr'>exercitia</span> <span class='ocrx_word' id='word_1_565' title='bbox 2101 1231 2146 1261; x_wconf 87' lang='lat' dir='ltr'>di-</span> 
     </span>
     <span class='ocr_line' id='line_1_86' title="bbox 1175 1271 2147 1313; baseline 0.002 -11"><span class='ocrx_word' id='word_1_566' title='bbox 1175 1271 1334 1313; x_wconf 86' lang='lat' dir='ltr'>sciplinae</span> <span class='ocrx_word' id='word_1_567' title='bbox 1365 1272 1574 1303; x_wconf 80' lang='lat' dir='ltr'>domesticae.</span> <span class='ocrx_word' id='word_1_568' title='bbox 1640 1273 1695 1304; x_wconf 67' lang='lat' dir='ltr'>Nie</span> <span class='ocrx_word' id='word_1_569' title='bbox 1727 1275 1873 1304; x_wconf 70' lang='lat' dir='ltr'>heis-sens</span> <span class='ocrx_word' id='word_1_570' title='bbox 1907 1274 2147 1310; x_wconf 59' lang='lat' dir='ltr'>ui&#39;trrenwerclr,</span> 
     </span>
     <span class='ocr_line' id='line_1_87' title="bbox 1174 1314 2145 1356; baseline 0 -10"><span class='ocrx_word' id='word_1_571' title='bbox 1174 1316 1242 1346; x_wconf 82' lang='lat' dir='ltr'>und</span> <span class='ocrx_word' id='word_1_572' title='bbox 1272 1316 1348 1346; x_wconf 73' lang='lat' dir='ltr'>sind</span> <span class='ocrx_word' id='word_1_573' title='bbox 1378 1316 1476 1346; x_wconf 75' lang='lat' dir='ltr'>selbst</span> <span class='ocrx_word' id='word_1_574' title='bbox 1506 1325 1635 1346; x_wconf 83' lang='lat' dir='ltr'>narren.</span> <span class='ocrx_word' id='word_1_575' title='bbox 1701 1315 1847 1346; x_wconf 89' lang='lat' dir='ltr'>Produnt</span> <span class='ocrx_word' id='word_1_576' title='bbox 1881 1315 1942 1356; x_wconf 90' lang='lat' dir='ltr'>ipsi</span> <span class='ocrx_word' id='word_1_577' title='bbox 1976 1314 2145 1346; x_wconf 83' lang='lat' dir='ltr'>stultitiam</span> 
     </span>
     <span class='ocr_line' id='line_1_88' title="bbox 1176 1356 2146 1399; baseline 0 -11"><span class='ocrx_word' id='word_1_578' title='bbox 1176 1368 1285 1395; x_wconf 90' lang='lat' dir='ltr'>suam,</span> <span class='ocrx_word' id='word_1_579' title='bbox 1317 1364 1351 1387; x_wconf 90' lang='lat' dir='ltr'>ut</span> <span class='ocrx_word' id='word_1_580' title='bbox 1375 1367 1475 1398; x_wconf 87' lang='lat' dir='ltr'>saepe</span> <span class='ocrx_word' id='word_1_581' title='bbox 1497 1356 1632 1388; x_wconf 83' lang='lat' dir='ltr'>stultum</span> <span class='ocrx_word' id='word_1_582' title='bbox 1656 1356 1773 1399; x_wconf 88' lang='lat' dir='ltr'>aliquis</span> <span class='ocrx_word' id='word_1_583' title='bbox 1797 1363 1893 1388; x_wconf 80' lang='lat' dir='ltr'>vocat</span> <span class='ocrx_word' id='word_1_584' title='bbox 1922 1356 2037 1395; x_wconf 88' lang='lat' dir='ltr'>alium,</span> <span class='ocrx_word' id='word_1_585' title='bbox 2073 1368 2146 1389; x_wconf 90' lang='lat' dir='ltr'>cum</span> 
     </span>
     <span class='ocr_line' id='line_1_89' title="bbox 1174 1398 1835 1442; baseline 0 -11"><span class='ocrx_word' id='word_1_586' title='bbox 1174 1401 1246 1441; x_wconf 88' lang='lat' dir='ltr'>ipse</span> <span class='ocrx_word' id='word_1_587' title='bbox 1269 1398 1370 1431; x_wconf 88' lang='lat' dir='ltr'>multo</span> <span class='ocrx_word' id='word_1_588' title='bbox 1394 1401 1434 1430; x_wconf 90' lang='lat' dir='ltr'>sit</span> <span class='ocrx_word' id='word_1_589' title='bbox 1458 1401 1587 1442; x_wconf 78' lang='lat' dir='ltr'>dignior</span> <span class='ocrx_word' id='word_1_590' title='bbox 1609 1400 1672 1431; x_wconf 90' lang='lat' dir='ltr'>hoc</span> <span class='ocrx_word' id='word_1_591' title='bbox 1696 1401 1835 1431; x_wconf 89' lang='lat' dir='ltr'>nomine.</span> 
     </span>
    </p>

    <p class='ocr_par' dir='ltr' id='par_1_14' title="bbox 1175 1441 2147 1869">
     <span class='ocr_line' id='line_1_90' title="bbox 1262 1441 2146 1481; baseline 0.001 -8"><span class='ocrx_word' id='word_1_592' title='bbox 1262 1442 1338 1473; x_wconf 81' lang='lat' dir='ltr'>Dux</span> <span class='ocrx_word' id='word_1_593' title='bbox 1362 1442 1536 1480; x_wconf 89' lang='lat' dir='ltr'>lohannes,</span> <span class='ocrx_word' id='word_1_594' title='bbox 1561 1441 1647 1473; x_wconf 84' lang='lat' dir='ltr'>filius</span> <span class='ocrx_word' id='word_1_595' title='bbox 1671 1442 1823 1481; x_wconf 75' lang='lat' dir='ltr'>Georgii,</span> <span class='ocrx_word' id='word_1_596' title='bbox 1851 1441 1957 1473; x_wconf 90' lang='lat' dir='ltr'>Ducis</span> <span class='ocrx_word' id='word_1_597' title='bbox 1981 1443 2146 1474; x_wconf 80' lang='lat' dir='ltr'>Saxoniae</span> 
     </span>
     <span class='ocr_line' id='line_1_91' title="bbox 1175 1475 2147 1527; baseline 0.001 -11"><span class='ocrx_word' id='word_1_598' title='bbox 1175 1485 1318 1518; x_wconf 88' lang='lat' dir='ltr'>habebat</span> <span class='ocrx_word' id='word_1_599' title='bbox 1352 1485 1526 1523; x_wconf 83' lang='lat' dir='ltr'>Medicum,</span> <span class='ocrx_word' id='word_1_600' title='bbox 1561 1486 1626 1527; x_wconf 90' lang='lat' dir='ltr'>qui,</span> <span class='ocrx_word' id='word_1_601' title='bbox 1662 1496 1735 1516; x_wconf 87' lang='lat' dir='ltr'>cum</span> <span class='ocrx_word' id='word_1_602' title='bbox 1759 1475 1802 1516; x_wconf 88' lang='lat' dir='ltr'>illi</span> <span class='ocrx_word' id='word_1_603' title='bbox 1826 1484 2011 1516; x_wconf 87' lang='lat' dir='ltr'>adhibenda</span> <span class='ocrx_word' id='word_1_604' title='bbox 2034 1492 2147 1517; x_wconf 85' lang='lat' dir='ltr'>essent</span> 
     </span>
     <span class='ocr_line' id='line_1_92' title="bbox 1178 1527 2145 1569; baseline 0 -10"><span class='ocrx_word' id='word_1_605' title='bbox 1178 1528 1336 1563; x_wconf 83' lang='lat' dir='ltr'>cauteria,</span> <span class='ocrx_word' id='word_1_606' title='bbox 1358 1527 1422 1558; x_wconf 84' lang='lat' dir='ltr'>hoc</span> <span class='ocrx_word' id='word_1_607' title='bbox 1442 1538 1594 1559; x_wconf 82' lang='lat' dir='ltr'>sermone</span> <span class='ocrx_word' id='word_1_608' title='bbox 1607 1529 1759 1558; x_wconf 84' lang='lat' dir='ltr'>utebatur</span> <span class='ocrx_word' id='word_1_609' title='bbox 1770 1528 1810 1558; x_wconf 87' lang='lat' dir='ltr'>ad</span> <span class='ocrx_word' id='word_1_610' title='bbox 1825 1527 2022 1569; x_wconf 84' lang='lat' dir='ltr'>Principem:</span> <span class='ocrx_word' id='word_1_611' title='bbox 2045 1528 2145 1566; x_wconf 77' lang='lat' dir='ltr'>Herr,</span> 
     </span>
     <span class='ocr_line' id='line_1_93' title="bbox 1175 1570 2146 1612; baseline 0.002 -12"><span class='ocrx_word' id='word_1_612' title='bbox 1175 1571 1234 1601; x_wconf 70' lang='lat' dir='ltr'>wir</span> <span class='ocrx_word' id='word_1_613' title='bbox 1256 1579 1376 1602; x_wconf 69' lang='lat' dir='ltr'>mussan</span> <span class='ocrx_word' id='word_1_614' title='bbox 1399 1571 1474 1601; x_wconf 73' lang='lat' dir='ltr'>ench</span> <span class='ocrx_word' id='word_1_615' title='bbox 1498 1571 1557 1601; x_wconf 65' lang='lat' dir='ltr'>den</span> <span class='ocrx_word' id='word_1_616' title='bbox 1588 1570 1723 1602; x_wconf 74' lang='lat' dir='ltr'>Narren</span> <span class='ocrx_word' id='word_1_617' title='bbox 1751 1571 1888 1602; x_wconf 70' lang='lat' dir='ltr'>stechen:</span> <span class='ocrx_word' id='word_1_618' title='bbox 1923 1572 2060 1612; x_wconf 83' lang='lat' dir='ltr'>Oportet</span> <span class='ocrx_word' id='word_1_619' title='bbox 2084 1581 2146 1602; x_wconf 89' lang='lat' dir='ltr'>nos</span> 
     </span>
     <span class='ocr_line' id='line_1_94' title="bbox 1176 1612 2147 1655; baseline -0.001 -11"><span class='ocrx_word' id='word_1_620' title='bbox 1176 1614 1320 1644; x_wconf 88' lang='lat' dir='ltr'>minuere</span> <span class='ocrx_word' id='word_1_621' title='bbox 1343 1613 1522 1644; x_wconf 80' lang='lat' dir='ltr'>fatuitatem</span> <span class='ocrx_word' id='word_1_622' title='bbox 1547 1621 1701 1645; x_wconf 83' lang='lat' dir='ltr'>vestram.</span> <span class='ocrx_word' id='word_1_623' title='bbox 1729 1614 1888 1654; x_wconf 86' lang='lat' dir='ltr'>Princeps</span> <span class='ocrx_word' id='word_1_624' title='bbox 1911 1624 2010 1655; x_wconf 84' lang='lat' dir='ltr'>aegre</span> <span class='ocrx_word' id='word_1_625' title='bbox 2023 1612 2147 1653; x_wconf 84' lang='lat' dir='ltr'>ferens,</span> 
     </span>
     <span class='ocr_line' id='line_1_95' title="bbox 1177 1656 2145 1697; baseline 0.002 -11"><span class='ocrx_word' id='word_1_626' title='bbox 1177 1656 1361 1697; x_wconf 73' lang='lat' dir='ltr'>respondit:</span> <span class='ocrx_word' id='word_1_627' title='bbox 1395 1656 1504 1687; x_wconf 59' lang='lat' dir='ltr'>Sta-ht</span> <span class='ocrx_word' id='word_1_628' title='bbox 1527 1656 1601 1686; x_wconf 67' lang='lat' dir='ltr'>vuch</span> <span class='ocrx_word' id='word_1_629' title='bbox 1624 1657 1719 1688; x_wconf 73' lang='lat' dir='ltr'>selbst</span> <span class='ocrx_word' id='word_1_630' title='bbox 1741 1657 1801 1687; x_wconf 70' lang='lat' dir='ltr'>dm</span> <span class='ocrx_word' id='word_1_631' title='bbox 1831 1666 1968 1694; x_wconf 75' lang='lat' dir='ltr'>narren,</span> <span class='ocrx_word' id='word_1_632' title='bbox 2003 1657 2054 1687; x_wconf 74' lang='lat' dir='ltr'>iler</span> <span class='ocrx_word' id='word_1_633' title='bbox 2077 1659 2145 1688; x_wconf 66' lang='lat' dir='ltr'>seed</span> 
     </span>
     <span class='ocr_line' id='line_1_96' title="bbox 1175 1697 2143 1740; baseline 0.001 -11"><span class='ocrx_word' id='word_1_634' title='bbox 1175 1700 1226 1730; x_wconf 77' lang='lat' dir='ltr'>ein</span> <span class='ocrx_word' id='word_1_635' title='bbox 1247 1702 1381 1740; x_wconf 70' lang='lat' dir='ltr'>yro&#39;sscr</span> <span class='ocrx_word' id='word_1_636' title='bbox 1404 1708 1497 1737; x_wconf 78' lang='lat' dir='ltr'>narr,</span> <span class='ocrx_word' id='word_1_637' title='bbox 1520 1700 1601 1729; x_wconf 61' lang='lat' dir='ltr'>«loun</span> <span class='ocrx_word' id='word_1_638' title='bbox 1621 1699 1683 1730; x_wconf 82' lang='lat' dir='ltr'>ich:</span> <span class='ocrx_word' id='word_1_639' title='bbox 1709 1699 1756 1730; x_wconf 83' lang='lat' dir='ltr'>Tu</span> <span class='ocrx_word' id='word_1_640' title='bbox 1780 1700 1850 1740; x_wconf 79' lang='lat' dir='ltr'>ipse</span> <span class='ocrx_word' id='word_1_641' title='bbox 1874 1697 1947 1739; x_wconf 80' lang='lat' dir='ltr'>plus</span> <span class='ocrx_word' id='word_1_642' title='bbox 1974 1701 2074 1730; x_wconf 83' lang='lat' dir='ltr'>nabes</span> <span class='ocrx_word' id='word_1_643' title='bbox 2098 1698 2143 1730; x_wconf 81' lang='lat' dir='ltr'>fa-</span> 
     </span>
     <span class='ocr_line' id='line_1_97' title="bbox 1176 1740 2144 1784; baseline -0.001 -11"><span class='ocrx_word' id='word_1_644' title='bbox 1176 1742 1309 1773; x_wconf 85' lang='lat' dir='ltr'>tuitatis.</span> <span class='ocrx_word' id='word_1_645' title='bbox 1378 1742 1490 1773; x_wconf 81' lang='lat' dir='ltr'>Minue</span> <span class='ocrx_word' id='word_1_646' title='bbox 1512 1749 1546 1773; x_wconf 90' lang='lat' dir='ltr'>tu</span> <span class='ocrx_word' id='word_1_647' title='bbox 1569 1749 1668 1780; x_wconf 84' lang='lat' dir='ltr'>tuam,</span> <span class='ocrx_word' id='word_1_648' title='bbox 1692 1752 1787 1784; x_wconf 86' lang='lat' dir='ltr'>quam</span> <span class='ocrx_word' id='word_1_649' title='bbox 1811 1742 1924 1777; x_wconf 83' lang='lat' dir='ltr'>habes,</span> <span class='ocrx_word' id='word_1_650' title='bbox 1954 1740 2144 1773; x_wconf 84' lang='lat' dir='ltr'>fatuitatem.</span> 
     </span>
     <span class='ocr_line' id='line_1_98' title="bbox 1176 1783 2144 1826; baseline 0 -11"><span class='ocrx_word' id='word_1_651' title='bbox 1176 1783 1316 1826; x_wconf 86' lang='lat' dir='ltr'>Reliqui,</span> <span class='ocrx_word' id='word_1_652' title='bbox 1349 1785 1404 1825; x_wconf 88' lang='lat' dir='ltr'>qui</span> <span class='ocrx_word' id='word_1_653' title='bbox 1427 1785 1574 1822; x_wconf 86' lang='lat' dir='ltr'>aderant,</span> <span class='ocrx_word' id='word_1_654' title='bbox 1608 1784 1823 1825; x_wconf 86' lang='lat' dir='ltr'>increpabant</span> <span class='ocrx_word' id='word_1_655' title='bbox 1845 1783 2021 1816; x_wconf 81' lang='lat' dir='ltr'>Medicum:</span> <span class='ocrx_word' id='word_1_656' title='bbox 2057 1795 2144 1816; x_wconf 77' lang='lat' dir='ltr'>vere-</span> 
     </span>
     <span class='ocr_line' id='line_1_99' title="bbox 1178 1826 2005 1869; baseline -0.001 -11"><span class='ocrx_word' id='word_1_657' title='bbox 1178 1829 1307 1865; x_wconf 83' lang='lat' dir='ltr'>bantur,</span> <span class='ocrx_word' id='word_1_658' title='bbox 1330 1837 1371 1858; x_wconf 88' lang='lat' dir='ltr'>ne</span> <span class='ocrx_word' id='word_1_659' title='bbox 1394 1834 1488 1869; x_wconf 84' lang='lat' dir='ltr'>pater</span> <span class='ocrx_word' id='word_1_660' title='bbox 1511 1826 1587 1858; x_wconf 80' lang='lat' dir='ltr'>Dux</span> <span class='ocrx_word' id='word_1_661' title='bbox 1612 1827 1775 1869; x_wconf 78' lang='lat' dir='ltr'>Georgius</span> <span class='ocrx_word' id='word_1_662' title='bbox 1798 1828 2005 1858; x_wconf 81' lang='lat' dir='ltr'>rescisceret.</span> 
     </span>
    </p>

    <p class='ocr_par' dir='ltr' id='par_1_15' title="bbox 1173 1868 2146 2040">
     <span class='ocr_line' id='line_1_100' title="bbox 1263 1868 2145 1911; baseline 0 -10"><span class='ocrx_word' id='word_1_663' title='bbox 1263 1868 1384 1901; x_wconf 87' lang='lat' dir='ltr'>Paulus</span> <span class='ocrx_word' id='word_1_664' title='bbox 1417 1871 1536 1911; x_wconf 82' lang='lat' dir='ltr'>inquit:</span> <span class='ocrx_word' id='word_1_665' title='bbox 1571 1871 1649 1902; x_wconf 76' lang='lat' dir='ltr'>Cum</span> <span class='ocrx_word' id='word_1_666' title='bbox 1683 1880 1779 1901; x_wconf 72' lang='lat' dir='ltr'>essem</span> <span class='ocrx_word' id='word_1_667' title='bbox 1810 1880 1908 1911; x_wconf 77' lang='lat' dir='ltr'>puer,</span> <span class='ocrx_word' id='word_1_668' title='bbox 1937 1870 2090 1911; x_wconf 75' lang='lat' dir='ltr'>loquebar</span> <span class='ocrx_word' id='word_1_669' title='bbox 2111 1876 2145 1901; x_wconf 77' lang='lat' dir='ltr'>ut</span> 
     </span>
     <span class='ocr_line' id='line_1_101' title="bbox 1173 1912 2146 1954; baseline 0.001 -11"><span class='ocrx_word' id='word_1_670' title='bbox 1173 1922 1273 1953; x_wconf 76' lang='lat' dir='ltr'>puer:</span> <span class='ocrx_word' id='word_1_671' title='bbox 1295 1919 1345 1944; x_wconf 88' lang='lat' dir='ltr'>est</span> <span class='ocrx_word' id='word_1_672' title='bbox 1369 1912 1490 1953; x_wconf 67' lang='lat' dir='ltr'>aliquid</span> <span class='ocrx_word' id='word_1_673' title='bbox 1515 1913 1764 1944; x_wconf 87' lang='lat' dir='ltr'>condonandum</span> <span class='ocrx_word' id='word_1_674' title='bbox 1783 1913 1942 1954; x_wconf 88' lang='lat' dir='ltr'>pueritiae</span> <span class='ocrx_word' id='word_1_675' title='bbox 1997 1912 2146 1945; x_wconf 86' lang='lat' dir='ltr'>Tollatur</span> 
     </span>
     <span class='ocr_line' id='line_1_102' title="bbox 1175 1954 2144 1997; baseline 0.002 -12"><span class='ocrx_word' id='word_1_676' title='bbox 1175 1956 1377 1997; x_wconf 82' lang='lat' dir='ltr'>superstitiO,</span> <span class='ocrx_word' id='word_1_677' title='bbox 1400 1962 1431 1987; x_wconf 90' lang='lat' dir='ltr'>et</span> <span class='ocrx_word' id='word_1_678' title='bbox 1453 1955 1679 1997; x_wconf 88' lang='lat' dir='ltr'>relinquantur</span> <span class='ocrx_word' id='word_1_679' title='bbox 1701 1954 1962 1988; x_wconf 87' lang='lat' dir='ltr'>assuefactiones</span> <span class='ocrx_word' id='word_1_680' title='bbox 1985 1956 2026 1987; x_wconf 90' lang='lat' dir='ltr'>ad</span> <span class='ocrx_word' id='word_1_681' title='bbox 2049 1956 2144 1987; x_wconf 86' lang='lat' dir='ltr'>disci·</span> 
     </span>
     <span class='ocr_line' id='line_1_103' title="bbox 1174 1998 2047 2040; baseline 0 -11"><span class='ocrx_word' id='word_1_682' title='bbox 1174 1998 1294 2040; x_wconf 88' lang='lat' dir='ltr'>plinam</span> <span class='ocrx_word' id='word_1_683' title='bbox 1319 2004 1433 2040; x_wconf 85' lang='lat' dir='ltr'>gratae</span> <span class='ocrx_word' id='word_1_684' title='bbox 1455 2004 1485 2029; x_wconf 89' lang='lat' dir='ltr'>et</span> <span class='ocrx_word' id='word_1_685' title='bbox 1510 1999 1779 2029; x_wconf 85' lang='lat' dir='ltr'>accommodatae</span> <span class='ocrx_word' id='word_1_686' title='bbox 1801 1999 1900 2029; x_wconf 86' lang='lat' dir='ltr'>aetati</span> <span class='ocrx_word' id='word_1_687' title='bbox 1922 1998 2047 2039; x_wconf 88' lang='lat' dir='ltr'>puerili.</span> 
     </span>
    </p>

    <p class='ocr_par' dir='ltr' id='par_1_16' title="bbox 1172 2040 2143 2637">
     <span class='ocr_line' id='line_1_104' title="bbox 1261 2040 2143 2083; baseline 0 -12"><span class='ocrx_word' id='word_1_688' title='bbox 1261 2041 1365 2072; x_wconf 81' lang='lat' dir='ltr'>Etiam</span> <span class='ocrx_word' id='word_1_689' title='bbox 1387 2042 1554 2081; x_wconf 83' lang='lat' dir='ltr'>sapientes</span> <span class='ocrx_word' id='word_1_690' title='bbox 1578 2040 1782 2073; x_wconf 83' lang='lat' dir='ltr'>delectantur</span> <span class='ocrx_word' id='word_1_691' title='bbox 1798 2042 1979 2083; x_wconf 86' lang='lat' dir='ltr'>ingeniosis</span> <span class='ocrx_word' id='word_1_692' title='bbox 1991 2041 2143 2082; x_wconf 87' lang='lat' dir='ltr'>picturis;</span> 
     </span>
     <span class='ocr_line' id='line_1_105' title="bbox 1175 2083 2143 2125; baseline -0.001 -10"><span class='ocrx_word' id='word_1_693' title='bbox 1175 2090 1209 2115; x_wconf 81' lang='lat' dir='ltr'>ut</span> <span class='ocrx_word' id='word_1_694' title='bbox 1244 2083 1438 2124; x_wconf 76' lang='lat' dir='ltr'>Alplionsus</span> <span class='ocrx_word' id='word_1_695' title='bbox 1475 2094 1531 2115; x_wconf 77' lang='lat' dir='ltr'>rex</span> <span class='ocrx_word' id='word_1_696' title='bbox 1569 2083 1804 2125; x_wconf 61' lang='lat' dir='ltr'>*Neapolitanus</span> <span class='ocrx_word' id='word_1_697' title='bbox 1838 2083 1966 2115; x_wconf 87' lang='lat' dir='ltr'>solebat</span> <span class='ocrx_word' id='word_1_698' title='bbox 2001 2084 2046 2114; x_wconf 90' lang='lat' dir='ltr'>uti</span> <span class='ocrx_word' id='word_1_699' title='bbox 2079 2083 2143 2115; x_wconf 80' lang='lat' dir='ltr'>boc</span> 
     </span>
     <span class='ocr_line' id='line_1_106' title="bbox 1175 2125 2142 2169; baseline 0 -12"><span class='ocrx_word' id='word_1_700' title='bbox 1175 2125 1345 2168; x_wconf 82' lang='lat' dir='ltr'>praeclaro</span> <span class='ocrx_word' id='word_1_701' title='bbox 1380 2126 1550 2168; x_wconf 62' lang='lat' dir='ltr'>Symbola.</span> <span class='ocrx_word' id='word_1_702' title='bbox 1619 2127 1776 2169; x_wconf 77' lang='lat' dir='ltr'>Pingebat</span> <span class='ocrx_word' id='word_1_703' title='bbox 1810 2125 2011 2167; x_wconf 77' lang='lat' dir='ltr'>pelecanum,</span> <span class='ocrx_word' id='word_1_704' title='bbox 2035 2134 2063 2157; x_wconf 84' lang='lat' dir='ltr'>et</span> <span class='ocrx_word' id='word_1_705' title='bbox 2088 2127 2142 2157; x_wconf 88' lang='lat' dir='ltr'>ad·</span> 
     </span>
     <span class='ocr_line' id='line_1_107' title="bbox 1175 2169 2141 2211; baseline 0 -12"><span class='ocrx_word' id='word_1_706' title='bbox 1175 2170 1356 2201; x_wconf 79' lang='lat' dir='ltr'>scribebat:</span> <span class='ocrx_word' id='word_1_707' title='bbox 1380 2169 1448 2200; x_wconf 67' lang='lat' dir='ltr'>Pro</span> <span class='ocrx_word' id='word_1_708' title='bbox 1470 2171 1547 2211; x_wconf 70' lang='lat' dir='ltr'>[eye.</span> <span class='ocrx_word' id='word_1_709' title='bbox 1571 2174 1599 2201; x_wconf 82' lang='lat' dir='ltr'>ct</span> <span class='ocrx_word' id='word_1_710' title='bbox 1622 2180 1684 2210; x_wconf 75' lang='lat' dir='ltr'>pro</span> <span class='ocrx_word' id='word_1_711' title='bbox 1705 2179 1811 2210; x_wconf 70' lang='lat' dir='ltr'>yreyc’.</span> <span class='ocrx_word' id='word_1_712' title='bbox 1855 2169 1938 2200; x_wconf 87' lang='lat' dir='ltr'>Nam</span> <span class='ocrx_word' id='word_1_713' title='bbox 1952 2169 2141 2210; x_wconf 82' lang='lat' dir='ltr'>pelecanns,</span> 
     </span>
     <span class='ocr_line' id='line_1_108' title="bbox 1175 2211 2140 2254; baseline -0.001 -11"><span class='ocrx_word' id='word_1_714' title='bbox 1175 2213 1306 2254; x_wconf 80' lang='lat' dir='ltr'>quando</span> <span class='ocrx_word' id='word_1_715' title='bbox 1330 2211 1470 2243; x_wconf 76' lang='lat' dir='ltr'>exclusit</span> <span class='ocrx_word' id='word_1_716' title='bbox 1494 2212 1616 2254; x_wconf 80' lang='lat' dir='ltr'>pullos,</span> <span class='ocrx_word' id='word_1_717' title='bbox 1651 2220 1716 2243; x_wconf 88' lang='lat' dir='ltr'>tnm</span> <span class='ocrx_word' id='word_1_718' title='bbox 1741 2212 1822 2242; x_wconf 78' lang='lat' dir='ltr'>fodit</span> <span class='ocrx_word' id='word_1_719' title='bbox 1850 2222 1911 2242; x_wconf 81' lang='lat' dir='ltr'>sno</span> <span class='ocrx_word' id='word_1_720' title='bbox 1935 2219 2044 2242; x_wconf 82' lang='lat' dir='ltr'>rostro</span> <span class='ocrx_word' id='word_1_721' title='bbox 2069 2222 2140 2242; x_wconf 92' lang='lat' dir='ltr'>cor-</span> 
     </span>
     <span class='ocr_line' id='line_1_109' title="bbox 1176 2254 2141 2296; baseline -0.001 -11"><span class='ocrx_word' id='word_1_722' title='bbox 1176 2266 1249 2296; x_wconf 83' lang='lat' dir='ltr'>pus,</span> <span class='ocrx_word' id='word_1_723' title='bbox 1272 2262 1370 2296; x_wconf 86' lang='lat' dir='ltr'>atque</span> <span class='ocrx_word' id='word_1_724' title='bbox 1394 2256 1437 2286; x_wconf 89' lang='lat' dir='ltr'>ita</span> <span class='ocrx_word' id='word_1_725' title='bbox 1461 2265 1519 2286; x_wconf 88' lang='lat' dir='ltr'>eos</span> <span class='ocrx_word' id='word_1_726' title='bbox 1542 2255 1599 2287; x_wconf 87' lang='lat' dir='ltr'>alit</span> <span class='ocrx_word' id='word_1_727' title='bbox 1630 2256 1789 2296; x_wconf 72' lang='lat' dir='ltr'>sanguine</span> <span class='ocrx_word' id='word_1_728' title='bbox 1813 2265 1884 2285; x_wconf 87' lang='lat' dir='ltr'>suo.</span> <span class='ocrx_word' id='word_1_729' title='bbox 1932 2254 2039 2295; x_wconf 71' lang='lat' dir='ltr'>Aliqui</span> <span class='ocrx_word' id='word_1_730' title='bbox 2063 2254 2141 2284; x_wconf 89' lang='lat' dir='ltr'>scri-</span> 
     </span>
     <span class='ocr_line' id='line_1_110' title="bbox 1176 2295 2141 2338; baseline 0.001 -11"><span class='ocrx_word' id='word_1_731' title='bbox 1176 2300 1266 2334; x_wconf 86' lang='lat' dir='ltr'>bunt,</span> <span class='ocrx_word' id='word_1_732' title='bbox 1290 2297 1482 2338; x_wconf 83' lang='lat' dir='ltr'>pelecanum</span> <span class='ocrx_word' id='word_1_733' title='bbox 1504 2299 1568 2329; x_wconf 78' lang='lat' dir='ltr'>lioc</span> <span class='ocrx_word' id='word_1_734' title='bbox 1592 2299 1688 2329; x_wconf 89' lang='lat' dir='ltr'>modo</span> <span class='ocrx_word' id='word_1_735' title='bbox 1719 2298 1891 2328; x_wconf 80' lang='lat' dir='ltr'>restituere</span> <span class='ocrx_word' id='word_1_736' title='bbox 1914 2297 2010 2327; x_wconf 80' lang='lat' dir='ltr'>vitam</span> <span class='ocrx_word' id='word_1_737' title='bbox 2044 2295 2141 2336; x_wconf 83' lang='lat' dir='ltr'>pullis</span> 
     </span>
     <span class='ocr_line' id='line_1_111' title="bbox 1174 2338 2141 2382; baseline 0 -11"><span class='ocrx_word' id='word_1_738' title='bbox 1174 2339 1355 2371; x_wconf 85' lang='lat' dir='ltr'>intersectis</span> <span class='ocrx_word' id='word_1_739' title='bbox 1379 2351 1489 2371; x_wconf 89' lang='lat' dir='ltr'>morsu</span> <span class='ocrx_word' id='word_1_740' title='bbox 1514 2342 1686 2382; x_wconf 85' lang='lat' dir='ltr'>serpentis.</span> <span class='ocrx_word' id='word_1_741' title='bbox 1731 2339 1777 2370; x_wconf 91' lang='lat' dir='ltr'>lta</span> <span class='ocrx_word' id='word_1_742' title='bbox 1801 2338 1950 2370; x_wconf 80' lang='lat' dir='ltr'>Christus</span> <span class='ocrx_word' id='word_1_743' title='bbox 1976 2349 2036 2369; x_wconf 91' lang='lat' dir='ltr'>nos</span> <span class='ocrx_word' id='word_1_744' title='bbox 2067 2349 2141 2371; x_wconf 81' lang='lat' dir='ltr'>san-</span> 
     </span>
     <span class='ocr_line' id='line_1_112' title="bbox 1174 2381 2142 2425; baseline -0.001 -12"><span class='ocrx_word' id='word_1_745' title='bbox 1174 2383 1272 2425; x_wconf 88' lang='lat' dir='ltr'>guine</span> <span class='ocrx_word' id='word_1_746' title='bbox 1293 2393 1354 2414; x_wconf 91' lang='lat' dir='ltr'>suo</span> <span class='ocrx_word' id='word_1_747' title='bbox 1379 2393 1419 2414; x_wconf 79' lang='lat' dir='ltr'>ex</span> <span class='ocrx_word' id='word_1_748' title='bbox 1443 2383 1574 2414; x_wconf 90' lang='lat' dir='ltr'>Diaboli</span> <span class='ocrx_word' id='word_1_749' title='bbox 1599 2390 1759 2423; x_wconf 83' lang='lat' dir='ltr'>potestate</span> <span class='ocrx_word' id='word_1_750' title='bbox 1788 2382 1914 2422; x_wconf 82' lang='lat' dir='ltr'>eripuit.</span> <span class='ocrx_word' id='word_1_751' title='bbox 1981 2381 2142 2413; x_wconf 77' lang='lat' dir='ltr'>Sci-ibitur</span> 
     </span>
     <span class='ocr_line' id='line_1_113' title="bbox 1174 2424 2140 2465; baseline -0.002 -8"><span class='ocrx_word' id='word_1_752' title='bbox 1174 2432 1205 2457; x_wconf 85' lang='lat' dir='ltr'>et</span> <span class='ocrx_word' id='word_1_753' title='bbox 1231 2425 1376 2457; x_wconf 81' lang='lat' dir='ltr'>Phoenix</span> <span class='ocrx_word' id='word_1_754' title='bbox 1400 2427 1530 2457; x_wconf 87' lang='lat' dir='ltr'>renasci</span> <span class='ocrx_word' id='word_1_755' title='bbox 1554 2433 1626 2465; x_wconf 88' lang='lat' dir='ltr'>post</span> <span class='ocrx_word' id='word_1_756' title='bbox 1640 2424 1772 2456; x_wconf 76' lang='lat' dir='ltr'>multam</span> <span class='ocrx_word' id='word_1_757' title='bbox 1786 2431 1966 2462; x_wconf 86' lang='lat' dir='ltr'>senectam,</span> <span class='ocrx_word' id='word_1_758' title='bbox 1990 2435 2140 2455; x_wconf 85' lang='lat' dir='ltr'>cremans</span> 
     </span>
     <span class='ocr_line' id='line_1_114' title="bbox 1173 2467 2139 2509; baseline -0.001 -10"><span class='ocrx_word' id='word_1_759' title='bbox 1173 2478 1211 2499; x_wconf 89' lang='lat' dir='ltr'>se</span> <span class='ocrx_word' id='word_1_760' title='bbox 1234 2470 1351 2508; x_wconf 71' lang='lat' dir='ltr'>ipsum.</span> <span class='ocrx_word' id='word_1_761' title='bbox 1419 2468 1453 2498; x_wconf 90' lang='lat' dir='ltr'>ld</span> <span class='ocrx_word' id='word_1_762' title='bbox 1477 2478 1606 2509; x_wconf 89' lang='lat' dir='ltr'>quoque</span> <span class='ocrx_word' id='word_1_763' title='bbox 1629 2468 1670 2497; x_wconf 86' lang='lat' dir='ltr'>ad</span> <span class='ocrx_word' id='word_1_764' title='bbox 1695 2467 1861 2498; x_wconf 65' lang='lat' dir='ltr'>Christum</span> <span class='ocrx_word' id='word_1_765' title='bbox 1885 2468 2055 2509; x_wconf 85' lang='lat' dir='ltr'>congruit,</span> <span class='ocrx_word' id='word_1_766' title='bbox 2086 2468 2139 2508; x_wconf 90' lang='lat' dir='ltr'>qui</span> 
     </span>
     <span class='ocr_line' id='line_1_115' title="bbox 1172 2510 2140 2548; baseline 0 -7"><span class='ocrx_word' id='word_1_767' title='bbox 1172 2512 1320 2548; x_wconf 84' lang='lat' dir='ltr'>moritur,</span> <span class='ocrx_word' id='word_1_768' title='bbox 1343 2517 1375 2541; x_wconf 92' lang='lat' dir='ltr'>ut</span> <span class='ocrx_word' id='word_1_769' title='bbox 1400 2511 1587 2547; x_wconf 69' lang='lat' dir='ltr'>reviviscat,</span> <span class='ocrx_word' id='word_1_770' title='bbox 1612 2516 1643 2539; x_wconf 81' lang='lat' dir='ltr'>et</span> <span class='ocrx_word' id='word_1_771' title='bbox 1666 2520 1727 2541; x_wconf 82' lang='lat' dir='ltr'>nos</span> <span class='ocrx_word' id='word_1_772' title='bbox 1751 2520 1865 2541; x_wconf 80' lang='lat' dir='ltr'>secum</span> <span class='ocrx_word' id='word_1_773' title='bbox 1887 2510 1918 2540; x_wconf 93' lang='lat' dir='ltr'>in</span> <span class='ocrx_word' id='word_1_774' title='bbox 1938 2513 2036 2540; x_wconf 81' lang='lat' dir='ltr'>vitam</span> <span class='ocrx_word' id='word_1_775' title='bbox 2048 2520 2140 2541; x_wconf 84' lang='lat' dir='ltr'>resu-</span> 
     </span>
     <span class='ocr_line' id='line_1_116' title="bbox 1172 2553 2140 2594; baseline 0 -11"><span class='ocrx_word' id='word_1_776' title='bbox 1172 2554 1280 2584; x_wconf 78' lang='lat' dir='ltr'>scitet.</span> <span class='ocrx_word' id='word_1_777' title='bbox 1326 2553 1504 2594; x_wconf 85' lang='lat' dir='ltr'>Utramque</span> <span class='ocrx_word' id='word_1_778' title='bbox 1535 2553 1706 2593; x_wconf 80' lang='lat' dir='ltr'>imaginem</span> <span class='ocrx_word' id='word_1_779' title='bbox 1737 2553 1865 2593; x_wconf 87' lang='lat' dir='ltr'>qnidam</span> <span class='ocrx_word' id='word_1_780' title='bbox 1894 2553 2001 2594; x_wconf 86' lang='lat' dir='ltr'>pictor</span> <span class='ocrx_word' id='word_1_781' title='bbox 2030 2553 2140 2593; x_wconf 70' lang='lat' dir='ltr'>pinse-</span> 
     </span>
     <span class='ocr_line' id='line_1_117' title="bbox 1172 2594 2138 2637; baseline -0.001 -11"><span class='ocrx_word' id='word_1_782' title='bbox 1172 2601 1222 2626; x_wconf 88' lang='lat' dir='ltr'>rat</span> <span class='ocrx_word' id='word_1_783' title='bbox 1244 2596 1275 2626; x_wconf 91' lang='lat' dir='ltr'>in</span> <span class='ocrx_word' id='word_1_784' title='bbox 1299 2605 1370 2626; x_wconf 88' lang='lat' dir='ltr'>mca</span> <span class='ocrx_word' id='word_1_785' title='bbox 1393 2596 1498 2635; x_wconf 84' lang='lat' dir='ltr'>patria</span> <span class='ocrx_word' id='word_1_786' title='bbox 1511 2596 1572 2625; x_wconf 84' lang='lat' dir='ltr'>sub</span> <span class='ocrx_word' id='word_1_787' title='bbox 1587 2595 1727 2637; x_wconf 80' lang='lat' dir='ltr'>imagine</span> <span class='ocrx_word' id='word_1_788' title='bbox 1747 2594 1867 2626; x_wconf 84' lang='lat' dir='ltr'>Christi</span> <span class='ocrx_word' id='word_1_789' title='bbox 1883 2595 2040 2627; x_wconf 79' lang='lat' dir='ltr'>crucifixi.</span> <span class='ocrx_word' id='word_1_790' title='bbox 2073 2595 2138 2627; x_wconf 85' lang='lat' dir='ltr'>Sed</span> 
     </span>
    </p>

    <p class='ocr_par' dir='ltr' id='par_1_17' title="bbox 1785 2655 1818 2678">
     <span class='ocr_line' id='line_1_118' title="bbox 1785 2655 1818 2678; baseline 0 0"><span class='ocrx_word' id='word_1_791' title='bbox 1785 2655 1818 2678; x_wconf 76' lang='lat'>50</span> 
     </span>
    </p>
   </div>
  </div>
 </body>
</html>
