2324 2958
54 197 119 230 613

142 289 210 321 Sed
235 288 334 320 redeo
363 287 404 319 ad
433 285 651 318 definitionem
673 282 883 318 Sacerdotis,
906 282 938 313 in
961 291 1025 322 qua

56 335 120 366 iam
149 333 269 364 dictum
298 336 365 368 est,
399 329 485 371 quod
514 328 556 359 sit
584 326 732 357 Persona
761 326 806 356 ad
833 325 1025 366 praedican-

56 377 131 408 dum
154 374 357 415 Evangelium
374 373 538 403 ω’άίηαῖα.
583 369 619 400 ln
635 368 700 400 hoc
717 369 790 409 ipso
811 368 916 409 capite
932 377 1025 408 prae-

57 419 144 451 dicat
172 416 407 458 Evangelium,
440 419 472 445 et
501 412 651 444 omnibus
681 411 882 452 temporibus
911 414 1025 441 servat

57 459 269 494 ministerium
290 458 322 489 in
346 467 467 499 genere
489 456 640 487 humano.

144 501 266 534 Postea
287 500 450 531 sacerdos
473 504 525 530 est
547 496 745 528 constitutus
768 495 810 526 ad
834 494 1025 526 sacrifican-

57 546 135 578 dum
155 555 216 586 pro
243 542 333 581 aliis,
367 548 398 573 et
425 542 466 573 ad
497 539 749 581 deprecandum.
806 537 867 568 Hic
896 538 1023 568 sciatis:

57 587 252 628 Ubicunque
280 585 314 616 fit
345 586 466 615 mentio
493 581 745 618 sacrificiorum,
778 579 875 611 simul
904 586 955 611 est
978 580 1025 610 in-

58 629 237 671 telligenda
258 626 434 669 applicatio
457 624 622 662 sacrificii,
645 625 731 655 sicut
752 624 871 654 videtis
894 624 925 654 in
949 621 1024 670 lege

57 681 219 713 expresse
248 672 374 711 positas
404 679 481 700 esse
510 666 638 699 multas.
695 666 834 701 Quando
864 666 1024 697 sacerdos

56 714 268 746 sacrificabat
290 723 350 754 pro
373 711 453 749 alio,
475 710 664 741 nominatim
687 710 832 739 dicebat:
874 708 941 748 Eyo
963 717 1025 748 pro

56 757 131 799 ᾢεο
152 757 212 788 tibi
230 756 334 796 offero
355 755 413 786 Ιιοσ
433 753 636 794 sacrificium.
681 751 750 782 Sed
767 752 799 782 in
818 749 891 792 lege
908 750 1025 781 Moisis

2 826 8 828 >
57 805 183 831 tantum
212 804 305 830 erant
334 798 443 839 typica
473 795 654 832 sacrificia,
684 804 768 835 quae
795 793 1026 835 significabant

57 842 124 874 hoc
156 841 298 874 futurum
331 838 531 871 sacrificium
560 836 700 874 Christi,
735 837 788 878 qni
819 842 850 867 et
878 837 949 876 ipse
972 834 1025 865 hic

57 889 125 916 etat
146 890 178 915 et
199 881 341 924 applicat
363 881 573 913 sacrificium:
608 880 675 920 Eyo
697 890 744 910 me
765 888 828 919 pro
848 879 930 918 ipsis
951 887 1025 909 san-

57 925 175 968 dt’fico:
198 925 230 956 id
250 930 312 963 est,
331 924 442 955 offero.
488 923 584 954 Item:
610 922 702 962 Ilo-qo
719 931 781 953 non
800 931 865 961 pro
887 922 933 952 eis
954 924 1025 951 tau-

57 972 139 1006 tum,
167 968 224 999 sed
247 977 312 1008 pro
339 967 479 998 omnibns
508 966 681 997 credituris
707 974 769 1005 pm·
790 964 918 995 verbum
941 963 1025 1004 ipso-

55 1020 137 1043 ηιπι.
181 1010 256 1052 lpse
287 1016 359 1041 orat
387 1020 446 1049 pro
477 1016 546 1040 toto
571 1018 694 1050 genere
715 1007 873 1039 humano:
907 1006 939 1036 id
962 1010 1025 1043 est,

57 1053 209 1086 omnibus
231 1051 477 1094 accipientibus

143 1103 271 1146 Singuli
295 1104 492 1144 cogitemus:
516 1101 666 1134 Christus
689 1105 742 1131 est
759 1105 834 1132 tuus
853 1099 1026 1136 sacerdos,

58 1157 141 1189 ergo
176 1153 247 1178 orat
274 1156 334 1187 pro
362 1152 408 1177 te:
444 1146 527 1186 Eyo,
561 1145 680 1185 inquit,
715 1152 774 1174 oro
801 1152 864 1183 pro
886 1141 1027 1173 munibus

57 1190 234 1221 &edituris
262 1198 323 1229 per
343 1188 470 1219 verbum
492 1197 609 1218 eoo-um.
660 1185 721 1217 Hic
743 1195 803 1226 pro
826 1191 858 1216 te
881 1190 972 1222 orat,
995 1189 1027 1215 et

98 1242 118 1263 o
158 1230 298 1272 singulis
337 1230 557 1261 credentibus.
621 1229 741 1259 Postea
773 1227 877 1258 habes
910 1237 1026 1258 vocem

57 1242 242 1305 ffiulinamz
275 1273 372 1304 Sedet
399 1273 444 1303 ad
471 1273 618 1303 dextram
646 1271 754 1311 patris
776 1271 906 1302 assidue
928 1270 1025 1300 inter-

55 1316 182 1357 pellans
201 1325 264 1356 pro
286 1315 386 1346 nobis.
437 1315 505 1346 Sed
527 1315 580 1345 hic
602 1313 731 1345 solenni
754 1320 838 1344 voce
857 1319 889 1344 et
914 1322 1025 1353 preca-

55 1359 145 1390 tione
166 1357 308 1399 applicat
325 1357 523 1389 sacrificium
542 1367 646 1388 Suum.
691 1356 764 1387 Hoc
781 1354 1027 1397 diligentissime

56 1401 302 1433 observandum
325 1406 385 1431 est.

144 1451 258 1482 Omnis
292 1451 450 1482 sacerdos
484 1449 562 1481 facit
596 1448 847 1490 applicationem
875 1448 1028 1480 sacrificii

58 1500 92 1526 et
120 1494 337 1535 precationis;
371 1494 457 1525 sicut
490 1502 551 1523 nos
586 1494 681 1523 etiam
711 1491 938 1523 sacrificantes
966 1501 1027 1522 suo

57 1537 176 1574 modo,
205 1536 237 1567 id
261 1543 330 1574 est,
364 1541 497 1566 orantes
528 1534 732 1576 applicamus
759 1535 942 1565 orationem
969 1544 1028 1575 pro

57 1577 230 1616 Ecclesia,
263 1589 324 1619 pro
352 1579 467 1616 nobis,
501 1584 534 1609 et
560 1577 651 1614 aliis,
680 1583 711 1608 et
741 1577 942 1608 ostendimus
965 1586 1027 1606 nos

57 1630 120 1662 pro
131 1619 197 1651 illis
209 1626 331 1662 petere.
393 1620 484 1651 llaec
499 1620 572 1660 ipsa
589 1621 734 1660 precatio
752 1626 803 1650 est
819 1619 1029 1657 sacrificium,

57 1673 124 1694 non
147 1663 418 1704 propitiatorium,
438 1663 527 1703 quod
549 1668 723 1699 mereatur,
747 1662 806 1692 sed
829 1661 1028 1693 sacrificium

56 1703 164 1737 laudis
188 1705 242 1736 vel
265 1705 536 1742 eucharisticum,
559 1707 646 1735 ‘sunt
670 1704 760 1735 vituli
782 1703 959 1738 labiorum,
993 1710 1028 1734 ut

57 1746 244 1788 Prophetae
265 1746 451 1789 loquuntur.
502 1747 640 1779 Tantum
669 1748 800 1778 unicum
830 1752 881 1777 est
904 1746 1029 1777 sacrifi·

59 1790 145 1822 cium
173 1791 449 1831 propitiatorium,
479 1791 564 1832 quod
589 1789 699 1831 placat
721 1790 802 1821 iram
825 1790 949 1820 aeterni
971 1799 1029 1830 pa-

58 1833 137 1871 tris,
159 1832 328 1870 videlicet,
352 1832 416 1864 hoc
438 1833 633 1864 sacrificium
657 1832 744 1870 Filii,
768 1832 855 1873 quod
879 1833 950 1873 ipse
973 1842 1029 1872 ap-

58 1874 161 1916 plicat
183 1876 280 1907 nobis
303 1875 365 1906 hac
389 1885 488 1907 voce:
520 1875 588 1917 Eyo
610 1886 659 1907 me
681 1875 846 1916 sanctifico
866 1885 930 1915 pro
952 1875 1007 1905 eis.

143 1926 210 1957 lam
234 1933 416 1967 sequuntur
438 1932 567 1957 caetera
590 1927 736 1958 membra
758 1927 974 1966 precationis,
996 1927 1029 1957 in

59 1970 178 2011 quibus
201 1970 430 2000 consideretur
452 1969 638 2010 magnitudo
668 1969 858 2010 sapientiae.
914 1968 1030 2010 Respi-

59 2012 123 2043 cite
145 2011 186 2044 ad
209 2011 350 2043 humana
373 2009 529 2052 exempla.

145 2062 317 2105 Augustus
342 2063 558 2093 constituerat
579 2061 762 2094 Romanum
789 2062 961 2104 Imperium
983 2062 1029 2094 le-

84 2105 176 2143 ‘bus‚
217 2111 248 2136 et
282 2105 507 2136 distributione
541 2106 738 2137 exercituum
772 2106 804 2136 in
837 2106 1027 2147 provinciis.

86 2148 235 2189 perabat,
253 2148 280 2178 si
299 2154 444 2179 maneret
462 2146 518 2178 illa
542 2148 745 2186 constitutio,
762 2148 933 2189 Imperium
955 2147 1028 2181 fore

59 2196 267 2231 perpetuum3
289 2191 386 2232 igitur
409 2191 585 2221 moriturus
610 2196 700 2232 optat
723 2192 914 2222 conservari
935 2190 1026 2223 iilum

60 2233 224 2271 ordinem,
261 2239 290 2264 et
322 2243 393 2264 cum
421 2234 462 2263 ad
493 2243 530 2263 se
552 2239 649 2264 vocat
671 2232 852 2272 Tiberium,
887 2235 1026 2265 maxime

59 2281 151 2317 optat
185 2276 472 2307 conservationem
501 2276 595 2306 istius
629 2274 771 2316 Imperii3
805 2283 835 2307 et
864 2283 897 2308 ut
920 2278 1028 2317 possit

58 2324 168 2356 stare,
192 2317 288 2349 simul
311 2324 400 2360 optat
425 2318 655 2355 concordiam,
684 2318 724 2349 de
747 2328 811 2359 qua
834 2325 924 2351 recte
947 2321 1026 2352 dici-

58 2366 124 2392 tur:
153 2360 337 2392 Concordia
358 2370 484 2401 parrae
505 2371 559 2392 res
581 2365 748 2391 crescunt:
771 2361 939 2394 discmdia
959 2373 1026 2394 ma-

58 2406 162 2435 ximae
183 2404 379 2435 dilabuntur.

145 2453 314 2497 Cogitate,
342 2455 419 2496 quid
442 2462 556 2486 noster
579 2453 760 2494 Imperator
782 2464 868 2486 nunc
892 2456 1024 2498 cogitet,

59 2501 94 2528 et
119 2496 174 2528 diu
202 2498 372 2539 cogitavit:
406 2497 561 2528 Libenter
591 2495 688 2528 vellet
717 2495 901 2539 relinquere
924 2498 1026 2540 lmpe·

58 2539 141 2570 rium
163 2538 219 2570 tali
241 2541 448 2578 successori,
477 2541 531 2581 qui
554 2541 657 2580 possit
682 2549 758 2570 esse
781 2540 885 2571 instar
908 2542 1024 2581 capitis

731 185 951 222 POS'nLLA
966 186 1362 220 MELANTHONJANA.

1982 188 2045 220 614

1077 280 1258 311 Nassaensi
1281 281 1323 311 ad
1346 279 1475 311 Ducem
1496 280 1709 319 Fridericum,
1729 288 1763 313 ut
1786 291 1918 322 operam
1942 282 2045 317 daret,

1078 333 1143 364 quo
1166 321 1343 364 eligeretur
1370 321 1444 353 talis
1468 322 1662 364 Imperator,
1693 325 1724 354 in
1753 335 1816 365 quo
1840 325 1929 355 orbis
1953 324 2046 356 Chri-

1078 366 1202 396 stianus
1226 365 1361 396 baberet
1384 372 1499 406 caput,
1527 367 1613 406 qnod
1637 368 1741 406 possit
1763 366 1919 408 reliquam
1943 367 2046 398 Euro-

1078 418 1151 448 pam
1191 408 1372 439 continere:
1423 408 1499 438 Das
1537 408 1590 438 die
1624 408 1835 440 chrisa-nbat
1868 414 1917 441 ein
1946 410 2047 451 haupt

1077 451 1175 489 hette,
1208 451 1315 481 daran
1346 451 1392 481 sie
1419 450 1484 481 sich
1515 450 1619 481 hulten
1650 452 1780 489 lcomlaee,
1814 453 1878 483 und
1907 453 1969 483 clas
1997 453 2047 484 ez‘n

1077 493 1163 524 solclt
1196 492 1332 524 amelzen
1369 493 1470 530 lzette,
1509 494 1570 524 dns
1609 494 1660 524 die
1702 495 1823 525 andern
1865 495 1963 525 ἦρι-νη
1996 497 2046 526 ein

1077 536 1176 567 scltetr
1198 535 1299 575 dnsnr
1321 536 1433 566 helten.
1479 535 1513 566 ln
1537 546 1602 576 quo
1627 537 1732 577 capite
1755 544 1843 567 esset
1867 539 2047 569 auctoritas

1077 580 1277 610 conveniens
1300 588 1427 609 summo
1450 576 1595 620 fastigio.

1163 629 1285 660 Verum
1303 628 1457 660 Christus
1474 630 1514 660 de
1532 628 1634 660 multo
1652 630 1830 660 maioribus
1853 632 1951 661 rebus
1974 642 2046 671 pre-

1078 677 1188 711 catur,
1211 682 1407 713 quamquam
1431 673 1526 703 etiam
1550 672 1590 702 de
1614 672 1792 703 concordia
1817 673 1902 704 dicit.
1949 673 2047 706 Prae-

1077 714 1172 754 cipue
1195 721 1269 745 sunt
1292 715 1345 745 hic
1367 715 1429 746 tria
1450 715 1611 745 membra:
1634 717 1771 754 primum
1795 717 1989 754 membrum,
2014 723 2049 748 ut

1077 764 1292 788 conservetur
1314 758 1453 795 veritas,
1476 767 1535 788 seu
1558 758 1682 797 puritas
1706 758 1889 788 doctrinae:
1925 758 2047 790 Secun-

1077 800 1168 836 dum,
1203 806 1237 830 ut
1267 801 1331 831 sint
1354 800 1538 831 concordes
1562 799 1747 837 Doctores,
1781 807 1810 831 et
1836 807 1868 831 ut
1893 807 1961 831 totu
1985 801 2046 832 Ec-

1078 842 1181 873 clesia
1200 843 1240 873 sit
1265 853 1424 874 concors:
1454 842 1580 880 Tertio,
1610 848 1645 873 ut
1668 843 1787 880 simus,
1811 844 1866 873 ubi
1890 845 1960 884 ipse
1983 851 2046 883 est,

1077 885 1108 914 id
1133 892 1200 922 est,
1230 891 1263 915 ut
1292 892 1428 926 propter
1456 885 1562 926 ipsum
1592 885 1750 917 donemur
1778 886 1897 917 iustitia
1927 894 1958 917 et
1982 888 2047 918 vita

1077 933 1220 958 aeterna.

1164 978 1302 1013 Quando
1326 978 1417 1009 dicit:
1440 978 1542 1009 Pater
1563 978 1729 1020 sanctifica
1752 990 1819 1010 eos:
1843 979 1985 1021 loquitur
2008 981 2048 1012 de

1077 1020 1269 1051 ministerio:
1298 1023 1392 1062 petit,
1421 1028 1455 1052 ut
1485 1028 1703 1053 conservetur
1725 1023 1892 1061 doctrina,
1916 1034 2048 1054 conser-

1078 1068 1172 1094 vetur
1195 1065 1405 1095 ministerium
1424 1071 1594 1104 perpetuo.
1638 1064 1691 1095 De
1710 1076 1729 1096 c
1788 1066 1887 1096 -ordia
1907 1066 1995 1104 dicit,
2015 1070 2048 1097 ut

1078 1106 1143 1137 sint
1162 1115 1257 1137 unum
1280 1107 1310 1137 ιή
1334 1107 1432 1137 nobis.
1477 1106 1630 1148 Denique
1653 1075 1805 1138 cummi:
1837 1108 1925 1146 Volo,
1940 1113 1974 1139 ut
1996 1109 2052 1140 ubi

1079 1158 1135 1186 eqo
1157 1158 1238 1186 sum,
1262 1149 1308 1180 z'bz'
1327 1150 1390 1180 sint
1413 1153 1443 1180 et
1465 1150 1542 1190 1'1251'3
1566 1157 1730 1190 precatur,
1751 1157 1785 1181 nt
1809 1161 2049 1193 consequamur

1078 1190 1223 1222 ultimum
1245 1191 1361 1230 finem,
1383 1193 1425 1223 ad
1448 1202 1544 1233 quem
1568 1191 1735 1235 colligitur
1757 1192 1928 1232 Ecclesia,
1962 1194 2048 1225 vide-

1078 1232 1154 1264 licet
1176 1239 1212 1265 ut
1231 1235 1334 1267 simus
1352 1235 1529 1276 participes
1547 1241 1701 1267 aeternae
1718 1238 1966 1268 consuetudinis
1986 1237 2047 1268 Dei

1078 1286 1152 1308 cum
1173 1287 1259 1318 ipsc.

1165 1328 1256 1359 Haec
1284 1329 1347 1359 tria
1369 1329 1467 1369 petit,
1497 1335 1528 1360 et
1551 1328 1635 1360 haec
1656 1330 1718 1361 tria
1742 1331 1886 1371 quotidie
1908 1341 1970 1362 nos
1993 1342 2048 1373 pe-

1079 1376 1149 1401 tere
1172 1372 1346 1409 debemus,
1377 1372 1463 1403 sicut
1486 1382 1600 1403 omnes
1624 1371 1738 1403 Sancti
1762 1371 1895 1404 faciunt.
1940 1373 2047 1405 Debe-

1080 1423 1152 1443 mus
1176 1419 1291 1445 nostra
1320 1420 1391 1445 vota
1421 1421 1453 1445 et
1476 1415 1615 1456 gemitus
1644 1416 1687 1445 ad
1710 1417 1931 1456 precationem
1954 1416 2048 1448 huius

1080 1457 1197 1486 summi
1231 1456 1418 1494 Pontificis‚
1453 1457 1568 1488 summi
1601 1459 1786 1489 sacerdotis
1815 1458 1871 1489 tilii
1902 1458 1965 1490 Dei
1992 1460 2049 1491 ad-

1081 1498 1229 1539 iungere,
1248 1507 1383 1540 propter
1406 1510 1502 1540 quem
1522 1500 1723 1532 exaudimur.
1769 1501 1852 1532 Nam
1870 1501 1953 1532 haec
1972 1503 2050 1534 dan-

1080 1546 1132 1571 tur
1154 1543 1267 1583 generi
1290 1542 1432 1573 humano
1450 1549 1585 1583 propter
1601 1543 1720 1583 ipsum,
1739 1555 1804 1575 non
1822 1551 1958 1586 propter
1976 1555 2048 1577 nos.

1080 1583 1150 1614 Nos
1178 1584 1314 1616 fruimur
1341 1585 1444 1625 ipsius
1472 1585 1587 1616 merito
1615 1591 1647 1616 et
1676 1587 1847 1618 beneficio.
1903 1587 1971 1619 Sed
1994 1598 2048 1619 cx-

1079 1627 1260 1666 pendamus
1283 1627 1430 1658 nonnihil
1453 1629 1599 1659 membra
1621 1628 1762 1669 singula.

1165 1677 1283 1715 Pater,
1316 1687 1413 1709 serra
1445 1688 1499 1710 eos
1532 1679 1565 1709 z‘n
1596 1680 1719 1710 nomine
1748 1684 1820 1711 tuo:
1852 1681 1883 1711 id
1914 1686 1983 1718 est,
2016 1682 2047 1713 in

1079 1721 1264 1761 agnitione,
1296 1721 1520 1759 invocatione,
1557 1720 1776 1754 celebratione
1805 1722 1931 1764 gloriae
1961 1730 2047 1756 tuae.

1081 1763 1201 1794 Omnes
1225 1762 1301 1794 illae
1330 1764 1553 1805 expositiones
1578 1771 1776 1796 concurrunt
1799 1766 1829 1796 in
1855 1777 1951 1797 unam
1974 1776 2049 1798 sen-

1080 1808 1228 1837 tentiam:
1263 1807 1347 1837 Petit
1380 1808 1507 1838 servari
1541 1807 1713 1847 puritatem
1744 1809 1931 1846 doctrinae,
1965 1810 2049 1842 sicut

1081 1856 1197 1889 postea
1219 1850 1289 1890 ipse
1312 1850 1460 1890 exponit:
1488 1859 1584 1880 serra
1612 1860 1666 1881 eos
1691 1851 1723 1881 in
1746 1853 1884 1883 rer-itate
1907 1856 1978 1889 tua;
2000 1862 2048 1884 re-

1080 1892 1203 1922 tineant
1227 1893 1407 1930 veritatem,
1430 1902 1615 1924 sermonem
1638 1900 1736 1924 tuum.
1783 1894 1868 1932 Quia
1893 1899 1964 1926 tuns
1982 1905 2048 1926 ser-

1080 1944 1130 1965 mo
1151 1938 1198 1965 est
1217 1939 1264 1965 est
1283 1936 1419 1966 veritam
1444 1935 1618 1977 Sancte‘fi'ca
1634 1946 1686 1967 eos
1695 1946 1757 1977 per
1768 1947 1940 1968 sermonem
1953 1942 2048 1979 tuum,

1081 1978 1137 2018 qui
1157 1981 1203 2008 est
1225 1979 1359 2009 verim&
1415 1977 1488 2009 Hoc
1516 1984 1624 2009 autem
1654 1978 1689 2010 fit
1715 1990 1773 2020 per
1796 1991 1912 2012 vocem
1942 1980 2048 2012 Evan—

1080 2019 1174 2061 gelii,
1197 2026 1231 2051 ut
1254 2021 1285 2051 in
1309 2021 1523 2063 sequentibus
1547 2022 1650 2062 inagis
1679 2022 1841 2054 declarat:
1876 2023 2047 2054 Retineant

1079 2073 1263 2094 sermonem
1287 2070 1394 2102 tuum,
1417 2070 1449 2095 et
1472 2070 1507 2095 tu
1529 2064 1576 2095 sis
1601 2062 1719 2096 efficax
1742 2075 1800 2107 per
1822 2064 1910 2097 illam
1933 2076 2047 2098 vocem

1078 2104 1258 2147 Evangelii.

1164 2156 1224 2187 Est
1256 2168 1322 2189 una
1353 2163 1386 2188 et
1419 2157 1531 2189 eadem
1567 2159 1729 2190 sententia
1763 2168 1864 2200 saepe
1899 2161 2046 2200 repetita,

1077 2200 1163 2231 sicut
1185 2200 1221 2231 fit
1243 2201 1275 2231 in
1298 2201 1557 2241 precationibus:
1585 2212 1681 2232 unam
1706 2207 1737 2232 et
1760 2202 1895 2233 eandem
1918 2211 2047 2234 senten-

1077 2243 1154 2274 tiam
1177 2252 1278 2283 saepe
1300 2243 1488 2284 repetimus.
1533 2243 1642 2275 Semel
1661 2245 1789 2285 qnidam
1812 2245 1898 2276 venit
1921 2246 1961 2275 ad
1985 2255 2047 2283 me,

1078 2286 1292 2327 interrogavit
1322 2287 1362 2317 (le
1389 2287 1596 2326 precatione,
1631 2297 1688 2318 cur
1718 2287 1812 2317 toties
1843 2294 2047 2328 repeteretur

1078 2329 1192 2359 eadem
1215 2329 1361 2369 precatio
1385 2328 1475 2359 Dixit
1499 2340 1562 2360 non
1588 2340 1663 2360 esse
1682 2330 1890 2369 repetendam
1911 2331 2045 2362 eandem

1078 2372 1318 2412 precationeni;
1341 2372 1416 2413 quia
1440 2379 1591 2412 repetens
1615 2372 1772 2402 dubitaret
1799 2373 1838 2403 de
1856 2374 1955 2413 priori
1975 2383 2046 2413 pre·

1078 2415 1218 2445 catione.
1270 2414 1374 2449 Quam
1406 2414 1507 2445 stulta
1536 2420 1585 2445 cst
1613 2413 1695 2445 haec
1723 2415 1917 2455 imaginatio⁴
1970 2416 2045 2447 Non

1077 2457 1151 2488 ideo
1175 2457 1356 2491 dubitatur,
1387 2458 1461 2498 quia
1489 2458 1646 2497 repetitur
1675 2459 1838 2498 precatio,
1863 2459 1923 2489 sed
1945 2459 2046 2501 signi·

1078 2499 1194 2530 ficatur
1217 2500 1406 2540 magnitudo
1430 2500 1597 2535 (lesiderii3
1623 2505 1654 2530 et
1685 2500 1820 2538 deinde,
1848 2501 1973 2532 etiamsi
1996 2508 2046 2533 est

1077 2540 1246 2573 confessio
1269 2540 1499 2573 imbecillitatis
1522 2552 1582 2573 seu
1606 2543 1826 2577 dubitationis,
1849 2549 1956 2575 tamen
1979 2555 2044 2575 non

57 2582 148 2613 orbis
166 2580 355 2614 Christiani:
374 2583 458 2614 sicut
476 2583 603 2614 memini
620 2580 874 2614 Maximilianum
893 2583 1025 2615 dedisse
1075 2591 1252 2626 propterea
1273 2583 1362 2615 nulla
1385 2592 1435 2614 est
1459 2584 1554 2623 fides,
1573 2595 1647 2616 nam
1673 2584 1755 2618 fides
1773 2586 1868 2617 etiam
1890 2585 2044 2629 languida

55 2624 242 2657 mandatum
264 2624 385 2668 legatis
408 2624 568 2657 Casimiro
591 2624 794 2662 Marchicni,
823 2632 855 2656 et
884 2625 1025 2658 Henrico

1077 2627 1175 2659 debet
1196 2636 1358 2658 crescere.

1785 2687 1817 2713 39
1828 2688 1842 2703 ⁸
