2324 2958
154 171 218 203 419

154 275 221 307 quo
245 271 296 294 est
318 262 531 293 ministerium
555 261 648 292 vocis
671 261 811 292 divinae.
859 259 920 291 Hic
948 265 1075 296 coetuS,
1098 257 1131 288 id

153 313 217 345 est,
240 304 405 343 Ecclesia,
429 310 481 335 est
503 303 690 342 foecunda;
713 313 815 344 saepe
837 303 932 344 parit,
952 307 1029 333 sunt
1046 310 1131 332 sem-

153 359 214 392 per
236 347 346 390 aliqua
368 357 447 378 vera
470 352 503 378 et
526 347 580 387 pia
601 346 750 378 membra
772 345 957 377 Ecclesiae.
996 343 1063 374 Sed
1086 343 1131 373 ita

153 391 253 433 parit:
277 395 409 431 oportet
432 388 538 431 scalpi
561 389 653 430 prius
676 387 778 427 ferro,
802 394 833 418 et
856 385 981 418 infundi
1005 384 1130 417 oleum:

153 435 186 467 id
209 439 272 471 est,
297 439 428 474 oportet
451 432 566 464 doceri
588 431 697 474 legem
721 438 752 463 et
776 428 1002 471 Evangelium.
1048 427 1132 459 Sunt

152 483 262 509 autem
284 475 369 517 legis
393 475 574 506 conciones
598 473 708 506 reales
732 472 949 505 calamitates.
996 470 1054 501 llis
1075 480 1131 502 ex-

154 525 244 552 ercet
266 518 361 550 Deus
383 516 579 556 Ecclesiam,
603 527 688 558 quae
707 513 939 547 universaliter
956 514 1063 555 magis
1082 518 1133 544 est

154 563 303 594 subiecta
336 561 513 599 aerumnis,
547 570 645 601 quain
667 558 752 590 aliae
776 562 909 600 gentes:
944 556 1032 598 quia,
1058 565 1132 587 cum

153 605 295 637 mundus
320 609 509 635 contemnat
542 607 729 644 peccatum,
764 607 794 631 et
817 599 970 631 iudicium
993 598 1067 637 Dei,
1101 603 1132 629 et

152 645 321 689 indulgeat
344 647 407 677 sibi
430 647 511 688 ipsi:
533 643 719 682 vultDcus,
742 641 925 674 Ecclesiam
945 650 1133 683 agnoscere

153 691 235 723 iram
257 699 372 725 suam3
397 690 539 730 castigat
563 698 646 725 eam,
670 697 711 718 ne
724 687 874 717 videatur
886 685 948 715 sibi
960 686 1133 721 innocenS,

154 739 188 765 et
221 733 380 765 cohercet
414 732 446 762 in
483 741 523 763 ea
556 730 778 766 securitatem,
815 734 846 759 et
879 727 1001 759 excitat
1033 733 1133 768 atque

153 776 242 808 acuit
264 775 507 816 poenitentiam.
552 772 594 804 Et
614 779 721 803 tamen
745 771 776 802 in
800 770 863 802 hac
891 771 964 811 ipsa
992 770 1134 811 castiga-

155 819 243 850 tione
266 817 402 849 affundit
425 816 546 854 oleum,
569 816 602 847 id
625 821 687 852 est,
712 813 905 846 consolatur
927 823 1012 844 eam.

240 860 300 892 Est
325 867 358 891 et
380 859 445 890 hoc
469 858 745 891 considerandum
768 857 800 888 in
825 858 887 887 ista
910 856 1070 898 imaginei:
1095 853 1132 886 li-

154 914 255 947 gnum
279 902 446 945 Sycamini
480 903 618 942 primum
652 901 810 942 mergitur
833 900 865 930 in
888 908 986 940 aqua,
1016 902 1135 938 postea

153 952 265 979 enatat
300 955 431 977 rursus:
462 945 517 975 Sic
540 942 692 975 Ecclesia
722 943 880 984 mergitur
902 942 934 972 in
958 939 1078 972 multas
1102 946 1134 972 et

153 998 294 1032 magnas
318 986 540 1023 difficultates,
564 993 599 1018 ut
622 986 771 1018 videatur
789 994 969 1027 oppressa3
992 984 1053 1015 sed
1076 983 1135 1014 ite·

154 1044 226 1065 rum
249 1032 398 1073 emergit.
442 1030 517 1062 Non
541 1030 713 1071 putrescit,
737 1038 801 1059 non
826 1026 972 1064 deletur,
1007 1026 1134 1058 etiamsi

153 1074 263 1108 multis
287 1074 393 1106 modis
417 1080 558 1105 vexatur
577 1079 608 1103 et
632 1070 802 1114 affligitur.
847 1070 958 1102 Simus
990 1068 1136 1101 contenti

155 1119 220 1150 hae
243 1115 384 1159 simplici
407 1115 687 1157 interpretatione,
713 1114 796 1149 Quia
819 1123 927 1155 aquae
948 1113 1069 1144 usitate
1092 1111 1134 1143 si-

156 1161 314 1201 gnificant
338 1158 591 1191 tribulationem.

156 1198 172 1205 “
242 1203 421 1234 Praeterea
454 1202 552 1233 etiam
586 1199 651 1231 hoc
685 1205 736 1231 est
770 1197 944 1240 pulchrum
968 1198 1134 1240 cogitatu:

155 1246 297 1279 Fructus
322 1245 489 1287 Sycamini
509 1253 582 1275 cum
605 1241 681 1274 oleo
705 1252 847 1273 rosaceo
867 1241 1014 1272 medetur
1037 1238 1136 1271 febri-

157 1291 231 1328 bus,
253 1289 285 1320 id
309 1295 373 1326 est,
394 1286 449 1319 lex
471 1284 559 1318 valet
584 1295 657 1316 cum
679 1283 878 1325 Evangelio:
910 1283 980 1314 Lex
1004 1288 1054 1314 est
1079 1283 1137 1313 bo-

155 1343 199 1365 na
222 1343 297 1365 cum
315 1330 394 1362 fide:
416 1339 518 1372 opera
540 1327 637 1370 legis,
659 1328 736 1359 item
759 1325 933 1367 disciplina
953 1330 1029 1356 sunt
1050 1326 1137 1356 bona

156 1386 230 1409 cum
255 1374 330 1406 fide.

240 1417 346 1449 Etiam
370 1414 553 1457 prophetae
574 1412 725 1445 luserunt
747 1410 812 1442 hac
835 1411 986 1452 imagine.
1033 1410 1137 1441 Amos

155 1460 278 1502 inquit:
314 1459 386 1489 Non
417 1468 498 1488 cram
522 1456 695 1497 propheta,
726 1464 822 1496 neque
843 1453 926 1493 filius
950 1452 1137 1493 prophetae,

156 1504 212 1534 sed
246 1503 468 1532 armentarius.
504 1499 651 1530 vellicans
684 1507 737 1528 seu
766 1496 910 1536 scalpens
942 1497 1138 1536 sycaminos:

156 1546 253 1589 quasi
287 1546 388 1578 dicat:
424 1543 498 1575 Hoc
531 1548 582 1575 est
616 1551 724 1574 meum
746 1539 908 1572 officium:
944 1539 1051 1570 debeo
1075 1547 1138 1570 vos

156 1588 323 1631 scalpere,
346 1594 378 1620 et
402 1587 568 1629 castigare
592 1583 839 1627 praedicatione
863 1581 960 1625 legiS‚
984 1581 1138 1613 sicutdu-

157 1632 238 1665 riter
260 1632 403 1673 castigat
425 1629 544 1667 Amos,
568 1629 653 1660 adeo
677 1633 712 1659 ut
741 1625 898 1658 Amasias
920 1623 966 1656 illi
995 1625 1138 1662 mandet,

156 1681 193 1708 ut
215 1674 366 1707 discedat
395 1684 436 1706 ex
467 1673 614 1716 regione.
660 1669 812 1702 Graecus
834 1670 997 1710 interpres
1021 1667 1139 1699 eodem

157 1719 261 1751 verbo
280 1727 362 1750 usus
386 1723 450 1754 est,
474 1725 540 1758 quo
563 1712 816 1755 Theophrastus
840 1718 871 1743 et
902 1710 1137 1742 Dioscorides:

158 1764 264 1801 κνίζων
288 1765 443 1798 συκαμίνα.
510 1758 594 1790 Nam
625 1758 675 1788 sic
702 1762 735 1788 et
763 1754 1013 1797 Theophrastus
1035 1753 1139 1795 inquit

157 1803 216 1836 lib.
239 1805 270 1836 4.
295 1804 336 1835 de
358 1802 458 1844 plant·
485 1812 558 1842 cap.
592 1800 622 1831 2.
657 1802 708 1830 καὶ
741 1803 864 1830 πίπτειν
891 1797 925 1828 οὐ
955 1797 1089 1835 δύναται,
1113 1797 1140 1826 εἰ

158 1848 200 1887 μὴ
223 1849 404 1878 imm—toan.
429 1845 496 1876 ἀλλ’
517 1846 634 1884 ἔχοντες
657 1841 765 1882 ὄνυχας
782 1841 907 1882 σιδηρᾶς
930 1841 1136 1878 ἐπικνίζουσιν.

157 1889 200 1922 Et
223 1889 459 1922 Dioscorides:
489 1887 565 1926 μηδὲ
596 1898 657 1917 nen
685 1886 837 1923 αινόμενον
861 1883 932 1924 δίχα
955 1883 1007 1913 τοῦ
1029 1886 1138 1913 iniun-

159 1934 274 1971 σθῆναι
296 1932 392 1971 ὄνυχι,
417 1929 434 1969 ὃ
457 1930 584 1972 σιδήρῳ.

245 1975 502 2007 'transferamus
526 1974 588 2005 iam
612 1972 709 2004 etiam
732 1970 774 2002 ad
804 1970 977 2012 imaginem
1006 1965 1140 1999 schola-

160 2029 243 2051 rum.
267 2016 392 2050 Schola
415 2017 512 2048 debet
536 2016 675 2057 gignere
698 2013 838 2050 tructus,
863 2013 1006 2044 educare
1029 2011 1139 2042 iuven-

160 2068 275 2098 tutem,
310 2069 509 2102 praeparare
545 2058 677 2099 ingenia
705 2057 744 2087 nd
770 2054 941 2087 utilitatem
965 2052 1140 2085 Ecclesiae

160 2111 193 2137 et
216 2103 442 2146 Reipublicae.
489 2102 523 2132 ld
547 2111 627 2132 vero
648 2100 694 2138 fit,
727 2097 923 2140 scalpendo,
958 2107 1019 2128 seu
1043 2097 1139 2127 casti-

186 2147 286 2185 ando,
319 2152 352 2178 et
371 2144 574 2177 infundendo
598 2141 684 2180 oleo,
709 2142 868 2173 tradendo
889 2141 1010 2172 bonnm
1034 2145 1065 2170 et
1090 2149 1141 2170 sn-

175 2197 302 2223 utarem
336 2189 531 2221 doctrinam.
598 2184 744 2217 Scholae
773 2191 845 2216 sunt
879 2190 996 2215 coetus
1020 2182 1141 2213 docen-

161 2234 240 2265 tium
260 2239 291 2264 et
314 2232 520 2264 discentium.
545 2230 579 2262 ln
602 2229 655 2260 his
679 2234 810 2269 oportet
834 2236 910 2258 esse
934 2224 1140 2266 disciplinam

159 2283 194 2309 et
216 2276 408 2307 doctrinam.
477 2272 512 2305 St
543 2278 739 2314 praeceptor
769 2269 866 2301 vellet
891 2275 1017 2301 tantum
1042 2268 1140 2300 casti-

164 2329 257 2362 gare,
281 2325 313 2350 et
337 2329 404 2350 non
417 2321 539 2349 docere
551 2313 656 2352 utilia,
679 2324 745 2346 non
770 2319 858 2344 esset
882 2312 1022 2343 idoneus
1046 2320 1140 2353 prue-

162 2369 291 2403 ceptor.
316 2361 498 2402 [tx-unique
522 2364 653 2400 oportet
677 2357 831 2398 coniungi
862 2362 892 2386 et
917 2353 1141 2386 scholasticos

164 2411 294 2448 oportet
318 2405 417 2436 etiam
442 2409 616 2444 utrumque
639 2400 821 2434 admittere.

252 2447 310 2478 llis
345 2447 461 2478 dicbus
496 2444 682 2477 examinavi
716 2441 894 2485 quendum,
929 2446 959 2472 et
995 2439 1141 2480 comperi

164 2497 291 2524 tantam
315 2490 488 2527 inscitiam,
511 2495 627 2521 utnon
641 2487 755 2518 mirum
778 2485 833 2521 sit,
857 2484 885 2515 si
909 2488 1045 2526 propter
1056 2481 1142 2513 hanc

164 2534 270 2567 solam
294 2532 525 2575 negligentiam
551 2531 679 2562 veniant
705 2537 845 2570 magnae
873 2535 1011 2568 poenae.
1036 2525 1142 2560 Quum

165 2586 260 2619 turpe
291 2583 352 2612 cst,
386 2568 413 2606 {i
449 2581 627 2615 quaeratur
657 2583 696 2602 cv<
721 2568 934 2602 adolescente
961 2569 997 2599 1-1
1022 2574 1076 2599 aut
1105 2567 1143 2598 1⁴3

166 2631 338 2652 annorum.
362 2619 415 2660 qui
441 2624 593 2648 xersatus
616 2622 666 2647 cst
691 2616 720 2645 in
746 2612 900 2645 Scholia:
938 2611 1018 2640 limo·
1055 2610 1141 2641 (Ἰανί-

791 167 900 198 PHlL.
925 166 1026 198 MEL.
1050 163 1234 197 SCRIPTA
1260 163 1524 195 EXEGETwA.

1163 2257 1171 2637 1

2098 166 2161 197 4:20

1184 257 1330 286 mamas?
1352 262 1386 288 et
1408 255 1463 289 ille
1486 257 1706 298 respondeat:
1730 259 1814 287 Sum.
1859 256 1987 289 Deinde
2010 267 2091 290 vero
2112 257 2161 290 ul-

1184 300 1287 331 terius
1310 306 1463 342 rogatus:
1491 300 1581 330 Unde
1599 301 1671 333 scis,
1701 300 1785 339 qnod
1807 301 1851 329 sis
1875 300 2097 332 Christianus?
2129 309 2161 333 et

1184 341 1241 373 ille
1263 341 1343 374 nihil
1364 342 1460 380 sciat,
1483 343 1572 384 quod
1595 343 1798 383 respondere
1820 343 1937 383 possit.
1965 343 2046 375 Item
2064 344 2092 375 si
2114 344 2162 375 in-

1184 391 1389 427 terrogetur:
1414 385 1497 414 Esne
1523 385 1651 416 anca?
1694 385 1769 416 Non
1791 395 1875 417 sum.
1921 385 2049 420 Quare?
2079 385 2164 418 Tum

1183 426 1264 458 nihil
1286 426 1427 469 amplius
1451 429 1532 466 scit,
1557 428 1644 469 quod
1669 428 1879 469 respondeat.
1924 429 2047 461 Annon
2069 430 2163 471 pueri

1184 471 1280 502 etiam
1294 469 1527 509 balbutientes,
1549 471 1635 502 scire
1659 471 1815 502 deberent
1835 472 1885 502 sic
1896 473 2162 513 respondendum

1185 523 1274 544 esse:
1311 513 1392 547 Quia
1415 524 1479 543 snm
1498 513 1687 552 baptizatus.
1724 517 1753 542 et
1773 513 1866 545 rredo
1888 524 1991 546 onmes
2013 515 2163 546 articulos

1181 556 1258 595 fidet
1267 555 1284 587 ’.ι

1270 597 1380 629 Alium
1403 599 1499 630 etiam
1523 609 1626 639 nuper
1650 599 1861 640 interrogavi,
1918 600 1950 631 ui
1978 598 2038 632 suit
2072 601 2163 643 quin-

1185 641 1361 682 quennium
1383 641 1415 671 in
1439 640 1628 679 Academia,
1653 642 1692 672 de
1706 641 1893 673 discrimine
1924 643 1995 684 egis
2014 649 2046 674 et
2057 643 2164 675 Evan-

1186 681 1274 726 gelii.
1319 681 1407 714 Nihil
1429 684 1536 715 scivit.
1580 683 1668 715 Nihil
1691 685 1894 725 respondere
1914 686 2029 726 potuit.
2074 684 2164 718 Talis

1185 724 1389 767 negligentia
1411 725 1564 758 affectata
1588 727 1753 768 punienda
1776 733 1859 765 erat,
1894 737 1961 758 non
1986 733 2110 760 tantum
2132 729 2165 760 iu

1185 769 1259 800 istis
1283 767 1565 807 adolescentibus,
1590 770 1651 801 sed
1675 771 1772 801 etiam
1795 770 1826 801 in
1856 771 2060 811 parentibus
2106 771 2165 802 Sa-

1185 810 1301 842 lomon
1334 811 1451 852 inquit:
1485 811 1610 845 Filiam,
1645 823 1730 852 quem
1760 813 1870 852 aliliyit
1887 818 1993 852 pater,
2018 815 2164 853 castique.

1186 853 1229 885 Et
1252 852 1376 885 Paulus
1410 855 1582 895 praecipit,
1610 854 1652 884 Ut
1673 860 1821 894 parentes
1840 855 1970 886 educent
2000 856 2112 889 liberos
2133 859 2166 886 in

1187 897 1334 926 clocfrina
1359 900 1388 926 et
1422 896 1595 936 disciplina
1618 897 1754 929 Domini.
1822 898 1889 930 Sed
1913 899 1989 941 quia
2011 898 2077 932 hoc
2099 909 2167 931 non

1187 939 1223 970 fit
1246 949 1306 981 per
1327 938 1490 977 homines,
1514 938 1608 971 Deus
1631 941 1763 972 tandem
1786 942 1966 984 castigabit
1987 942 2086 974 istam
2110 952 2166 974 ne·

1188 981 1378 1025 gligentiam
1402 988 1575 1023 parentum
1600 988 1632 1013 et
1653 980 1843 1014 liberorum.

1275 1025 1342 1056 Sed
1365 1025 1466 1056 redeo
1489 1025 1532 1056 ad
1556 1025 1726 1056 historiam
1749 1024 1905 1057 Zachaei.
1950 1025 1982 1056 ls
2017 1027 2166 1058 ascendii

1188 1068 1358 1099 arborem:
1382 1068 1467 1100 sicut
1489 1068 1520 1099 in
1545 1066 1742 1109 Sycomoro.
1765 1067 1840 1099 Fuit
1862 1073 1961 1099 antea
1982 1067 2038 1099 vel
2056 1067 2169 1100 Ethai-

1189 1120 1261 1149 cus,
1295 1109 1351 1142 vel
1386 1116 1477 1142 certe
1510 1109 1716 1151 prophanus,
1755 1117 1974 1142 conversatus
2010 1117 2062 1143 est
2094 1121 2170 1143 cum

1188 1152 1359 1191 Romanis,
1394 1159 1528 1185 secutus
1553 1159 1603 1185 est
1625 1163 1738 1185 eorum
1763 1154 2038 1192 coniunctionem,
2069 1151 2171 1185 coluit

1189 1205 1263 1227 cum
1287 1197 1334 1227 eis
1359 1196 1540 1227 amicitiam·
1566 1195 1635 1227 Nec
1659 1205 1768 1227 mores
1792 1203 1825 1227 et
1847 1197 1915 1227 w'ta
1938 1197 2008 1228 eius
2024 1195 2084 1228 fuit
2105 1195 2171 1229 alia

1190 1248 1289 1280 quam
1311 1237 1538 1270 Ethnicorum.
1569 1238 1665 1270 Nunc
1689 1249 1782 1277 vero,
1805 1244 1839 1270 ut
1865 1245 2091 1278 convertatur,
2113 1239 2170 1270 ad·

1190 1281 1294 1312 iun->it
1318 1289 1355 1312 se
1378 1281 1443 1312 isto
1466 1280 1601 1323 populo,
1625 1282 1679 1312 ubi
1704 1288 1801 1312 sonat
1814 1283 1965 1313 doctrina
1988 1280 2093 1325 legis,
2115 1282 2171 1314 ubi

1191 1333 1231 1354 ex
1283 1323 1431 1365 rophe-tis
1455 1325 1627 1355 discuntur
1648 1324 1899 1365 promissiones.

1278 1365 1326 1397 lta
1350 1371 1381 1397 et
1406 1376 1468 1397 nos
1492 1372 1619 1398 stamus
1641 1367 1675 1397 in
1699 1365 1897 1408 Sycomoro,
1933 1377 2007 1398 eum
2040 1367 2171 1400 accedi-

1190 1417 1264 1440 mus
1293 1409 1336 1440 ad
1370 1407 1462 1440 illum
1496 1415 1639 1446 coetum,
1667 1409 1724 1441 ubi
1748 1415 1800 1440 est
1821 1409 2048 1441 ministerium.
2115 1410 2171 1442 Sic

1192 1456 1430 1482 convertuntur
1459 1457 1589 1493 genteS,
1617 1452 1668 1483 sie
1690 1452 1884 1492 perveniunt
1907 1452 1951 1483 ad
1972 1453 2172 1495 agnitionem

1191 1493 1328 1531 Christi,
1352 1505 1426 1526 cum
1449 1495 1611 1526 accedunt
1632 1495 1675 1526 ad
1699 1494 1932 1537 Sycomorum,
1955 1496 2092 1527 audiunt
2114 1505 2172 1526 vo·

1192 1546 1262 1568 cem
1296 1537 1482 1568 ministerii:
1517 1537 1628 1569 sinunt
1650 1547 1688 1569 se
1711 1539 1804 1580 argui
1827 1536 1920 1580 lege,
1948 1543 1980 1569 et
2002 1538 2173 1580 eriguntur

1192 1578 1423 1612 consolatione
1446 1579 1630 1623 Evangelii.
1697 1581 1781 1612 Nam
1803 1581 1875 1612 sine
1897 1578 2081 1623 Evangelio
2105 1591 2171 1612 non

1192 1622 1227 1653 fit
1252 1623 1383 1654 vocatio
1402 1622 1444 1654 ad
1467 1623 1618 1655 salutem.
1685 1623 1828 1665 Oportet
1850 1632 1966 1654 omnes
1989 1622 2172 1655 salvandos

1191 1665 1306 1697 audire
1325 1666 1508 1698 doctrinam
1530 1667 1562 1697 in
1586 1664 1728 1707 templis,
1752 1663 1895 1697 scholis:
1924 1666 2009 1697 sicut
2039 1666 2172 1697 dicitur:

1191 1708 1287 1739 Fides
1327 1719 1367 1738 m·
1394 1709 1504 1739 auditu
1527 1713 1583 1740 est.
1631 1708 1706 1740 ldeo
1730 1715 1860 1750 oportet
1891 1718 1952 1739 nos
1983 1709 2169 1741 consociari

1193 1762 1267 1783 cum
1301 1750 1467 1790 Ecclesia,
1501 1761 1586 1793 quae
1621 1757 1671 1783 cst
1706 1758 1821 1783 coetus
1844 1757 2051 1790 vocatorum,
2084 1758 2115 1783 et
2140 1752 2172 1783 in

1192 1794 1257 1826 hoc
1291 1801 1388 1826 coetu
1423 1805 1442 1825 ο
1467 1801 1551 1825 ortet
1587 1804 1650 1825 nos
1684 1794 1814 1825 discere
1843 1792 2059 1835 Evangeltum
2081 1801 2114 1826 et
2138 1802 2171 1826 ut

1193 1836 1258 1868 hoc
1276 1838 1372 1869 nobis
1397 1805 1587 1871 dulpeescat:
1611 1843 1737 1877 oportet
1759 1846 1822 1867 nos
1846 1847 1905 1878 per
1925 1836 2032 1879 legem
2051 1837 2170 1868 adduci

1192 1880 1234 1912 ad
1258 1880 1457 1921 agnitionem
1492 1886 1523 1911 et
1558 1890 1691 1911 sensum
1725 1886 1936 1920 peccatorum
1970 1885 2170 1911 nostrorum.

1193 1922 1294 1958 Quod
1317 1933 1392 1954 cum
1416 1922 1462 1961 fit,
1485 1924 1653 1954 ardentius
1677 1923 1840 1963 expetitur
1863 1920 2063 1955 consolatio.
2131 1922 2169 1954 Et

1193 1966 1242 1996 sic
1266 1966 1444 2008 gignuntur
1468 1965 1610 2003 fructus,
1640 1965 1670 1996 id
1694 1971 1765 2003 est,
1788 1975 1889 2007 opera
1912 1964 1986 1997 Deo
2009 1971 2117 2007 grata,
2140 1972 2170 1997 et

1193 2009 1289 2040 nobis
1313 2008 1481 2040 salutaria.

1281 2050 1372 2083 Talia
1407 2052 1535 2083 debetis
1571 2051 1734 2093 cogitare,
1768 2057 1802 2082 ut
1837 2051 2030 2093 agnoscatis
2064 2050 2172 2083 Deum

1195 2093 1340 2126 voluisse
1374 2093 1474 2126 multa
1509 2095 1604 2136 signa
1634 2104 1715 2126 suae
1738 2094 1919 2136 sapientiae
1942 2093 2118 2127 ostendere
2142 2095 2172 2125 in

1195 2138 1295 2169 rebus
1319 2137 1583 2179 significantibus
1606 2135 1728 2179 aliquid
1752 2137 1783 2168 in
1806 2143 1935 2168 natura.
2002 2136 2076 2168 Non
2099 2137 2173 2168 sitis

1194 2186 1260 2212 tam
1276 2181 1418 2218 barbari,
1442 2186 1471 2211 et
1487 2186 1651 2223 agrestes,
1665 2186 1699 2212 ut
1713 2179 1791 2212 nihil
1807 2180 1929 2212 curetis
1946 2179 2171 2212 eruditionem.

1280 2222 1461 2254 Videamus
1496 2225 1596 2265 igitur
1629 2229 1661 2255 et
1686 2228 1818 2255 caetera
1839 2220 2021 2260 vocabula,
2055 2223 2089 2254 in
2107 2222 2172 2255 hoc

1196 2272 1297 2303 textu,
1322 2267 1353 2297 in
1377 2266 1496 2308 quibus
1520 2272 1570 2297 est
1595 2264 1716 2308 aliquid
1746 2265 1896 2297 eruditae
1918 2265 2171 2297 Granum-tiene.

1280 2309 1316 2337 Si
1349 2319 1435 2349 quem
1469 2309 1667 2348 defraudavi.
1702 2309 1803 2351 lnquit
1822 2307 2007 2341 zachaeus.
2043 2307 2173 2339 reticium

1192 2352 1409 2392 quadruplam.
1456 2352 1490 2384 ln
1515 2352 1649 2384 Gmeco
1671 2358 1721 2383 est
1747 2351 1984 2392 iou-roqu'vrm,
2002 2350 2035 2382 ld
2058 2357 2122 2387 est,
2145 2353 2174 2380 π’

1193 2406 1278 2435 quem
1297 2406 1356 2435 prr
1379 2395 1560 2425 mlmnm'mn
1579 2396 1729 2435 oppressi.
1787 2394 1908 2426 Graeci
1937 2392 2061 2426 habent
2083 2391 2173 2426 aliud

1196 2439 1342 2470 verbnm.
1367 2438 1526 2479 νοσφίζυν,
1551 2438 1639 2480 quod
1663 2439 1759 2470 etiarn
1783 2437 1948 2480 significat
1970 2436 2173 2475 delimatam.

1195 2480 1318 2512 Paulus
1342 2491 1382 2513 eo
1406 2483 1508 2513 verbo
1533 2482 1640 2514 utitur.
1704 2480 1765 2512 Est
1793 2486 1902 2513 autem
1932 2481 2083 2521 νοηίζιιν
2123 2490 2174 2512 ro-

1195 2524 1277 2566 prie.
1300 2523 1422 2566 aliquid
1447 2525 1488 2556 de
1510 2523 1619 2556 alieno
1642 2524 1685 2556 ad
1708 2533 1785 2555 sese
1808 2523 1987 2555 attrahere:
2011 2533 2033 2565 q
2129 2521 2174 2554 di·

1196 2579 1266 2598 cas.
1303 2568 1479 2609 seiungere
1502 2567 1564 2599 sibi
1589 2566 1712 2608 aliquid
1737 2569 1779 2598 ab
1808 2565 1898 2605 aliis,
1931 2566 2114 2598 netu-otus·
2138 2563 2174 2596 il-

1195 2608 1249 2641 lud
1275 2610 1314 2640 :id
1340 2621 1377 2640 so
1401 2610 1547 2641 trahere:
1574 2609 1695 2651 aliquid
1718 2608 1861 2651 amplius
1890 2609 1952 2640 sibi
1983 2608 2173 2645 attribuere,
