2324 2958
162 241 224 274 749

150 343 186 366 et.
207 333 320 365 Filius.
342 334 456 366 *Sicut
479 333 596 365 dicitur
618 331 651 363 in
675 330 854 372 Propheta:
889 332 1060 371 Effimdam
1083 333 1124 364 de

153 379 275 418 Spiritu
307 387 383 408 meo.
440 375 515 407 Ubi>
536 374 710 416 Emphasis
744 381 795 405 est
828 375 859 404 in
893 384 993 405 voce:
1034 376 1124 406 Meus

150 421 304 460 qtin'ms:
325 418 489 460 signifieat
510 428 555 450 se·
577 417 668 459 loqui
691 417 732 448 de
755 416 877 457 Spiritu
905 418 1123 448 consubstan-

152 461 229 493 tiali.
275 461 339 492 Per
361 462 449 493 hune
473 460 606 502 copulat
627 469 690 491 nos
713 458 775 490 sibi
798 458 890 490 Deus
919 459 1124 490 mirabiliter:

150 503 254 535 Cuius
275 504 320 534 rei
348 501 523 544 imaginem
556 501 727 534 sumamus
747 511 788 532 ex
812 511 914 532 sensu
938 500 1056 540 osculi,
1092 503 1124 532 in

149 556 215 587 quo
250 545 488 577 transfunditur
521 545 662 587 Spiritus
695 542 806 575 vitalis
840 554 880 575 ex
905 545 1006 575 eorde
1029 554 1125 575 oscu-

149 587 258 620 lantis.

236 629 392 662 Osculum
412 637 461 661 est
485 630 645 672 quaedam
668 627 848 660 transfusio
861 629 1011 669 Spiritus,
1047 629 1124 660 ldco

150 674 320 713 Scriptura
344 683 445 713 saepe
469 672 554 704 hanc
576 673 748 713 imaginem
772 670 927 702 transfert
949 672 991 702 ad
1004 670 1123 709 Deum,

150 722 185 748 ut
206 717 238 747 in
258 715 421 747 Canticis:
449 717 616 747 Osculetm·
637 724 687 746 me
710 717 814 745 osculo
836 719 905 745 oris
925 715 995 746 sui:
1017 715 1125 756 Signi-

150 759 266 790 ficatur
290 758 396 789 Deum
428 756 658 788 transfundere
687 758 717 787 in
747 767 808 788 nos
833 758 986 797 Spiritum
1017 767 1123 794 suum,

147 808 181 832 et
205 803 253 832 si(-
277 801 460 832 accendere
482 801 514 831 in
532 800 628 831 nobis
651 809 795 830 amorem
808 799 882 837 Dei,
909 807 937 830 et
957 798 1121 830 laetitiam.

234 844 444 884 Aspiciamus
463 849 624 879 naturam,
646 848 680 873 et
702 843 886 883 cogitemus
911 843 950 873 de
969 842 1123 873 mirandis

149 886 304 928 operibus
328 885 391 916 Dei
424 887 457 916 in
488 885 603 922 nobis,
637 892 669 915 et
703 883 799 915 simul
834 884 1122 916 commonefiamus

148 930 190 961 de
212 927 435 970 spiritualibus
458 927 520 959 Dei
545 927 713 958 beneficiis
736 937 817 969 erga
839 937 910 959 nos,

234 972 362 1003 Sensus
397 969 501 1002 osculi
535 977 585 1001 est
619 969 794 1008 mirabilis,
836 976 867 1001 et
900 976 952 1001 est
984 969 1016 999 in
1049 967 1123 1000 sola

148 1020 265 1046 natura
298 1013 451 1045 humana.
518 1011 585 1043 Alit
617 1022 782 1050 amorem,
823 1014 886 1043 imo
921 1010 1123 1043 transfundit

147 1067 293 1089 amorem
325 1067 390 1088 una
424 1066 497 1087 cum
531 1056 718 1096 spiritibus:
759 1056 845 1086 sicut
886 1055 982 1086 etiam
1022 1052 1123 1085 multa

147 1110 276 1131 venena
307 1100 356 1130 sic
389 1097 644 1130 transferuntur.
699 1098 796 1139 Apud
825 1097 1036 1129 Theocritum
1071 1102 1122 1128 est

147 1142 203 1174 hie
224 1152 355 1174 versus:

203 1211 299 1250 Φεῧγε
321 1209 410 1241 κακὸν
432 1209 464 1240 τὸ
487 1212 619 1250 φίλημα,
642 1207 677 1238 td
699 1210 798 1248 χείλεα
821 1207 977 1248 φάρμακον
999 1210 1066 1237 ἐντί.

202 1254 287 1292 Fuye
308 1253 417 1282 malum
439 1251 590 1285 osc-ulma,
613 1250 703 1279 labra
726 1260 868 1279 venenum
889 1251 922 1279 in
944 1260 976 1279 se
997 1249 1118 1280 hubent.

190 1320 194 1326 ’
232 1311 277 1342 lta
307 1310 422 1342 Venus
450 1309 594 1352 loquitur
621 1310 662 1341 de
685 1308 856 1351 Cupidine.
902 1309 969 1341 Sed
992 1320 1054 1341 nos
1078 1311 1118 1341 de

146 1354 220 1386 Deo
254 1355 454 1395 cogitemus,
481 1353 569 1395 quod
603 1351 767 1384 lohannes
802 1352 921 1394 inquit:
955 1353 1043 1382 Deus
1072 1353 1118 1382 da:-

145 1397 237 1427 lectio
260 1402 320 1426 est:
343 1396 374 1427 id
397 1402 461 1434 est,
477 1406 555 1427 vere
578 1402 611 1427 et
633 1395 724 1427 serio
743 1405 806 1426 nos
829 1394 944 1437 diligit,
962 1402 994 1426 et
1013 1402 1118 1426 trans-

145 1439 251 1472 fundit
283 1440 314 1470 in
348 1449 410 1469 nos
445 1439 591 1479 spiritum
621 1448 680 1469 seu
711 1437 843 1475 natum,
878 1439 933 1479 qui
956 1444 1005 1469 est
1029 1437 1117 1469 velut

144 1482 285 1520 flamma,
309 1491 368 1512 seu
390 1481 586 1518 incendium,
600 1481 746 1511 vicissim
757 1481 946 1512 accendens
971 1479 1116 1512 dileetio-

145 1535 218 1557 nem
243 1525 273 1556 in
297 1524 394 1555 nobis
417 1533 498 1565 erga
521 1523 636 1555 Deum.

230 1566 283 1599 De
310 1566 362 1597 his
391 1567 490 1597 tantis
521 1566 620 1597 rebus
649 1571 780 1596 moneat
802 1575 865 1596 nos
889 1566 1032 1596 narratio
1053 1567 1116 1597 ista

144 1608 330 1651 Evangelii:
356 1608 498 1639 Christus
518 1609 688 1647 insufflavit
709 1610 770 1642 eis,
794 1612 824 1637 et
845 1608 947 1638 dixit:
971 1610 1116 1648 Accipite

144 1652 295 1692 Spiritum
318 1655 466 1681 sanetum.
495 1651 578 1682 Hinc
608 1656 698 1682 recte
721 1657 931 1682 exstruuntur
954 1650 1015 1682 hae
1039 1662 1116 1682 con·

144 1695 350 1737 sequentiae:
381 1693 524 1724 Christus
551 1694 641 1731 inflat
669 1693 820 1733 Spiritum
848 1698 999 1723 sanctum:
1027 1694 1115 1733 Eryo

143 1741 189 1767 est
223 1748 308 1767 verus
336 1736 443 1773 Dea„
477 1736 552 1778 quia
587 1734 690 1767 solius
719 1736 948 1777 omnipotentis
978 1743 1115 1768 naturae

144 1786 196 1811 est
225 1780 367 1821 spirare,
400 1785 433 1811 et
466 1780 593 1810 mittere
622 1779 776 1820 Spiritum
811 1785 972 1810 sanetum.
1024 1779 1114 1818 Item,

143 1822 282 1862 Spiritus
302 1825 426 1851 sanctus
452 1822 548 1851 datur
569 1831 629 1861 per
657 1821 825 1851 Christum:
859 1821 945 1860 Eryo
974 1821 1027 1851 nbi
1055 1833 1114 1851 non

143 1869 190 1894 cst
223 1866 343 1903 ayt-'itio
378 1863 510 1899 Christi,
547 1864 592 1893 ibi
630 1875 691 1893 non
731 1867 778 1893 est
809 1864 948 1903 Spiritus
981 1869 1113 1894 sanetus.

144 1907 242 1945 ltem,
282 1907 370 1936 Sicut
406 1906 546 1936 Christus
577 1906 628 1935 hic
661 1907 752 1945 asflat
785 1906 960 1946 discipulos
992 1908 1115 1946 Spiritu

142 1954 266 1980 taneto:
296 1950 351 1978 Sic
381 1949 517 1978 ommibus
539 1949 725 1988 temporibus
746 1953 921 1979 sustentans
941 1949 1114 1979 Ecclesiam

143 1994 234 2031 afflat
255 2002 321 2022 eum
342 1992 465 2031 Spiritu
487 1995 605 2021 sancto.
651 1992 745 2023 ltem:
769 1992 877 2024 Datur
898 1991 952 2024 hie
972 1992 1113 2034 Spiritus

143 2044 278 2067 sancius
302 2045 376 2066 cum
398 2033 522 2065 affiatu.
546 2034 757 2076 significatur
777 2036 887 2078 igitur,
905 2036 992 2076 quod
1016 2035 1114 2077 Spiri-

144 2086 196 2110 tus
220 2085 357 2109 sanctus
387 2078 429 2107 sit
457 2084 563 2108 motor
591 2083 624 2108 et
653 2078 810 2119 agitator,
845 2077 997 2110 videlieet
1021 2089 1113 2110 amor

142 2127 174 2152 et
196 2120 319 2152 laetitia
341 2118 568 2151 substantialis
590 2120 623 2150 in
646 2119 736 2157 Deo,
758 2127 790 2151 et
813 2120 944 2152 flamma
966 2131 1111 2153 amorem

143 2171 174 2195 et
196 2163 351 2194 laetitiam
375 2163 406 2193 in
430 2163 525 2193 nobis
548 2163 747 2194 accendens.

228 2205 464 2237 Discernamus
487 2211 594 2236 autem
618 2205 772 2246 Spiritum
795 2214 961 2245 sanctum,
985 2207 1037 2248 qui
1060 2213 1111 2238 est

142 2248 336 2290 ὑφιστάμενον
364 2259 384 2279 a
411 2249 552 2279 motibus
583 2248 714 2279 creatis.
769 2246 847 2280 ltem
881 2250 1110 2281 discernamus

142 2298 250 2323 motus
284 2297 415 2322 creatos
445 2292 476 2321 in
511 2289 676 2328 Ethnicis,
710 2296 743 2321 et
770 2291 802 2321 in
829 2290 919 2330 aliis,
952 2293 1006 2333 qui
1034 2299 1110 2324 sunt

142 2344 221 2366 vere
253 2334 367 2365 renati.
424 2334 497 2364 Non
532 2333 689 2364 debemus
723 2333 921 2365 contendere
953 2335 1110 2376 Spiritum

140 2383 290 2408 sanctum
324 2387 402 2408 esse
435 2383 559 2407 tantum
590 2376 800 2418 agitationem
830 2384 973 2408 creatam
997 2379 1027 2409 in
1050 2378 1109 2409 ho-

141 2420 244 2457 mine,
279 2420 363 2450 sicut
392 2418 522 2450 Naboth
552 2417 609 2450 ille
638 2418 797 2456 faciebat,
833 2420 886 2460 qui
916 2427 985 2450 erat
1009 2421 1040 2451 in
1064 2419 1109 2451 ia-

139 2461 226 2494 milia
248 2461 390 2493 Lutheri.
427 2461 522 2493 Hunc
542 2462 705 2492 Lutherus
724 2462 883 2493 acerrime
903 2463 1108 2504 obiurgabat.

140 2504 181 2536 Et
204 2511 312 2542 reete,
346 2505 421 2545 quia
451 2515 515 2535 non
546 2511 658 2546 potest
687 2504 751 2535 hoc
775 2504 837 2535 dici
862 2505 932 2535 sine
956 2504 1109 2546 blasphe-

141 2548 214 2578 mia.
259 2546 390 2578 Deinde
421 2553 471 2578 est
502 2548 534 2578 in
566 2546 758 2578 Alexandro
787 2547 904 2588 ingens
933 2553 963 2578 et
987 2549 1108 2579 ardens

140 2591 299 2630 impetus:
324 2590 381 2620 sed
413 2600 480 2621 non
505 2596 556 2620 est
585 2589 805 2620 nominandus
836 2596 944 2620 motus
968 2589 1108 2631 Spiritus

139 2633 253 2663 sancti.
301 2631 357 2663 Sic
388 2630 544 2664 fortitudo
573 2631 640 2663 iulii
672 2641 736 2662 non
760 2638 810 2662 est
835 2637 940 2663 motus
965 2632 1107 2673 Spiritus

138 2676 258 2706 sancti:
285 2676 361 2716 quia
383 2675 414 2706 in
439 2685 635 2716 quocunque
659 2680 709 2705 est
732 2674 873 2715 Spiritus
896 2681 1052 2714 sanctuS,
1073 2676 1106 2707 in

831 238 1046 272 POSTlLLA
1069 237 1462 270 MELANTHONIANA.

1139 2030 1142 2043 Ι

1139 2048 1141 2064 i

1138 2080 1140 2087 ι

1138 2100 1140 2113 i

1138 2115 1140 2152 i

1133 2396 1138 2603 1

2084 241 2145 272 750

1176 341 1216 362 eo
1249 329 1345 362 simul
1379 337 1430 362 est
1462 331 1586 373 agnitio
1613 342 1692 363 vera
1722 332 1801 371 Dei,
1830 339 1860 364 et
1885 332 2047 373 copulatio
2071 345 2145 366 cum

1176 373 1261 404 Deo.
1317 373 1392 405 Non
1426 379 1477 404 est
1510 380 1618 405 autem
1648 375 1679 405 in
1711 374 1899 407 Alexandro
1930 383 1960 407 et
1984 375 2064 407 lulio
2088 376 2144 408 lux

1176 425 1365 458 agnoscens
1407 426 1520 447 verum
1554 415 1672 447 Deum.
1733 417 1901 449 Fortitudo
1940 418 1971 449 in
2004 418 2145 458 Davide,

1177 459 1308 500 quando
1350 459 1542 500 aggreditur
1580 458 1730 497 Goliath,
1769 467 1817 491 est
1858 467 1963 492 motus
2004 461 2144 503 Spiritus

1177 501 1301 539 sancti,
1335 502 1410 542 quia
1441 500 1528 532 lucet
1557 502 1588 532 in
1619 508 1727 532 mente
1756 501 1892 533 Davidis
1923 504 2045 544 agnitio
2075 504 2145 535 veri

1177 542 1250 574 Dei.
1296 542 1411 574 Robur
1438 543 1592 575 Herculis
1621 550 1671 574 est
1696 545 1823 585 quidem
1848 546 1988 576 divinum
2012 545 2144 587 aliquid,

1177 586 1239 617 sed
1260 584 1420 617 Hercules
1442 596 1508 617 non
1533 593 1708 628 propterea
1738 593 1787 617 est
1818 587 1972 628 templum
2002 589 2144 629 Spiritus

1175 629 1293 660 saneti.

1261 671 1464 702 Athanasius
1487 672 1572 702 bene
1591 671 1684 702 dicitt
1710 671 1960 711 Quandoeemqne
1979 673 2094 702 dieitur
2112 675 2145 703 in

1174 713 1294 743 homine
1317 724 1381 743 esre
1403 714 1542 753 Spiritus
1564 717 1702 749 sanctus,
1732 718 1778 743 est
1806 714 1850 742 ibi
1873 725 1932 753 per
1952 714 2088 753 verbum,
2113 717 2145 747 id

1175 762 1245 794 est,
1273 767 1333 797 per
1361 755 1486 787 filium.
1538 757 1694 787 Petamus
1723 757 1823 797 igitur
1852 767 1911 797 per
1936 755 2049 788 Filium
2074 759 2144 789 dari

1175 800 1272 829 nobis
1295 800 1450 840 Spiritum
1473 805 1638 830 sanetum:
1662 806 1693 830 et
1715 806 1876 839 perpetuo
1899 800 1930 830 in
1950 810 2006 831 ore
2026 799 2145 832 habea—

1175 851 1248 872 mus
1271 843 1490 882 precationem
1519 840 1656 872 Psalmi:
1689 841 1752 871 Cor
1780 842 1920 871 tumulum
1943 852 2014 871 crea
2035 844 2068 871 in
2090 853 2144 877 me,

1176 895 1194 913 υ
1217 884 1320 918 Deus,
1344 885 1376 915 id
1399 890 1466 918 est,
1489 884 1696 924 purificatum
1719 884 1794 922 fide,
1818 895 1882 926 qua
1905 885 2064 925 accipitur
2081 885 2145 917 Re

1175 927 1287 958 missio
1310 934 1540 968 pcccatorum,
1562 930 1592 956 et
1614 928 1757 966 spiritum
1776 928 1891 966 firmum
1914 929 2025 957 innova
2048 929 2081 957 in
2104 930 2144 957 ri·

1175 969 1310 999 sceribus
1332 971 1428 1004 meis,-
1454 970 1486 1000 id
1510 975 1578 1008 est,
1606 975 1750 1007 rectum,
1773 969 1940 1007 stabilem,
1965 980 2030 1001 non
2053 971 2144 1002 dabi-

1175 1017 1313 1050 tantem,
1337 1022 1403 1043 non
1425 1012 1672 1044 Academicum:
1706 1012 1754 1043 Ne
1779 1014 1933 1051 proficias
1956 1023 2000 1042 me
2022 1023 2040 1042 a
2059 1014 2145 1051 faeie

1175 1057 1239 1088 tua,
1262 1058 1292 1083 et
1309 1054 1460 1094 Spiritum
1477 1058 1615 1084 sanctum
1634 1058 1716 1084 tuum
1733 1066 1770 1084 ne
1789 1056 1913 1093 auferas
1936 1066 1954 1084 a
1977 1066 2030 1085 me.
2066 1055 2143 1087 Ideo

1175 1102 1283 1127 autem
1306 1097 1493 1128 nominatur
1515 1097 1665 1132 Sanctus,
1699 1099 1774 1139 quia
1804 1108 1868 1129 non
1893 1097 2001 1129 solum
2023 1108 2082 1139 per
2105 1109 2143 1131 se

1174 1137 1249 1170 talis
1284 1146 1351 1177 est,
1384 1140 1443 1171 sed
1478 1140 1574 1170 etiam
1606 1140 1789 1172 sanctificat
1818 1151 1896 1178 nos,
1931 1148 1962 1172 et
1991 1142 2144 1173 accendit

1173 1182 1310 1212 virtutes
1334 1192 1554 1224 congruentes
1583 1193 1657 1214 cum
1681 1182 1764 1214 Deo.
1817 1183 1928 1212 Redde
1956 1183 2030 1213 milti
2058 1184 2142 1214 laeti-

1174 1226 1249 1253 tiam
1277 1224 1427 1254 salutaris
1455 1226 1517 1254 tui:
1552 1224 1635 1256 haec
1664 1224 1785 1256 laetitia
1813 1227 1907 1257 etiam
1932 1233 1982 1257 est
2005 1226 2142 1259 effectus

1172 1267 1316 1309 Spiritus
1344 1268 1457 1299 sancti.
1512 1266 1556 1297 Et
1584 1269 1699 1307 spiritu
1724 1268 1898 1307 principali
1926 1273 2064 1299 sustenta
2087 1281 2139 1299 me.

1172 1309 1207 1340 ln
1230 1309 1382 1342 Hebraeo
1407 1316 1458 1342 est
1479 1313 1686 1349 spontaneus,
1710 1311 1740 1341 id
1764 1318 1826 1350 est,
1849 1311 1995 1343 hilariter
2017 1314 2142 1344 obtem·

1170 1362 1291 1394 perans
1314 1353 1346 1383 in
1369 1351 1618 1385 afflictionibus.

1256 1394 1475 1427 consolemur
1497 1397 1595 1428 etiam
1616 1406 1678 1428 nos
1702 1397 1732 1426 in
1764 1397 1970 1427 invocatione
1992 1395 2048 1428 illa
2071 1397 2140 1429 dul·

1169 1439 1301 1469 eissima
1330 1438 1565 1479 promissione:
1602 1438 1724 1472 Quanto
1755 1441 1853 1478 mayis
1876 1443 1970 1478 pater
1999 1439 2141 1470 coelestis

1169 1480 1259 1510 dabit
1290 1480 1440 1519 Spiritum
1472 1485 1609 1510 sanctum
1638 1482 1828 1520 petentibus:
1864 1488 1896 1513 et
1926 1492 2139 1514 exerceamus

1169 1524 1255 1554 dona
1277 1523 1435 1564 Spiritus,
1464 1524 1551 1555 sicut
1573 1523 1696 1555 Paulus
1709 1525 1836 1565 inquit:
1869 1524 2045 1564 Accepistis
2066 1525 2140 1565 Spi-

1168 1568 1259 1595 ritum
1281 1576 1342 1595 non
1363 1566 1562 1604 timiditatis,
1586 1566 1641 1595 sed
1664 1566 1794 1600 roboris.
1820 1567 2014 1601 dilectionis,
2039 1572 2067 1598 et
2091 1579 2139 1598 ca-

1168 1609 1374 1648 stificationis.
1431 1608 1642 1640 Praestemus
1673 1611 1892 1641 constantiam
1921 1616 1952 1641 et
1982 1611 2084 1642 robur
2106 1612 2138 1644 in

1168 1650 1394 1688 confessione3
1417 1662 1496 1683 vera
1519 1650 1642 1683 laetitia
1664 1653 1914 1693 acquiescamus
1932 1654 1964 1684 in
1982 1652 2068 1692 Deo,
2088 1664 2139 1686 re-

1167 1704 1352 1736 pugnemus
1374 1693 1542 1726 furoribus
1564 1695 1645 1732 irae,
1662 1695 1822 1726 incendiis
1841 1694 2028 1733 libidinum3
2051 1702 2139 1728 tuea—

1168 1748 1240 1768 mur
1263 1743 1376 1768 castos
1399 1747 1525 1775 mores,
1559 1743 1591 1768 et
1620 1738 1722 1768 simus
1746 1738 1907 1769 moderati
1930 1739 1961 1769 in
1986 1739 2138 1771 omnibus

1167 1780 1318 1811 motibus.
1362 1779 1446 1810 Nam
1468 1780 1534 1811 hoc
1557 1779 1723 1822 significat
1746 1790 1810 1811 vox
1835 1781 2030 1822 σοφρωσύνη,
2053 1791 2138 1823 quae

1166 1823 1209 1853 ibi
1243 1828 1295 1853 est
1327 1823 1446 1863 posita..
1502 1822 1576 1853 Non
1605 1822 1769 1864 signifieat
1799 1830 1923 1855 tantum
1947 1824 2137 1863 castitatem,

1166 1865 1225 1896 sed
1260 1864 1456 1907 generaliter
1490 1864 1686 1897 transfertur
1718 1866 1759 1897 ad
1794 1867 2065 1904 moderationem,
2096 1877 2137 1898 ne

1166 1908 1334 1939 vincamur
1356 1907 1561 1946 libidinibus,
1595 1914 1651 1939 aut
1677 1909 1735 1946 ira,
1759 1914 1815 1940 aut
1838 1907 1910 1940 aliis
1935 1910 2135 1950 quibuscun-

1166 1960 1229 1991 que
1259 1951 1404 1982 distortis
1435 1950 1618 1982 affectibus.
1665 1951 1738 1982 Non
1763 1958 1813 1982 est
1836 1951 1976 1993 Spiritus
2000 1959 2136 1984 sanctus

1166 1994 1196 2023 in
1227 1994 1282 2031 iis,
1316 1993 1371 2035 qui
1400 2000 1499 2025 ruunt
1526 1994 1559 2025 in
1588 2000 1725 2035 peecata
1749 2000 1864 2025 contra
1889 1995 2136 2034 conscientiam,

1166 2042 1198 2066 et
1222 2037 1252 2066 in
1276 2036 1326 2067 his
1350 2042 1582 2077 perseverant3
1612 2037 1703 2078 quia,
1730 2037 1786 2068 ubi
1817 2044 1867 2067 est
1897 2037 2037 2078 Spiritus
2060 2047 2135 2069 san-

1166 2087 1257 2118 ctu-5,
1281 2079 1322 2109 ibi
1348 2085 1399 2111 est
1422 2079 1518 2110 ssatus
1543 2077 1679 2118 efficax,
1714 2086 1745 2110 et
1768 2079 1917 2111 accendit
1940 2078 2039 2121 tales,
2073 2090 2136 2112 mo-

1166 2128 1233 2160 tus,
1258 2120 1365 2162 qualis
1386 2127 1437 2153 est
1459 2123 1541 2163 ipse.

1449 2286 1519 2326 De
1551 2287 1703 2327 tertio
1736 2288 1853 2327 loeo.

1248 2376 1402 2409 Christus
1437 2375 1557 2408 afflans
1592 2377 1774 2418 Apostolos
1807 2383 1836 2407 et
1868 2377 1950 2408 dans
1979 2377 2131 2419 Spiritum

1160 2427 1323 2458 sanctum,
1342 2419 1438 2451 simul
1458 2420 1595 2451 instituit
1613 2421 1824 2451 ministerium
1838 2418 2019 2462 Evangelii.
2060 2420 2133 2452 Hoc

1160 2469 1211 2494 est
1235 2463 1474 2500 testimonium,
1498 2463 1585 2504 quod
1609 2463 1640 2493 in
1664 2461 1817 2494 Ecclesia
1841 2462 1937 2493 simul
1962 2464 2026 2493 sint
2050 2462 2131 2495 haec

1161 2506 1240 2536 duo:
1280 2504 1488 2537 Praedicatio
1530 2503 1717 2545 Evangelii,
1757 2510 1788 2535 et
1825 2505 1956 2536 donatio
1991 2506 2130 2547 Spiritus

1159 2549 1276 2580 sancti.
1334 2547 1526 2588 Ubicunque
1555 2553 1605 2578 est
1633 2545 1801 2584 Ecclesia,
1836 2548 1880 2578 ibi
1903 2554 2029 2589 oportet
2054 2558 2130 2580 esse

1158 2591 1372 2622 ministerium
1396 2592 1487 2621 vocis
1511 2588 1697 2631 Evangelii,
1729 2596 1759 2620 et
1788 2589 1941 2630 Spiritum
1965 2598 2129 2622 sanctum:

1159 2639 1191 2664 et
1214 2633 1268 2664 ubi
1293 2639 1344 2663 est
1368 2643 1432 2664 vox
1458 2631 1645 2674 Evangelii.
1677 2633 1719 2663 ibi
1743 2632 1814 2663 sine
1838 2631 1904 2663 ulla
1928 2634 2130 2665 dubitatione

1158 2682 1235 2707 sunt
1257 2674 1356 2716 aliqui
1386 2674 1546 2706 habentes
1577 2675 1730 2715 Spiritum
1756 2682 1917 2707 sanctum.
1964 2675 2034 2706 Huc
2058 2686 2128 2716 per-
