2324 2958
197 226 260 258 24⁷

197 319 272 351 tiam
296 328 470 359 personae.
515 317 568 348 Ad
592 323 723 359 gestum
746 319 886 360 pertinet
909 319 1058 350 vestitu-5.

198 362 334 393 rodotus
370 362 488 402 inquit:
521 363 639 393 ,ilulier
660 371 732 393 cum
755 366 841 394 ceste
862 363 992 402 deponit
1012 363 1176 402 pudorem.

196 404 265 436 Sed
289 414 355 435 non
379 403 487 435 solum
510 403 638 441 mulier,
661 405 721 436 scd
744 405 841 436 etiam
864 403 917 435 alii
932 403 1079 436 homines
1103 414 1176 434 cum
1202 404 1205 430 Ι
1229 403 1372 435 Mentem
1395 410 1580 442 aeternam,
1613 402 1909 438 architectatricem
1932 413 2051 435 rerum.

196 453 292 478 veste
315 448 483 488 deponunt
515 447 688 488 pudorem,
712 454 744 479 ut
769 457 843 479 cum
865 446 984 489 aliquis
1009 457 1074 478 non
1097 446 1176 488 tegit

195 489 264 528 illa,
287 500 372 531 quae
395 489 488 521 Deus
512 496 544 521 et
569 496 685 521 natura
707 489 810 521 voluit
834 491 910 531 tegi.
966 490 999 521 ln
1024 498 1177 521 sermone

196 533 361 564 excedunt
384 539 489 564 metas
513 533 696 564 modestiae
715 533 950 564 Thrasonismi.
975 534 1038 565 Sed
1062 531 1176 573 aliqui,

196 576 259 606 etsi
292 574 438 617 linguam
468 581 634 618 utcunque
663 577 828 607 continent
856 577 888 607 in
912 574 1035 613 officio,
1068 581 1176 606 tamen

196 619 229 649 in
254 619 409 659 opinione
432 618 473 650 de
496 628 534 650 se
557 619 638 660 ipsis
662 619 800 651 efferunt
822 629 872 656 se,
906 625 981 650 sunt
1016 617 1121 649 inflati
1144 623 1176 648 et

195 662 355 693 mirantur
377 671 415 692 se
439 662 542 703 ipsos.
587 661 669 693 Late
691 668 802 703 patent
823 662 900 693 ista.
935 661 976 692 Et
998 668 1075 692 sunt
1099 659 1176 691 mul-

195 710 230 735 ta
253 705 390 746 egregia
412 705 500 735 dicta
524 704 566 737 de
588 705 763 743 modestia,
787 710 818 736 et
840 705 929 736 vitiis
952 703 1101 736 cumbae
1119 714 1177 744 pu-

194 748 385 788 gnantibus,
408 747 496 788 apud
519 757 634 779 omnes
658 748 837 789 sapientes

282 789 407 821 Verum
431 790 484 821 hic
507 800 562 821 res
586 791 728 822 maiores
751 791 918 832 agitantur
940 789 973 821 in
996 790 1059 821 isto
1073 787 1177 821 collo-

199 834 277 874 quio
301 832 422 864 Christi
447 840 477 864 et
502 833 634 864 loannis
657 833 842 875 Baptistae,
861 832 901 864 Et
914 833 1015 864 verba
1029 832 1176 873 loannis:

196 877 264 915 Eyo
286 877 385 907 debeo
409 886 429 907 a
450 881 481 908 te
503 878 678 916 bapti—tari,
714 882 789 908 sunt
815 877 916 907 verba
940 874 1176 912 consessionis,

196 921 292 960 quasi
316 919 421 950 dicat:
441 917 515 961 Ego
539 929 727 961 quanquam
751 918 860 950 habeo
888 919 1076 950 mandatum
1099 918 1177 949 divi-

194 972 285 999 num,
320 967 355 993 ut
389 963 562 1003 baptizem,
599 968 707 993 tamen
739 963 811 994 scio
845 968 878 993 te
901 971 978 993 esse
1001 961 1177 993 Dominum

195 1004 368 1045 Baptismi.
435 1004 486 1036 Tu
507 1015 575 1036 non
598 1004 728 1046 indiges
751 1014 825 1036 meo
848 1005 1026 1046 baptismo,
1055 1005 1115 1036 sed
1140 1013 1176 1035 es

195 1046 372 1085 Dominus,
406 1056 466 1088 per
499 1057 597 1088 quem
627 1046 746 1079 efficax
780 1053 832 1079 est
859 1047 1062 1088 Baptismus.
1129 1046 1177 1077 lta

195 1090 352 1128 ostendit,
377 1090 466 1131 quod
484 1089 538 1122 hic
562 1088 654 1122 filius*
673 1091 715 1121 sit
738 1091 854 1128 maior,
878 1090 962 1125 Quia
982 1096 1051 1121 tota
1064 1087 1177 1121 Eccle-

193 1132 245 1164 sia
267 1133 424 1173 recipitur
445 1138 582 1174 propter
600 1131 713 1171 filium,
735 1139 767 1164 et
790 1133 840 1164 sic
863 1134 934 1174 ipse
957 1131 1177 1164 1111055300ῑί-

194 1175 273 1207 ficat
313 1182 415 1207 totam
457 1175 654 1207 Ecclesiam.
720 1175 762 1207 Et
802 1186 877 1207 cum
911 1176 987 1207 dicit
1017 1175 1175 1207 loannes:

198 1220 333 1259 Oportet
353 1229 403 1249 me
425 1229 445 1250 α
468 1224 499 1250 te
517 1220 694 1259 baptizari,
728 1217 872 1260 loquitur
895 1229 960 1250 non
985 1224 1110 1250 tantum
1134 1218 1175 1249 de

193 1267 329 1293 externa
363 1260 544 1300 ablutione,
578 1262 639 1293 sed
663 1262 704 1293 de
726 1261 910 1300 effectione,
946 1262 987 1293 de
1011 1272 1077 1303 qua
1098 1260 1177 1292 alibi

193 1304 313 1346 inquit:
348 1307 405 1336 Ille
437 1305 611 1345 baptizabit
642 1314 695 1336 ros
724 1308 807 1344 iyni,
840 1310 873 1336 et
899 1305 1025 1345 Spiritu
1057 1309 1177 1336 sancto.

193 1348 257 1380 Sed
279 1348 377 1379 venio
401 1348 443 1378 ad
467 1348 597 1379 tertium
620 1346 748 1386 locum,
783 1347 824 1379 de
847 1348 1038 1379 ostensione
1061 1347 1178 1380 divini-

193 1391 283 1422 tatis.

519 1555 584 1595 De
617 1555 737 1595 tertio
768 1555 867 1595 loco.

280 1645 461 1688 Postquam
495 1646 684 1687 baptizatus
718 1652 770 1677 est
804 1644 970 1683 Christus,
1006 1645 1180 1677 exhibetur

194 1690 355 1731 apparitio
380 1689 570 1727 divinitatis,
600 1687 707 1730 qualis
729 1687 820 1721 nulla
843 1687 920 1727 alia,
951 1695 1017 1720 tam
1039 1687 1179 1720 illustris

194 1733 319 1774 scripta
343 1740 404 1763 est.
452 1732 682 1763 Monstramur
704 1733 881 1773 perspicuo
895 1732 1083 1763 discrimine
1107 1741 1179 1772 per-

193 1785 298 1807 sonae
323 1781 402 1806 tres.
448 1777 549 1807 Puter
572 1781 624 1806 est
646 1784 793 1816 persona
816 1774 973 1816 loquens:
1003 1776 1097 1806 cuius
1120 1784 1179 1806 vo·

195 1829 266 1851 cem
290 1819 380 1850 audit
400 1817 550 1852 loannes,
576 1824 606 1849 et
629 1824 698 1849 tota
721 1816 777 1849 illa
789 1817 975 1856 multitudo,
998 1823 1114 1849 astans
1137 1817 1180 1848 ad

194 1862 377 1894 Iordanem.
444 1862 563 1901 Filius,
597 1867 770 1902 assumpta
792 1861 935 1893 humana
959 1867 1088 1900 natura,
1113 1866 1180 1892 stat

194 1906 226 1937 in
252 1906 322 1946 ripa
343 1904 495 1935 ssuniiais.
552 1903 650 1935 Hunc
677 1904 836 1935 discernit
858 1903 958 1935 Pater
981 1914 1000 1935 a
1023 1915 1083 1935 sua
1106 1913 1179 1945 per-

194 1958 290 1979 sona.
315 1949 456 1988 Spiritus
479 1951 611 1979 sanctus
634 1947 835 1988 conspicitur
859 1948 972 1988 specie
996 1945 1180 1985 columbae,

195 1989 400 2033 amplectens
426 1989 537 2022 filium.

283 2033 342 2065 llic
368 2039 538 2074 repetatur
568 2033 750 2064 communis
773 2033 923 2064 doctrina
947 2031 1121 2065 Ecclesiae
1141 2033 1181 2063 de

195 2077 320 2109 unitate
344 2077 511 2108 essentiae
535 2076 678 2114 divinae,
714 2076 790 2107 item
825 2077 866 2107 de
901 2077 1043 2108 trinitate
1067 2086 1182 2117 perso-

195 2130 324 2158 narum,
347 2126 377 2151 et
402 2118 618 2151 conteramur
641 2118 707 2150 huc
731 2117 796 2150 alia
818 2119 1004 2160 scripturae
1038 2119 1181 2151 testimo-

194 2164 249 2195 nia
284 2163 325 2194 de
358 2162 423 2193 hoc
454 2173 581 2193 summo
615 2161 758 2193 articulo
795 2161 869 2193 111101
900 2169 1049 2193 nostrae:
1074 2160 1183 2203 qualia

195 2205 299 2238 multa
323 2212 399 2237 sunt
426 2206 563 2246 passim:
588 2206 674 2236 Audi
695 2207 807 2243 lsrael,
833 2207 988 2236 Dominus
1003 2208 1088 2237 Heus
1111 2210 1183 2237 ams

195 2260 281 2281 rmus
303 2253 369 2280 ext:
393 2250 458 2288 Egla
479 2251 573 2287 Heus,
596 2253 693 2279 nstra
716 2258 767 2279 me
789 2258 850 2279 nan
875 2253 924 2279 est
945 2251 1039 2280 alius.
1093 2248 1184 2286 110111,

201 2295 279 2324 Tres
301 2296 378 2323 sune
399 2296 431 2323 in
455 2294 551 2328 coelo,
574 2295 629 2332 qui
651 2295 867 2323 testimonium
881 2293 1058 2331 perhibent,
1078 2293 1184 2331 Pater,

205 2337 345 2368 l'rrbum.
369 2340 402 2366 ee
423 2336 576 2376 Spiritus.
646 2334 724 2365 ltem
760 2334 921 2365 lnstitutio
947 2335 1104 2376 Baptismi
1127 2345 1184 2366 no-

198 2380 269 2417 stri,
293 2389 389 2420 quem
410 2379 497 2409 iubet
522 2377 679 2409 Christus
704 2376 772 2408 fieri
796 2378 829 2408 in
848 2383 974 2409 nomine
995 2381 1110 2417 patris,
1145 2380 1183 2417 fi-

197 2424 232 2453 lii
251 2427 283 2453 rt
305 2424 447 2461 Spiritus
469 2425 582 2453 sancti.
652 2420 731 2451 item
766 2420 945 2461 peculiaria
969 2427 999 2452 et
1023 2431 1185 2463 expressa

198 2465 385 2496 testimonia
420 2466 461 2496 (10
497 2463 576 2502 11110,
610 2469 642 2495 01
676 2463 773 2495 huius
809 2462 942 2495 Dcitate
965 2472 1114 2501 aeterna,
1150 2470 1185 2495 ut

197 2509 285 2540 loun.
314 2507 341 2538 l.
366 2507 501 2538 Culusa.
529 2508 556 2538 1.
581 2506 680 2538 llebr.
710 2507 737 2537 l.
782 2505 821 2537 Et
847 2507 888 2538 (10
914 2508 1036 2550 Spiritu
1066 2513 1184 2538 sancto

198 2551 230 2582 in
255 2550 472 2582 concionibus·
497 2550 620 2581 Fhristi
640 2551 728 2582 ioan.
754 2549 804 2580 lt.
829 2556 860 2581 ct
884 2550 1052 2591 deinceps.

289 2594 358 2625 Nos
384 2594 414 2624 in
440 2592 591 2624 Ecclesia
615 2599 747 2634 oportet
770 2603 958 2635 agnoscere
982 2592 1102 2631 Deum,
1122 2593 1185 2624 sio-

199 2643 234 2669 111
258 2647 296 2668 se
321 2637 392 2679 ipsc
415 2635 581 2678 patesezit.
646 2635 862 2678 Philosophia
886 2637 1027 2675 01111110,
1051 2646 1117 2668 11011
1141 2637 1185 2667 ita

200 2679 357 2722 loquitur,
380 2691 442 2711 nec
466 2681 510 2711 ita
532 2680 632 2711 sentit
655 2681 698 2712 de
722 2679 805 2712 Deo.
872 2679 947 2712 Non
969 2686 1080 2722 potest
1103 2679 1185 2712 ulte-

835 223 945 257 cml..
969 223 1071 256 MEL.
1095 223 1281 257 SCRIPTA
1304 221 1569 256 EXEGETICA.

2144 225 2209 258 248

1115 317 1178 349 He·
1230 318 1298 350 rius
1321 317 1478 360 progredi
1501 316 1724 360 philosophia,
1757 327 1856 359 quam
1883 318 1973 368 quod
1995 317 2087 359 ponit
2107 328 2208 351 unum

1229 362 1372 399 initium,
1405 371 1504 392 unum
1537 361 1661 392 sontem
1697 371 1805 391 rerum
1841 371 2006 399 ommum,
2045 359 2211 403 videlicet,

2118 403 2210 436 Haec

1229 447 1343 478 notitia
1363 452 1415 477 est
1436 453 1573 478 naturae
1593 447 1774 487 impressa,
1809 452 1842 477 ct
1872 444 1964 477 velut
1985 444 2130 477 scintilla
2151 447 2208 478 ad-

1229 489 1294 521 huc
1317 488 1443 531 reliqua
1478 495 1527 520 est
1551 490 1582 520 in
1603 496 1730 520 natura.
1797 487 1864 520 Sed
1885 489 2037 520 divinitas
2060 499 2098 520 se
2118 495 2209 530 pate·

1228 531 1305 563 fecit
1328 531 1501 564 Ecclesiae
1524 533 1587 563 isto
1611 532 1725 570 1110110,
1758 532 1847 573 quod
1871 532 1914 562 sit
1943 532 2089 563 essentia
2112 532 2209 563 unica

1229 576 1350 613 divina,
1373 575 1536 607 conditrix
1550 575 1646 613 coeli,
1672 581 1791 612 terrae,
1805 572 2012 616 angelorum,
2031 573 2210 613 hominum,

1229 625 1261 649 et
1295 617 1433 649 aliarum
1467 627 1574 649 rerum
1609 618 1752 649 omnium
1787 623 1984 655 creatarum,
2013 623 2045 648 et
2069 617 2158 658 quod
2176 617 2209 648 in

1228 660 1293 692 hac
1316 661 1463 692 essentia
1485 660 1527 691 sit
1551 667 1706 692 aeternus
1740 667 1846 701 pater,
1880 666 2079 692 coaeternus
2108 658 2208 698 filius,

1230 710 1261 736 et
1285 709 1483 735 coaeternus
1506 703 1649 745 Spiritus
1673 709 1821 734 sanctus.

1315 745 1494 786 Repetatur
1528 747 1624 777 etiam
1651 745 1705 778 hic
1734 746 1919 777 communis
1943 745 2092 776 doctrina
2114 744 2211 776 Cate-

1228 789 1409 826 chismi,'‹le
1423 789 1706 820 discrimineinter
1724 788 1838 823 οὐσίαν,
1862 795 1894 819 01
1906 787 2116 830 hypostasin.
2146 787 2209 819 Es-

1229 833 1335 863 sentia
1355 831 1485 862 Graece
1507 831 1595 862 οὐσία
1614 832 1812 870 nominatur,
1841 832 1928 873 quod
1952 840 2072 862 revera
2094 837 2156 868 est,
2180 830 2212 862 id

1229 882 1292 913 est,
1315 875 1404 916 quod
1424 884 1489 905 non
1513 880 1565 905 est
1587 875 1743 906 accidens
1766 875 1797 905 in
1819 873 1884 906 alio
1908 873 2062 911 haerens,
2085 873 2213 904 etiamsi

1230 924 1281 950 est
1306 918 1592 949 communicatum.
1638 916 1799 955 Persona,
1823 924 1858 949 ut
1882 916 2036 949 Ecclesia
2054 915 2213 958 loquitur,

1230 960 1359 992 Graece
1393 959 1570 998 ὑπόστασις,
1603 969 1663 991 5011
1696 959 1894 1000 ὑφιστάμενον
1929 966 1981 991 est
2010 960 2213 998 subsistens,

1229 1005 1350 1041 vivum,
1363 1003 1575 1040 individuum,
1590 1001 1790 1041 intelliwens,
1810 1000 2128 1040 incommunicabile,
2150 1011 2214 1034 nec

1231 1052 1452 1078 sustentatum
1475 1046 1517 1077 ab
1537 1044 1614 1077 alio.
1683 1029 1756 1077 ll’oc
1779 1046 1957 1077 discrimen
1979 1046 2033 1087 pie
2055 1054 2098 1076 ac
2120 1054 2214 1076 reve·

1231 1096 1341 1121 renter
1375 1089 1551 1130 cogitetur,
1585 1094 1617 1120 et
1652 1094 1803 1120 teneatur
1842 1088 1897 1119 hic
1929 1086 2092 1120 articulus
2125 1087 2214 1126 fidei,

1230 1133 1326 1169 Quod
1356 1132 1502 1163 essentia
1535 1137 1671 1163 aeterna
1701 1141 1742 1162 ac
1782 1131 1992 1172 omnipotens
2032 1131 2215 1162 communis

1229 1177 1273 1207 sit
1296 1175 1394 1216 patri,
1428 1173 1506 1212 filio,
1540 1181 1570 1205 et
1596 1174 1730 1216 Spiritui
1754 1180 1889 1206 sancto:
1925 1179 1958 1205 et
1992 1173 2080 1215 quod
2104 1179 2214 1205 tamen

1229 1227 1396 1261 personae
1429 1218 1662 1255 subsistentes,
1694 1227 1732 1248 re
1755 1218 1839 1258 ipsa,
1864 1227 1930 1248 non
1954 1222 2081 1248 tantum
2103 1215 2215 1259 imagi-

1230 1262 1362 1293 natione
1386 1261 1559 1292 distinctae
1583 1261 1660 1297 sint,
1684 1265 1715 1291 et
1733 1259 2071 1291 incommunicabiles.

1318 1304 1521 1344 Repetantur
1555 1313 1687 1345 quoque
1726 1303 1969 1344 descriptiones
2009 1300 2215 1344 singularum

1230 1357 1460 1389 personarum,
1494 1356 1580 1387 quae
1602 1346 1792 1377 discernunt
1815 1346 2049 1387 proprietates.
2116 1347 2218 1377 Pater·

1231 1397 1303 1428 est,
1334 1390 1390 1431 qui
1418 1389 1530 1430 genuit
1559 1389 1602 1420 ab
1624 1395 1759 1420 aeterno
1785 1387 1886 1420 filium
1909 1388 2085 1429 imaginem
2108 1398 2215 1426 suam,

1231 1439 1263 1464 et
1286 1431 1431 1463 condidit
1451 1431 1561 1462 omnia
1585 1441 1660 1463 cum
1682 1429 1750 1462 filio
1773 1437 1805 1462 et
1817 1431 1940 1472 Spiritu
1960 1436 2086 1461 sancto.
2116 1429 2216 1462 Crea-

1231 1476 1276 1506 tio
1300 1485 1366 1507 non
1391 1480 1441 1505 est
1464 1472 1570 1505 solius
1593 1474 1698 1515 patris
1720 1483 1824 1515 opus,
1858 1473 1919 1504 sed
1942 1473 2045 1504 totius
2068 1473 2217 1503 divinita·

1230 1519 1283 1549 tis.
1350 1515 1462 1558 Aliqui
1506 1517 1552 1547 ita
1596 1514 1706 1548 solent
1743 1516 1871 1548 dicere:
1913 1517 2014 1547 Pater
2046 1519 2098 1547 est
2124 1524 2218 1547 crear-

1231 1567 1294 1595 tor‚
1320 1561 1424 1592 Filius
1442 1561 1637 1600 redemptor,
1661 1560 1806 1600 Spiritus
1827 1562 1960 1591 sanctus
1989 1559 2219 1597 sanctificator.

1231 1604 1307 1634 Non
1331 1609 1382 1635 est
1405 1601 1493 1634 male
1515 1602 1650 1641 dictum,
1674 1602 1734 1633 sed
1756 1608 1849 1633 recte
1871 1599 2082 1642 intelligatur.
2142 1600 2218 1632 Non

1232 1647 1361 1678 debetis
1396 1645 1598 1677 creationem
1633 1646 1778 1676 tribuere
1810 1643 1874 1675 soli
1910 1645 2007 1685 patri,
2037 1643 2097 1674 sed
2121 1644 2218 1676 etiam

1232 1688 1300 1721 filio
1325 1695 1356 1720 et
1378 1688 1510 1729 Spiritui
1532 1694 1665 1726 sancto,
1691 1688 1776 1726 Quia
1797 1688 1962 1719 maledicti
1984 1687 2049 1724 Dii,
2078 1689 2134 1727 qui
2154 1695 2219 1719 non

1229 1735 1383 1773 fecerunt
1399 1734 1519 1763 coelum
1542 1736 1574 1762 et
1595 1736 1726 1763 terram.
1772 1730 1856 1761 Tota
1879 1730 2033 1761 divinitas
2047 1736 2100 1761 est
2123 1739 2218 1762 crea·

1232 1776 1307 1807 tr'uz.
1374 1774 1417 1806 Et
1452 1775 1538 1805 bona
1572 1780 1623 1805 est
1657 1772 1774 1815 regula
1798 1774 1919 1804 tradita
1948 1773 1990 1803 ab
2014 1773 2219 1815 Augustino:

1236 1819 1396 1858 Quidquid
1428 1819 1518 1849 Deus
1548 1818 1618 1856 aqi!
1649 1822 1746 1848 extra
1779 1826 1824 1850 se,
1861 1817 1896 1847 id
1934 1820 2036 1855 ayunt
2060 1825 2221 1857 personae

1232 1863 1450 1893 communiter.
1505 1859 1559 1898 Et,
1591 1861 1699 1899 Opera
1720 1863 1877 1891 trinitatis
1894 1860 1938 1890 ad
1959 1863 2054 1890 extra
2075 1863 2152 1890 sunt
2171 1862 2220 1890 in-

1233 1906 1344 1936 dit-isa.
1408 1903 1447 1935 Et
1473 1909 1581 1934 tamen
1604 1903 1757 1934 addenda
1782 1909 1832 1933 est
1857 1900 2053 1940 declaratio,
2076 1900 2219 1940 scilicet,

1233 1953 1368 1979 servato
1392 1947 1507 1977 ordine
1530 1946 1661 1987 agendi.
1724 1944 1828 1976 Filius
1861 1955 1928 1976 non
1950 1944 2019 1986 agit
2042 1955 2061 1975 a
2085 1954 2135 1983 se,
2157 1944 2219 1976 sed

1233 2000 1294 2032 per
1316 2000 1364 2021 se.
1413 1989 1511 2021 Pater
1534 1996 1584 2020 est
1609 1988 1685 2019 sons
1709 1989 1899 2025 divinitatis,
1923 1993 1954 2019 et
1980 1988 2122 2019 omnium
2142 1996 2220 2029 ope-

1236 2044 1305 2065 rum
1330 2033 1524 2064 divinorum.
1581 2032 1740 2063 Actiones
1771 2033 1918 2063 internae
1942 2037 2021 2061 sunt
2044 2031 2220 2062 distinctae

1236 2082 1267 2107 et
1285 2073 1624 2108 incommunicabiles,
1694 2075 1790 2106 Pater
1813 2074 1918 2117 gignit
1941 2073 2054 2105 11110111.
2118 2072 2221 2105 Pilius

1236 2129 1301 2151 non
1336 2119 1439 2160 gignit
1473 2128 1560 2149 sese.
1628 2117 1728 2150 Pater
1751 2125 1781 2149 et
1803 2116 1888 2150 tilius
1913 2118 2039 2159 spirant
2064 2116 2223 2158 Spiritum

1237 2168 1400 2194 sanctam.

1328 2204 1394 2235 lam
1415 2204 1515 2233 Filius
1545 2210 1594 2235 est
1619 2204 1728 2246 imago
1753 2204 1856 2245 patris
1879 2204 2089 2240 subsistens,
2113 2202 2223 2245 genita

1237 2259 1257 2280 a
1280 2254 1373 2289 patre
1397 2248 1590 2289 cogitando,
1616 2253 1647 2278 et
1670 2247 1851 2288 assumpsit
1875 2253 1968 2277 certo
1992 2252 2140 2287 tempore
2164 2245 2223 2277 hu·

1238 2301 1367 2323 manant
1391 2298 1553 2327 naturam,
1589 2297 1623 2321 ut
1655 2301 1703 2321 110
1727 2291 1824 2322 nohis
1849 2289 1940 2321 fieret
1963 2290 2105 2321 victima.
2164 2287 2221 2320 Di-

1238 2345 1279 2366 co
1303 2334 1482 2374 cogitando
1507 2334 1598 2375 gigni
1624 2301 1735 2371 lilium,
1760 2333 1844 2368 Quia
1868 2333 2036 2374 scriptura
2061 2332 2172 2363 tribuit
2192 2328 2222 2363 ei

1237 2376 1490 2419 appellationem
1515 2379 1621 2416 2152011,
1646 2383 1677 2408 et
1701 2377 1864 2418 imaginis.
1910 2375 1950 2407 Et
1980 2381 2049 2406 tota
2073 2380 2222 2406 vetustas

1239 2420 1495 2452 declarationem
1525 2421 1663 2461 sumpsit
1694 2431 1734 2452 ex
1759 2418 1970 2451 similitudine
1997 2418 2222 2460 generationis

1238 2464 1416 2505 imaginum
1440 2474 1499 2494 seu
1525 2464 1762 2504 cogitationum
1787 2461 2109 2494 inmcntehumana.
2139 2460 2223 2492 Sunt

1238 2508 1324 2538 cnim
1349 2508 1483 2537 tintbrac
1507 2507 1668 2548 quaedam
1699 2507 1729 2537 in
1754 2504 1921 2537 hominum
1945 2511 2062 2536 natura
2087 2514 2222 2546 magna·

1238 2561 1310 2581 rum
1335 2561 1454 2581 rerum.
1479 2550 1535 2580 Est
1563 2551 1593 2581 in
1619 2549 1750 2580 homine
1773 2558 1877 2585 mens,
1901 2559 1985 2590 qnae
2006 2546 2124 2578 format
2147 2547 2221 2578 ima·

1239 2595 1334 2636 gines
1359 2593 1549 2634 cogitando.
1575 2593 1644 2624 Nec
1668 2593 1818 2635 cogitare
1841 2597 1893 2623 est
1916 2590 2017 2629 aliud,
2039 2601 2136 2632 quam
2155 2587 2222 2621 sor-

1238 2647 1329 2668 mare
1354 2637 1527 2678 imaginem
1551 2637 1622 2668 eius
1646 2637 1706 2673 rei,
1729 2636 1770 2667 de
1794 2645 1859 2678 qua
1872 2635 2015 2676 cogitas,
2038 2639 2073 2665 ut
2087 2632 2220 2675 quando

1240 2680 1368 2722 cogitas
1393 2681 1434 2711 de
1458 2686 1515 2712 tuo
1539 2685 1651 2722 patre,
1686 2679 1810 2717 amico,
1844 2676 1898 2710 vel
1921 2678 2035 2714 socio,
2059 2675 2166 2708 habes
2189 2675 2220 2707 ln

2258 0 2279 13 ’1
