2324 2958
55 242 152 267 cesse
172 235 224 264 est
244 229 366 261 ducere
386 238 534 268 uxorem,
557 235 590 260 et
607 227 663 260 hic
675 227 859 260 coelibatus
881 230 1028 269 ipsorum

55 282 108 310 est
128 283 182 306 res
203 273 302 310 bona,
325 282 391 303 non
414 272 552 313 impura.
597 270 750 313 Denique
780 272 953 313 virginitas
977 278 1029 303 est

55 320 175 355 virtus,
205 320 240 346 et
273 315 461 357 coniugium
494 319 606 356 potest
626 323 706 346 esse
728 314 832 345 virtus
856 316 890 346 in
912 320 1029 346 sancte

55 367 91 396 et
109 357 396 393 recte'utentibus.
764 368 772 375 ·

73 440 85 443 ἶ
137 399 327 443 Cogitemus
351 406 460 432 autem
482 399 536 431 hic
564 405 597 431 et
619 398 813 431 antithesin:
849 401 945 431 Dixit
965 401 1028 431 Do-

54 449 168 480 minus:
197 446 267 476 Non
291 448 340 475 εει
360 444 475 475 bonum
503 444 622 475 homini
649 453 721 474 esse
749 444 869 480 solum,
904 441 1029 474 Contra

54 497 131 523 vero
153 486 234 518 dixit
257 486 358 527 Papa,
382 486 461 517 dixit
484 484 665 517 Diabolus:
707 484 813 517 Homo
847 495 914 515 non
938 485 1029 516 vivat,

53 532 86 564 in
106 530 274 571 coniugio,
298 530 354 560 fiat
375 528 573 566 Monachus,
595 528 652 559 fiat
664 526 825 565 monialis,
849 527 905 558 fiat
928 528 1028 558 sacri-

50 573 145 606 ficus.
190 572 264 604 Hoc
286 578 339 603 est
359 572 490 604 unicum
514 570 759 603 fundamentum
782 571 898 611 impuri
928 569 1029 602 coeli—

50 617 147 649 batus
171 614 384 653 clericorum,
418 614 486 646 Sed
514 624 577 645 nos
601 619 793 646 constanter
823 623 1028 654 opponamus

46 657 147 691 illud:
169 659 266 690 Dixit
286 660 383 690 Dens.
429 657 514 688 Huic
538 657 614 688 voci
637 657 765 688 divinae
797 658 852 698 qui
882 666 948 687 non
972 657 1028 687 ob-

49 707 245 742 temperant,
269 700 436 732 offendunt
454 699 572 732 oculos
583 698 645 730 Dei
669 705 702 731 et
719 699 926 741 angelorum,
950 709 1028 730 con·

47 745 207 776 taminant
227 744 356 775 coelum
374 749 407 775 et
425 749 558 781 terram,
581 741 731 784 polluunt
754 748 856 774 totam
878 747 1028 773 naturam

737 133 955 167 Pos'rlLLA
977 132 1374 167 MELANTHONJANA.

1994 137 2059 171 286

1079 227 1168 259 tione
1190 227 1255 258 nisi
1289 225 1380 258 multi
1409 233 1692 267 sustentarentur,
1728 240 1793 261 non
1822 238 1960 271 possent
1990 242 2056 263 non

1080 270 1239 311 extingui,
1274 275 1306 301 et
1340 270 1518 302 exanimari
1551 272 1584 302 in
1619 273 1717 303 tantis
1752 273 1891 309 miseriis
1925 275 2057 316 generis

1080 312 1223 344 humani.
1286 312 1408 344 Verum
1449 320 1615 345 sustentat
1649 314 1741 346 Deus
1776 317 1849 357 pios
1885 318 2057 359 coniuges,

1081 356 1175 387 adest
1210 355 1277 393 eis,
1317 355 1461 386 custodit
1491 356 1708 388 domunculas
1744 359 1908 400 ipsorum,
1944 370 2059 398 cunas,

1081 398 1268 439 puerperia,
1298 397 1353 429 dat
1382 404 1528 429 mutuum
1558 409 1776 439 consensum,
1810 408 1840 432 et
1865 403 2059 441 συμπάθειαν

1081 442 1167 472 inter
1190 441 1368 483 coniuges,
1399 441 1488 483 quod
1521 448 1572 473 est
1603 454 1700 474 nnum
1724 454 1764 474 ex
1788 445 1936 476 maximis
1962 447 2058 477 bonis

1081 484 1236 526 coniugii.

1167 526 1295 558 Ethnici
1326 526 1423 557 etiam
1454 526 1621 558 celebrant
1645 527 1710 559 hoc
1736 530 1872 568 bonum,
1907 532 1966 562 sed
1992 542 2060 563 non

1082 570 1228 611 cogitant
1261 570 1303 600 de
1332 569 1407 600 Deo
1435 578 1561 601 autore.
1618 570 1781 602 Homerus
1817 573 1938 614 inquit:
1973 576 2062 606 Nihil

1080 615 1194 644 melius
1216 617 1273 651 esc,
1296 622 1389 652 quam
1412 623 1587 645 consensu-s·
1610 617 1672 645 τίνιῗ
1693 620 1725 646 et
1745 619 1875 651 uxoris,
1910 616 1946 646 Et
1973 618 2061 657 apud

1080 653 1308 696 Theognidem
1344 661 1434 686 extat
1467 656 1521 687 hic
1555 666 1692 687 versus:
1729 657 1814 688 οὐδὲν
1837 658 1914 698 κιῖρι)
1938 659 2060 698 dfatim}

1080 698 1294 739 γλυκερώτερον
1316 697 1403 739 ἀνδρὶ
1426 698 1572 738 γυναικός.
1617 702 1684 739 Nil,
1722 701 1829 739 Cyme
1849 704 1969 740 frider,
1993 704 2061 734 dnl-

1080 744 1149 772 οἱιιε
1169 742 1239 772 siro
1262 746 1312 772 esc
1331 742 1413 772 bona
1435 745 1576 781 coveiuye.
1612 741 1654 773 Et
1677 744 1763 783 apud
1788 742 1884 773 alium
1899 745 2062 785 quendam

47 796 171 825 rerum,
206 792 239 818 et
260 786 345 818 tales
367 796 433 818 non
457 792 566 827 potest
589 796 654 816 non
679 785 795 827 punire
818 784 928 822 Deus,
959 790 1026 816 tum
1080 790 1227 824 poetam:
1250 783 1337 824 ἅνδρὶ
1360 783 1416 824 γάρ
1439 783 1627 824 α’σχαλοῶιτι
1650 786 1814 827 παρήορος
1839 789 1916 816 ἐστὶν
1939 786 2060 824 ἀκοίτις.

45 830 81 862 in
102 828 166 861 hac
189 830 267 868 vita,
291 836 357 861 tum
380 835 457 870 post
479 828 566 860 hanc
588 829 698 861 vitam.

134 871 403 914 complectamur
413 871 467 903 hic
485 873 580 903 etiam
601 870 771 903 dissimilia
790 871 909 902 iudicia
925 870 1027 901 homi-

47 926 124 948 num
158 916 199 947 de
233 916 399 958 coniugio.
465 915 645 953 Videmus,
687 924 784 954 quam
825 912 1027 944 dissimiliter

46 958 178 992 Ethnici
197 959 238 990 de
261 969 302 991 eo
325 958 513 1001 loquantur.
558 957 619 988 Est
642 957 798 989 usitatum
821 956 956 987 dictum:

133 1002 264 1042 Μεγάλη
286 1002 421 1044 τύρανιίς
443 1001 533 1043 ἀνδρὶ
556 1004 640 1031 τέκνα
662 1002 712 1030 καὶ
734 999 817 1039 γυιή,
847 1000 976 1031 Soboles
999 1003 1031 1030 et

46 1056 130 1078 uxor
163 1050 214 1077 εει
228 1056 346 1085 magma
379 1048 543 1087 tyrannis,
577 1054 635 1076 seu
664 1052 813 1082 maynum
846 1052 926 1074 onus
949 1045 1027 1073 viro.

46 1089 82 1122 ld
106 1099 219 1121 verum
239 1096 304 1128 est,
336 1090 368 1120 in
393 1090 511 1120 bonam
535 1094 568 1118 et
596 1084 715 1117 malam
739 1091 876 1129 partem.
922 1087 1029 1123 Quam

47 1131 151 1164 multa
181 1134 312 1176 cogitur
345 1131 456 1164 facere
491 1137 523 1162 et
555 1129 643 1163 ferre
678 1131 815 1163 maritus
849 1132 962 1163 uxoris
997 1136 1029 1162 et

48 1173 228 1207 liberorum
263 1175 387 1207 causa?
453 1175 537 1206 Boni
571 1176 655 1206 bene
688 1174 813 1212 ferunt,
860 1182 891 1206 et
926 1174 1026 1206 multa

48 1218 179 1250 discunt
202 1219 235 1250 in
255 1219 421 1262 coniugiO,
444 1219 531 1250 sicut
553 1225 644 1250 recte
668 1219 747 1249 dixit
772 1217 946 1260 Stigelius:

92 1277 281 1318 Coniugium
309 1281 469 1311 humanae
491 1280 646 1319 quaedam
668 1283 719 1310 est
738 1279 910 1310 Academia
933 1282 1025 1317 vilae,

94 1321 134 1353 In
156 1332 218 1362 qua
240 1332 334 1353 nemo
355 1326 438 1354 satis
459 1332 495 1353 se
518 1323 670 1354 ιίἰιίἰειζεεε
689 1326 788 1362 putet.

135 1391 202 1423 Sed
225 1391 302 1424 mali
325 1390 410 1423 male
434 1390 561 1429 serunt,
589 1401 631 1422 ex
653 1391 770 1432 quibus
793 1389 885 1421 multi
908 1400 948 1421 ex
972 1391 1028 1421 im-

47 1433 205 1477 patientia
218 1435 375 1466 deserunt
389 1435 560 1475 coniuges,
584 1434 659 1475 quia
681 1443 747 1464 non
770 1438 912 1474 possunt
930 1434 1027 1465 susti-

47 1487 128 1509 nere
150 1477 215 1508 1100
238 1487 322 1509 onus
347 1477 533 1519 coniugalis
556 1477 652 1508 vitae.

135 1519 248 1551 Simile
261 1521 383 1551 dictum
406 1527 457 1552 est
477 1519 665 1551 Menandri:
692 1519 753 1556 Qm·
773 1520 862 1550 ducit
882 1529 1026 1559 tel-orem,

47 1565 80 1593 in
103 1564 242 1594 medium
262 1565 397 1602 pelayus
419 1573 455 1594 se
477 1565 612 1595 coniicit.
663 1561 734 1592 Hoc
765 1572 877 1592 verum
900 1568 970 1600 est,
999 1563 1027 1592 si

45 1604 208 1646 respicias
231 1606 274 1636 ad
297 1604 510 1637 difficultates
534 1611 566 1636 et
595 1614 771 1635 aerumnas
796 1605 957 1645 coniugii,
986 1615 1027 1636 ex

69 1657 112 1678 uo
136 1657 204 1679 11011
225 1645 303 1680 licet
325 1646 453 1690 sugere.
498 1647 583 1678 Ilinc
602 1657 685 1678 uxor
709 1653 740 1678 et
758 1645 853 1678 liberi
872 1648 1025 1685 retinent,

47 1690 55 1698 '
85 1689 93 1697 '
119 1701 138 1722 0
160 1688 254 1722 Deus
277 1691 369 1732 punit
392 1691 594 1722 desertores.

133 1731 231 1764 Adde
255 1740 288 1765 et
309 1733 390 1765 illud
419 1734 560 1765 dictum:
595 1732 708 1772 χειμών
743 1731 804 1762 κατ’
834 1733 935 1768 οἴκους
965 1735 1028 1763 ἐσιὶ

45 1774 176 1817 ἀνδράσι
198 1776 278 1815 γυνή.
325 1779 441 1809 Mulier
463 1781 514 1808 est
535 1777 603 1808 m‘ro
626 1780 659 1807 in
683 1777 822 1815 same'lt'is
844 1780 1027 1816 tempestas,

1090 827 1157 857 Vtro
1180 830 1268 858 tristi
1287 836 1372 858 usar
1394 829 1508 858 solatio
1537 833 1592 859 est.
1649 827 1758 869 Alphe
1788 830 1819 860 in
1844 839 1927 860 voce
1952 830 2062 866 dxot'ng

1080 870 1212 910 ponitur
1244 880 1304 911 pro
1339 867 1413 908 ἅμα,
1447 871 1533 901 sicut
1570 871 1667 902 etiam
1698 872 1729 902 in
1758 870 1867 911 ἄλοχος
1896 883 1955 913 pro
1985 872 2060 911 ἁμά-

1080 914 1185 951 λοχος,
1218 912 1251 943 id
1276 918 1343 949 est,
1377 923 1472 943 uxor.
1517 912 1646 954 ἁδελφὸς
1669 925 1728 955 pro
1753 914 1925 956 ἁμάδελφος
1958 915 2062 947 frater

1080 956 1238 986 uterinus.
1285 955 1353 986 Sed
1376 966 1443 986 non
1466 955 1543 987 volo
1567 956 1735 988 cumulare
1758 957 1854 998 plura
1878 959 1974 990 dicta.

1166 998 1298 1029 Passim
1331 1004 1408 1029 sunt
1441 999 1559 1030 obviae
1588 1002 1789 1039 sententiae,
1829 1003 1947 1043 qnilms
1982 1002 2060 1034 Eth-

1081 1041 1143 1072 nici
1166 1039 1249 1072 alias
1272 1039 1418 1081 laudant,
1442 1041 1524 1073 alias
1547 1043 1732 1085 vituperant
1766 1045 1962 1086 coniugium.
2010 1047 2061 1078 Ac

1081 1084 1174 1117 soleo
1210 1095 1310 1126 saepe
1340 1086 1469 1124 mirari,
1505 1087 1594 1128 quod
1628 1087 1715 1129 apud
1748 1087 1918 1126 Ethnicos,
1953 1095 2060 1120 tamen

1081 1131 1197 1162 umbra
1231 1129 1341 1171 aliqua
1365 1130 1509 1171 coniugii
1532 1139 1665 1162 servata
1689 1132 1747 1170 sit,
1783 1133 1880 1174 idque
1908 1143 2061 1174 magnum

1081 1184 1164 1216 opus
1187 1173 1251 1205 Dei
1281 1182 1357 1204 esse
1380 1173 1542 1211 arbitror,
1577 1175 1631 1215 qui
1666 1175 1806 1215 ipsemet
1837 1176 1952 1207 retinet
1984 1187 2062 1207 ecn-

1080 1219 1203 1261 iugium
1227 1219 1259 1249 in
1284 1229 1406 1260 genere
1430 1219 1591 1256 humano,
1625 1218 1723 1259 idque
1751 1217 1828 1250 tacit
1857 1218 2057 1251 mirabiliter.

1168 1261 1202 1291 ln
1227 1263 1332 1302 poetis
1355 1261 1457 1293 multa
1480 1268 1556 1293 sunt
1579 1265 1720 1294 convicia
1754 1261 1934 1294 mulierum.
1993 1263 2060 1294 Sed

1079 1314 1145 1336 non
1165 1306 1272 1336 minus
1295 1310 1346 1335 est
1368 1306 1562 1336 infirmitatis
1586 1306 1617 1336 in
1641 1305 1730 1337 viris.
1781 1305 1951 1338 Recitatnr
1973 1307 2061 1348 apud

1079 1348 1259 1379 stobaeum
1283 1347 1367 1378 haec
1390 1349 1572 1379 sententia:
1605 1350 1666 1380 l'1'ri
1687 1350 1759 1381 bilis
1782 1355 1830 1380 es!
1848 1350 1905 1387 fel.
1940 1351 2061 1382 Collum

1080 1401 1154 1423 rero
1172 1392 1217 1422 ad
1237 1392 1330 1422 bilem
1349 1393 1495 1423 nmlteris
1513 1396 1563 1423 esc
1583 1395 1651 1423 mel.
1688 1392 1760 1423 lloc
1773 1403 1837 1423 non
1863 1399 1913 1424 est
1936 1404 2059 1425 rerum.

1079 1433 1151 1465 Etsi
1170 1433 1333 1465 foeminae
1356 1432 1440 1465 aliae
1459 1441 1536 1465 sunt
1559 1435 1721 1474 mitiores,
1752 1434 1837 1466 aliae
1860 1437 2061 1474 acerbiores,

1080 1484 1188 1508 tamen
1212 1476 1303 1507 multi
1328 1477 1388 1507 viri
1407 1478 1626 1517 reperiuntur,
1657 1479 1710 1519 qni
1735 1485 1811 1509 sunt
1836 1479 2060 1511 iracundiores

1080 1520 1250 1550 uxoribus
1287 1518 1381 1550 Multi
1400 1520 1460 1550 viri
1481 1527 1557 1551 sunt
1578 1522 1750 1551 saeviores
1776 1522 1903 1560 bestiis,
1927 1530 2061 1563 propter

1080 1563 1286 1604 tyrannidem
1309 1570 1342 1593 et
1365 1561 1609 1602 crudelitatem,
1643 1574 1738 1605 quam
1763 1571 1917 1596 exercent
1936 1566 1966 1596 in
1991 1566 2060 1597 suis

1080 1606 1237 1643 aedibus,
1272 1604 1323 1636 De
1352 1606 1472 1646 quibus
1506 1612 1597 1637 recte
1631 1608 1783 1647 usurpari
1808 1614 1917 1648 potest
1943 1618 2059 1640 versus

1081 1647 1146 1685 ille,
1171 1658 1237 1689 quo
1262 1649 1461 1679 describitur
1483 1648 1642 1689 α’σιοργίαε
1667 1649 1798 1688 Nescio,
1811 1652 1890 1691 quid
1901 1652 1943 1682 sit
1957 1661 2060 1690 mnor,

1079 1701 1136 1722 nec
1158 1701 1242 1729 amo,
1256 1702 1317 1722 -nec
1341 1701 1443 1729 amor,
1466 1701 1523 1722 vec
1545 1694 1662 1724 amari.

1167 1734 1354 1765 Simonides
1384 1735 1543 1765 discernit
1576 1736 1700 1776 gradus
1734 1735 1916 1769 mulierum.
1972 1738 2059 1771 Dicit

1081 1776 1178 1808 aliam
1202 1777 1340 1808 similem
1364 1788 1442 1809 esse
1455 1788 1570 1819 equae,
1594 1779 1624 1808 id
1644 1786 1707 1817 est,
1731 1778 1877 1812 ferocem
1896 1787 1928 1812 et
1947 1792 2060 1823 super-

46 1819 123 1860 quia
145 1825 263 1850 natura
291 1818 463 1851 mulierum
485 1825 537 1850 est
559 1819 704 1860 inquieta
732 1825 764 1849 et
795 1816 1028 1861 polypmgmo-
1051 1813 1056 1841 ¹
1081 1821 1167 1857 bam,
1192 1819 1288 1851 aliam
1312 1821 1374 1858 sui,
1398 1828 1533 1861 propter
1555 1822 1686 1859 sordes,
1711 1821 1807 1854 aliam
1830 1824 1895 1864 api,
1926 1831 2061 1866 propter

45 1861 131 1894 nica.
186 1861 311 1894 Paulus
344 1872 410 1893 uno
443 1863 547 1894 verbo
585 1862 734 1893 modeste
774 1868 807 1892 et
840 1863 1028 1893 verecunde

44 1904 111 1936 ista
137 1905 247 1936 omnia
271 1903 514 1946 complectitur,
550 1904 616 1943 Qua·
643 1908 780 1936 maritus
803 1908 870 1942 est,
909 1905 1028 1947 inquit,

45 1948 170 1979 dim‘m
191 1952 259 1986 est,
292 1952 394 1980 servit
419 1950 487 1979 Deo
516 1952 549 1979 et
572 1949 728 1988 familiae.
784 1947 941 1979 Iuventus
964 1949 1028 1979 ista

45 1990 192 2022 nondum
215 1989 379 2033 intelligit,
402 1991 460 2021 sed
483 1991 696 2022 considerare
718 1997 827 2021 tamen
850 1991 958 2029 debet,
993 1998 1026 2022 ut

47 2043 123 2065 cum
145 2034 262 2065 timore
284 2033 348 2065 Dei
383 2040 416 2065 et
445 2034 654 2065 invocatione
683 2034 885 2075 ingrediatur
908 2035 939 2065 in
963 2034 1027 2065 hoc

46 2076 136 2108 vitae
159 2087 282 2119 genus,
318 2077 358 2107 Et
392 2077 516 2118 cogitet
548 2087 615 2108 non
648 2086 751 2118 posse
770 2077 926 2108 sustiueri
960 2077 1026 2109 hoc

46 2119 165 2162 ingens
188 2130 286 2158 011115,
310 2120 374 2151 11151
397 2119 472 2151 Deo
495 2120 637 2150 iuvante.

135 2162 349 2204 opponamus
372 2168 482 2194 autem
505 2162 700 2194 sententiam
725 2161 932 2194 Salomonis:
967 2164 1028 2200 Qua·

47 2208 169 2237 invenie
188 2215 332 2245 uxorem,
356 2209 476 2237 incenit
496 2206 620 2239 bonum,
644 2209 675 2237 et
692 2207 822 2237 hauriet
837 2208 1025 2246 voluptatem

46 2259 68 2280 a
89 2250 235 2280 Domino.
282 2248 317 2279 ln
342 2248 474 2279 Graeco
494 2254 545 2279 est
567 2248 704 2279 verbum
727 2247 868 2288 εὐτυχῶν,
897 2249 930 2280 id
960 2255 1023 2287 est,

47 2291 103 2332 qui
135 2289 277 2323 feliciter
309 2292 398 2322 ducit
430 2301 585 2328 uxorem,
627 2291 719 2322 cuius
752 2292 940 2333 coniugium
974 2298 1025 2323 est

46 2332 139 2372 felix,
161 2333 217 2365 ille
234 2335 355 2366 invenit
376 2344 530 2376 magnum
549 2335 681 2364 bonum.
727 2333 924 2366 Germanice
947 2335 1025 2367 dici·

47 2386 136 2408 mus:
160 2377 237 2410 ‘Dent
262 2381 293 2409 εὗ
316 2378 419 2419 ῃετεῢι,
443 2380 491 2408 bet
509 2378 565 2409 mni
588 2375 706 2414 onttifft.
750 2376 889 2408 Latinus
914 2383 1025 2409 textus

48 2419 91 2451 de
113 2429 176 2451 suo
198 2420 338 2451 addidit:
365 2421 425 2457 Qui
446 2423 566 2451 int-enit
586 2421 700 2451 bonam
720 2429 866 2452 uxorem.
901 2420 968 2452 Sed
992 2421 1023 2451 iu

47 2460 196 2494 fontibus
218 2461 412 2504 simpliciter
435 2463 554 2495 dicitur
577 2462 618 2493 de
641 2472 754 2494 uxore.
794 2463 879 2494 Sunt
901 2469 1023 2501 autem,

47 2503 134 2536 haec
155 2506 258 2537 verba
278 2506 527 2546 promissionis:
557 2507 689 2537 hauriet
712 2507 901 2546 voluptatem
922 2517 943 2538 α
961 2507 1024 2539 Do-

48 2550 143 2588 mino,
165 2547 197 2579 id
221 2553 283 2586 est,
303 2548 396 2580 Deus
419 2548 614 2580 exhilarabit
636 2554 669 2579 et
691 2547 919 2581 consolabitur
941 2559 1025 2588 eum,

47 2590 177 2622 etiamsi
206 2597 303 2622 erunt
334 2590 458 2623 multae
485 2590 718 2623 adversitates.
773 2590 845 2624 Hac
872 2591 1025 2624 consola-

1080 1861 1312 1904 srugalitatem.
1358 1863 1465 1895 Habet
1490 1870 1597 1895 tamen
1621 1865 1717 1896 etiam
1735 1867 1809 1906 apis
1832 1866 1994 1898 aculeum.

1165 1905 1365 1938 Aristoteles
1405 1907 1437 1937 in
1471 1906 1694 1939 Oeconomico
1736 1910 1813 1940 citat
1848 1909 2060 1952 Pythagorae

1080 1956 1308 1991 praeceptum:
1344 1949 1395 1980 Ne
1418 1951 1554 1981 mar-'tas
1577 1951 1618 1981 sic
1642 1952 1782 1983 emmelis
1805 1954 1964 1985 ‹ult-ersus
1987 1964 2059 1985 con·

1079 1994 1193 2033 iugem,
1216 1997 1263 2023 srt
1284 1997 1405 2033 parcat
1429 1994 1515 2024 Illius
1536 1994 1727 2035 insirnu'tnlz‘,
1751 1997 1976 2037 q111'11supple.r
1996 1998 2062 2038 ι’ρεί

1080 2036 1238 2067 tradatur·
1261 2037 1306 2067 ml
1329 2046 1432 2067 (tram.
1489 2036 1549 2067 Hic
1583 2048 1715 2077 possem
1751 2038 1851 2070 inulta
1881 2047 2058 2081 praecepta

1079 2079 1190 2118 γημικιὶ
1215 2080 1348 2118 addere,
1372 2078 1481 2121 qualia
1507 2078 1641 2122 collegit
1665 2079 1872 2120 Plutarchus,
1895 2083 1955 2113 sed
1980 2084 2058 2115 ado-

1078 2121 1245 2153 lescentes
1269 2123 1397 2162 privato
1422 2123 1531 2154 studio
1563 2123 1625 2154 ista
1648 2122 1781 2167 legant,
1818 2131 1849 2156 et
1879 2126 2057 2158 observent

1078 2165 1111 2196 111
1130 2166 1359 2207 scriptoribus.

1391 2331 1454 2372 De
1493 2333 1610 2372 tertio
1642 2333 1738 2373 loco.

1163 2421 1281 2453 Dicam
1310 2433 1371 2464 pro
1401 2423 1616 2455 conclusione
1650 2423 1746 2455 huius
1770 2425 1926 2457 materiae
1948 2435 2056 2467 pauca

1077 2465 1239 2506 quaedam
1274 2466 1315 2496 tle
1336 2465 1473 2497 historia
1498 2465 1593 2497 huius
1627 2465 1811 2508 Evangelii,
1847 2474 1879 2499 et
1913 2468 2055 2511 imagine

1077 2506 1259 2540 Ecclesiae.
1308 2507 1460 2540 Christus
1483 2510 1579 2540 adest
1603 2509 1633 2539 in
1654 2510 1725 2540 istis
1743 2511 1876 2551 nuptiis,
1902 2518 1936 2542 ut
1956 2513 2054 2553 signi-

1078 2550 1156 2582 ficet
1181 2561 1218 2582 se
1241 2561 1319 2583 esse
1343 2560 1513 2593 sponsum,
1538 2552 1594 2593 qui
1619 2551 1735 2584 foedus
1758 2553 1827 2584 iniit
1845 2565 1918 2585 cum
1938 2561 2054 2587 natura

1077 2600 1209 2633 nostra,
1243 2600 1277 2626 et
1299 2594 1434 2636 copulat
1455 2595 1520 2626 sibi
1548 2594 1754 2634 Ecclesiam,
1784 2596 1986 2636 sanctificat,
2022 2603 2054 2630 et
