2324 2958
210 142 270 173 611

210 245 284 267 011111
313 235 410 266 docet
438 241 487 272 te;
520 236 579 266 sed
608 234 708 268 Filius
731 236 793 268 Dei
816 238 905 269 venit
929 248 993 270 non
1017 238 1179 279 principa-

210 277 300 316 liter,
327 283 365 309 ut
384 277 512 309 Doctor
541 286 751 321 (quamquam
780 281 875 311 etiam
904 280 1032 311 Doctor
1055 286 1123 317 est,
1147 286 1177 311 et

209 319 406 361 exemplum)
430 321 489 351 sed
512 322 617 360 venit,
641 328 676 353 ut
699 321 914 364 Redemptor:
943 324 1018 364 quia
1040 322 1105 353 hoc
1127 328 1179 353 est

210 363 378 394 decretum
400 364 431 393 iu
456 363 596 395 consilio
619 365 787 403 trinttatiS‚
818 366 1014 406 deprecante
1035 375 1096 406 pro
1120 375 1178 395 no-

211 406 261 437 bis
284 404 366 436 Filio
389 404 468 444 Det,
503 412 537 437 ut
567 407 771 439 derivaretur
799 408 847 439 ira
874 409 904 439 in
935 407 1022 438 hunc
1053 405 1179 445 Filium,

209 453 242 479 et
273 458 378 490 gentis
408 448 582 480 htnnanum
612 451 814 490 reciperetur
841 457 977 491 propter
999 450 1124 490 ipsum,
1147 456 1179 480 et

209 491 387 521 donaretur
411 492 504 522 nobis
533 493 636 532 ipsius
661 493 798 530 iustitia,
834 500 863 523 et
890 493 1018 534 quidem
1042 493 1180 523 donare—

208 538 261 565 tur
282 533 506 574 imputatione.
531 541 561 565 et
586 534 765 566 effectione.
811 534 992 576 Utrumque
1010 535 1096 573 dicu,
1119 535 1179 565 sed

209 574 338 607 effectio
362 575 577 617 complebitur
599 579 736 618 primum
759 585 835 618 post
858 578 944 609 hanc
967 578 1085 615 vitam,
1119 578 1179 608 sed

208 624 316 649 tamen
339 618 392 649 hie
415 619 561 651 inchoari
586 627 724 660 oportet.
781 620 855 660 lpse
882 620 913 650 in
943 620 1098 651 cordibus
1121 630 1178 651 no-

208 661 287 692 stris
310 663 460 693 accendit
481 673 598 693 novam
619 663 781 700 iustitiam,
799 663 1002 704 sapientiam,
1019 669 1051 694 et
1069 664 1178 693 vitain.

294 703 347 735 De
376 704 613 745 applicatione,
648 715 731 746 quae
762 704 797 736 fit
826 715 885 747 per
914 704 1029 744 fidem,
1062 711 1179 746 postea

209 747 349 778 subinde
373 749 588 778 monebimus.

333 912 557 967 Propositio
589 913 793 967 sequentis
826 911 1049 954 Concionis.

289 1003 384 1034 Nunc
408 1004 553 1035 dicemus
577 1004 618 1035 de
640 1003 704 1035 hoc
727 1004 800 1044 ipso
821 1004 940 1045 capite,
958 1004 990 1035 in
1010 1013 1076 1045 quo
1101 1013 1178 1034 con-

208 1047 329 1078 tinetur
363 1048 506 1088 precatio
542 1045 612 1077 Filii
648 1046 729 1084 Dei,
765 1057 850 1087 quae
879 1057 980 1087 saepe
1011 1052 1061 1077 est
1085 1056 1177 1087 repe-

206 1090 323 1125 tenda;
351 1089 414 1120 imo
438 1089 596 1130 quotidie,
627 1089 757 1130 quando
785 1096 932 1120 nostram
956 1090 1176 1130 precationem

206 1133 421 1169 instituimus,
451 1132 607 1163 intuenda
635 1139 700 1168 est,
735 1132 811 1173 quia
842 1132 1000 1163 debemus
1031 1138 1177 1162 nostram

207 1175 430 1216 precationem
454 1175 634 1216 adiungere
653 1175 694 1205 ad
715 1175 934 1215 precationem
953 1173 1041 1205 illius
1061 1174 1177 1205 summi

207 1217 403 1249 sacerdotis.
460 1217 533 1248 Non
568 1217 805 1258 imaginamini,
839 1216 942 1248 semel
976 1223 1099 1248 tantum
1129 1216 1177 1247 sic

205 1266 375 1301 precatum
399 1269 485 1298 esse,
508 1260 567 1290 sed
591 1260 664 1291 ideo
687 1258 818 1299 publica
840 1270 924 1291 voce
947 1259 1000 1290 hic
1023 1265 1177 1300 precatus

205 1309 271 1341 est,
287 1309 322 1333 ut
340 1301 489 1333 Ecclesia
508 1303 633 1333 audiret
657 1302 911 1342 applicationem
935 1301 1090 1333 sacrificii
1116 1302 1176 1333 sui.

291 1344 415 1376 Eadem
444 1345 589 1386 precatio
618 1345 706 1376 dicta
734 1350 784 1375 est
814 1345 844 1375 in
869 1350 1004 1376 aeterno
1027 1343 1178 1382 consilio,

205 1388 338 1430 quando
370 1388 565 1429 deprecatus
594 1393 646 1418 est
675 1386 776 1418 Filius
799 1386 862 1418 Dei
890 1397 950 1429 pro
975 1397 1097 1428 genere
1120 1386 1178 1417 hu-

204 1441 316 1462 mano:
350 1428 392 1461 Et
425 1430 484 1461 suit
506 1431 589 1462 haec
620 1431 767 1471 precatio
795 1431 866 1461 eius
894 1431 1035 1471 gemitus
1066 1431 1096 1460 in
1125 1429 1177 1460 his

205 1473 301 1505 terris
332 1483 391 1514 per
421 1479 521 1505 totam
554 1473 669 1510 vitam,
701 1473 766 1503 imo
796 1472 947 1504 omnibus
976 1473 1178 1513 temporibus

205 1527 226 1547 a
248 1516 454 1547 restitutione
482 1516 599 1547 Adam.
655 1514 726 1546 Hoc
754 1514 928 1557 diligenter
957 1515 1179 1552 memineritis,

206 1559 295 1601 quod
326 1559 367 1589 sit
396 1565 553 1600 perpetua
582 1558 746 1600 precatiO,
780 1564 811 1589 et
835 1558 976 1600 gemitus
1000 1564 1178 1600 perpetuus

205 1600 278 1633 filii
299 1600 373 1632 Dei.

291 1644 419 1675 Deinde
454 1645 597 1685 cogitate
631 1644 718 1684 apud
752 1644 879 1675 anirr.os
908 1650 1056 1681 vestros,
1089 1642 1179 1674 illam

207 1688 431 1729 precationem
465 1697 542 1718 esse
574 1687 838 1718 ardentissimam
873 1696 989 1717 vocem
1024 1687 1178 1725 omnium,

229 1740 290 1761 uae
322 1740 464 1771 unquam
498 1731 529 1760 in
565 1728 660 1761 coelo
695 1735 727 1760 et
756 1730 840 1760 inter
868 1734 956 1760 terra
986 1735 1178 1761 sonuerunt.

237 1771 304 1805 ulla
326 1771 382 1803 tuit
407 1772 574 1804 ardentior
596 1782 661 1804 vox
683 1772 793 1804 audita
813 1773 844 1803 in
865 1771 959 1803 coelo
978 1778 1010 1804 et
1026 1773 1057 1803 in
1078 1778 1178 1810 terra,

205 1826 302 1858 quam
326 1816 399 1846 ista.

292 1857 572 1889 commonefaciat
595 1863 702 1889 autem
721 1867 783 1888 nos
804 1857 912 1889 statim
930 1855 1013 1889 haec
1031 1858 1179 1899 precatio

207 1902 247 1933 de
271 1899 383 1932 osticio
404 1902 519 1932 summi
539 1901 723 1931 sacerdotis
741 1899 874 1931 Christi.
920 1900 1003 1931 Nam
1023 1901 1097 1942 quia
1114 1900 1178 1931 Do-

206 1944 313 1976 minus
337 1950 385 1974 est
409 1943 588 1981 sacerdos,
613 1949 677 1974 stat
702 1942 772 1980 1110,
795 1949 825 1974 81
849 1943 924 1974 (licit
947 1944 1179 1985 precationem,

207 1993 238 2019 et
260 1985 401 2029 applicat
427 1997 521 2018 suum
546 1986 754 2020 sacrificium.

362 2152 470 2202 Quid
502 2159 564 2192 cst
594 2166 773 2193 summus
805 2152 1017 2192 sacerdos?

294 2242 357 2275 Alit
382 2244 576 2275 sacerdotes
599 2250 673 2275 sunt
699 2243 947 2283 participatione
970 2243 1179 2279 sacerdotes,

207 2294 239 2319 et
262 2294 337 2318 sunt
368 2287 574 2317 discernendi
599 2286 640 2317 ab
664 2286 728 2317 hoc
746 2287 935 2321 sacerdote,
954 2286 1180 2326 propriissime

207 2331 256 2361 sic
280 2331 378 2361 dicto.
424 2330 493 2360 Nos
517 2339 582 2359 non
603 2339 717 2360 sumus
737 2330 852 2360 snnmni
873 2329 1076 2360 sacerdotes.
1123 2328 1178 2359 Le·

206 2374 293 2404 vitici
318 2372 521 2409 sacci-dotes,
540 2371 669 2403 suerunt
689 2372 787 2413 typici
807 2372 1016 2403 sacerdotes:
1040 2372 1092 2412 qui
1113 2381 1178 2402 non

208 2422 297 2447 recte
321 2416 451 2446 docent.
477 2425 541 2445 non
566 2420 639 2446 sunt
659 2415 864 2453 sacerdotes.
888 2425 928 2446 ne
951 2415 1080 2456 quidem
1105 2425 1177 2455 par-

209 2459 413 2500 ticipatione.
436 2468 475 2488 110
500 2468 540 2488 118
563 2458 692 2500 quidem
716 2458 826 2500 typici.

293 2501 445 2532 Summus
476 2502 636 2531 sacerdos
667 2507 717 2532 est
748 2511 890 2541 persona
918 2500 1103 2531 immediato
1126 2510 1177 2530 or·

207 2544 315 2576 din-'tta
344 2545 497 2574 «livinitus
526 2544 567 2575 ad
599 2544 781 2575 docendum
805 2542 1038 2584 Evangelium,
1061 2543 1102 2574 ad
1125 2553 1176 2573 sa-

209 2587 418 2619 crificandum
444 2598 503 2627 pro
527 2587 684 2625 caeteris,
707 2588 748 2618 ad
772 2587 949 2625 orandum,
973 2596 1032 2618 seu
1055 2586 1098 2617 ad
1122 2586 1176 2617 de-

844 145 954 178 PHIL.
976 145 1078 179 MEL.
1102 145 1287 179 scmP'rA
1310 147 1572 182 EXEGETICA.

2137 155 2203 191 612

1229 242 1429 280 precandum
1463 253 1523 284 pro
1558 244 1624 282 eis,
1658 250 1691 276 et
1718 244 1848 277 habeus
1871 248 2080 288 testimonia,
2113 250 2202 292 qnod

1229 284 1434 316 exaudiatur.

1270 368 1276 374 .
1314 326 1371 358 Sic
1401 328 1626 369 propriissime
1657 329 1810 362 definitur
1833 330 2016 371 Sacerdos;
2048 331 2203 366 Christus

1229 378 1366 418 primum
1385 376 1435 401 est
1455 381 1599 412 persona
1617 372 1800 404 immediate
1819 375 1970 406 ordinata
1988 386 2007 406 a
2029 375 2115 414 Deo,
2137 377 2201 410 imo

1230 417 1293 441 iste
1323 417 1375 442 est
1403 414 1538 453 primum
1569 415 1711 446 omnium
1739 417 1928 455 ordinatus,
1952 424 1986 449 et
2008 424 2058 450 est
2079 419 2201 451 missm

1229 453 1271 483 ad
1294 454 1478 486 docendum
1500 455 1724 497 Evangelium.
1771 458 1835 489 Per
1857 460 1961 500 ipsum
1984 461 2122 501 primum
2143 472 2201 503 pi»

1230 496 1298 527 tefit
1320 496 1551 539 Evangelium:
1584 501 1695 531 ..S'emen
1724 502 1865 533 mulieri-s·
1886 504 2083 535 conculcabit
2105 509 2203 546 caput

1229 540 1408 578 serpentis,-
1441 541 1483 571 ibi
1516 543 1653 582 primum
1686 543 1772 574 edita
1807 551 1856 575 est
1886 547 2060 586 promissio
2091 545 2201 579 Evan-

1230 580 1320 622 gelii:
1344 581 1514 614 Revelatio
1539 595 1623 626 quae
1646 592 1696 616 est
1719 584 1808 617 facta
1831 587 1872 617 ad
1897 589 2018 626 Adam,
2040 588 2128 620 sacta
2151 595 2203 621 est

1230 633 1289 664 per
1312 625 1428 665 ipsum.
1472 625 1546 666 lpse
1570 634 1620 658 est
1643 637 1785 669 persona
1808 628 1959 670 loquens.
1983 638 2014 662 et
2037 632 2078 662 de
2100 642 2138 663 se
2156 631 2201 663 lo—

1230 667 1355 707 quitur,
1386 677 1460 698 cum
1483 670 1561 700 dicit
1583 670 1623 701 de
1646 672 1770 703 semine
1799 671 1941 704 mulieris
1965 673 2201 706 conculcatum

1231 715 1329 749 caput
1346 711 1521 750 serpentis.
1555 712 1625 743 Hoc
1637 712 1853 755 Evangelium
1870 716 2073 756 praedicavit
2084 723 2202 758 postea

1230 761 1288 799 per
1310 752 1508 792 prophetas,
1541 760 1574 785 et
1597 765 1713 786 rursus
1737 758 1768 788 in
1791 764 1961 799 assumpta
1985 769 2085 790 carne
2107 769 2203 800 prae-

1229 793 1351 825 dicavit
1383 795 1414 825 in
1444 805 1506 827 suo
1535 797 1731 837 ministerio,
1763 801 1850 831 sicut
1881 800 1934 832 hic
1957 801 2076 843 iuquit:
2110 801 2202 834 Haec

1229 840 1277 867 est
1302 838 1371 868 vita
1399 842 1550 877 aeterna,
1578 844 1614 871 uc
1642 846 1819 881 aynoscant
1842 847 1872 874 te
1894 853 2002 875 cerum
2023 844 2147 882 Deam,
2171 848 2202 876 et

1230 889 1320 920 quem
1341 881 1458 912 mesisti
1477 880 1597 920 lesum,
1620 892 1689 914 esse
1711 883 1882 916 Cleri-emm.

1384 1053 1521 1104 Qualis
1553 1062 1614 1095 est
1645 1055 1746 1096 haec
1778 1056 2047 1111 praedicatio:

1338 1134 1412 1167 Vita
1435 1141 1569 1168 &tc-rna
1591 1141 1638 1169 est
1659 1138 1776 1170 notitia
1797 1139 1860 1169 Dei
1880 1142 1927 1170 est
1950 1139 2094 1171 Christi?

1313 1211 1374 1243 Est
1396 1211 1562 1250 formali53
1584 1212 1668 1246 alius
1686 1214 1809 1246 diceret
1826 1225 1902 1246 esse
1921 1216 2104 1248 effectivam
2124 1227 2202 1250 cau·

1228 1263 1287 1285 sae
1310 1253 1501 1291 efficientis;
1524 1257 1620 1287 etiam
1644 1267 1709 1288 non
1732 1256 1853 1289 malum
1876 1265 1944 1296 est,
1967 1259 2025 1290 sed
2050 1257 2128 1290 illud
2148 1267 2201 1291 est

1228 1298 1523 1329 accommodatius:
1546 1299 1622 1339 quia
1638 1300 1706 1330 vita
1724 1307 1860 1331 aeterna
1878 1308 1929 1332 est
1950 1300 2004 1332 illa
2022 1303 2095 1342 ipsa
2113 1311 2202 1333 nova

1228 1337 1302 1377 lux,
1324 1350 1514 1381 agnoscens
1538 1350 1650 1371 verum
1673 1340 1798 1379 Deum,
1826 1348 1857 1372 et
1880 1352 2020 1374 cernens
2044 1344 2132 1375 hunc
2153 1343 2202 1375 le-

1228 1391 1300 1413 sum
1323 1383 1394 1423 (qui
1417 1383 1536 1414 missus
1560 1386 1626 1419 est)
1649 1393 1726 1415 esse
1749 1383 1927 1415 Christum.

1329 1563 1436 1614 Quid
1468 1565 1651 1620 intelligis
1682 1580 1753 1621 per
1784 1567 1886 1607 hanc
1919 1567 2097 1621 phrasin:

1503 1651 1533 1679 te
1553 1649 1653 1679 solum
1676 1657 1783 1679 cerum
1804 1648 1928 1680 Deum?

1315 1724 1410 1756 Solus
1428 1724 1571 1757 excludit
1589 1726 1695 1757 omnia
1714 1726 1939 1757 commenticia
1958 1727 2101 1757 numina.
2142 1726 2203 1759 Est

1230 1768 1371 1808 positum
1394 1768 1436 1799 ad
1459 1767 1670 1799 differentiam
1696 1767 1757 1799 Dei
1782 1767 1915 1800 revelati
1939 1769 1971 1800 in
1995 1768 2146 1808 Christo,
2167 1776 2202 1801 et

1231 1811 1371 1841 omnium
1395 1811 1694 1842 commenticiorum
1711 1812 1886 1842 numinum.
1932 1811 2054 1843 Postea
2070 1812 2200 1852 dicitur,

1231 1852 1330 1883 Iesum
1353 1864 1420 1885 esse
1443 1853 1622 1884 Fln·1's!111n.·
1645 1854 1676 1884 id
1696 1860 1762 1891 est,
1785 1864 1863 1885 esse
1885 1853 2106 1892 salvatorem,
2134 1865 2201 1887 non

1254 1895 1422 1936 rophetam
1445 1902 1584 1927 tantum:
1615 1906 1680 1927 non
1705 1897 1848 1934 ι11015811,
1871 1908 1936 1928 11011
1960 1896 2110 1936 Esaiam,
2132 1907 2201 1929 non

1230 1907 1409 1977 fercmiam,
1431 1940 1490 1970 sed
1515 1949 1590 1970 esse
1613 1939 1700 1970 1111111·
1724 1940 1976 1980 redemptorem,
1999 1941 2053 1982 qui
2076 1945 2127 1971 est
2149 1939 2201 1971 Fi-

1230 1981 1293 2013 lius
1317 1989 1411 2019 tuus,
1434 1982 1465 2013 in
1489 1992 1584 2024 qucm
1608 1983 1775 2014 derivatur
1798 1983 1859 2014 ista
1884 1983 2074 2025 magnitudo
2096 1984 2174 2015 iran-

1317 2025 1372 2057 Sic
1402 2031 1508 2056 autem
1539 2035 1640 2056 nosse
1669 2036 1742 2056 enm
1772 2032 1918 2066 oportet,
1953 2032 1986 2057 ut
2013 2026 2200 2064 credamus,

1232 2078 1292 2099 nos
1332 2074 1466 2109 propter
1506 2079 1577 2098 eum
1613 2069 1732 2108 recipi,
1770 2071 1854 2099 sicut
1888 2067 2040 2110 Apostoli
2074 2069 2200 2100 dicunt:

1232 2111 1315 2142 Hm'c
1343 2110 1519 2151 praplwlm*
1547 2120 1650 2141 omma
1679 2112 1887 2142 trsti'mom'mn
1910 2111 2092 2152 pcrhu’ln‘nt,
2115 2111 2201 2152 quod

1231 2155 1443 2185 ra-m1·s.w·0uem
1466 2158 1669 2193 precatorum
1693 2155 1855 2195 accipiunt
1874 2164 1980 2186 omncs
1997 2155 2054 2195 qni
2067 2154 2203 2186 credunt

1231 2198 1262 2228 ιἰι
1286 2207 1361 2227 cum.
1418 2196 1563 2228 fredere
1592 2207 1656 2227 non
1687 2203 1809 2228 tantum
1841 2197 2003 2239 significat
2028 2207 2131 2229 nosse
2154 2195 2200 2228 hi-

1230 2241 1381 2277 storiam,
1415 2241 1472 2270 sed
1503 2239 1665 2281 significat
1694 2241 1774 2281 erigi
1805 2240 1836 2271 in
1866 2241 1993 2280 ntngnis
2017 2239 2201 2277 doloribus,

1231 2291 1260 2314 et
1287 2290 1449 2320 statuere,
1477 2283 1564 2324 quod
1594 2289 1726 2324 propter
1755 2282 1841 2314 1111110
1867 2282 1979 2314 filium
2003 2283 2200 2324 recipiamus

1230 2326 1504 2363 imdficudouem,
1525 2327 1640 2357 tiamns
1664 2325 1823 2357 haeredes
1848 2327 1932 2357 vitae
1955 2332 2122 2364 aeternae,
2143 2324 2200 2356 do·

1231 2380 1342 2400 nentur
1366 2369 1504 2405 iustitia,
1534 2376 1565 2399 et
1588 2369 1654 2400 vita
1681 2375 1826 2400 aeterna.
1874 2369 1943 2400 llac
1969 2369 2032 2399 lide
2055 2369 2126 2410 ipso
2148 2372 2201 2399 est

1230 2411 1346 2443 efficax
1376 2413 1406 2443 in
1430 2412 1606 2450 cordibus,
1636 2418 1667 2442 81
1696 2413 1844 2443 accendit
1869 2422 1926 2453 per
1949 2411 2102 2453 Spiritum
2125 2420 2200 2442 san-

1231 2462 1315 2485 ctum
1339 2455 1423 2486 1111110
1448 2465 1564 2485 novam
1595 2461 1624 2485 et
1653 2462 1823 2486 aeternam
1848 2456 1955 2486 vitam.
2002 2454 2059 2485 Sic
2081 2452 2200 2485 Esaias

1230 2509 1372 2545 quoquc·
1395 2498 1486 2529 dicit:
1540 2497 1666 2528 Nomia
1701 2499 1789 2528 scri-1⁸
1820 2499 1881 2529 mci
1910 2498 1988 2529 iusti·
2017 2495 2202 2539 i'ustt'ficabt‘t

1230 2542 1360 2574 multos:
1383 2541 1477 2582 quasi
1502 2540 1603 2571 dicat:
1628 2540 1700 2571 Non
1724 2548 1816 2572 erunt
1841 2541 1990 2573 homines
2015 2540 2089 2572 iusti
2112 2537 2201 2582 lege,

1231 2584 1288 2615 sed
1312 2584 1478 2626 agnitione
1501 2583 1597 2616 huius
1621 2582 1762 2615 Domini.
