2324 2958
188 213 249 244 179
821 207 932 239 PHlL.
956 206 1056 238 MEL.
1081 205 1266 237 SCRIPTA
1290 203 1552 237 EXEGETICA.
1806 175 1813 180 ι
2130 208 2194 241 180

186 308 227 340 ad
251 308 415 349 ingentem
437 303 529 335 illum
552 301 721 340 dolorem,
754 310 852 343 quem
875 300 1020 332 sentiunt
1042 307 1158 338 paren·
1181 301 1186 375 ¹
1208 304 1357 339 pectore,
1379 302 1414 329 et
1434 299 1635 341 extinguitur
1655 300 1689 340 in
1711 299 1881 342 plerisque
1903 299 2101 334 animalibus
2123 311 2190 333 me-

184 358 236 382 tes
259 360 298 381 ex
322 347 505 381 calamitate
526 345 716 376 liberorum.
1210 340 1315 371 moria
1348 339 1487 372 sobolis.
1554 341 1646 374 Haec
1680 343 1904 375 consideratio
1941 353 2009 375 non
2037 350 2088 376 est
2116 354 2193 376 con-

270 391 389 424 Nullus
413 388 509 421 dolor
531 394 608 430 post
629 397 764 418 sensum
787 386 856 417 irae
874 384 937 416 Dei
950 389 1059 425 potest
1081 390 1158 412 esse
1210 383 1395 415 temnenda.

184 438 217 468 in
246 435 410 467 hominum
440 438 556 464 natura
579 431 694 468 maior,
726 438 805 470 prae
828 438 931 459 sensu
954 424 1079 457 doloris
1102 434 1158 464 pa·
1297 426 1409 468 Auget
1431 436 1512 458 vero
1534 427 1637 464 πάθος
1659 428 1692 459 ἰη
1711 428 1800 459 dicto
1812 425 2008 469 prophetae,
2026 429 2194 470 appendix

184 486 312 511 rentum
334 479 366 508 in
391 474 576 508 calamitate
599 481 761 505 natorum.
806 470 880 502 Non
897 475 948 500 est
969 474 1078 499 tantus
1102 468 1159 497 do·
1210 465 1284 498 illa:
1307 470 1428 501 Rachel
1447 480 1511 502 non
1529 473 1627 502 coluit
1645 473 1893 503 consolationem
1910 472 2094 509 admittere,
2116 475 2193 512 qul-0

184 522 248 559 lor,
281 520 413 563 quando
446 518 636 560 parentibus
669 515 750 556 ipsis
784 512 905 554 aliquid
930 509 1004 542 mali
1028 509 1158 547 accidit,
1211 521 1276 542 non
1297 516 1380 544 sunt.
1447 512 1519 544 Hoc
1553 513 1672 545 dicitur
1705 514 1747 545 de
1769 520 1907 545 externa
1935 514 2060 555 speeie,
2082 513 2191 556 qualis

184 575 225 597 ae
246 565 275 595 si
298 567 460 605 cogantur
482 566 634 601 spectare
658 557 887 598 turpitudines,
911 552 963 584 vel
981 562 1083 584 neces
1105 561 1159 583 so·
1212 552 1295 585 soris
1318 561 1466 596 apparet.
1533 555 1604 587 Etsi
1633 557 1717 587 enim
1749 566 1814 587 non
1838 557 1969 597 penitus
1991 557 2192 599 extinguitur

184 606 271 639 bolis
293 616 383 637 suae.
428 603 525 639 Quod
549 603 577 634 si
600 609 772 641 utrumque
795 601 1101 645 concur1·at,.tanto
1125 594 1161 626 fit
1213 596 1379 635 Ecclesia,
1402 603 1439 629 ut
1461 597 1516 630 hic
1534 605 1687 630 servatur
1709 610 1804 640 puer,
1838 599 1958 638 Maria,
1992 599 2124 641 loseph,
2158 600 2190 631 in

184 649 281 683 dolor
302 648 455 680 atrocior.
500 645 561 677 llic
584 654 704 675 sensus
727 647 846 677 manet,
870 638 1025 680 quamdiu
1043 644 1161 669 natura
1214 640 1388 682 Aegypto:
1422 646 1530 673 tamen
1555 643 1648 682 pueri
1672 641 1935 674 Bethleheminci
1957 643 2192 684 extinguuntur

185 703 268 725 sana
290 698 354 729 est,
377 697 409 722 et
432 699 498 720 non
522 687 684 719 fascinata
708 696 728 716 a
752 681 904 714 Diabolo.
1212 683 1243 713 in
1266 682 1330 714 hae
1350 683 1427 721 vita,
1450 683 1603 716 Christus
1627 691 1659 716 et
1669 685 1775 716 Maria
1797 685 1971 716 eiicinntur
1993 685 2024 716 in
2048 684 2191 717 exilium.

270 734 392 766 Graeci
427 732 547 764 habent
582 728 754 771 pulchrum
788 722 1005 762 vocabulum,
1039 726 1161 764 στοργαὶ
1212 725 1303 757 llaec
1327 727 1458 767 species
1481 725 1556 757 talis
1581 733 1652 766 est,
1680 730 1775 769 quasi
1798 729 1840 759 sit
1863 727 2005 759 delenda
2028 727 2191 760 Ecclesia.

185 785 217 810 et
239 780 457 819 φιλοσιοργίας
502 784 566 815 quo
600 770 788 813 significant
814 777 959 799 amorem
988 774 1160 807 parentum
1297 767 1420 800 Similis
1444 771 1574 809 species
1597 777 1661 808 est,
1684 771 1814 812 quoties
1839 770 1918 802 fiunt
1946 770 2193 811 dissipationes,

183 822 217 853 in
240 831 320 852 snos
340 826 448 851 natos,
472 826 555 859 quos
567 813 839 855 complectuntur,
861 817 1016 851 tanquam
1033 817 1160 851 partem
1212 821 1296 852 quae
1318 811 1457 842 afferunt
1470 822 1621 854 magnam
1634 814 1832 851 vastitatem,
1857 823 1945 845 nunc
1967 813 1999 844 in
2019 813 2081 852 his,
2103 823 2192 845 nunc

184 870 322 896 naturae
341 872 431 893 suae.
467 860 561 891 llunc
583 866 727 888 aniorem
750 864 811 885 seu
835 854 896 884 has
919 852 1043 892 στοργάς
1066 851 1159 884 Deus
1212 855 1244 885 in
1277 852 1351 885 aliis
1386 852 1482 885 locis,
1549 855 1595 886 lbi
1624 857 1768 888 existunt
1793 856 1948 898 querelae
1972 857 2075 895 istae,
2106 866 2192 898 quae

185 906 330 938 condidit
352 905 385 935 in
408 909 523 934 natura
546 900 730 935 hominum,
763 903 795 928 et
818 895 962 937 aliquam
986 896 1160 937 imaginem
1212 904 1290 928 sunt
1314 897 1432 928 indicia
1455 897 1585 928 maximi
1608 897 1743 931 ‘¹⁰¹⁰¹·is.
1789 899 1843 930 Ah
1867 898 1960 931 Deus
1982 909 2043 930 nos
2067 900 2192 931 reiecst·

183 950 225 981 im
251 949 348 980 ressit
370 947 466 978 etiam
490 946 521 975 in
546 943 660 974 brutis.
686 940 825 978 Videtis,
847 939 1013 981 quomodo
1038 944 1161 980 pugnet
1212 939 1336 971 Nostra
1359 939 1485 981 politia,
1518 947 1634 972 nostra
1658 941 1819 980 doctrina,
1848 951 1964 973 nostra
1987 943 2109 980 studia,
2133 953 2192 974 no·

188 961 310 1024 vallina
339 1000 400 1031 pro
423 986 532 1030 polvs.
600 985 716 1016 Fertur
739 983 837 1014 etiam
860 983 901 1013 de
924 982 1037 1019 asino,
1072 982 1161 1023 quod
1213 989 1282 1013 stra
1305 981 1490 1024 disciplina,
1521 984 1759 1015 conticescunt.
1823 984 2000 1017 Metuimus
2022 986 2192 1017 universa·

184 1042 234 1067 est
261 1031 383 1065 animal
409 1030 571 1071 stupidum
600 1034 632 1058 et
659 1028 832 1069 ignavum,
866 1027 955 1066 quod
983 1025 1080 1056 etiam
1103 1030 1161 1065 p'er
1213 1023 1277 1056 lem
1300 1025 1498 1057 deletionem
1521 1026 1664 1057 suturam
1687 1036 1774 1058 esse.
1819 1027 1892 1058 Hoc
1914 1028 2000 1059 enim
2022 1029 2091 1070 agit
2113 1027 2193 1059 Dia·

184 1079 293 1120 ignem
316 1080 475 1118 penetret,
499 1071 631 1114 quando
644 1071 734 1101 videt
752 1066 1054 1115 perit-lnagipnllos
1067 1077 1160 1098 suos.
1214 1067 1323 1108 bolus,
1357 1075 1403 1106 ut,
1438 1075 1594 1110 quantum
1622 1069 1654 1100 in
1684 1079 1722 1100 se
1750 1075 1813 1106 est,
1836 1069 1959 1101 efficiat
1982 1070 2192 1102 universales

184 1122 280 1153 Adeo
315 1129 389 1151 cum
422 1126 484 1147 suo
508 1112 655 1156 periculo
680 1113 770 1153 cupit
791 1109 958 1152 depellere
982 1111 1162 1152 periculum
1214 1110 1407 1150 deletiones,
1430 1113 1517 1143 sicut
1540 1122 1628 1143 nunc
1651 1111 1730 1143 facit
1757 1113 1990 1144 distractiones
2019 1113 2194 1144 doctorum

183 1175 203 1196 a
226 1161 334 1204 pullis.
380 1161 414 1191 ln
443 1158 630 1189 hominibus
660 1157 752 1187 sanis
775 1155 878 1186 multo
901 1154 1011 1186 acrior
1034 1161 1087 1185 est
1108 1153 1162 1184 hic
1214 1156 1298 1185 inter
1320 1165 1358 1186 se
1376 1162 1408 1186 et
1427 1155 1673 1196 dissipationes,
1696 1161 1731 1186 ut
1753 1156 1796 1186 sit
1819 1156 1951 1195 species
1975 1154 2068 1193 talis,
2097 1156 2193 1197 quasi

184 1215 318 1238 sensus:
342 1203 383 1235 Et
405 1208 456 1233 est
475 1201 557 1232 ordo
581 1200 644 1230 iste
667 1199 810 1236 divinus,
832 1205 866 1229 ut
879 1195 1005 1228 liberos
1027 1203 1058 1228 et
1077 1195 1160 1227 alios
1215 1209 1280 1229 vox
1303 1198 1473 1229 doctrinae
1497 1199 1637 1239 purioris
1661 1199 1703 1229 sit
1727 1199 1856 1239 penitus
1879 1198 2116 1240 extinguenda:

185 1249 344 1290 sanguine
377 1245 474 1277 nobis
507 1243 655 1285 proxime
689 1243 819 1274 iunctos
853 1240 1022 1272 ardentius
1045 1238 1160 1282 diliga-
1299 1240 1468 1283 Cogitate,
1504 1241 1610 1282 qualis
1641 1242 1773 1281 species
1798 1239 1895 1272 suerit
1931 1248 2079 1282 tempure
2109 1241 2180 1273 lere

184 1303 268 1329 mus,
294 1300 389 1332 quam
414 1286 550 1318 alienos.
1214 1285 1316 1322 miae,
1344 1291 1376 1314 et
1400 1283 1540 1321 Esaiae,
1573 1285 1705 1326 quando
1735 1282 1837 1315 multa
1866 1282 1972 1320 millia
1996 1284 2194 1316 ludaeorum

268 1336 301 1366 ln
324 1331 518 1374 quibusdam
537 1329 755 1360 animantibus
767 1326 862 1358 Deus
879 1326 976 1357 etiam
1000 1325 1161 1366 imagines
1213 1328 1356 1358 abducta
1379 1334 1453 1357 sunt
1473 1325 1593 1358 simul?
1637 1326 1753 1362 Qualis
1776 1327 1909 1367 species
1933 1334 1996 1364 est,
2014 1337 2088 1358 cum
2112 1326 2193 1359 Tur-

183 1378 341 1417 ἀστοργίας
362 1373 544 1416 impressit,
579 1378 614 1403 ut
636 1381 758 1403 corvus
786 1369 911 1401 deserit
934 1367 1045 1410 pullos
1068 1378 1160 1406 su05‚
1214 1380 1253 1401 ca
1276 1377 1417 1409 occupat
1440 1370 1642 1410 provincias,
1665 1376 1696 1401 et
1719 1370 1851 1401 abducit
1874 1368 1999 1411 aliquot
2013 1368 2111 1401 millia
2134 1369 2194 1400 ho-

184 1431 278 1463 quam
302 1419 439 1460 primum
473 1426 533 1447 eos
557 1413 708 1447 exclusit.
775 1413 904 1444 Interea
932 1419 1040 1443 tamen
1065 1410 1159 1442 Deus
1213 1413 1334 1444 minum
1358 1412 1632 1450 Christianorum,
1668 1412 1831 1443 abstrahit
1865 1411 1951 1443 filios
1974 1422 1994 1442 a
2017 1411 2194 1453 complexu

183 1462 293 1505 pullos
327 1470 504 1493 corvorum
540 1457 615 1496 alit,
648 1463 683 1489 ut
705 1463 757 1489 est
780 1457 810 1488 in
836 1454 982 1492 Psalmo,
1004 1455 1081 1496 quia
1104 1464 1160 1484 na·
1212 1461 1397 1497 parentum,
1421 1453 1546 1485 divellit
1569 1455 1741 1495 coniuges.
1756 1474 1767 1479 -
1808 1453 1901 1485 Haec
1923 1460 2000 1485 sunt
2022 1455 2196 1485 acerbiora

1213 1504 1329 1530 morte.
1354 1497 1482 1528 Homini
1507 1498 1538 1528 in
1562 1496 1709 1539 Ungaria
1732 1507 1798 1528 non
1823 1503 1874 1528 est
1898 1503 1963 1528 tam
1986 1498 2082 1528 triste
2097 1497 2194 1535 mori,

1214 1551 1311 1582 quam
1334 1539 1484 1571 abstrahi
1507 1550 1528 1571 a
1551 1538 1626 1570 filiis
1650 1546 1682 1571 et
1707 1541 1847 1582 coniuge
1869 1540 1901 1571 in
1925 1538 2067 1571 exilium.

1300 1582 1373 1614 Fuit
1392 1589 1496 1614 mater
1519 1583 1550 1614 in
1573 1582 1705 1620 Rhodo,
1728 1593 1814 1624 quae
1838 1593 1911 1614 cum
1935 1582 2061 1614 videret
2083 1588 2195 1614 actum

1214 1636 1291 1658 esse
1325 1627 1366 1657 de
1400 1624 1594 1657 defensione
1629 1627 1738 1664 urbis,
1781 1627 1864 1656 duos
1898 1624 1985 1656 filios
2019 1623 2195 1663 interfecit,

1214 1669 1334 1701 deinde
1355 1669 1505 1700 ascendit
1524 1669 1556 1700 in
1576 1679 1714 1706 murum,
1738 1674 1771 1700 et
1793 1666 2021 1709 depulsionem
2051 1668 2196 1699 hostium

1214 1713 1359 1751 adiuvit,
1393 1718 1550 1753 quantum
1595 1712 1717 1753 potuit,
1758 1712 1865 1743 donec
1905 1711 2037 1752 periret.
2102 1709 2197 1742 Talia

1215 1755 1367 1797 exempla
1390 1754 1561 1786 declarant
1585 1755 1651 1786 hoc
1674 1755 1769 1786 triste
1794 1755 1910 1790 noi-905:
1935 1755 2058 1786 Rachel
2076 1756 2196 1794 plorat,

1215 1800 1247 1830 td
1271 1805 1334 1836 est,
1368 1798 1492 1840 ingenti
1526 1796 1642 1829 dolore
1665 1797 1817 1831 aflicitur.
1852 1803 1987 1837 propter
2011 1797 2136 1828 tristem
2159 1794 2197 1828 il·

1216 1841 1281 1873 lam
1304 1842 1448 1882 speciem
1473 1839 1656 1878 Ecclesiae,
1679 1851 1764 1881 quae
1788 1839 1864 1871 talis
1888 1847 1951 1877 est,
1976 1846 2010 1870 nt
2033 1839 2196 1878 videatur,

1216 1891 1270 1916 aut
1294 1885 1356 1916 iam
1380 1884 1562 1921 interiisse,
1599 1890 1654 1915 aut
1682 1882 1781 1923 paulo
1811 1890 1885 1924 pust
1915 1882 2084 1914 interitura
2117 1892 2196 1914 esse

183 1513 321 1537 scuniur
356 1501 527 1535 vermiculi
560 1502 592 1533 in
626 1502 714 1532 nido.
781 1499 860 1530 lnde
894 1499 1043 1529 victitant
1067 1495 1158 1537 pulli.

182 1549 304 1580 Postea
327 1557 401 1579 cum
423 1546 508 1577 redit
527 1554 662 1581 corvus,
684 1543 770 1575 eiicit
793 1541 902 1583 pullos
927 1551 968 1572 ex
992 1541 1082 1577 nido,
1106 1550 1161 1571 ne-

183 1603 246 1634 que
270 1592 389 1632 patitur
411 1599 470 1620 eos
494 1598 609 1619 secum
633 1597 720 1618 esse.
788 1585 879 1617 Haec
903 1590 1021 1615 natura
1043 1593 1162 1614 corvo-

184 1646 254 1666 rum
278 1640 329 1665 est
351 1634 479 1674 pictura
501 1631 673 1671 ᾰσῐοργίας,
703 1640 723 1660 a
746 1639 811 1670 qua
834 1627 904 1660 vult
925 1626 1018 1658 Dens
1042 1625 1161 1657 abhor-

184 1688 257 1709 rere
280 1677 441 1713 homines,
476 1675 595 1716 quibus
629 1673 795 1715 impressit
828 1670 953 1713 στοργάς
981 1670 1013 1701 in
1040 1670 1161 1701 intimis

186 1719 336 1752 thalamis
356 1719 478 1751 cordis.

271 1764 380 1798 Quare
400 1761 453 1793 hic
475 1760 615 1792 affectus
639 1765 690 1791 est
712 1759 830 1789 insitus
852 1756 996 1788 homini?

270 1806 479 1846 Respondeo.
504 1804 658 1840 Primum,
682 1808 718 1834 ut
741 1812 801 1833 nos
825 1797 1100 1832 commonefaciat
1122 1798 1162 1829 de

185 1859 297 1882 amore
332 1848 392 1879 Dei
426 1858 505 1879 vero
541 1856 622 1888 erga
645 1843 758 1883 tilium,
793 1850 825 1875 et
849 1854 929 1885 erga
953 1852 1026 1874 nos.
1090 1841 1163 1883 Ego

185 1892 261 1935 plus
285 1891 402 1923 millies
425 1890 521 1921 soleo
545 1889 608 1920 hoc
632 1889 780 1930 cogitare
803 1894 940 1929 propter
964 1883 1164 1917 consolatio-

186 1946 270 1973 nem,
290 1935 331 1966 de
354 1945 418 1975 qna
440 1934 535 1964 etiam
550 1931 710 1963 Dominus
735 1931 848 1972 inquit,
872 1939 972 1961 orans
994 1934 1164 1959 aeternum

185 1986 312 2021 patrem
335 1983 411 2008 ante
429 1983 581 2007 mortem:
606 1977 656 2007 Sit
675 1976 801 2006 dileetio
823 1979 877 2005 tua
900 1977 934 2005 in
955 1976 1012 2011 eis,
1030 1981 1092 2011 qna
1115 1980 1165 2002 me

186 2023 302 2060 dt'lcqze.
347 2019 433 2051 Nihil
458 2026 565 2061 potest
590 2018 677 2049 tilius
702 2017 762 2048 Dei
787 2023 903 2049 nostra
934 2025 1035 2047 causa
1060 2014 1164 2045 maius

186 2075 206 2096 a
230 2072 322 2105 patre
344 2070 467 2104 petere,
490 2073 550 2092 nec
574 2062 669 2092 nobis
693 2061 797 2091 maius
820 2058 944 2101 aliquid
962 2058 1032 2091 (lari
1045 2063 1164 2099 potest.

187 2107 264 2139 ldeo
283 2117 385 2147 saepe
408 2111 520 2146 repeto
540 2115 657 2135 versus
681 2103 770 2135 illos:

1217 1928 1360 1969 penitus.
1428 1926 1557 1958 lnte1·im
1589 1933 1696 1957 tamen
1723 1937 1787 1957 non
1807 1926 2007 1967 extinguitur
2040 1924 2196 1957 Ecclesia

1217 1981 1371 2012 prorsus:
1395 1969 1488 2001 Deus
1512 1976 1624 2001 >ers-at
1647 1969 1776 2010 aliquas
1801 1968 1969 2010 reliquiaS,
1999 1974 2032 1999 et
2063 1968 2116 2009 pii,
2163 1968 2195 1999 ul

1217 2015 1394 2055 patiuntur,
1427 2019 1654 2044 sustentantur
1689 2013 1843 2043 divinitus
1873 2011 2017 2043 interiori
2041 2021 2146 2042 conso
2161 2021 2196 2042 a·

1218 2058 1318 2093 tione,
1342 2063 1372 2087 et
1395 2063 1554 2087 ornantur
1577 2056 1706 2086 tandem
1730 2062 1866 2086 aeterna
1890 2053 2006 2096 gloria.

1304 2099 1395 2130 llaec
1419 2106 1592 2141 postquam
1616 2099 1656 2129 «lo
1681 2099 1818 2129 historin
1843 2098 2000 2135 {ten-odis,
2030 2103 2063 2128 et
2086 2097 2127 2127 de
2150 2096 2195 2128 di-

274 2168 338 2199 Nec
359 2171 393 2198 m
411 2170 510 2205 annu,
534 2166 595 2195 Hm-
615 2167 718 2195 mul-ns
741 2166 890 2195 meh-mre
919 2171 1037 2202 rogare
1219 2144 1280 2174 ctis
1310 2143 1417 2174 citatis
1452 2144 1494 2173 ab
1528 2140 1740 2183 Evangelista
1775 2151 1815 2172 ex
1847 2139 2015 2182 prophetis
2038 2140 2195 2171 diximus:

318 2211 487 2242 Aeternum
503 2212 635 2248 poter-m
657 2211 773 2247 optime
799 2208 925 2238 Christe
945 2211 1095 2246 pultem:

274 2252 378 2292 Quam
402 2254 488 2292 quali
510 2251 618 2291 ‹nopyy‘y
641 2260 768 2290 semper
790 2255 821 2281 le
842 2251 946 2288 elilim!
968 2252 1045 2289 ipse,

318 2298 440 2335 Diliqnl
460 2299 492 2326 e!
512 2294 611 2325 sintita·
631 2303 689 2324 nos
713 2298 747 2324 ut
767 2303 875 2323 artiore
896 2297 999 2332 puter.

276 2341 340 2371 Nec
362 2339 460 2369 [rihni
482 2339 573 2369 nobis
595 2338 654 2367 hoc
669 2340 780 2376 poue!
801 2346 932 2366 nmm’re
955 2338 1068 2372 tunnas,

322 2383 404 2420 Quid
425 2384 497 2413 nott
513 2384 627 2421 poue!
647 2389 750 2410 matus
768 2389 877 2410 amore
899 2379 973 2409 dare·
986 2382 1001 2408 ?

1219 2185 1466 2217 concludemus
1502 2185 1635 2216 tandem
1664 2184 1885 2225 explicatione
1916 2183 2084 2225 praecipui
2117 2181 2194 2221 loci,

1217 2230 1272 2271 qui
1308 2236 1358 2260 est
1387 2230 1419 2260 in
1448 2228 1512 2260 hoc
1548 2234 1637 2259 textu
1666 2226 1851 2268 exemplum
1887 2227 2057 2258 doctrinae
2095 2223 2195 2266 illius,

1219 2273 1309 2315 quod
1332 2271 1485 2304 Ecclesia
1508 2272 1659 2303 subiecta
1682 2272 1723 2301 sit
1748 2271 1849 2302 cruci.

276 2450 337 2481 Est
370 2460 449 2481 vero
482 2455 515 2480 et
538 2447 602 2480 alia
624 2457 738 2483 causa.
761 2457 820 2478 cur
844 2446 934 2477 Deus
959 2445 1039 2477 velit
1062 2455 1167 2487 genus
1480 2437 1542 2477 De
1576 2448 1691 2476 cruce
1724 2435 1935 2476 Ecclesiae.

192 2494 365 2526 humanum
400 2490 587 2534 copulatum
618 2501 695 2522 esse
718 2492 781 2521 isto
805 2500 927 2520 umore.
995 2489 1067 2519 Non
1092 2499 1168 2529 pos·
1191 2465 1196 2517 l

192 2543 266 2569 sent
301 2543 453 2577 parentes
487 2535 653 2566 sustinere
687 2539 796 2565 tantos
830 2531 963 2563 labores
988 2543 1047 2573 pro
1072 2532 1168 2569 nmis,
1306 2530 1392 2562 Nato
1415 2528 1550 2561 Christo
1570 2526 1731 2559 Diabolus
1755 2528 1864 2558 statim
1889 2527 2053 2558 exuscitet
2083 2534 2195 2566 pereo·

192 2581 254 2612 nioi
277 2586 390 2611 essent
413 2579 444 2610 in
468 2579 515 2609 eis
539 2582 670 2619 σιοργιιί.
712 2577 762 2608 Ac
786 2577 944 2607 matribus
968 2576 1042 2606 ideo
1065 2576 1168 2605 ultera
1221 2574 1401 2605 cntionem:
1432 2572 1593 2603 Accendit
1617 2582 1678 2602 sun
1703 2581 1845 2612 organa,
1885 2576 1919 2601 ut
1944 2575 2140 2611 grassentur
2162 2574 2195 2600 et

192 2630 268 2655 sunt
291 2623 402 2654 addita
425 2622 564 2663 pectori,
587 2627 622 2652 nt
645 2619 784 2652 affectus
803 2619 927 2654 cottiis.
957 2625 987 2649 et
1013 2618 1169 2649 memoria
1220 2618 1382 2653 saevient,
1414 2614 1473 2647 llic
1496 2615 1650 2656 cogitetis
1672 2614 1811 2650 dictum,
1846 2613 1932 2654 quod
1967 2612 2076 2643 statim
2105 2611 2196 2643 initio

193 2664 466 2699 uanssundantur
488 2665 519 2696 in
543 2670 651 2696 natos.
696 2663 807 2695 Brutis
829 2663 934 2694 ubera
956 2671 1021 2692 non
1039 2667 1111 2693 sunt
1135 2661 1169 2691 in
1221 2661 1354 2701 ponitur
1376 2659 1408 2690 in
1421 2658 1558 2690 Genesi:
1582 2659 1702 2690 Ponam
1713 2660 1897 2688 mmm-mae
1919 2660 2003 2687 mter
2023 2659 2055 2686 ee
2075 2657 2107 2686 et
2129 2663 2195 2686 m·-
