2324 2958
74 186 139 220 209

163 279 347 312 Herodotus
370 277 498 313 scribit,
521 285 560 308 se
583 276 616 306 in
641 276 747 307 tribus
771 275 858 307 loeis
881 276 1051 308 invenisse

76 321 370 357 circumcisionem:
391 319 424 350 in
447 319 614 361 Aegypto,
633 319 666 349 in
689 317 799 360 Syria,
832 325 863 350 et
882 317 1051 350 Colchica.

76 367 113 402 ld
135 375 198 398 non
212 369 270 396 est
291 361 539 403 intelligendum
563 362 604 393 de
627 362 705 393 totis
728 362 899 403 gentibus,
918 362 979 393 sed
1002 361 1050 393 Iu-

79 409 178 445 dacis,
201 406 255 448 qui
277 405 308 436 in
332 405 404 436 istis
427 403 512 436 locis
535 404 736 436 habitarunt.
781 403 972 435 Herodotus
1004 405 1050 435 vi-

77 453 125 485 xit
145 457 289 489 tempore
312 447 433 479 Xerxts
457 453 532 488 post
554 446 704 485 Darium,
726 447 758 478 id
782 453 848 485 est,
877 447 966 478 circa
993 445 1049 478 illa

77 501 232 535 tempora,
254 491 387 532 quando
411 491 474 521 iam
498 489 639 532 populus
661 500 702 521 ex
726 490 915 531 captivitate
944 491 1050 521 redie-

75 543 126 570 rat
145 537 175 567 in
197 534 345 574 patriam.
382 533 454 564 Fuit
478 533 667 564 Herodotus
692 539 892 564 coaetaneus
910 532 1050 570 Esdrae,

75 580 158 611 sicut
179 577 342 608 Homerus
360 574 418 608 suit
441 583 640 607 coaetaneus
662 575 791 607 Esaiae.

74 620 203 654 iudicari
216 625 338 660 potest,
352 619 536 650 doctrinam
545 617 717 650 Ecclesiae
732 629 808 649 esse
821 619 1048 660 antiquiorem.

154 681 240 711 inter
279 678 431 710 Graecos
473 678 664 710 Herodotus
708 684 759 709 est
806 679 1049 710 vetustissimus

73 723 214 764 scriptor
235 722 267 752 in
286 720 396 752 soluta
421 722 589 752 oratione:
617 720 657 752 Et
679 720 831 753 lustravit
853 722 945 752 varia
964 719 1050 759 loca,

71 771 107 797 ut
128 766 160 796 in
182 764 502 806 peregrinationibus
519 763 583 795 illis
608 770 829 805 cognosceret
853 771 883 795 et
903 765 1049 795 conscri-

72 810 163 840 beret
186 818 240 839 res
276 818 386 838 veras.
432 806 506 838 Non
536 813 587 838 est
611 805 766 838 fabulosa
795 808 866 839 eius
896 806 1047 844 historia,

70 856 106 884 ut
131 851 261 892 quidam
292 851 422 888 dicunt,
452 850 506 891 qui
536 861 702 892 nunquam
737 849 900 893 legerunt.
944 849 1050 881 Recte

72 894 186 926 (licitur
208 894 240 924 in
264 903 385 924 versu:

153 953 315 992 Μηδέπσῐε
337 958 446 993 κρίνειν
468 952 638 991 α’ὃνιήμονας
661 952 771 993 ἄνδρας
793 953 891 993 ἐάσῃς.

111 996 145 1028 id
167 1002 231 1034 est,
253 1007 415 1036 nunquam
437 1000 528 1028 sinas
551 997 694 1028 (udicare
718 1000 819 1027 rtrum
843 999 999 1035 Ignarum.

67 1037 110 1070 Et
131 1044 248 1081 tamen.
263 1038 456 1080 plerumque
478 1038 525 1076 fit,
548 1047 581 1070 ut
608 1041 659 1079 qui
690 1049 756 1069 rem
788 1037 931 1080 aliquam
957 1039 1051 1080 igno·

66 1088 154 1119 rant,
178 1088 234 1154 ault
257 1092 424 1123 nunquam
444 1090 534 1113 recte
554 1082 750 1120 didicerunt,
773 1080 947 1123 plurimum
970 1081 1049 1113 iudi-

68 1134 145 1156 care
168 1135 209 1156 ve
225 1125 280 1155 int.

154 1177 272 1207 Scribit
295 1176 392 1217 igitur
415 1175 622 1214 Herodotus,
652 1186 690 1206 se
717 1176 750 1207 in
773 1175 929 1217 Aegypto
959 1176 1049 1207 inve·

66 1219 158 1250 nisse.
182 1219 480 1250 circumcisionem:
512 1218 596 1253 Quia
624 1217 717 1250 multi
747 1219 856 1250 Iudaei
885 1218 929 1249 ibi
959 1217 1050 1250 habi-

66 1262 194 1299 tabant,
212 1268 244 1292 et
273 1261 337 1292 iam
366 1260 443 1291 olim
473 1260 602 1292 fuerant
630 1262 783 1302 hospites
817 1262 850 1292 in
880 1261 931 1292 Ae
959 1268 1048 1303 ypto.

66 1303 147 1336 Erat
182 1303 357 1346 Aegyptus
390 1304 500 1335 vicina
534 1305 626 1346 regio
660 1303 881 1335 Palaestinae.
954 1305 1050 1335 udaei

66 1345 186 1378 multas
209 1357 265 1378 res
287 1352 490 1387 acceperunt
513 1348 554 1378 ab
575 1348 748 1389 Aegyptiis
768 1347 964 1388 praesertim
982 1347 1050 1378 sru-

67 1395 185 1421 menta.
208 1389 340 1420 Rursus
364 1390 520 1431 Aegyptii
544 1396 746 1431 acceperunt
767 1401 788 1420 a
810 1389 939 1421 ludaeis
964 1391 1050 1428 vina,

67 1431 154 1469 olea,
167 1430 330 1473 dactylo&
342 1439 373 1463 et
386 1431 510 1463 similes
523 1431 662 1464 fructus.
686 1432 768 1463 Nam
778 1433 809 1463 in
818 1432 974 1474 Aegypto
983 1443 1050 1464 non

754 182 973 215 posnam
996 164 1394 217 MELAN'FHONJANA.

838 576 933 606 Unde
952 574 1050 607 facilc
1074 549 1078 594 i

2019 185 2085 218 210

1104 274 1272 307 affirmare
1301 275 1343 306 de
1366 285 1480 308 eorum
1509 279 1655 310 moribus
1686 287 1870 319 possemus.
1914 279 2083 312 Fortassis

1104 317 1278 359 suppressi
1292 323 1370 349 sunt
1392 316 1467 351 libri
1490 319 1531 350 ab
1547 318 1649 358 Italis,
1673 321 1727 362 qui
1750 321 1939 363 buitim-unt
1956 321 2084 364 gloriae

1104 361 1232 393 vicinae
1254 361 1374 402 gentis.

1191 403 1341 442 Quaero,
1365 414 1408 435 an
1438 404 1630 446 pertinuerit
1658 406 1865 444 circumcisio
1894 407 1935 439 ad
1968 418 2084 440 omnes

1103 446 1275 478 homines?

1190 489 1401 530 Respondeo.
1447 489 1522 520 Non
1577 490 1738 522 ertinebat
1767 491 1810 522 ad
1840 502 1954 525 omnes
1983 493 2084 525 homi-

1103 542 1180 570 nes,
1219 533 1279 563 sed
1307 537 1433 563 tantum
1461 533 1503 564 ad
1532 531 1552 563 il
1570 544 1622 564 am
1660 534 1886 574 posteritatem
1916 535 2084 569 Abrahae.

1103 574 1224 616 loseph
1247 575 1279 606 in
1302 575 1458 617 Aegypto
1477 586 1544 607 non
1568 577 1650 608 ursit
1673 577 1975 617 circumcisionem,
2006 580 2084 620 quia

1103 618 1233 649 sciebat
1260 628 1338 649 esse
1365 619 1495 660 signum
1527 618 1729 659 posteritatis
1753 619 1927 659 Abrahae,
1957 629 1990 652 et
2017 631 2084 654 non

1102 660 1240 691 aliarum
1266 661 1423 702 gentium,
1446 667 1478 692 et
1501 663 1590 703 quod
1613 661 1757 693 Messias
1781 663 1970 695 nasciturus
1994 670 2084 696 esset

1104 712 1150 735 cx·
1170 710 1268 745 gente
1292 703 1435 741 Iudaica,
1458 715 1524 735 non
1548 715 1589 736 ex
1607 703 1681 736 aliis
1701 705 1867 746 gentibus.

1190 746 1257 777 Sed
1287 746 1458 778 Pharisaei
1494 753 1613 788 postea
1647 746 1836 780 extulerunt
1866 750 2085 781 ceremoniam

1102 787 1201 820 illam.
1258 789 1418 820 Dixerunt
1458 790 1622 821 hominem
1664 796 1800 831 propter
1839 789 1928 824 illam
1961 791 2085 824 habere

1103 832 1261 863 maiorem
1284 832 1435 873 gratiam,
1460 839 1490 863 et
1514 833 1556 864 ad
1580 831 1663 864 alios
1687 843 1754 865 non
1778 835 1996 866 circumcisos
2020 846 2085 866 non

1103 875 1268 915 pertinere
1301 873 1365 906 Dei
1408 876 1558 917 gratiam.
1604 876 1701 908 Hunc
1741 886 1887 908 errorem
1922 877 2085 910 Dominus

1075 936 1079 966 ἡ
1103 919 1174 957 ipse
1203 923 1310 948 taxat:
1349 919 1406 949 Vae
1432 923 1486 958 qui
1511 922 1689 951 clrcumilis
1718 930 1808 951 mare
1835 925 1867 951 el
1892 925 2027 959 terram,
2053 925 2089 952 ut

1074 968 1079 997 J
1100 963 1235 1000 fuemus
1256 970 1353 991 unum
1376 960 1594 1001 Prosee‘ymm.
1641 961 1865 1003 Reprehendit
1890 973 1968 1001 eos,
1997 964 2087 1005 quod

1103 1012 1169 1034 non
1193 1003 1334 1034 doceant
1357 1004 1398 1034 de
1420 1003 1496 1041 fide,
1519 1005 1579 1036 sed
1602 1010 1728 1036 tantuin
1753 1006 1794 1036 de
1824 1006 1969 1036 externis
1993 1005 2086 1037 culti·

1103 1046 1166 1076 bus
1190 1051 1221 1076 et
1245 1046 1413 1086 operibus.
1458 1045 1636 1078 Debebant
1660 1048 1782 1079 docere
1812 1046 1896 1079 alios
1924 1047 2087 1086 homines,

1074 1083 1080 1154 Ι
1102 1094 1138 1119 ut
1161 1087 1440 1130 amplecterentur
1470 1090 1653 1121 doctrinam
1683 1092 1723 1121 de
1747 1090 1884 1128 Messi-a,
1913 1092 2088 1123 crederent

1102 1131 1166 1162 sibi
1195 1131 1315 1162 remitti
1344 1138 1482 1173 peccata
1517 1140 1653 1174 propter
1682 1133 1951 1174 Redemptorcm:
1981 1134 2087 1165 Doce-

1102 1180 1176 1205 rent
1200 1175 1422 1206 obedientiam
1445 1174 1605 1207 moralem
1627 1177 1660 1207 in
1684 1176 1747 1207 hac
1776 1176 1839 1207 fide
1868 1177 2088 1208 exercendam

1103 1227 1196 1248 esse:
1221 1216 1307 1249 Istos
1330 1227 1410 1248 vero
1434 1218 1516 1249 ritus
1539 1229 1606 1250 non
1630 1220 1795 1260 pertinere
1819 1220 1861 1250 ad
1884 1220 1989 1261 ipsos,
2014 1221 2089 1261 quia

1103 1270 1169 1291 non
1192 1260 1259 1291 sint
1277 1261 1325 1292 eis
1349 1261 1506 1299 mandati,
1531 1268 1564 1292 et
1577 1261 1687 1293 Deum
1707 1261 1796 1293 velle
1820 1263 1964 1294 discerni
1979 1268 2089 1304 poste-

1102 1303 1232 1334 ritatem
1255 1302 1415 1335 Abrahae
1438 1315 1458 1335 a
1481 1302 1618 1345 reliquis
1642 1306 1809 1347 gentibus.

1074 1345 1079 1420 Ι
1189 1345 1225 1378 ln
1249 1345 1344 1378 Actis
1369 1346 1608 1388 Apostolorum
1631 1349 1842 1379 nominantur
1869 1349 1935 1381 tria
1964 1357 2090 1391 genera

1101 1388 1287 1427 hominum,
1329 1399 1415 1431 quae
1448 1390 1600 1422 venerint
1631 1392 1674 1422 ad
1707 1390 1866 1423 solennes
1904 1398 2088 1424 conventus

1102 1431 1310 1464 ludaeorum.
1357 1431 1539 1471 israelitae,
1562 1433 1747 1476 Proselyti,
1777 1441 1809 1466 et
1838 1436 1899 1466 viri
1928 1433 2087 1477 religiosi.

67 1475 214 1506 nascitur
235 1475 364 1512 vinum,
383 1481 414 1506 et
433 1476 476 1506 ibi
498 1475 637 1515 primum
660 1475 823 1506 cerevisia
841 1482 895 1506 est
917 1476 1052 1507 inventa
1103 1474 1275 1506 israelitae
1302 1481 1398 1506 erant
1427 1476 1493 1506 nati
1522 1486 1564 1507 ex
1592 1477 1786 1518 posteritate
1810 1477 1920 1509 Iacob.
1969 1478 2088 1510 Prose-

66 1524 204 1589 propter
234 1518 361 1557 copiam
396 1516 539 1559 frugum.

67 1608 121 1633 tur
144 1601 176 1632 in
199 1607 290 1632 terra
313 1608 437 1634 sancta.

153 1643 249 1678 Quod
273 1645 304 1675 in
328 1645 424 1685 Syria
447 1645 569 1684 reperit
588 1645 884 1683 circumcisionem,
908 1646 942 1677 id
964 1645 1050 1677 refe—

65 1686 203 1718 rendum
212 1687 310 1718 estad
324 1693 424 1718 totam
438 1694 568 1728 gentem
579 1688 782 1727 ludaeorum,
796 1699 892 1730 quam
901 1688 1050 1721 Herodo-

65 1735 118 1762 tus
130 1730 328 1760 existimavit
341 1739 418 1761 esse
430 1736 559 1770 partem
572 1731 761 1771 Syriorum:
778 1731 843 1762 Alii
852 1732 1047 1772 scriptores,

68 1781 140 1804 cum
152 1783 218 1803 non
233 1773 358 1803 scirent
370 1773 529 1814 originem
543 1775 652 1815 gentis
663 1773 825 1812 iudaicae,
841 1774 1047 1814 scripserunt

66 1814 206 1846 ludaeos
224 1813 328 1846 fuisse
346 1822 471 1855 partem
491 1817 600 1858 gentis
624 1817 851 1858 Aegyptiacae
876 1817 929 1848 vel
958 1816 1046 1849 colo-

65 1858 149 1889 niam
159 1858 410 1900 Aegyptiorum,
423 1865 457 1890 ut
473 1860 616 1900 estapud
627 1858 782 1891 lustinum
798 1860 1045 1892 etStrabonem.

151 1900 218 1932 Sed
242 1911 344 1942 quare
368 1902 443 1933 dicit
468 1901 758 1935 circumcisionem
781 1902 887 1934 tuisse
915 1904 945 1934 in
970 1903 1046 1934 Col-

66 1943 183 1976 chica?
208 1943 418 1985 Respomteo.
453 1944 537 1980 Quia
560 1946 674 1977 decem
697 1947 802 1977 tribus
824 1945 957 1978 fuerunt
982 1947 1046 1977 dis-

64 1995 182 2028 persae
204 1997 263 2027 per
278 1987 451 2028 Assyriam
474 1988 537 2019 sub
551 1987 780 2020 Salmanassar
803 1994 835 2020 et
857 1989 1046 2021 Sennache-

592 1517 628 1548 ln
658 1518 776 1549 Iudaea
810 1523 842 1548 et
873 1516 1050 1549 Phoenicia

81 1565 198 1591 uerunt
221 1561 342 1600 optima
365 1560 451 1598 vina,
474 1566 509 1592 ut
531 1566 564 1592 et
581 1559 679 1592 hodie
703 1561 790 1592 bona
812 1561 889 1592 vina
911 1571 1052 1592 nascun-

1102 1515 1173 1558 lyti,
1196 1517 1228 1548 id
1251 1524 1315 1556 est,
1338 1519 1488 1549 advenae
1502 1520 1767 1558 nominabantur,
1792 1521 1846 1562 qui
1871 1531 1911 1552 ex
1934 1521 2088 1562 gentibus

1103 1566 1198 1591 erant
1222 1561 1388 1598 conversi,
1410 1571 1478 1591 non
1506 1560 1613 1593 solum
1641 1563 1685 1594 ad
1715 1563 1898 1595 doctrinam
1928 1565 1969 1596 de
1999 1564 2086 1602 Deo,

1104 1612 1189 1644 quae
1212 1609 1283 1634 erat
1301 1603 1334 1634 in
1358 1601 1414 1634 illo
1438 1603 1573 1645 populo,
1598 1606 1659 1636 sed
1682 1606 1779 1637 etiam
1803 1607 1846 1637 ad
1875 1608 1968 1638 ritus.
2013 1606 2087 1638 His-

1101 1652 1203 1686 ponte
1227 1646 1431 1687 recipiebant
1455 1648 1750 1679 circumcisionem.
1775 1650 1839 1681 Sed
1853 1650 1912 1681 w'ri
1936 1649 2087 1691 religiosi

1101 1687 1390 1729 aniplectabantur
1413 1690 1595 1722 doctrinam
1615 1701 1726 1722 veram
1756 1693 1787 1723 in
1811 1691 1869 1723 illo
1892 1691 2029 1735 populo,
2053 1698 2087 1724 et

1099 1731 1300 1762 invocabant
1323 1730 1432 1763 Deum
1451 1731 1602 1773 Israelis,
1638 1735 1699 1765 sed
1723 1735 1796 1766 sine
1820 1735 2084 1774 circumcisione,

1099 1775 1170 1805 sine
1194 1774 1312 1805 ritibus
1331 1774 1483 1806 Iudaicis.

1071 1826 1075 1881 Ι
1186 1816 1286 1848 Tales
1311 1817 1464 1850 omnibus
1487 1819 1690 1859 temporibus
1714 1819 1806 1851 multi
1830 1820 1973 1852 suerunt.
2011 1821 2082 1853 Nec

1100 1860 1232 1891 dubium
1261 1866 1329 1897 est,
1358 1859 1481 1892 factam
1512 1871 1589 1892 esse
1615 1863 1853 1904 dispersionem
1878 1864 2082 1901 ludaeorum,

1071 1936 1074 1942 ,
1099 1909 1136 1934 ut
1159 1903 1299 1934 subinde
1321 1901 1412 1934 multi
1436 1913 1475 1934 ex
1499 1905 1654 1946 gentibus
1680 1913 1964 1938 converterentur.
1998 1906 2083 1938 Nam

1098 1944 1192 1977 Deus
1216 1956 1402 1987 quanquam
1427 1947 1598 1989 delegerat
1631 1948 1693 1979 sibi
1726 1950 1951 1989 posteritatem
1975 1950 2082 1980 Abra·

1098 1988 1171 2026 hae,
1196 1995 1304 2020 tamen
1329 1999 1495 2031 nunquam
1514 1989 1692 2031 prohibuit,
1717 1992 1794 2034 quin
1818 1999 1958 2034 possent
1981 1993 2083 2034 recipi

66 2030 128 2067 rib,
162 2036 193 2060 et
228 2030 303 2060 inde
338 2028 489 2061 coloniae
522 2037 599 2062 sunt
629 2032 791 2063 deductae
823 2033 856 2063 in
885 2031 960 2064 loca
989 2031 1045 2064 illa
1069 2041 1074 2054 ⁴
1098 2030 1245 2073 reliquae
1274 2039 1410 2073 gentes,
1443 2034 1530 2065 sicut
1557 2034 1589 2064 in
1615 2033 1824 2077 Genealogia
1847 2035 1973 2067 Christi
2002 2042 2080 2067 sunt

66 2072 156 2104 circa
176 2071 380 2104 Colchicam.
417 2074 461 2104 lbi
486 2072 642 2115 reliquiae
665 2076 750 2106 istae
768 2076 882 2106 decem
902 2077 1045 2107 tribuum

64 2115 195 2146 vicinae
234 2114 366 2147 suerunt
410 2117 534 2147 nostris
574 2117 777 2156 hominibus,
819 2118 971 2157 Henetis,
1013 2124 1045 2150 et

65 2157 306 2196 Tuisconibus,
340 2160 393 2190 bru
425 2159 555 2191 Qucum-n
589 2162 645 2192 mtb
674 2161 843 2194 OEcuttdicn.
888 2163 940 2193 Ac
974 2161 1045 2192 fieri

1098 2073 1250 2106 mulieres
1273 2081 1462 2113 extraneae,
1485 2075 1600 2107 Rahab
1614 2084 1647 2108 et
1670 2077 1769 2109 Ruth.

1183 2117 1295 2149 ludaei
1319 2118 1427 2149 adhuc
1455 2119 1555 2151 hodie
1584 2130 1626 2151 ex
1654 2131 1755 2161 opere
1785 2128 1922 2161 operato
1952 2121 2079 2163 fingunt

1097 2159 1208 2192 valere
1228 2162 1525 2200 circumcisionem,
1543 2161 1691 2194 lacerant
1715 2163 1824 2195 adhuc
1848 2172 1878 2195 et
1907 2171 2080 2196 cruentant

65 2207 186 2241 potest,
210 2207 244 2232 ut
268 2201 377 2232 ludaei
401 2199 520 2233 suerint
545 2203 699 2234 ductores
729 2210 918 2236 nostrorum
941 2205 1045 2235 homi·
1068 2230 1070 2233 f
1098 2204 1269 2244 praeputia
1292 2214 1481 2244 puerorum,
1505 2206 1581 2247 quia
1604 2205 1732 2248 fingunt
1751 2206 1912 2248 hocopus
1937 2215 1968 2239 et
1991 2207 2079 2240 hunc

65 2254 160 2282 num,
191 2250 226 2274 ut
251 2244 325 2275 inde
346 2245 431 2275 irent
459 2245 490 2275 in
521 2244 598 2277 loca
626 2247 909 2288 septentrionalia.
954 2248 1045 2279 Sem-

65 2295 124 2326 per
147 2285 281 2318 multum
307 2287 500 2318 ludaeorum
531 2287 591 2320 fuit
618 2291 704 2330 apud
729 2297 864 2321 nostros
889 2292 1044 2328 maiores,

65 2339 151 2371 quos
175 2336 435 2361 consentaneum
466 2337 516 2362 est
544 2330 665 2372 aliquid
700 2333 872 2364 doctrinae
901 2335 944 2365 ab
978 2333 1045 2365 illis

1098 2248 1278 2278 cruciatum
1313 2257 1391 2278 esse
1419 2250 1627 2279 sanctitatem
1652 2255 1685 2280 et
1715 2249 1837 2280 cultum
1862 2250 1934 2281 Dei.
1979 2249 2079 2282 Turci

1098 2299 1231 2331 quoque
1261 2291 1402 2321 retinent
1431 2292 1734 2330 circumcisionem,
1762 2293 1837 2333 qnia
1866 2294 2015 2325 iactitant
2039 2303 2078 2326 se

1098 2342 1177 2363 esse
1206 2334 1248 2364 ab
1276 2332 1458 2364 Abrabam.
1510 2335 1576 2366 Sed
1607 2341 1700 2366 estne
1727 2336 1873 2367 instituta
1907 2338 2077 2368 circumci-

64 2373 249 2413 accepisse.
295 2371 335 2403 Et
358 2380 534 2414 propterea
557 2373 632 2415 plus
656 2375 849 2417 disciplinae
883 2382 915 2407 et
939 2378 1046 2419 gravi·
1069 2389 1072 2415 ς
1098 2376 1160 2413 sio,
1185 2382 1219 2406 ut
1244 2382 1335 2407 esset
1359 2378 1548 2408 cruciatus?
1579 2377 1790 2418 Respondeo.
1835 2378 1927 2417 Non,
1957 2379 2017 2409 sed
2040 2386 2076 2411 ut

66 2414 142 2445 tatis
177 2414 236 2446 tuit
278 2417 365 2455 apud
399 2415 606 2455 Tuis-eones,
640 2428 738 2459 quam
771 2420 860 2461 apud
895 2426 1045 2451 caeteras

65 2462 327 2532 gente(lztirnelius
357 2501 491 2532 Tacitus
524 2503 658 2533 miratur
685 2503 772 2544 apud
799 2510 931 2536 veteres
963 2504 1046 2536 Ger-

65 2551 184 2574 manos
206 2549 331 2574 tantum
351 2543 456 2576 fuisse
479 2545 638 2583 iustitiae,
668 2546 846 2586 castitatis,
875 2547 1044 2589 hospitali-

66 2585 155 2622 tatis,
184 2592 338 2626 quantum
368 2587 423 2618 vix
452 2586 547 2619 suerit
578 2589 666 2628 apud
691 2587 788 2621 aliam
816 2596 957 2632 gentem.
1003 2590 1044 2622 Et

66 2627 97 2661 si
119 2632 270 2660 extarent
291 2627 366 2660 libri
379 2627 476 2661 Plinii
500 2630 541 2661 de
564 2630 751 2670 (immanis,
773 2633 895 2665 certius
917 2632 1044 2675 aliquid

220 2695 367 2717 nummu.
383 2697 462 2716 OPRB.
478 2697 542 2718 VOL.
558 2698 635 2716 XXIV,

1098 2425 1189 2449 esset
1212 2419 1342 2459 signum
1366 2420 1608 2460 promissionis,
1633 2430 1718 2461 quae
1732 2421 1806 2451 data
1831 2420 1890 2452 fuit
1906 2421 2073 2454 Abrahae.

1098 2460 1160 2492 Hic
1183 2462 1283 2503 igitur
1305 2462 1346 2492 ad
1371 2462 1570 2503 principales
1593 2464 1761 2494 doctrinas
1785 2465 1966 2496 veniemus.

1183 2504 1237 2535 Ad
1266 2514 1364 2546 quam
1394 2515 1460 2536 rem
1494 2516 1625 2544 novam,
1659 2516 1720 2537 sen
1753 2507 1795 2537 ad
1829 2507 1917 2548 qnod
1951 2517 2075 2541 novum

1097 2547 1291 2579 beneficium
1312 2547 1571 2579 confirmandum
1594 2549 1670 2579 data
1693 2554 1743 2580 est
1757 2548 1915 2582 Abrahae
1938 2551 2074 2582 circum-

1097 2590 1199 2621 cisio?
1232 2589 1381 2630 (Quaero
1416 2591 1457 2622 de
1497 2601 1600 2622 causa
1639 2592 1870 2624 institutionis:
1909 2593 1982 2624 Non
2023 2599 2074 2624 cst

1095 2634 1181 2669 enim
1203 2633 1287 2667 ritus
1310 2639 1434 2666 tantum
1461 2631 1655 2672 intuendus,
1685 2645 1747 2668 seu
1775 2645 1861 2677 opus
1891 2642 2072 2676 externum,

1767 2696 1796 2719 Η
