2324 2958
217 165 282 198 323
861 163 974 195 Ptin..-
994 162 1096 195 MEL.
1120 161 1309 195 SCRtPTA
1330 161 1593 194 EXEGETlCA.
2167 164 2234 197 324

218 260 302 291 enim
326 265 402 289 ante
426 256 566 289 Paulum
588 255 752 289 interfecti
775 264 861 288 sunt.
917 257 953 289 ld
983 257 1198 288 considerare
1250 261 1304 286 tus
1328 260 1380 286 est
1397 256 1555 296 peccatis,
1589 261 1622 287 et
1654 263 1765 288 tamen
1798 255 1926 298 colligit
1960 257 2022 288 sibi
2053 257 2146 289 Deus
2167 258 2232 291 Ec-

218 303 394 338 debemus,
425 306 460 332 ut
486 299 639 331 miserias
662 301 795 342 generis
819 300 950 331 humani
974 298 1197 340 deploremus,
1223 284 1226 308 ¹
1251 296 1388 328 clesiam
1411 297 1536 339 ingenti
1560 305 1592 330 et
1614 297 1829 330 inenarrabili
1853 300 2010 331 bonitate.
2195 320 2198 323 ι

217 345 307 387 quod
329 345 362 375 in
385 342 442 375 illo
465 352 593 374 summo
616 341 711 380 loco,
745 343 778 374 in
802 343 935 385 lastigio
957 343 1100 383 imperii,
1133 342 1199 372 sint
1336 338 1476 372 Debetis
1494 346 1603 373 autem
1626 347 1660 372 et
1681 340 1746 372 hoc
1765 342 1926 383 cogitare,
1953 352 2051 384 quam
2073 342 2235 376 mirabilis

217 394 284 419 tam
308 385 476 418 horribilia
499 390 665 423 monstra,
700 391 732 416 et
755 392 822 416 tam
845 392 929 416 tetra
954 391 1123 426 portenta,
1157 384 1198 414 de
1250 382 1294 413 sit
1324 383 1520 424 gubernatio
1542 381 1735 421 Ecclesiae,
1770 390 1802 415 et
1830 390 2042 423 sanctorum,
2076 388 2162 417 inter
2183 392 2235 418 tot.

217 431 337 472 quibus
361 429 566 470 cogitantes,
601 438 826 470 expavescere
849 438 911 459 nos
935 433 1076 468 oportet,
1112 426 1199 457 sicut
1251 430 1284 456 et
1306 430 1396 456 tanta
1419 425 1582 465 pericula,
1616 425 1770 467 qualibus
1805 427 1971 458 obiectum
2006 426 2110 460 fuisse
2141 429 2233 461 vide-

216 471 369 514 profecto
403 471 605 502 cohorresco
634 477 704 502 toto
729 481 886 512 corpore,
921 470 1053 511 qnando
1087 469 1198 510 cogito

218 517 259 547 de
283 514 349 546 illis
372 515 540 545 monstris.
596 513 765 545 Debemus
799 520 907 545 autem
943 519 1033 543 tanto
1062 509 1198 553 diligen-

216 560 282 590 tius
304 567 402 589 orare
425 556 545 594 Deum,
567 564 602 588 ut
626 557 681 588 det
703 557 801 587 nobis
824 557 931 586 bonos
955 555 1134 595 plincipeS‚
1156 564 1198 585 ne

1250 477 1323 499 mus
1353 478 1487 499 cursum
1522 469 1702 507 ministerii,
1736 475 1770 501 et
1802 470 1890 501 vitae
1913 469 2006 501 Pauli
2039 480 2060 502 a
2094 480 2234 503 conver·

1250 511 1345 542 sione
1368 511 1438 542 eius
1462 520 1569 552 usquc
1587 512 1629 542 ad
1642 519 1792 548 mortem,
1810 513 1841 543 in
1867 519 1930 544 tam
1956 511 2065 544 multis
2087 515 2234 555 peregri-

1250 553 1451 590 nationibus,
1482 552 1675 595 naulragiiS,
1705 554 1899 592 latrociniis,
1932 556 2162 595 seditionibus,
2183 555 2234 588 lu-

217 602 297 633 fiant
320 600 553 642 dissipationes
577 600 708 642 generis
744 598 892 635 humani,
926 604 958 628 et
992 604 1025 628 ut
1055 597 1127 638 ipse
1156 597 1199 627 sit
1251 596 1382 626 roribus
1417 596 1611 628 ludaeorum
1644 603 1677 628 et
1698 596 1931 635 Ethnicorum,
1963 599 2029 630 imo
2052 600 2150 630 etiam
2172 597 2233 631 fal·

219 650 334 676 custos
357 642 540 674 Ecclesiae.
597 642 668 674 Nec
702 642 789 672 sinat
823 651 884 671 nos
909 647 973 671 tam
997 639 1198 671 horribiliter
1251 649 1366 669 sorum
1387 636 1524 670 fratrum
1547 639 1694 677 insidiis,
1726 641 1768 671 de
1799 642 1918 682 quibus
1941 642 2131 673 nominatim
2155 652 2234 674 con·

218 687 326 724 abiici,
351 687 437 718 sicut
460 684 509 718 illi
531 685 648 717 abiecti
672 692 757 715 sunt.
1251 681 1409 722 queritur.

304 728 409 761 Simul
431 735 540 760 autem
564 729 747 769 cogitemus
766 726 1022 767 magnitudinem
1042 725 1198 756 bonitatis
1338 723 1373 754 ln
1396 722 1448 754 his
1467 730 1576 756 tamen
1599 724 1693 757 Deus
1718 727 1806 756 dedit
1831 727 2019 757 testimonia
2043 726 2235 768 multiplicia

218 778 251 805 et
283 772 530 804 misericordiae
563 771 642 807 Dei,
679 769 766 810 quod
799 774 909 800 tamen
942 767 1102 810 colligere
1137 768 1198 798 sibi
1251 776 1334 798 suae
1357 767 1578 807 praesentiae,
1599 774 1636 799 ut
1659 769 1868 807 ostenderet,
1899 767 2086 801 Ecclesiam
2104 775 2138 801 et
2158 770 2234 812 pios

218 814 323 847 voluit
344 815 590 857 praedicati0ne
613 811 705 843 Pauli
728 810 930 850 Ecclesiam,
961 812 1058 843 etiam
1077 811 1110 842 in
1134 809 1198 841 illis
1252 810 1420 847 doctoreS,
1451 820 1518 841 non
1541 809 1649 842 solnm
1672 812 1847 843 destitutos
1871 812 2046 853 praesidiis
2068 812 2234 851 humanis,

218 858 321 897 locis,
361 859 417 889 ubi
453 857 705 888 dominabantur
746 856 912 886 teterrima
945 854 1004 886 illa
1037 860 1199 892 monstra,
1252 853 1313 883 sed
1348 852 1444 883 etiam
1468 863 1489 884 a
1510 854 1622 885 causis
1645 855 1800 886 secundis
1832 857 2002 893 desertos,
2035 861 2144 887 tamen
2179 865 2235 887 cu-

219 900 397 938 Claudius,
442 898 611 941 Caligula,
656 898 883 936 Domitianus,
918 898 1026 932 Nero,
1061 907 1200 938 quorum
1252 895 1386 933 stodiri,
1421 896 1505 937 tegi,
1540 896 1671 928 defendi
1695 897 1887 930 mirabiliter
1920 898 1963 929 ab
1987 898 2078 939 ipso,
2110 896 2236 930 frustra

218 943 316 977 aulae
334 943 454 985 plenae
476 948 569 973 erant
592 942 700 972 onmis
718 941 850 982 generis
869 941 1104 982 turpitudinum
1122 939 1198 970 hor·
1251 937 1464 969 trementibus
1477 937 1629 970 Diabolis
1654 946 1686 971 et
1707 939 1826 972 horum
1843 941 2014 979 ministris,
2034 941 2141 973 donec
2165 939 2236 973 vult

219 987 373 1019 ribilium.
430 985 513 1017 Nam
547 983 708 1024 exemplis
738 983 890 1022 illorum,
923 983 1017 1015 multi
1047 982 1101 1013 alii
1127 993 1200 1014 cor·
1252 991 1312 1012 eos
1336 981 1367 1012 in
1393 981 1569 1013 vocatione
1587 992 1651 1013 sua
1674 984 1812 1014 versari.

219 1031 306 1072 rupti
329 1035 417 1067 sunt,
440 1029 529 1059 iuxta
553 1028 639 1059 dicta
663 1026 731 1065 illa,
753 1037 839 1069 quae
860 1034 937 1058 sunt
956 1027 1199 1067 descriptiones
1338 1023 1413 1055 Non
1437 1024 1544 1056 dicam
1577 1025 1640 1057 iam
1664 1026 1705 1057 de
1728 1024 1802 1057 aliis
1831 1025 2008 1066 periculis,
2040 1035 2127 1067 quae
2149 1025 2237 1058 Pau·

220 1083 356 1105 casuum
379 1072 500 1111 mundi,
525 1077 556 1102 et
580 1069 760 1112 loquuntur
782 1071 824 1101 de
841 1069 942 1109 facto,
960 1080 1027 1101 non
1051 1070 1091 1100 de
1114 1069 1199 1100 iure:
1252 1066 1306 1099 lus
1328 1068 1494 1098 sustinuit.
1551 1068 1618 1099 Sed
1653 1070 1799 1110 cogitate
1827 1069 1895 1100 hoc
1916 1067 2113 1109 exemplum,
2145 1068 2237 1110 quod

223 1118 331 1155 Qualis·
352 1118 514 1156 princeos,
537 1116 612 1145 talis
634 1117 760 1145 civitas:
789 1115 904 1151 Quales
926 1115 1095 1150 Dominae,
1119 1114 1201 1143 tales
1252 1110 1324 1152 ipse
1347 1111 1474 1148 scribit,
1496 1121 1532 1142 se
1551 1121 1717 1152 puynasse
1737 1122 1836 1152 saepe
1857 1121 1929 1144 cum
1950 1113 2071 1144 bestia

218 1162 359 1197 camme,
393 1159 446 1190 mic
476 1160 518 1188 Nc
550 1158 630 1189 [it-rm
651 1158 723 1195 iiim,
761 1157 786 1188 in
821 1157 852 1196 iit
886 1158 952 1189 auch
987 1158 1043 1187 bue
1079 1155 1199 1197 gesture.
1338 1152 1412 1185 Fuit
1430 1154 1584 1185 usitatum
1603 1155 1674 1185 istis
1694 1155 1910 1195 temporibus,
1934 1155 2080 1186 abiicere
2093 1154 2237 1186 miseros

218 1203 315 1235 {Sum
337 1203 384 1232 ret·
408 1201 465 1232 ‘Blbt
488 1199 600 1232 {vsu-rid
630 1199 764 1242 ‹uit—ttegt,
800 1200 826 1231 io
851 1199 882 1236 iit
910 1201 962 1232 ren
987 1199 1136 1238 *munchen
1160 1209 1200 1230 ert
1252 1195 1403 1228 homines
1427 1197 1556 1228 bestiis.
1600 1196 1642 1228 Et
1665 1203 1774 1229 tamen
1798 1196 1926 1235 leones,
1959 1198 2066 1238 pardi,
2095 1203 2128 1228 et
2151 1195 2238 1229 aliae

220 1247 299 1277 Inubt
323 1255 355 1284 ,gu
380 1245 491 1281 frit-len.
1253 1240 1469 1270 saevissimae
1509 1241 1637 1271 bestiae
1677 1241 1710 1271 in
1751 1242 1841 1272 circo
1880 1250 1982 1281 saepe
2016 1245 2238 1282 pepercerunt

1252 1283 1390 1313 sanctis,
1446 1281 1540 1314 Deus
1574 1282 1677 1314 voluit
1712 1282 1834 1315 talibus
1872 1282 2076 1323 spectaculis
2111 1283 2239 1322 testari,

1252 1323 1327 1356 illas
1353 1326 1476 1356 bestias
1500 1335 1577 1357 esse
1595 1326 1743 1357 mitiores
1773 1327 1941 1368 tyrannis.
1977 1332 2008 1358 et
2037 1325 2112 1358 aliis
2135 1325 2238 1357 hosti-

1252 1369 1327 1405 buS‚
1361 1379 1425 1399 non
1460 1369 1673 1409 parcentibus
1707 1368 1891 1401 Ecclesiae.
1946 1365 2108 1410 Exempla
2135 1367 2239 1401 multa

303 1414 550 1447 Adulescentes
573 1414 778 1446 meminerint
801 1423 921 1446 versus
941 1413 1132 1445 Claudiani:
1252 1411 1432 1442 recitantur
1454 1411 1543 1452 apud
1565 1411 1756 1450 Eusebium,
1778 1418 1814 1444 ut
1837 1422 1910 1443 cum
1934 1410 2080 1449 Attalus,
2110 1418 2142 1443 et
2166 1412 2238 1444 eius

1253 1459 1373 1485 coniux
1385 1452 1550 1485 Blandina
1573 1461 1651 1486 sunt
1674 1455 1794 1486 obiecti
1810 1455 1938 1491 bestiis,
1961 1452 2079 1486 leones
2098 1455 2239 1486 circnm-

1253 1498 1395 1534 iverunt‚
1427 1495 1628 1529 olsacientes
1663 1504 1696 1529 et
1719 1496 1918 1536 lambentes,
1952 1503 1984 1529 et
2015 1496 2240 1528 transiverunt

660 1543 756 1575 Item:
1252 1539 1318 1571 illis
1337 1538 1473 1570 illaesis.

1339 1581 1471 1624 Aliqui,
1506 1592 1580 1615 cum
1613 1593 1715 1624 saepe
1749 1588 1862 1614 essent
1885 1583 2006 1614 obiecti
2036 1581 2172 1620 bestiiS,
2204 1587 2239 1615 et

1254 1632 1363 1657 tamen
1387 1636 1452 1657 non
1476 1624 1698 1664 laederentur,
1731 1624 1796 1657 alio
1832 1635 1955 1668 genere
1985 1624 2138 1667 supplicii
2160 1624 2239 1661 suut

660 1672 757 1704 ltem:
1255 1669 1375 1700 affecti.
1422 1668 1538 1700 Coacti
1571 1676 1649 1701 sunt
1683 1668 1858 1700 carnifices
1894 1667 2006 1712 gladio
2040 1677 2102 1700 eos
2125 1666 2236 1699 ferire.

348 1306 442 1335 Forte
464 1304 560 1335 cubos
580 1305 708 1344 primus
728 1305 836 1343 posuit
857 1305 888 1334 si
905 1304 1014 1342 futilis
1036 1302 1140 1333 Abbas

351 1348 427 1378 Tum
449 1356 523 1378 sese
545 1347 694 1378 ,tlonaclzi
713 1347 826 1378 ludere
849 1349 920 1377 iure
937 1350 1063 1386 putant.

347 1476 476 1508 Scdc'cet
497 1478 531 1507 in
554 1477 664 1515 vulqus
691 1479 828 1506 manant
847 1477 997 1515 exempla
1024 1477 1199 1514 reyenlum.

347 1605 445 1643 Reqis
467 1605 512 1636 ad
533 1606 710 1644 exemplum
733 1608 817 1635 totus
839 1606 1039 1644 componitur
1061 1603 1157 1634 orbis.

351 1734 688 1773 l'tqzzeduc11ytaelitaezoS‚
711 1736 758 1764 sic
770 1742 876 1764 mores
887 1737 996 1764 eas-tra
1013 1736 1201 1773 sequnntur.
1256 1765 1354 1798 quam
1377 1756 1408 1786 in
1432 1753 1497 1786 mis
1521 1754 1685 1787 'udicibffi
1710 1755 1936 1786 rabioqiqsime
1958 1753 2239 1796 persequemffius

306 1802 574 1833 Construehunc
587 1811 731 1832 versum.
767 1800 888 1832 Castra
902 1808 953 1832 est
968 1801 1202 1838 nominativus,
1228 1804 1231 1844 j
1256 1798 1475 1830 Christianos.
2232 1820 2235 1824 .

220 1857 240 1878 a
258 1855 324 1888 quo
347 1845 469 1886 pendet
493 1845 714 1875 constructio:
748 1844 780 1875 id
804 1851 874 1882 est,
907 1843 1029 1876 Milites
1058 1853 1202 1885 sequun-
1228 1848 1231 1877 1,
1342 1842 1388 1873 Ita
1411 1839 1489 1872 olim
1512 1842 1679 1872 obturavit
1703 1840 1789 1871 tilius
1814 1841 1874 1872 Dci
1906 1851 1964 1871 orn
1988 1838 2119 1871 leonum
2138 1837 2239 1871 same-

219 1894 274 1921 tur
296 1898 408 1919 mores
432 1888 569 1925 ducum,
603 1889 688 1918 sicut
719 1894 902 1928 sequuntur
931 1886 1047 1923 lituos,
1083 1887 1113 1917 id
1139 1892 1202 1925 est,
1229 1882 1232 1918 Ῐ
1256 1883 1409 1921 licomm,
1434 1895 1507 1915 cum
1532 1883 1652 1915 Daniel
1681 1885 1712 1915 in
1742 1895 1876 1925 specum
1906 1882 2037 1914 leonum
2067 1883 2240 1915 coniectus

219 1932 318 1964 tubas
341 1932 470 1962 ducum.
508 1930 542 1960 ln
566 1940 704 1967 summa,
731 1930 889 1961 llomines
909 1929 1103 1971 plerumque
1121 1929 1203 1961 finnt
1230 1951 1233 1958 .
1257 1934 1357 1959 esset.
1415 1927 1470 1958 Sic
1495 1928 1594 1969 igitur
1616 1935 1834 1968 pepercerunt
1872 1935 1902 1958 et
1930 1925 2033 1957 Paulo
2064 1925 2182 1957 teones
2204 1930 2239 1957 et

219 1975 401 2006 deteriores
426 1972 574 2011 licentia,
605 1981 635 2004 et
659 1972 753 2005 malis
777 1972 950 2015 exemplis,
980 1974 1041 2004 sed
1064 1974 1204 2004 maxime
1230 1963 1233 1992 Ε
1259 1971 1398 2006 bestiae,
1420 1977 1453 2001 ut
1479 1971 1646 2043 dist-:anilis
1673 1969 1869 2008 Ecclesiam,
1893 1976 1925 2001 et
1948 1976 2084 2001 sanctos·
2108 1967 2238 2000 servari

1259 2021 1289 2044 et
1314 2013 1473 2044 custodiri
1499 2014 1611 2044 mirnbi
1628 2014 1699 2044 iter.

220 2019 489 2061 gubernatorum.

1345 2056 1415 2087 Nos
1440 2057 1500 2096 ipsi
1527 2068 1591 2087 non
1611 2058 1747 2094 scimus,
1776 2057 1943 2097 quomodo
1966 2065 2151 2092 servemur,
2183 2061 2241 2086 aut

306 2061 470 2092 Scribitur
494 2058 617 2091 Paulus
642 2066 816 2100 propterea
847 2058 1034 2091 decollatus
1059 2058 1163 2091 fuisse
1186 2070 1204 2089 a

221 2104 374 2138 Nerone,
410 2103 484 2144 quia
516 2101 645 2144 aliquos
680 2110 886 2133 converterat
912 2104 944 2133 in
969 2104 1040 2134 eius
1063 2101 1140 2133 aula
1163 2103 1203 2133 ad
1258 2099 1423 2141 quomodo
1446 2100 1596 2130 vivamus
1621 2101 1652 2130 iu
1678 2099 1740 2131 hoc
1763 2100 1896 2130 mundo.
1932 2097 1969 2129 Et
1995 2105 2104 2130 tamen
2128 2103 2242 2139 petere

1258 2143 1417 2174 debemus
1441 2153 1460 2173 a
1484 2142 1556 2174 Deo
1580 2143 1868 2174 conservationem
1903 2140 2094 2178 Ecclesiae,
2127 2146 2161 2172 et
2182 2150 2240 2173 no·

220 2146 519 2179 Christianismum.

308 2190 374 2221 lam
406 2190 432 2219 si
468 2189 508 2220 de
548 2190 618 2229 ipsa
653 2190 735 2220 urbe
773 2189 920 2230 cogites,
960 2188 1117 2229 Magnum
1155 2195 1203 2218 cst
1259 2186 1329 2217 stri.
1375 2185 1526 2217 Sciamus
1562 2187 1668 2226 ipsum
1693 2196 1769 2217 esse
1793 2185 1962 2216 custodem
1988 2183 2175 2222 Ecclesiae,
2207 2189 2241 2215 et

222 2231 430 2269 miraculum,
455 2233 542 2274 quod
569 2231 660 2263 Deus
686 2242 750 2262 non
776 2233 928 2262 everterit
961 2239 1061 2263 totam
1090 2232 1205 2263 urbem
1232 2226 1235 2272 Ι
1260 2228 1331 2259 sore
1366 2236 1513 2259 nostrum
1550 2240 1681 2270 qnoque
1718 2230 1912 2265 rus-todeni,
1944 2229 1972 2258 si
1996 2227 2095 2259 modo
2117 2226 2240 2258 sem‘a·

221 2275 380 2314 Romam,
416 2282 449 2306 ut
480 2275 660 2306 Sodomam
695 2281 727 2305 et
757 2274 995 2312 Gomorrlmm,
1029 2286 1104 2306 cum
1140 2285 1206 2305 non
1260 2282 1332 2304 nius
1356 2272 1385 2303 ei
1411 2271 1552 2303 fideliter
1575 2273 1606 2303 in
1634 2273 1816 2303 vocatione.

220 2319 350 2351 minora
383 2325 523 2359 peccata
557 2317 600 2349 ibi
635 2316 767 2349 suerint.
823 2317 897 2349 Non
928 2317 987 2349 fuit
1015 2317 1092 2349 alibi
1117 2324 1205 2349 tantu
1346 2315 1510 2354 rugit-»un
1544 2326 1642 2356 quom
1676 2313 1824 2346 mirabile
1858 2313 1921 2344 hoc
1955 2311 2072 2350 fuerit,
2107 2312 2242 2354 quando

221 2362 410 2403 turpitudo,
447 2367 570 2402 «quanta
613 2359 673 2393 suit
708 2360 834 2392 Romae
869 2368 1017 2403 tempore
1052 2361 1205 2393 Neronis}
1260 2359 1354 2389 Deus
1384 2359 1529 2389 sensuit
1565 2357 1642 2390 olim
1673 2365 1810 2389 sanctos
1835 2357 1985 2388 obiectos
2008 2354 2174 2393 leonibus.
2208 2360 2242 2387 et

224 2404 342 2436 Mirum
378 2411 427 2435 est
463 2405 577 2446 igitur,
612 2405 698 2446 quod
725 2404 816 2435 Deus
852 2415 917 2435 non
953 2406 1060 2435 statim
1085 2405 1207 2437 abiecit
1258 2400 1331 2433 aliis·
1356 2400 1784 2433 truculentissimisbestiis.
1820 2399 1974 2441 Cogitate
1987 2400 2095 2435 etiam,
2118 2404 2243 2440 quant·

221 2453 325 2479 totam
354 2449 468 2479 urbem
492 2448 523 2478 in
548 2450 644 2479 imum
668 2447 850 2479 Tartarum.
900 2446 1050 2488 Apostoli
1076 2449 1207 2479 inu-nr·-
1232 2461 1235 2491 3
1260 2445 1344 2475 tides
1369 2443 1461 2474 suerit
1488 2445 1519 2475 in
1544 2445 1615 2475 istis
1635 2445 1761 2475 sanctis
1785 2442 1984 2476 hominibus.
2010 2441 2242 2474 commendan-

222 2497 298 2522 runt
321 2492 487 2529 mnndum,
512 2491 715 2533 temporibus
735 2489 1094 2532 tnliumlmperntnrum
1110 2489 1207 2522 valde
1232 2493 1235 2527 Ι
1260 2489 1347 2518 tibus
1377 2498 1415 2519 se
1441 2487 1530 2525 non,
1566 2489 1620 2519 ubi
1654 2493 1815 2518 steterunt
1848 2487 1931 2517 inter
1960 2485 2086 2517 medios
2113 2483 2240 2517 teones.

223 2539 351 2576 turpem
377 2542 405 2565 ct
428 2533 594 2565 effrenem.
653 2533 692 2565 Et
727 2541 834 2566 tumen
870 2541 960 2565 tanta
995 2541 1041 2565 est
1075 2535 1206 2565 immen—
1232 2549 1235 2576 ;
1260 2530 1330 2562 Rex
1356 2530 1518 2573 Anglirus
1542 2541 1615 2562 cnm
1646 2529 1746 2562 vellet
1770 2530 1911 2570 experiri
1935 2527 2161 2560 fortitudinem
2184 2536 2241 2570 ge-

223 2578 305 2608 sitns
329 2578 576 2609 misericordiae.
600 2578 749 2615 divinae,
784 2583 818 2608 nt
849 2577 924 2608 inde
946 2575 1120 2619 collegerit
1144 2577 1205 2607 sihi
1259 2575 1466 2605 nei-osissimi
1490 2574 1662 2606 cuiusdnm
1687 2574 1779 2605 canis
1802 2573 1871 2609 sni,
1905 2572 2078 2604 intromisit
2112 2581 2186 2603 eum
2208 2570 2241 2602 ἰιι

223 2619 423 2654 Ecclesiam.
447 2627 480 2652 ut
507 2621 570 2652 iam
590 2631 723 2663 quoque
745 2621 887 2653 mundus
906 2621 1081 2652 admodum
1105 2619 1207 2652 reser—
1259 2616 1438 2654 hortulum,
1462 2618 1493 2649 in
1517 2627 1583 2659 quo
1605 2616 1781 2648 alebantur
1803 2614 1933 2647 leones:
1969 2614 2071 2647 Canis
2094 2611 2242 2655 compul-

2304 921 2324 997 wss'*
2303 803 2324 909 xmo.
2304 760 2318 790 'J

1255 1711 1349 1743 Deus
1373 1711 1516 1743 ostendit
1540 1710 1615 1753 plus
1639 1722 1716 1743 esse
1750 1712 2014 1743 mansuetudinis
2048 1712 2080 1742 in
2109 1710 2238 1749 bestiis,
2265 1733 2271 1737 -
