2324 2958
57 186 120 220 481

145 279 254 312 Minor
274 278 427 321 neganda
450 284 512 310 est.

59 323 168 355 credis
191 323 223 353 in
244 320 378 360 Filium,
409 326 442 352 et
464 330 660 362 perseveras
690 321 723 352 in
750 320 814 353 hac
837 321 902 353 fide
923 331 1030 363 usque

58 366 102 398 ad
133 371 289 402 mortem,
326 373 406 395 vere
439 373 476 395 es
509 363 652 402 electus,
687 365 764 405 quia
798 365 839 395 de
868 364 1030 396 electione

59 408 266 447 statuendum
289 412 341 438 est
363 417 404 438 ex
426 407 644 448 promissione
667 406 852 448 Evangelii,
876 417 961 449 quae
984 407 1030 438 iu-

58 452 116 483 bet
143 460 243 493 agere
270 450 501 491 poenitentiam
531 455 564 481 et
592 450 728 481 credere
758 451 790 481 in
812 449 945 481 Filium:
989 448 1030 480 Et

57 493 156 526 fidem
178 494 273 525 docet
294 492 360 524 hoc
382 493 480 524 modo
503 502 564 525 seu
582 493 696 524 ordine
713 493 852 525 accendi
872 494 902 523 in
922 492 1030 530 nobis,

59 546 132 569 cum
163 535 360 567 assentimur
393 536 514 575 verbo,
547 545 612 577 quo
642 535 783 577 Spiritus
812 541 949 567 sanctus
980 540 1031 566 est

57 577 178 611 efficax
205 583 238 609 et
266 578 366 609 trahit
388 579 506 617 corda,
539 584 573 610 ut
595 577 734 610 velimus
759 580 895 609 credere
918 584 951 610 et
973 579 1030 609 ob-

57 627 242 662 temperare
263 619 351 652 Deo:
386 621 427 652 Et
449 631 645 663 quamquam
675 632 728 652 res
757 622 800 652 ad
822 621 908 653 hanc
931 621 1029 652 vitam

55 664 255 705 pertinentes
276 664 394 695 dantur
409 662 621 702 dissimiliter,
636 670 743 695 tamen
764 665 938 705 promissio
957 674 1029 705 gra-

55 707 119 738 tiae
142 712 173 738 et
196 705 313 737 salutis
335 712 490 738 aeternae
513 713 563 738 est
578 707 776 739 universalis
796 713 829 738 et
847 707 1045 749 aequaliter,

54 749 196 791 pertinet
218 750 260 781 ad
283 759 397 781 omnes
421 749 604 782 credentes.

142 792 234 824 Haec
253 797 330 823 sunt
346 802 424 823 vera
442 797 475 823 et
494 791 650 824 salutaria
667 793 729 834 piis
743 794 917 825 mentibus.
952 793 1029 824 Scio

56 833 160 866 multa
189 833 436 866 cavillatoribus
464 845 567 875 posse
595 837 733 877 opponi:
757 847 819 867 nec
849 847 921 868 sum
944 835 1028 867 adeo

56 877 146 909 rudis
169 876 295 909 illarum
320 877 587 918 disputationum.
633 879 723 910 Bene
753 881 840 917 scio,
869 879 1029 911 horridio-

55 929 111 951 res
145 920 305 961 quasdam
345 921 585 961 disputationes
619 923 661 952 ab
696 921 859 964 aliquibus
892 921 1028 953 moveri.

55 961 121 994 Sed
144 968 275 1004 oportet
298 961 426 995 illarum
451 964 707 1005 disputationum
726 966 858 997 modum
876 975 954 996 esse
972 962 1030 994 ali-

53 1014 162 1047 quem.
217 1004 362 1037 Tandem
396 1006 462 1038 huc
496 1007 734 1039 decurrendum
757 1013 826 1046 est,
859 1013 895 1039 ut
922 1007 951 1038 si
974 1007 1029 1048 qui

53 1052 132 1079 sunt
160 1048 193 1079 in
221 1054 320 1080 coetu
346 1056 556 1088 vocatorum,
588 1057 620 1081 et
643 1057 719 1082 sunt
741 1051 773 1082 in
797 1048 984 1088 doloribus,
1007 1050 1028 1081 ii

55 1089 317 1122 consolationem
345 1097 506 1133 quaerant
534 1103 574 1124 ex
599 1095 718 1132 verbo,
748 1103 810 1125 nec
838 1091 1029 1135 indulgeant

54 1133 247 1165 dubitationi
281 1140 337 1166 aut
370 1133 587 1174 diffidentiae,
621 1137 682 1168 sed
715 1135 882 1178 applicent
915 1136 957 1167 ad
991 1146 1029 1167 se

53 1175 274 1208 universalem
306 1177 574 1218 promissionem,
613 1189 698 1220 qnae
731 1179 855 1219 pariter
887 1179 1029 1221 pertinet

53 1218 96 1250 ad
119 1229 234 1250 omnes
258 1225 289 1250 et
313 1218 464 1262 singulos
487 1221 674 1252 credentes-

139 1261 313 1296 Quomodo
346 1268 455 1294 autem
489 1265 640 1305 congruit
671 1265 736 1296 1108
759 1265 881 1297 dictum
905 1264 1028 1296 Christi

52 1303 95 1335 ad
116 1303 336 1336 universalem
358 1306 630 1347 promissionem:
658 1307 786 1338 Tantum
808 1310 877 1338 veni
895 1312 1029 1348 propter

52 1356 123 1376 oves
146 1347 292 1386 perditas
318 1349 352 1377 in
381 1348 501 1380 Israel?
544 1349 597 1380 An
620 1360 686 1381 non
715 1356 766 1382 est
788 1350 842 1382 1118
866 1361 1028 1393 expressa

51 1390 186 1421 reiectio
214 1391 378 1432 gentium?
422 1390 637 1433 Respondeo:
683 1393 757 1425 Hoc
785 1394 908 1425 dictum
935 1393 1028 1425 intel-

50 1430 219 1474 ligendum
242 1439 292 1464 est
314 1438 470 1474 respectu
492 1436 617 1466 externi
641 1436 821 1467 ministerii.
865 1436 939 1466 Non
960 1438 1030 1466 veni

51 1476 115 1504 nisi
143 1475 187 1504 acl
216 1486 285 1504 ores
309 1476 456 1515 perditas
483 1478 515 1506 in
539 1477 655 1517 Israel,
690 1477 835 1517 scilicet,
870 1480 958 1521 qnod
986 1479 1029 1511 ad

52 1523 223 1550 externum
264 1529 370 1550 meum
406 1519 617 1551 ministerium
651 1522 779 1553 attinet:
821 1523 863 1554 de
897 1532 962 1564 quo
997 1528 1029 1554 et

51 1559 176 1592 Paulus
200 1561 319 1602 inquit:
366 1561 521 1592 Christum
544 1563 684 1593 debuisse
702 1566 872 1595 ministrum
891 1575 956 1595 csse
971 1566 1028 1595 cir-

51 1604 263 1637 cumcisionis,
298 1603 330 1633 id
365 1610 431 1642 cst,
471 1606 578 1646 gentis
613 1606 767 1639 Iudaicae
801 1608 1027 1640 circumcisae.

49 1644 219 1676 Beneficia
253 1651 362 1677 autem
397 1645 522 1679 Ch=isti
562 1654 595 1680 et
632 1648 826 1692 Evangelii,
865 1652 1028 1692 pertinent

51 1688 147 1719 etiam
171 1688 214 1719 ad
237 1694 382 1730 gentes,
405 1690 481 1731 quia
504 1691 662 1732 scriptum
686 1699 750 1723 est:
783 1693 821 1722 In
840 1695 952 1723 semine
974 1697 1028 1723 tuo

51 1730 269 1760 benedicentur
287 1741 387 1763 onmes
407 1737 521 1772 yentes.
557 1734 650 1765 Itcm:
684 1735 797 1765 Gentes
815 1736 858 1765 acl
875 1747 939 1765 cum
959 1747 1029 1766 ι-ονι-

48 1774 182 1813 fuyient.
228 1774 284 1804 Sic
305 1781 457 1807 caeterae
479 1777 718 1817 promissiones
741 1778 782 1810 de
799 1778 926 1811 Messia
945 1790 1028 1811 scm-

51 1826 112 1858 per
134 1817 415 1857 comprehendunt
437 1820 533 1851 etiam
558 1826 687 1862 genteS.

138 1858 253 1901 Itaque
285 1859 395 1892 David
425 1871 491 1893 non
519 1869 590 1895 erat
619 1863 781 1903 Messias,
814 1874 922 1907 neque
955 1864 1029 1897 aliis

50 1911 162 1944 reges,
175 1903 229 1944 qui
242 1907 368 1934 tantum
385 1903 620 1938 benefecerunt
632 1906 685 1938 isti
702 1907 837 1949 populo.
883 1907 926 1939 At
941 1907 1029 1941 iilius

51 1945 115 1977 iste
129 1943 277 1985 DavidiS,
290 1946 375 1977 sicut
395 1957 469 1978 eum
486 1954 581 1980 antea
600 1950 779 1982 nominavit
798 1951 882 1982 haec
900 1950 1028 1991 mulier,

51 1997 118 2030 quo
141 1989 273 2020 nomine
295 1988 540 2032 intelligebatur
561 1991 723 2031 Messias,
755 1999 806 2025 est
828 1995 1028 2036 redemptor,

51 2036 188 2075 propter
221 2041 317 2073 quem
352 2033 555 2065 benedicitur
583 2045 648 2067 non
676 2034 784 2068 solum
814 2037 867 2068 isti
889 2037 1026 2079 populo,

134 2074 229 2105 etiam
254 2075 404 2107 omnibus
429 2077 595 2118 gentibus,

52 2066 113 2106 sed

139 2116 196 2149 Sic
218 2118 317 2159 igitur
339 2124 512 2161 utrumque
536 2130 649 2152 verum
667 2127 734 2153 est:
757 2121 904 2154 Messiae
927 2123 1027 2155 bene-

52 2158 161 2192 ficium
193 2161 334 2201 pertinet
366 2163 408 2193 ad
436 2172 565 2194 omnes:
600 2169 632 2194 et
653 2169 760 2196 tamen
783 2164 937 2198 Christus
960 2177 1027 2198 non

53 2208 106 2234 est
128 2203 249 2234 missus
272 2204 336 2236 nisi
359 2205 400 2235 ad
425 2215 506 2236 oves
529 2206 673 2246 perditas
693 2207 809 2240 domus
831 2208 952 2248 Israel,
981 2210 1028 2241 vi-

53 2244 184 2284 delicet,
207 2247 283 2288 quia
305 2248 337 2278 in
359 2248 425 2280 isto
448 2247 571 2290 populo
595 2249 707 2281 debuit
729 2251 930 2291 concionari,
948 2253 1027 2293 pati,

52 2298 239 2330 resurgere.

138 2332 233 2364 Hanc
262 2332 527 2365 conciliationem
556 2334 734 2374 dictorum,
768 2347 852 2378 quae
877 2348 1026 2380 pugnare

52 2374 137 2405 inter
159 2384 197 2406 se
219 2376 388 2415 videntur,
411 2384 499 2408 recte
524 2376 684 2409 intellexit
707 2379 770 2410 ista
791 2379 919 2419 mulier,
941 2391 1026 2422 qnae

54 2426 218 2450 concessa
246 2417 310 2450 hac
337 2421 578 2461 propositione,
613 2421 701 2462 quod
730 2428 866 2464 propter
895 2424 1026 2455 domum

54 2458 157 2490 Israel
179 2462 307 2493 venerit
330 2462 495 2501 Christus,
520 2463 660 2501 scilicet,
685 2465 793 2506 quoad
811 2465 1026 2498 ministerium

55 2507 236 2542 externum,
258 2510 366 2536 tamen
389 2513 484 2546 urget
508 2507 713 2547 petitionem,
736 2517 820 2549 quae
842 2507 944 2540 habet
961 2509 1026 2541 vim

55 2547 288 2585 correctionis,
312 2558 385 2580 cum
411 2549 567 2581 clamitat:
615 2548 748 2581 Domine
771 2551 942 2590 opitulare,
966 2561 1025 2583 seu

55 2598 198 2618 succurre
219 2589 300 2620 mihi.

140 2629 202 2662 Hic
235 2644 314 2666 vero
352 2644 440 2667 novo
480 2635 615 2666 tentatio
650 2635 803 2667 occurrit.
863 2636 1026 2669 Dominus

210 2701 347 2721 HELANTH
372 2703 443 2721 ort-‘n
468 2703 522 2722 VOL
547 2703 625 2723 xxw.

738 184 956 220 POSTILLA
978 183 1374 217 MELANTHONIANA.

565 277 601 309 Si
629 278 702 320 agis
725 279 975 320 poenitentiam,
999 283 1030 310 et
1055 279 1059 304 1
1085 278 1195 310 obiicit
1218 279 1262 309 ei:

1996 189 2058 222 482

1307 277 1380 308 Non
1403 282 1450 310 est
1473 278 1581 308 bonum
1604 290 1717 310 sumere
1737 291 1848 320 panem
1866 281 1998 320 filiorum
2021 294 2058 312 ac

1078 321 1236 360 proiicerc
1255 321 1384 350 catellis.
1422 320 1558 352 Videtur
1576 332 1648 353 eam
1667 333 1740 354 cum
1760 324 1910 356 convicio
1930 330 1963 356 et
1980 335 2058 357 con-

1083 364 1291 395 demnatione
1313 374 1333 395 a
1356 373 1393 394 se
1416 362 1589 405 repellere,
1613 376 1687 397 cum
1710 372 1819 406 vocat,
1845 378 1958 403 canem,
1983 369 2059 409 quia

1084 407 1176 438 canis
1199 412 1250 438 est
1271 406 1471 438 immundum
1502 406 1621 438 animal
1651 409 1887 441 consuetudine
1916 410 2058 442 Iudaica.

1083 448 1254 492 Significat
1283 449 1398 491 igitur,
1423 459 1494 481 eam
1522 460 1543 481 a
1570 449 1644 481 Deo
1668 452 1824 483 reiectum
1854 462 1948 492 esse,
1983 454 2060 495 quia

1082 493 1124 523 sit
1154 493 1297 534 indigna.
1353 491 1445 523 Haec
1474 498 1525 523 est
1554 493 1683 533 pictura
1712 495 1827 525 tertiae
1856 496 2058 535 tentationis,

1083 545 1166 577 quae
1188 535 1285 567 nobis
1307 535 1469 576 obstrepit
1491 536 1524 566 in
1546 536 1766 567 invocatione.

1169 578 1307 620 Semper
1341 576 1485 609 clamitat.
1519 577 1574 609 lex
1606 579 1640 609 in
1674 579 1798 610 nostris
1833 581 2058 620 conscientiis,

1081 620 1189 652 Deum
1212 621 1397 662 respicere,
1428 621 1603 659 exaudire,
1638 620 1769 653 salvare
1797 622 1933 664 dignoS,
1957 630 1990 655 et
2012 625 2058 656 iu·

1082 669 1164 695 stos.
1207 663 1279 695 Nos
1303 673 1382 695 vero
1405 664 1564 702 iniustos,
1597 664 1768 705 indignos,
1801 664 1947 705 pollutos
1971 676 2058 704 esse,

1082 706 1169 738 sicut.
1197 716 1308 738 canes.
1368 705 1459 738 Haec
1489 707 1624 737 tentatio
1655 707 1697 738 de
1727 708 1919 749 indignitate
1943 719 2057 741 excru-

1083 748 1145 780 ciat
1170 750 1312 781 omnium
1330 749 1497 781 hominum
1521 750 1658 781 animas.
1715 749 1951 793 Unusquisque
1982 762 2058 784 con-

1082 792 1204 823 sideret
1227 801 1321 824 suum
1344 803 1413 824 cor.

1168 834 1309 870 Quando
1329 834 1518 866 accedimus
1537 835 1579 866 ad
1594 834 1713 873 Deum,
1726 842 1952 877 expavescunt
1971 847 2059 869 men—

1082 883 1131 908 tes
1155 883 1289 910 nostiae
1311 878 1478 920 agnitione
1501 879 1640 918 peccati,
1665 878 1756 909 iuxta
1779 877 1873 910 illud:
1907 879 2059 913 Quoniam

1081 930 1140 949 nou
1161 924 1206 950 est
1224 931 1297 960 pax·
1318 921 1438 951 ossibus
1456 922 1538 950 meis.
1586 920 1683 959 Item,
1706 921 1875 951 Peccatum
1898 933 1991 952 meum
2010 933 2058 953 co-

1080 974 1146 991 rum
1168 974 1213 993 me
1232 968 1277 994 est
1299 974 1424 1003 semper.
1472 962 1683 1004 Conspectus
1714 965 1842 1005 peccati
1865 974 1928 996 nos
1952 966 2058 997 deter—

1080 1012 1148 1044 ret,
1184 1017 1249 1047 quo
1273 1008 1379 1038 minus
1402 1007 1582 1038 audeamus
1606 1007 1783 1038 accedere:
1817 1013 1873 1038 aut
1891 1008 1919 1039 si
1942 1014 2058 1040 utcun-

1081 1059 1144 1090 que
1168 1050 1376 1088 accedimus,
1400 1055 1509 1080 tamen
1533 1049 1712 1080 sentientes
1737 1056 1929 1091 peccatum,
1953 1051 2058 1083 deter-

1080 1101 1208 1130 remur,
1230 1103 1296 1134 quo
1320 1093 1427 1124 minus
1451 1092 1630 1124 audeamus
1653 1102 1807 1133 sperare,
1840 1099 1970 1134 petere,
2004 1104 2059 1125 ex-

1079 1139 1214 1175 pectare
1243 1133 1415 1173 auxilium,
1450 1145 1646 1177 quacunque
1675 1136 1772 1167 etiam
1800 1136 1842 1167 de
1870 1146 1906 1167 re
1928 1143 2058 1179 agatur,

1080 1177 1151 1209 sive
1174 1178 1214 1209 de
1239 1177 1488 1219 corporalibus,
1511 1178 1581 1209 sive
1605 1177 1646 1208 de
1669 1177 1903 1219 spiritualibus,
1927 1181 2002 1221 quia
2025 1180 2057 1211 in

1080 1221 1168 1251 omni
1204 1221 1432 1259 invocatione,
1475 1221 1572 1252 etiam
1614 1221 1655 1252 de
1694 1222 1793 1253 rebus
1829 1221 2058 1263 corporalibus

1079 1273 1221 1295 necesse
1243 1270 1294 1295 est
1316 1264 1518 1305 praecedere
1542 1263 1775 1306 cogitationem
1799 1266 1839 1296 dc
1864 1265 2058 1298 remissione

1079 1313 1310 1346 peccatorum,
1334 1308 1374 1338 de
1397 1307 1588 1349 receptione
1610 1307 1643 1337 in
1666 1308 1822 1350 gratiam,
1847 1308 1888 1339 de
1910 1309 2058 1341 reconci-

1079 1348 1230 1387 liatione,
1254 1351 1296 1382 de
1318 1349 1561 1382 iustificatione.

1166 1392 1316 1425 Iacemus
1347 1393 1448 1436 igitur
1477 1403 1590 1424 coram
1614 1391 1687 1424 Deo
1710 1394 1878 1434 prostrati.
1924 1393 2057 1426 Afferri-

1080 1445 1154 1466 mus
1176 1436 1220 1466 ad
1244 1446 1318 1468 eum
1342 1442 1476 1467 nostras
1499 1436 1664 1474 miserias,
1687 1446 1879 1475 aerumnas,
1910 1436 2057 1476 dolores,

1081 1478 1166 1509 sicut
1189 1477 1344 1510 Psalmus
1367 1479 1487 1520 inquit:
1510 1479 1561 1508 De
1578 1479 1751 1518 profundis
1774 1479 1913 1509 clamavi.
1960 1479 2055 1512 Item:

1080 1521 1128 1550 LVe
1150 1522 1183 1550 in
1202 1521 1311 1559 sim-ore
1333 1526 1386 1552 tuo
1410 1532 1525 1561 aryuas
1547 1532 1600 1551 me.
1651 1521 1718 1553 Sed
1741 1521 1932 1554 laboramus
1955 1528 1989 1554 et
2010 1521 2057 1554 Iu-

1082 1570 1209 1595 ctamur
1231 1564 1532 1603 vehementissime,
1549 1575 1623 1596 cum
1646 1565 1710 1595 ista
1733 1566 1927 1596 tentatione:
1961 1565 2008 1596 Tu
2026 1576 2057 1595 es

1081 1606 1244 1646 indiynus:
1286 1618 1359 1646 erqo
1391 1618 1453 1637 non
1486 1608 1677 1638 exaudieris.
1734 1608 1878 1638 Memisti
1907 1618 2054 1647 poenam:

1081 1659 1155 1688 eryo
1178 1651 1340 1679 sustineas.
1386 1650 1435 1682 Ita
1457 1660 1591 1689 01111185,
1623 1657 1787 1691 tamquam
1810 1649 1928 1691 polluti
1950 1651 2057 1683 multi·

1080 1690 1228 1733 pliciter,
1262 1693 1463 1734 trepidamus
1487 1703 1598 1725 coram
1622 1692 1707 1724 Deo.
1763 1692 1947 1732 Gemimu53
1977 1695 2056 1735 peti-

1080 1744 1154 1766 mus
1173 1733 1419 1774 liberationem,
1452 1741 1507 1768 aut
1536 1736 1770 1778 mitigationem
1793 1742 1981 1768 nostrarum
2003 1747 2056 1768 ae·

1081 1788 1281 1809 rumnarum.
1328 1778 1396 1809 Sed
1413 1779 1520 1820 arguit
1540 1785 1572 1810 et
1592 1780 1789 1810 condemnat
1808 1789 1870 1809 nos
1887 1780 2056 1811 conscien-

1081 1820 1136 1851 tia.
1182 1820 1222 1852 Et
1245 1827 1378 1862 oportet
1396 1821 1488 1853 fateri
1508 1821 1673 1864 singulos,
1689 1822 1778 1863 quod
1799 1822 1903 1854 simus
1921 1823 2056 1865 indigni,

1081 1863 1167 1895 sicut
1180 1862 1334 1896 Psalmus
1348 1865 1442 1896 dicit:
1468 1864 1642 1904 Confitebor
1654 1864 1801 1894 adversus
1813 1876 1857 1893 mc
1875 1867 2056 1905 iniquitates

1080 1916 1171 1941 meas,
1185 1907 1217 1938 id
1231 1912 1293 1945 est,
1306 1907 1414 1938 fateor
1427 1918 1479 1939 me
1491 1918 1568 1939 esse
1580 1918 1683 1939 reum.
1718 1907 1811 1939 Item:
1843 1907 1910 1937 Tibi
1924 1908 2057 1938 Domine

1080 1950 1219 1985 iustitia,
1242 1950 1332 1980 nobis
1353 1952 1494 1988 confusio
1513 1951 1621 1989 faciei.
1667 1950 1729 1981 Est
1750 1957 1859 1983 autem
1888 1950 1965 1983 huic
1987 1957 2055 1983 ten-

1079 1993 1194 2024 tationi
1217 1994 1415 2034 opponenda
1436 2004 1502 2025 vox
1524 1992 1697 2035 Evangelii
1720 1994 1761 2024 de
1784 1995 1925 2035 gratuita
1943 1994 2055 2026 iustifi-

1080 2035 1226 2072 catione,
1249 2042 1282 2067 et
1304 2037 1344 2067 de
1368 2035 1540 2068 exclusiva
1564 2036 1688 2071 Gratis,
1712 2043 1745 2068 et
1768 2035 1957 2079 colligenda
1978 2044 2055 2069 sunt

1079 2079 1287 2118 testimonia,
1320 2089 1406 2121 quae
1432 2080 1610 2111 ostendunt
1636 2079 1807 2122 indignOS,
1842 2080 1982 2111 iniustos
2005 2090 2055 2111 re-

1079 2121 1152 2162 cipi.
1196 2121 1292 2153 Rom.
1310 2121 1340 2152 3.
1387 2122 1496 2152 Gratis
1523 2123 1724 2162 iustificantur
1742 2122 1822 2162 fide,
1853 2127 1916 2154 etc.
1937 2123 1971 2154 id
1993 2128 2055 2162 est,

1078 2170 1215 2206 propter
1244 2165 1456 2196 mediatorem
1486 2166 1695 2197 remittuntur
1717 2166 1814 2197 nobis
1837 2171 1976 2207 peccata
1999 2176 2054 2197 no·

1078 2214 1162 2248 stra,
1186 2207 1257 2239 sine
1280 2207 1350 2240 ullo
1373 2215 1489 2239 nostro
1514 2208 1640 2240 merito.
1686 2208 1766 2240 Nam
1790 2207 1962 2249 particula,
1983 2219 2053 2247 yra-

1078 2252 1134 2288 tis,
1158 2249 1302 2282 excludit
1324 2258 1440 2282 nostra
1463 2251 1588 2283 merita.
1639 2251 1714 2282 Non
1737 2250 1881 2282 excludit
1903 2253 2053 2283 meritum

1076 2293 1276 2325 mediatoris.

1166 2336 1256 2368 Dens
1295 2335 1398 2368 voluit
1432 2336 1586 2369 satisfieri
1622 2337 1764 2368 1115111138
1797 2346 1887 2368 suae.
1945 2335 2052 2378 Copu-

1077 2377 1144 2410 lata
1178 2385 1229 2410 est
1262 2379 1401 2411 mirabili
1435 2386 1691 2420 temperamento
1726 2379 1846 2410 iustitia
1880 2378 1944 2411 Dei
1978 2389 2051 2411 cum

1077 2423 1303 2454 misericordia
1325 2423 1357 2453 in
1380 2421 1575 2454 liberatione
1598 2421 1753 2461 hominis,
1773 2428 1803 2453 et
1827 2422 1972 2453 vicissim
1996 2423 2051 2453 mi·

1077 2465 1259 2497 sericordia
1293 2476 1366 2497 cum
1395 2466 1525 2497 iustitia.
1588 2464 1681 2496 Deus
1715 2465 1888 2497 miseretur
1919 2466 2051 2507 generis

1076 2507 1208 2539 hnmani
1232 2514 1308 2549 post
1326 2507 1471 2549 lapsum,
1495 2515 1523 2539 et
1550 2514 1670 2545 tamen,
1693 2508 1768 2549 quia
1791 2508 1896 2539 iustus
1921 2515 1982 2545 cst,
2002 2519 2050 2539 re—

1078 2551 1173 2592 quirit
1196 2549 1451 2592 persolutionem
1474 2550 1587 2590 λύτρου,
1612 2550 1747 2591 requirit
1769 2556 1880 2594 autem
1900 2552 1931 2582 in
1954 2549 2047 2582 Filio.

1077 2593 1169 2625 Illius
1193 2594 1328 2625 mirandi
1352 2592 1479 2625 consilii
1504 2603 1623 2624 causas
1646 2594 1810 2625 discemus
1833 2593 1864 2625 in
1889 2594 1974 2625 omni
1999 2605 2049 2625 ne-

1077 2637 1240 2669 ternitate.
1277 2637 1372 2668 Nunc
1390 2638 1420 2667 in
1441 2636 1504 2667 hac
1518 2635 1669 2677 caligine,
1687 2647 1885 2678 quamquam
1903 2646 2050 2678 compre-

1812 2698 1842 2721 31
