2324 2958
206 219 273 252 279

207 312 374 345 fusiouum
396 312 429 343 in
452 309 652 342 libidinibus.
696 307 748 341 De
770 309 886 350 poenis
914 308 1056 340 aeternis
1078 307 1182 348 inquit

207 354 412 397 Apostolus:
431 355 534 387 Nolite
556 363 680 391 errare,
698 357 893 385 scortatores
914 356 947 383 et
962 352 1007 382 at!
1017 353 1103 382 tltert'
1118 359 1181 381 non

204 399 415 439 possidebunt
434 406 567 436 reymmt
591 397 659 427 Dei.
693 394 745 426 De
767 395 907 426 caeteris
930 394 1046 435 poenis
1069 398 1181 423 notum

207 448 259 472 est
281 439 363 472 illud
384 441 417 471 in
440 437 590 481 Epistola
612 439 655 469 ad
678 437 763 469 Heb.
808 439 1008 469 scortatores
1035 440 1067 466 e!
1092 435 1181 466 adul-

206 488 294 516 teros
312 486 428 523 puniet
442 484 539 523 Deus,
562 481 651 524 quod
669 479 871 523 intelligatur
893 478 947 510 vel
965 478 1105 509 mediate
1127 475 1181 508 xel

206 526 401 558 immediate.

291 568 370 600 Erat
406 568 460 599 hic
493 567 624 609 quidam
658 566 876 601 Phanatieus,
911 563 965 604 qui
1000 562 1182 603 scripserat

207 621 359 654 magnum
382 609 513 647 librum,
537 619 633 651 quem
656 608 787 639 volebat
811 607 966 637 exhibere
984 604 1181 636 DuciSaxo-

205 655 292 686 niae.
326 653 477 685 Habebat
500 663 593 683 suam
616 652 777 693 quandam
792 649 990 680 Phantasian
1014 648 1056 679 de
1078 647 1181 679 resor-

205 697 350 729 matione
372 695 554 728 Ecclesiae.
600 695 630 725 ls
652 695 804 726 utebatur
826 692 890 723 hoe
911 696 1120 733 argumento:

334 757 536 789 Scortatores
554 755 705 786 iudicabit
726 755 820 784 Heus.

335 801 420 839 Eryo
443 809 505 829 non
527 799 626 829 homo.

291 867 366 910 Ego
388 868 537 908 inspecto
560 865 644 896 libro
675 863 791 894 retinui
823 871 898 894 eum
931 862 1017 903 apud
1045 872 1114 899 me,
1150 866 1182 892 et

207 912 363 948 dissuasi,
386 920 427 941 ne
450 907 642 950 publicaret,
666 907 696 937 in
719 916 785 947 quo
810 903 865 936 ille
887 915 939 936 me
950 905 1088 942 audivit,
1108 913 1181 934 cum

206 955 435 985 instruxissent
459 962 532 982 eum
556 951 686 981 datico.
742 948 802 979 Est
830 954 939 980 autem
966 949 1075 989 inepta
1104 956 1182 977 con-

207 996 378 1039 sequentia
418 993 505 1025 illius
540 991 742 1035 argumenti,
787 991 863 1033 quia
898 991 929 1022 in
963 990 1181 1022 antecedente

207 1038 494 1080 comprehenditur
516 1035 745 1078 MagistratuS‚
769 1034 855 1065 sicut
878 1039 910 1065 et
939 1033 972 1064 in
995 1031 1052 1065 illo
1076 1033 1181 1064 dieto:

206 1084 285 1116 Milu'
307 1082 474 1113 rindt'ctam
497 1084 528 1110 el
556 1088 612 1118 eqo
635 1079 826 1117 retribuam,
860 1075 933 1109 scil.
961 1075 1015 1108 vel
1043 1076 1183 1106 mediate

207 1124 259 1156 vel
283 1124 477 1156 immediate.
523 1121 676 1153 Potestas
699 1120 864 1152 ordinaria
894 1125 946 1151 est
968 1129 1084 1150 manus
1108 1118 1182 1156 Dei,
1206 1129 1209 1159 ;

207 1168 266 1199 sed
285 1166 417 1210 quando
446 1170 593 1207 potestas
619 1170 671 1196 est
692 1161 868 1206 negligens
902 1163 934 1194 in
963 1160 1074 1194 officio
1108 1171 1183 1200 suo,
1207 1164 1210 1182 ¹

206 1211 300 1243 Deus
323 1210 424 1250 punit.

292 1253 429 1292 Semper
451 1251 482 1281 in
506 1250 628 1281 mundo
651 1249 811 1280 maximae
836 1257 963 1290 poenae
985 1252 1184 1289 grassantur
1208 1265 1210 1282 ,

206 1302 338 1339 propter
365 1293 528 1325 libidines.
595 1293 813 1324 nominantur
848 1292 910 1323 hae
943 1291 1066 1321 diserte
1099 1286 1209 1321 inter*

208 1349 329 1372 causas
352 1336 474 1369 diluvii.
527 1336 651 1368 Postea
680 1336 821 1368 Sodoma
850 1341 881 1367 et
912 1332 1099 1365 Gomorrha
1128 1343 1184 1374 pe·
1208 1325 1210 1337 ¹

207 1388 301 1414 reunt
325 1387 460 1422 propter
482 1379 645 1411 libidines.
692 1379 738 1410 lta
760 1378 895 1410 Thebae
917 1384 949 1408 et
971 1377 1081 1415 Troia,
1104 1376 1183 1407 ltem
1208 1400 1211 1414 ,

206 1425 346 1457 maxima
367 1434 447 1465 pars
471 1424 576 1454 tribus
596 1422 764 1453 Beniamin
787 1427 923 1463 propter
945 1420 1083 1452 eandem
1107 1429 1184 1451 cau·
1208 1416 1211 1458 i

208 1478 279 1499 sata
302 1477 385 1507 pene
409 1465 555 1498 funditus
579 1464 719 1496 deletur.

293 1509 401 1541 David
424 1508 540 1550 lapsus
563 1507 724 1540 adulterio
737 1512 892 1549 quantam
914 1505 1041 1536 ruinam
1064 1505 1097 1535 in
1120 1504 1184 1536 isto
1208 1470 1211 1542 i

207 1552 331 1596 populo
355 1553 478 1584 traxit?
527 1551 657 1586 Quanta
681 1549 765 1581 mala
798 1551 830 1580 in
854 1547 978 1580 familia
1007 1548 1111 1588 ipsius
1133 1556 1185 1578 se-
1208 1555 1211 1592 1

209 1603 284 1628 cuta
307 1596 405 1627 sunt?
460 1595 628 1636 Coniuges
657 1593 727 1624 eius
751 1598 943 1634 stuprantur
964 1602 984 1622 a
1008 1589 1094 1629 tilio,
1128 1588 1185 1621 filii
1209 1594 1212 1638 j

207 1640 328 1671 mutuis
353 1639 510 1670 caedibus
535 1638 664 1669 cadunt.
713 1636 752 1667 Et
778 1641 873 1666 antea
890 1634 1032 1665 Ammon
1055 1639 1184 1674 stupra-

208 1688 301 1714 verat
337 1691 486 1712 sororem
515 1680 674 1717 Thamar,
709 1679 785 1719 quia
816 1684 956 1718 peccata
991 1677 1022 1708 in
1060 1676 1186 1707 semine

208 1725 384 1767 puniuntur
407 1725 439 1755 in
463 1724 597 1754 semine.
634 1722 701 1753 Etsi
723 1722 829 1752 David
852 1721 919 1763 egit
942 1720 1186 1762 poenitentiam,
1210 1735 1212 1739 ·

209 1775 316 1800 tamen
341 1777 405 1797 non
429 1767 498 1798 tulit
522 1767 652 1807 impune
675 1764 869 1796 adulterium
893 1764 1113 1795 commissum.

295 1809 389 1841 Multi
413 1808 480 1847 alii,
500 1810 552 1851 qui
578 1819 642 1839 non
662 1814 910 1845 convertuntur,
933 1812 1031 1837 ruunt
1054 1806 1188 1846 insuper
1212 1818 1214 1844 1

209 1854 240 1885 in
264 1859 419 1884 aeternas
443 1863 586 1894 poenas,
619 1862 638 1882 a
662 1852 780 1893 quibus
811 1851 873 1882 etsi
901 1846 1102 1886 liberantur,
1133 1848 1188 1889 qui

209 1902 447 1928 convertuntur
471 1895 512 1926 ad
536 1893 661 1932 Deum,
691 1900 798 1925 tamen
829 1893 974 1924 sentiunt
1001 1900 1128 1932 poenas
1156 1891 1188 1923 in

208 1939 273 1971 hae
294 1939 372 1970 vita.

296 1981 490 2023 Cogitemus
513 1978 662 2021 exempla
686 1980 716 2010 in
742 1977 871 2009 fliminis
892 1987 1084 2019 magnorum
1099 1976 1189 2007 Prin-

211 2027 320 2067 cipum
355 2031 470 2055 nostra
494 2030 614 2060 aetate,
650 2023 723 2063 qnia
748 2021 823 2052 talia
848 2027 924 2051 sunt
949 2020 1189 2062 conspectiora,

210 2069 407 2109 Quanquam
442 2067 539 2097 eumn
574 2067 604 2096 in
640 2066 775 2106 privatis
811 2062 940 2095 stimiliis
974 2063 1117 2105 quotidie
1151 2073 1189 2093 se

211 2109 363 2151 exempla
386 2111 538 2141 offerunt.
574 2108 725 2139 l'olluunt
741 2118 778 2138 se
790 2113 954 2148 potentes,
1002 2107 1053 2137 uia
1077 2111 1189 2147 putant

211 2155 274 2185 sibi
298 2153 363 2183 hoc
387 2151 499 2190 licere,
535 2152 594 2181 sed
619 2151 672 2182 vel
697 2151 770 2192 ipsi,
804 2149 856 2181 vel
880 2117 1090 2180 liheriqluunt
1112 2158 1189 2189 poe·

210 2207 272 2228 nas
295 2196 475 2227 libidinum.
532 2194 603 2236 Ego
637 2195 708 2235 ipse
741 2191 913 2224 multorum
947 2190 1097 2233 exempla
1124 2201 1188 2222 me-

210 2240 299 2278 mini,
322 2240 376 2281 qui
401 2238 582 2269 miserrime
606 2238 772 2279 perierunt
796 2243 931 2277 propter
954 2234 1117 2266 libidines.

299 2283 369 2314 Fuit
394 2280 543 2312 Mart-hio
566 2281 743 2317 lindensis,
767 2279 820 2321 qui
846 2279 954 2309 sactus
978 2285 1026 2309 est
1053 2277 1188 2318 Episco-

211 2336 274 2368 pus
293 2325 529 2362 Tres-irensis,
563 2325 594 2355 in
625 2334 691 2364 quo
721 2323 830 2354 adhue
860 2321 976 2352 iuvene
1006 2327 1095 2352 tantu
1119 2325 1189 2351 erat

214 2370 263 2401 vis
287 2369 419 2409 ingenii,
443 2374 475 2398 ut
499 2367 531 2398 in
557 2373 720 2398 tomo-utu
746 2364 949 2397 Coloniensi.
975 2364 1072 2395 Anno
1102 2363 1188 2394 1505.

213 2412 421 2453 responderit
451 2411 580 2441 nomine
604 2409 748 2451 imperii,
782 2407 812 2439 le
839 2408 901 2438 ntis
932 2407 1102 2438 l'ontilivis
1128 2406 1188 2437 La·

212 2456 290 2492 tine,
313 2454 433 2496 legatis
457 2453 657 2484 Venetorum
682 2420 1095 2492 ltali‹ae‚iiegt=tis(mincis
1113 2448 1188 2480 Gat-

212 2496 289 2536 lice,
313 2497 453 2528 statibus
478 2496 687 2528 Germanicis
711 2495 918 2526 Germanice.
975 2493 1044 2524 Fuit
1069 2493 1189 2524 doctus

214 2542 245 2573 in
270 2541 350 2578 iure,
368 2540 547 2571 industrius
567 2539 598 2570 in
622 2539 760 2576 musica,
784 2543 814 2569 et
834 2537 866 2568 in
891 2546 926 2567 re
949 2535 1088 2567 militari.
1124 2535 1189 2567 De-

215 2585 283 2615 buit
307 2582 431 2614 hahere
464 2583 654 2624 coniugem,
688 2591 774 2623 quae
807 2579 866 2612 suit
899 2586 1002 2611 mater
1026 2579 1189 2610 Durissae

216 2626 391 2664 Bavariae,
418 2626 477 2656 sed
503 2624 744 2656 maximilianus
770 2623 792 2655 Ι.
849 2623 1028 2664 imperator
1080 2628 1190 2663 νομιεῖ

216 2668 423 2701 exellentiam
447 2668 566 2710 ingenii
586 2669 708 2709 ipsius,
742 2665 844 2700 voluit
865 2675 939 2698 eum
961 2675 1036 2697 esse

842 213 951 246 PfflL.
976 212 1079 245 MEL.
1102 211 1289 246 SCRIPTA
1310 209 1572 243 EXEGETICA.

1208 1204 1210 1248 i
1235 1222 1363 1250 mures,
1399 1218 1534 1252 pl'OPlei'

1089 2663 1190 2697 lecto-
1214 2690 1218 2700 ,
1244 2663 1316 2695 Dei.

1231 313 1312 342 rem,
1335 313 1408 334 cum
1420 304 1554 342 diceret,
1576 314 1661 346 opus
1684 314 1761 336 esse
1773 304 1913 346 imperio
1936 305 2096 338 eiusmodi
2113 305 2207 338 Prin-

1232 347 1317 388 cipe,
1349 347 1434 378 inter
1457 345 1630 379 Electores
1663 347 1870 388 spirituales,
1903 349 1958 389 qui
1993 347 2207 381 antecelleret

1232 390 1317 421 aliis.
1385 389 1465 422 ’Diem
1484 390 1569 427 uiuite
1593 391 1673 423 einen
1697 390 1798 425 tulmen
1833 392 1940 428 buben,
1974 393 2023 423 bet
2057 393 2102 424 ein
2124 391 2207 425 &Rau

1231 441 1290 465 met
1325 431 1371 471 itit
1399 434 1515 464 onbcrn.
1583 432 1657 464 Puit
1696 439 1806 464 autem
1845 431 1902 464 ille
1941 434 2206 466 incontinentior.

1231 474 1379 507 Tandem
1401 473 1594 506 interfectus
1621 482 1672 506 est
1701 485 1721 506 a
1744 482 1859 507 sutore
1885 475 1917 505 in
1938 475 2141 516 Cobolentz,
2172 477 2207 510 id

1231 524 1296 554 est,
1315 518 1357 549 ad
1380 518 1598 549 confluentem
1621 517 1784 549 Mosellae
1807 525 1838 549 et
1859 517 1974 550 Rheni.

1318 560 1402 592 Cum
1425 571 1533 592 essem
1549 560 1801 602 Heidelberg-ae,
1826 560 2043 604 Dalburgius,
2066 561 2209 594 Cancel-

1231 602 1333 635 larius
1366 604 1522 644 principis
1550 603 1678 635 Alherti
1708 602 1866 641 Palatini,
1900 605 1949 634 vir
1982 605 2209 647 ingeniosissi-

1232 657 1318 684 mus,
1341 647 1460 678 doctus
1484 646 1609 684 Latine,
1634 646 1763 677 Graece
1787 653 1817 677 et
1843 646 2018 686 nebi-aue,
2054 655 2208 680 versatus

1232 690 1265 720 in
1289 690 1372 727 iure,
1397 689 1622 726 mathematis,
1654 696 1687 720 et
1721 690 1807 721 omni
1838 689 2061 722 doctrinarum
2083 700 2208 733 genere

1232 730 1396 769 excultus,
1420 732 1599 773 ingressus>
1615 733 1648 762 in
1672 732 1802 763 domum
1822 735 2003 765 meretricis
2034 734 2146 766 incidit
2175 734 2209 767 iu

1232 773 1352 806 cellam
1376 774 1545 812 vinariam,
1569 780 1601 805 et
1623 775 1741 806 misere
1764 776 1869 816 periit.
1915 775 2050 807 Factum
2075 775 2138 809 hoc
2156 783 2209 809 est

1232 817 1329 848 Anno
1356 816 1450 847 1513.
1494 816 1614 848 Fuerat
1638 817 1691 848 hic
1716 818 1920 859 Dalhurgius
1949 817 2120 850 familiaris
2144 819 2209 853 Ru-

1233 859 1356 901 dolpho
1369 857 1550 901 Agricolae
1573 860 1605 890 in
1628 859 1730 899 ltalia,
1754 871 1848 902 quem
1873 870 1986 892 secum
2009 869 2128 903 postea
2150 862 2210 895 ali·

1233 910 1313 945 quot.
1346 904 1441 933 annis
1465 901 1708 944 Heitlelbergae
1741 903 1864 935 habuit.
1922 904 2001 935 Erat
2025 911 2115 936 tanta
2138 906 2210 937 eius

1233 946 1393 978 industria
1417 952 1449 976 et
1472 946 1622 983 eruditit),
1649 953 1681 975 ut
1696 947 1846 978 omnibus
1864 946 2094 986 anteferretur,
2117 953 2211 990 quot·

1233 996 1313 1031 quot
1336 996 1414 1019 tunc
1438 995 1528 1018 erant
1554 989 1584 1019 in
1608 986 1696 1019 aula.

1319 1040 1406 1070 Novi
1440 1039 1537 1070 etiam
1571 1040 1724 1070 comitem
1756 1039 1854 1071 valde
1887 1042 2066 1080 eruditum,
2101 1040 2212 1074 excel·

1233 1082 1353 1115 lentem
1376 1083 1507 1123 iugenio
1531 1089 1563 1113 et
1586 1081 1744 1119 con-silio,
1776 1082 1980 1115 Ludos-icum
2009 1085 2051 1115 de
2074 1085 2213 1117 Lewen·

1234 1127 1337 1163 stein,
1371 1127 1424 1166 qui
1461 1130 1576 1166 gratus
1610 1132 1680 1155 erat
1714 1124 1904 1166 Imperatori
1940 1125 2164 1159 Maximiliano
2187 1127 2213 1161 Ι.

1235 1176 1266 1200 et
1289 1167 1399 1200 multis
1422 1167 1496 1198 aliis
1523 1169 1739 1208 trincipibus.
1796 1168 1826 1199 ls
1862 1180 1935 1200 cum
1964 1169 2050 1201 male
2081 1175 2215 1213 regeret

1573 1211 1841 1242 incontinentiam
1881 1211 2074 1244 interfectus
2112 1220 2163 1245 est
2193 1223 2215 1245 a

1235 1255 1378 1296 quodam
1401 1265 1462 1284 suo
1486 1253 1658 1285 scriniario
1682 1264 1736 1286 ron
1762 1255 1860 1286 t'c'tttent
1884 1256 2008 1294 mittier,
2038 1266 2134 1297 quem
2156 1256 2215 1288 ab·

1235 1297 1404 1340 legaverat
1427 1296 1492 1327 alio
1516 1297 1557 1327 ad
1581 1295 1693 1327 literas
1715 1295 1810 1327 alteri
1835 1298 1962 1328 cuidam
1986 1299 2214 1339 perferendas.

1237 1341 1303 1372 Sed
1327 1340 1519 1371 scriniarius
1541 1340 1717 1379 suspicans
1740 1339 1862 1381 aliquid
1894 1339 1986 1379 mali,
2020 1351 2092 1372 cum
2116 1343 2217 1374 simu-

1236 1383 1341 1415 lasset
1363 1383 1503 1420 abitum,
1532 1383 1655 1413 abdidit
1682 1392 1721 1413 se
1743 1383 1774 1412 in
1794 1383 1912 1420 donno,
1941 1389 1973 1414 et
2001 1394 2073 1415 rum
2093 1384 2216 1416 Comes

1235 1426 1358 1458 lectum
1373 1426 1484 1456 uxoris
1505 1432 1642 1466 peteret,
1665 1435 1738 1456 eum
1752 1425 1925 1456 interfecit.
1958 1425 2049 1458 'l‘alia
2063 1426 2218 1468 exempla

1235 1468 1337 1501 multa
1361 1478 1495 1509 possem
1524 1477 1799 1504 commemorare,
1832 1478 1919 1509 quae
1953 1475 2067 1499 nostra
2094 1479 2218 1501 memo·

1237 1513 1285 1543 ria
1309 1512 1399 1543 sacta
1421 1518 1514 1549 sunt,
1549 1520 1589 1541 ex
1622 1511 1741 1551 quibus
1770 1510 1879 1542 adhuc
1900 1521 1998 1542 unum
2021 1521 2218 1544 commemo-

1237 1555 1331 1587 rabo.

1323 1613 1404 1645 Erat
1429 1612 1543 1644 Ulmae
1567 1613 1664 1643 homo
1686 1613 1869 1652 honestus,
1903 1614 1962 1645 sed
1992 1614 2136 1646 inferiori
2161 1624 2219 1656 ge·

1237 1667 1318 1689 nere
1346 1664 1463 1695 natus,
1497 1657 1550 1698 qui
1585 1657 1725 1687 habebat
1761 1667 1896 1687 uxorem
1930 1655 2015 1688 male
2048 1663 2220 1697 moratam,

1238 1701 1298 1733 sed
1321 1706 1430 1731 natam
1456 1711 1494 1731 ex
1520 1700 1694 1740 potentiori
1724 1705 1755 1730 et
1786 1699 1938 1731 nobiliori
1973 1699 2105 1732 [munilia.
2159 1700 2219 1733 nte

1210 1749 1213 1791 ξ
1238 1753 1341 1794 saepe
1365 1751 1570 1784 conquestus
1593 1749 1643 1773 est
1663 1743 1748 1783 apud
1772 1744 1978 1784 propinquos
2007 1744 2048 1774 de
2070 1744 2219 1775 moribus

1212 1797 1214 1811 i
1238 1797 1363 1819 uxum&

1409 1786 1476 1817 set!
1500 1796 1573 1816 cum
1598 1786 1722 1816 videret
1741 1796 1820 1816 suas
1844 1785 1996 1827 querelas
2026 1797 2091 1817 non
2114 1786 2220 1818 audiri

1240 1839 1348 1871 aequo
1372 1830 1496 1865 animo,
1532 1828 1708 1869 aliquando
1733 1839 1827 1859 mane
1851 1830 1949 1859 domo
1973 1838 2132 1871 egressus
2155 1835 2220 1868 est,

1241 1879 1396 1914 tanquam
1444 1872 1592 1902 abiturus
1637 1871 1887 1903 Promotou-uun
1939 1873 1981 1902 ad
2029 1879 2218 1904 mercatum.

1241 1915 1346 1946 Rediit
1371 1920 1480 1946 autem
1504 1913 1601 1954 paulo
1626 1921 1712 1955 post,
1738 1914 1821 1945 t-latn
1847 1914 1961 1945 relicto
1980 1925 2064 1956 equo
2088 1916 2120 1946 in
2144 1925 2219 1957 pro-

1241 1959 1328 1989 ximo
1361 1956 1472 1998 aliquo
1509 1968 1606 1997 pago.
1670 1959 1751 1988 t'um
1784 1968 1822 1988 se
1856 1957 2085 1996 occultasset,
2130 1959 2220 1990 venit

1242 2001 1371 2042 vesperi
1395 2001 1570 2037 Moechus,
1598 2011 1694 2042 thm
1719 2002 1909 2042 suspicatus
1935 2000 1989 2031 ille
2011 2000 2116 2032 sucrut
2138 2000 2220 2034 affu-

1242 2052 1350 2076 turum
1374 2053 1461 2074 esse.
1508 2043 1703 2074 (novitium
1734 2045 1926 2084 pt-mlnrtum
1956 2050 2006 2074 est
2033 2045 2064 2074 in
2083 2042 2220 2076 multam

1242 2094 1382 2123 noctem,
1406 2087 1535 2116 tandem
1562 2086 1722 2117 ›tuot-ltus
1746 2086 1883 2117 contulit
1914 2098 1951 2116 se
1975 2087 2006 2118 in
2031 2084 2220 2119 cubiculum

1241 2131 1364 2162 uxoris.
1410 2128 1468 2159 llle
1493 2129 1652 2159 hut-tenus
1677 2131 1738 2160 sub
1764 2131 1865 2160 scalis
1889 2129 2033 2167 latitans,
2052 2140 2127 2160 eum
2150 2135 2220 2161 tota

1242 2172 1360 2205 familia
1384 2173 1526 2203 cubitum
1551 2174 1683 2207 ixisset,
1713 2174 1879 2204 ascendit.
1910 2173 2010 2203 induit
2038 2171 2220 2211 thoracem,

1241 2217 1359 2258 reperit
1385 2214 1571 2247 cubiculum
1597 2215 1755 2246 clausum.
1803 2215 1918 2246 Mulier
1942 2216 2079 2246 audiens
2102 2215 2220 2257 strepl-

1242 2266 1309 2291 tum
1328 2260 1444 2298 sut-git.
1468 2261 1568 2298 apt-rit
1591 2260 1731 2294 ianuam,
1767 2258 1852 2289 hund
1878 2259 1976 2289 «tut-io
2007 2257 2074 2289 suto
2094 2258 2218 2290 divino.

1242 2303 1523 2342 Circutnspetttat.
1554 2303 1626 2342 quis
1651 2303 1747 2332 adsit.
1807 2301 1862 2332 lllo
1893 2313 1972 2332 vero
2003 2300 2220 2342 apprehendit

1241 2356 1361 2382 serunt,
1381 2346 1467 2375 irrutt
1495 2346 1524 2375 iu
1545 2344 1744 2379 cubiculum.
1768 2353 1795 2375 et
1824 2345 1972 2375 itum-tivit
1990 2342 2164 2376 Moechum
2186 2349 2220 2376 et

1241 2389 1426 2429 coniugem.
1473 2388 1633 2429 qutwnti
1665 2389 1716 2419 dio
1745 2388 1831 2418 veuit
1870 2389 1900 2418 in
1920 2394 2087 2425 sonatum,
2118 2395 2219 2428 expo·

1241 2433 1285 2463 nit
1322 2432 1509 2471 tio-gotium.
1545 2438 1574 2461 ot
1610 2430 1795 2462 absolvitur
1825 2441 1843 2460 a
1879 2431 2014 2461 crimine
2039 2429 2216 2471 parricidii.

1241 2475 1313 2506 Non
1338 2475 1438 2515 potuit
1461 2476 1544 2505 enini
1565 2474 1680 2515 puniri,
1703 2475 1777 2515 quin
1793 2472 1920 2515 tegit-us
1940 2473 2002 2504 hoc
2015 2473 2219 2504 conceditur.

1329 2533 1448 2565 Vota-ro
1472 2533 1622 2576 owinpln
1646 2544 1732 2565 nuuc
1755 2534 1878 2565 omitto.
1924 2531 2052 2575 Singuli
2071 2533 2219 2575 cogitent

1242 2577 1390 2619 exempla
1415 2576 1543 2613 similia,
1568 2587 1652 2619 quoe
1676 2578 1757 2618 ipsis
1781 2583 1857 2608 uota
1881 2582 1975 2614 sunt,
2003 2581 2035 2607 et
2066 2575 2219 2607 consido-

1243 2626 1314 2651 rent
1338 2622 1367 2651 iu
1394 2621 1443 2652 his
1474 2622 1626 2652 iudicium
1656 2620 1816 2657 divinum,
1845 2627 1878 2652 et
1912 2619 2040 2651 «ltscnnt
2070 2618 2218 2650 umore-

1380 2663 1640 2701 universaliter,
1668 2663 1896 2694 atrocissimae
1928 2671 2056 2703 poenae
2088 2667 2166 2693 nunt
2183 2661 2218 2692 ln

2308 1617 2324 2326 '‘sannaus—*ursamt
2310 1597 2315 1606 '
