<?xml version="1.0" encoding="UTF-8"?>
<!DOCTYPE html PUBLIC "-//W3C//DTD XHTML 1.0 Transitional//EN"
    "http://www.w3.org/TR/xhtml1/DTD/xhtml1-transitional.dtd">
<html xmlns="http://www.w3.org/1999/xhtml" xml:lang="en" lang="en">
 <head>
  <title>
</title>
<meta http-equiv="Content-Type" content="text/html;charset=utf-8" />
  <meta name='ocr-system' content='tesseract 3.04.00' />
  <meta name='ocr-capabilities' content='ocr_page ocr_carea ocr_par ocr_line ocrx_word'/>
</head>
<body>
  <div class='ocr_page' id='page_1' title='image "./operaquaesupersu24melauoft/operaquaesupersu24melauoft_0139.png"; bbox 0 0 2324 2958; ppageno 0'>
   <div class='ocr_carea' id='block_1_1' title="bbox 58 169 122 200">
    <p class='ocr_par' dir='ltr' id='par_1_1' title="bbox 58 169 122 200">
     <span class='ocr_line' id='line_1_1' title="bbox 58 169 122 200; baseline 0 0"><span class='ocrx_word' id='word_1_1' title='bbox 58 169 122 200; x_wconf 73' lang='lat'>225</span> 
     </span>
    </p>
   </div>
   <div class='ocr_carea' id='block_1_2' title="bbox 61 273 522 337">
    <p class='ocr_par' dir='ltr' id='par_1_2' title="bbox 61 273 522 337">
     <span class='ocr_line' id='line_1_2' title="bbox 61 273 522 337; baseline -0.017 1"><span class='ocrx_word' id='word_1_2' title='bbox 61 273 127 337; x_wconf 56' lang='lat'>233</span> <span class='ocrx_word' id='word_1_3' title='bbox 144 303 186 336; x_wconf 82' lang='lat' dir='ltr'>ad</span> <span class='ocrx_word' id='word_1_4' title='bbox 202 301 318 334; x_wconf 83' lang='lat' dir='ltr'>tribum</span> <span class='ocrx_word' id='word_1_5' title='bbox 341 299 522 331; x_wconf 79' lang='lat' dir='ltr'>Beniamin.</span> 
     </span>
    </p>
   </div>
   <div class='ocr_carea' id='block_1_3' title="bbox 742 158 1377 193">
    <p class='ocr_par' dir='ltr' id='par_1_3' title="bbox 742 158 1377 193">
     <span class='ocr_line' id='line_1_3' title="bbox 742 158 1377 193; baseline -0.006 0"><span class='ocrx_word' id='word_1_6' title='bbox 742 160 962 193; x_wconf 72' lang='lat' dir='ltr'>POSTLLLA</span> <span class='ocrx_word' id='word_1_7' title='bbox 979 158 1377 192; x_wconf 75' lang='lat' dir='ltr'>MELANTHONJANA.</span> 
     </span>
    </p>
   </div>
   <div class='ocr_carea' id='block_1_4' title="bbox 1995 159 2059 191">
    <p class='ocr_par' dir='ltr' id='par_1_4' title="bbox 1995 159 2059 191">
     <span class='ocr_line' id='line_1_4' title="bbox 1995 159 2059 191; baseline 0.016 -1"><span class='ocrx_word' id='word_1_8' title='bbox 1995 159 2059 191; x_wconf 80' lang='lat'>226</span> 
     </span>
    </p>
   </div>
   <div class='ocr_carea' id='block_1_5' title="bbox 160 251 2059 303">
    <p class='ocr_par' dir='ltr' id='par_1_5' title="bbox 160 251 2059 303">
     <span class='ocr_line' id='line_1_5' title="bbox 160 251 2059 303; baseline -0.004 -12"><span class='ocrx_word' id='word_1_9' title='bbox 160 259 340 303; x_wconf 80' lang='lat' dir='ltr'>pertinebat</span> <span class='ocrx_word' id='word_1_10' title='bbox 374 257 416 288; x_wconf 81' lang='lat' dir='ltr'>ad</span> <span class='ocrx_word' id='word_1_11' title='bbox 450 257 570 289; x_wconf 80' lang='lat' dir='ltr'><strong>tribum</strong></span> <span class='ocrx_word' id='word_1_12' title='bbox 603 257 681 288; x_wconf 83' lang='lat' dir='ltr'>luda</span> <span class='ocrx_word' id='word_1_13' title='bbox 710 257 796 288; x_wconf 86' lang='lat' dir='ltr'>sicut</span> <span class='ocrx_word' id='word_1_14' title='bbox 824 253 1031 292; x_wconf 84' lang='lat' dir='ltr'>Bethlehem,</span> <span class='ocrx_word' id='word_1_15' title='bbox 1083 253 1234 291; x_wconf 90' lang='lat' dir='ltr'>nomine,</span> <span class='ocrx_word' id='word_1_16' title='bbox 1256 258 1366 283; x_wconf 89' lang='lat' dir='ltr'>tamen</span> <span class='ocrx_word' id='word_1_17' title='bbox 1388 251 1535 294; x_wconf 82' lang='lat' dir='ltr'>regimen</span> <span class='ocrx_word' id='word_1_18' title='bbox 1558 258 1609 283; x_wconf 89' lang='lat' dir='ltr'>est</span> <span class='ocrx_word' id='word_1_19' title='bbox 1632 263 1735 294; x_wconf 87' lang='lat' dir='ltr'>penes</span> <span class='ocrx_word' id='word_1_20' title='bbox 1757 258 1927 291; x_wconf 86' lang='lat' dir='ltr'>senatum,</span> <span class='ocrx_word' id='word_1_21' title='bbox 1952 259 1986 284; x_wconf 89' lang='lat' dir='ltr'>et.</span> <span class='ocrx_word' id='word_1_22' title='bbox 2008 262 2059 284; x_wconf 85' lang='lat' dir='ltr'>re-</span> 
     </span>
    </p>
   </div>
   <div class='ocr_carea' id='block_1_6' title="bbox 1083 294 2058 330">
    <p class='ocr_par' dir='ltr' id='par_1_6' title="bbox 1083 294 2058 330">
     <span class='ocr_line' id='line_1_6' title="bbox 1083 294 2058 330; baseline -0.002 -2"><span class='ocrx_word' id='word_1_23' title='bbox 1083 301 1241 330; x_wconf 77' lang='lat' dir='ltr'>veraest</span> <span class='ocrx_word' id='word_1_24' title='bbox 1269 294 1502 325; x_wconf 84' lang='lat' dir='ltr'>Aristocratia:</span> <span class='ocrx_word' id='word_1_25' title='bbox 1548 294 1631 325; x_wconf 89' lang='lat' dir='ltr'>Nam</span> <span class='ocrx_word' id='word_1_26' title='bbox 1654 295 1858 326; x_wconf 75' lang='lat' dir='ltr'>Venetorum</span> <span class='ocrx_word' id='word_1_27' title='bbox 1882 295 1958 326; x_wconf 85' lang='lat' dir='ltr'>Dux</span> <span class='ocrx_word' id='word_1_28' title='bbox 1993 305 2058 326; x_wconf 91' lang='lat' dir='ltr'>non</span> 
     </span>
    </p>
   </div>
   <div class='ocr_carea' id='block_1_7' title="bbox 147 337 2060 388">
    <p class='ocr_par' dir='ltr' id='par_1_7' title="bbox 147 337 2060 388">
     <span class='ocr_line' id='line_1_7' title="bbox 147 337 2060 388; baseline -0.003 -13"><span class='ocrx_word' id='word_1_29' title='bbox 147 345 337 387; x_wconf 82' lang='lat' dir='ltr'>Cogitemus</span> <span class='ocrx_word' id='word_1_30' title='bbox 360 343 468 380; x_wconf 88' lang='lat' dir='ltr'>etiam,</span> <span class='ocrx_word' id='word_1_31' title='bbox 487 341 549 373; x_wconf 90' lang='lat' dir='ltr'>hos</span> <span class='ocrx_word' id='word_1_32' title='bbox 572 347 720 378; x_wconf 86' lang='lat' dir='ltr'>sanctos,</span> <span class='ocrx_word' id='word_1_33' title='bbox 738 339 843 372; x_wconf 90' lang='lat' dir='ltr'>fuisse</span> <span class='ocrx_word' id='word_1_34' title='bbox 864 341 952 371; x_wconf 85' lang='lat' dir='ltr'>viros</span> <span class='ocrx_word' id='word_1_35' title='bbox 965 337 1031 371; x_wconf 79' lang='lat' dir='ltr'>sor·</span> <span class='ocrx_word' id='word_1_36' title='bbox 1056 368 1059 388; x_wconf 76' lang='lat'><em>=</em></span> <span class='ocrx_word' id='word_1_37' title='bbox 1082 338 1183 370; x_wconf 89' lang='lat' dir='ltr'>habet</span> <span class='ocrx_word' id='word_1_38' title='bbox 1204 338 1274 369; x_wconf 83' lang='lat' dir='ltr'>fere</span> <span class='ocrx_word' id='word_1_39' title='bbox 1296 337 1453 368; x_wconf 81' lang='lat' dir='ltr'>maiorem</span> <span class='ocrx_word' id='word_1_40' title='bbox 1476 342 1692 377; x_wconf 85' lang='lat' dir='ltr'>potestatem,</span> <span class='ocrx_word' id='word_1_41' title='bbox 1722 348 1820 379; x_wconf 85' lang='lat' dir='ltr'>quam</span> <span class='ocrx_word' id='word_1_42' title='bbox 1843 337 1897 369; x_wconf 88' lang='lat' dir='ltr'>alii</span> <span class='ocrx_word' id='word_1_43' title='bbox 1921 339 2060 370; x_wconf 88' lang='lat' dir='ltr'>Senato-</span> 
     </span>
    </p>
   </div>
   <div class='ocr_carea' id='block_1_8' title="bbox 63 383 1058 465">
    <p class='ocr_par' dir='ltr' id='par_1_8' title="bbox 63 383 1058 465">
     <span class='ocr_line' id='line_1_8' title="bbox 64 383 1058 426; baseline -0.007 -6"><span class='ocrx_word' id='word_1_44' title='bbox 64 398 114 422; x_wconf 85' lang='lat' dir='ltr'>tes</span> <span class='ocrx_word' id='word_1_45' title='bbox 140 397 180 420; x_wconf 80' lang='lat' dir='ltr'>ac</span> <span class='ocrx_word' id='word_1_46' title='bbox 201 391 411 422; x_wconf 82' lang='lat' dir='ltr'>constantes,</span> <span class='ocrx_word' id='word_1_47' title='bbox 439 385 529 426; x_wconf 88' lang='lat' dir='ltr'>quod</span> <span class='ocrx_word' id='word_1_48' title='bbox 558 384 630 415; x_wconf 85' lang='lat' dir='ltr'>ausi</span> <span class='ocrx_word' id='word_1_49' title='bbox 659 390 735 415; x_wconf 83' lang='lat' dir='ltr'>sunt</span> <span class='ocrx_word' id='word_1_50' title='bbox 765 383 875 414; x_wconf 80' lang='lat' dir='ltr'>dicere</span> <span class='ocrx_word' id='word_1_51' title='bbox 897 383 1032 420; x_wconf 86' lang='lat' dir='ltr'>Herodi,</span> <span class='ocrx_word' id='word_1_52' title='bbox 1056 391 1058 397; x_wconf 64' lang='lat'><strong>¹</strong></span> 
     </span>
     <span class='ocr_line' id='line_1_9' title="bbox 63 425 1058 465; baseline -0.009 -1"><span class='ocrx_word' id='word_1_53' title='bbox 63 431 213 465; x_wconf 68' lang='lat' dir='ltr'>Messinm</span> <span class='ocrx_word' id='word_1_54' title='bbox 242 429 273 459; x_wconf 93' lang='lat' dir='ltr'>in</span> <span class='ocrx_word' id='word_1_55' title='bbox 296 426 489 459; x_wconf 85' lang='lat' dir='ltr'>Bethlehem</span> <span class='ocrx_word' id='word_1_56' title='bbox 519 427 721 458; x_wconf 87' lang='lat' dir='ltr'>nasciturum</span> <span class='ocrx_word' id='word_1_57' title='bbox 748 435 844 463; x_wconf 77' lang='lat' dir='ltr'>esse,</span> <span class='ocrx_word' id='word_1_58' title='bbox 875 426 915 456; x_wconf 82' lang='lat' dir='ltr'>Et</span> <span class='ocrx_word' id='word_1_59' title='bbox 945 425 1031 456; x_wconf 89' lang='lat' dir='ltr'>haud</span> <span class='ocrx_word' id='word_1_60' title='bbox 1056 445 1058 451; x_wconf 52' lang='grc' dir='ltr'><strong><em>ι</em></strong></span> 
     </span>
    </p>
   </div>
   <div class='ocr_carea' id='block_1_9' title="bbox 58 469 1038 1241">
    <p class='ocr_par' dir='ltr' id='par_1_9' title="bbox 58 469 1038 1241">
     <span class='ocr_line' id='line_1_10' title="bbox 64 469 1031 512; baseline -0.008 -6"><span class='ocrx_word' id='word_1_61' title='bbox 64 474 156 507; x_wconf 89' lang='lat' dir='ltr'>dubie</span> <span class='ocrx_word' id='word_1_62' title='bbox 176 473 239 503; x_wconf 81' lang='lat' dir='ltr'>iam</span> <span class='ocrx_word' id='word_1_63' title='bbox 261 472 496 512; x_wconf 75' lang='lat' dir='ltr'>percrebuerat</span> <span class='ocrx_word' id='word_1_64' title='bbox 513 469 612 508; x_wconf 81' lang='lat' dir='ltr'>fama,</span> <span class='ocrx_word' id='word_1_65' title='bbox 634 469 792 500; x_wconf 87' lang='lat' dir='ltr'>Messiam</span> <span class='ocrx_word' id='word_1_66' title='bbox 810 475 922 499; x_wconf 84' lang='lat' dir='ltr'>natum</span> <span class='ocrx_word' id='word_1_67' title='bbox 945 477 1031 499; x_wconf 87' lang='lat' dir='ltr'>esse.</span> 
     </span>
     <span class='ocr_line' id='line_1_11' title="bbox 63 509 1031 549; baseline -0.007 -1"><span class='ocrx_word' id='word_1_68' title='bbox 63 517 220 549; x_wconf 79' lang='lat' dir='ltr'>Videntur</span> <span class='ocrx_word' id='word_1_69' title='bbox 242 514 328 545; x_wconf 88' lang='lat' dir='ltr'>enim</span> <span class='ocrx_word' id='word_1_70' title='bbox 352 513 435 544; x_wconf 85' lang='lat' dir='ltr'>haec</span> <span class='ocrx_word' id='word_1_71' title='bbox 458 513 546 544; x_wconf 87' lang='lat' dir='ltr'>facta</span> <span class='ocrx_word' id='word_1_72' title='bbox 568 522 646 544; x_wconf 88' lang='lat' dir='ltr'>esse</span> <span class='ocrx_word' id='word_1_73' title='bbox 658 522 745 543; x_wconf 88' lang='lat' dir='ltr'>anno</span> <span class='ocrx_word' id='word_1_74' title='bbox 767 521 834 543; x_wconf 91' lang='lat' dir='ltr'>uno</span> <span class='ocrx_word' id='word_1_75' title='bbox 859 517 914 543; x_wconf 87' lang='lat' dir='ltr'>aut</span> <span class='ocrx_word' id='word_1_76' title='bbox 926 509 1031 542; x_wconf 88' lang='lat' dir='ltr'>altero</span> 
     </span>
     <span class='ocr_line' id='line_1_12' title="bbox 85 554 1033 590; baseline -0.005 -1"><span class='ocrx_word' id='word_1_77' title='bbox 85 564 137 590; x_wconf 88' lang='lat' dir='ltr'>ost</span> <span class='ocrx_word' id='word_1_78' title='bbox 158 557 359 588; x_wconf 74' lang='lat' dir='ltr'>nativitatem</span> <span class='ocrx_word' id='word_1_79' title='bbox 373 556 507 587; x_wconf 82' lang='lat' dir='ltr'>Christi.</span> <span class='ocrx_word' id='word_1_80' title='bbox 530 555 611 586; x_wconf 82' lang='lat' dir='ltr'>Erat</span> <span class='ocrx_word' id='word_1_81' title='bbox 624 555 775 586; x_wconf 90' lang='lat' dir='ltr'>Herodes</span> <span class='ocrx_word' id='word_1_82' title='bbox 798 554 1033 585; x_wconf 77' lang='lat' dir='ltr'>infestissimus</span> 
     </span>
     <span class='ocr_line' id='line_1_13' title="bbox 61 570 1034 640; baseline -0.005 -8"><span class='ocrx_word' id='word_1_83' title='bbox 61 570 174 633; x_wconf 66' lang='lat' dir='ltr'>iiostis.</span> <span class='ocrx_word' id='word_1_84' title='bbox 217 598 259 630; x_wconf 89' lang='lat' dir='ltr'>Et</span> <span class='ocrx_word' id='word_1_85' title='bbox 280 604 390 630; x_wconf 91' lang='lat' dir='ltr'>tamen</span> <span class='ocrx_word' id='word_1_86' title='bbox 412 608 480 630; x_wconf 90' lang='lat' dir='ltr'>non</span> <span class='ocrx_word' id='word_1_87' title='bbox 503 598 764 640; x_wconf 80' lang='lat' dir='ltr'>tergiversantur</span> <span class='ocrx_word' id='word_1_88' title='bbox 791 597 846 629; x_wconf 86' lang='lat' dir='ltr'>isti</span> <span class='ocrx_word' id='word_1_89' title='bbox 872 597 905 628; x_wconf 89' lang='lat' dir='ltr'>in</span> <span class='ocrx_word' id='word_1_90' title='bbox 935 597 1034 628; x_wconf 90' lang='lat' dir='ltr'>eden-</span> 
     </span>
     <span class='ocr_line' id='line_1_14' title="bbox 61 639 1035 682; baseline -0.006 -6"><span class='ocrx_word' id='word_1_91' title='bbox 61 644 101 676; x_wconf 85' lang='lat' dir='ltr'>da</span> <span class='ocrx_word' id='word_1_92' title='bbox 122 640 348 675; x_wconf 83' lang='lat' dir='ltr'>confessione.</span> <span class='ocrx_word' id='word_1_93' title='bbox 383 641 440 673; x_wconf 89' lang='lat' dir='ltr'>Sic</span> <span class='ocrx_word' id='word_1_94' title='bbox 463 641 557 673; x_wconf 89' lang='lat' dir='ltr'>Deus</span> <span class='ocrx_word' id='word_1_95' title='bbox 581 642 637 672; x_wconf 88' lang='lat' dir='ltr'>dat</span> <span class='ocrx_word' id='word_1_96' title='bbox 660 650 790 681; x_wconf 85' lang='lat' dir='ltr'>semper</span> <span class='ocrx_word' id='word_1_97' title='bbox 813 639 955 682; x_wconf 84' lang='lat' dir='ltr'>aliquos,</span> <span class='ocrx_word' id='word_1_98' title='bbox 980 639 1035 680; x_wconf 92' lang='lat' dir='ltr'>qui</span> 
     </span>
     <span class='ocr_line' id='line_1_15' title="bbox 61 682 1035 726; baseline -0.004 -9"><span class='ocrx_word' id='word_1_99' title='bbox 61 691 152 717; x_wconf 88' lang='lat' dir='ltr'>recte</span> <span class='ocrx_word' id='word_1_100' title='bbox 174 683 360 726; x_wconf 87' lang='lat' dir='ltr'>intelligunt</span> <span class='ocrx_word' id='word_1_101' title='bbox 373 684 568 722; x_wconf 83' lang='lat' dir='ltr'>doctrinam,</span> <span class='ocrx_word' id='word_1_102' title='bbox 591 689 623 715; x_wconf 87' lang='lat' dir='ltr'>et</span> <span class='ocrx_word' id='word_1_103' title='bbox 646 684 700 725; x_wconf 92' lang='lat' dir='ltr'>qui</span> <span class='ocrx_word' id='word_1_104' title='bbox 714 689 906 715; x_wconf 80' lang='lat' dir='ltr'>constanter</span> <span class='ocrx_word' id='word_1_105' title='bbox 928 682 1035 724; x_wconf 90' lang='lat' dir='ltr'>perhi-</span> 
     </span>
     <span class='ocr_line' id='line_1_16' title="bbox 61 724 1036 767; baseline -0.003 -7"><span class='ocrx_word' id='word_1_106' title='bbox 61 730 135 760; x_wconf 88' lang='lat' dir='ltr'>bent</span> <span class='ocrx_word' id='word_1_107' title='bbox 147 727 368 759; x_wconf 90' lang='lat' dir='ltr'>testimonium</span> <span class='ocrx_word' id='word_1_108' title='bbox 381 727 517 758; x_wconf 84' lang='lat' dir='ltr'>veritati.</span> <span class='ocrx_word' id='word_1_109' title='bbox 541 726 608 759; x_wconf 86' lang='lat' dir='ltr'>Sed</span> <span class='ocrx_word' id='word_1_110' title='bbox 617 724 698 758; x_wconf 87' lang='lat' dir='ltr'>alias</span> <span class='ocrx_word' id='word_1_111' title='bbox 711 726 836 767; x_wconf 88' lang='lat' dir='ltr'>plures,</span> <span class='ocrx_word' id='word_1_112' title='bbox 855 724 937 757; x_wconf 87' lang='lat' dir='ltr'>alias</span> <span class='ocrx_word' id='word_1_113' title='bbox 957 736 1036 766; x_wconf 91' lang='lat' dir='ltr'>pau-</span> 
     </span>
     <span class='ocr_line' id='line_1_17' title="bbox 60 767 1037 811; baseline -0.004 -8"><span class='ocrx_word' id='word_1_114' title='bbox 60 772 167 803; x_wconf 85' lang='lat' dir='ltr'>ciores</span> <span class='ocrx_word' id='word_1_115' title='bbox 191 769 274 801; x_wconf 88' lang='lat' dir='ltr'>tales</span> <span class='ocrx_word' id='word_1_116' title='bbox 288 773 376 808; x_wconf 82' lang='lat' dir='ltr'>sunt,</span> <span class='ocrx_word' id='word_1_117' title='bbox 395 769 477 801; x_wconf 87' lang='lat' dir='ltr'>alias</span> <span class='ocrx_word' id='word_1_118' title='bbox 488 769 576 811; x_wconf 85' lang='lat' dir='ltr'>plus,</span> <span class='ocrx_word' id='word_1_119' title='bbox 594 767 677 803; x_wconf 82' lang='lat' dir='ltr'>alias</span> <span class='ocrx_word' id='word_1_120' title='bbox 688 770 794 801; x_wconf 84' lang='lat' dir='ltr'>minus</span> <span class='ocrx_word' id='word_1_121' title='bbox 806 768 889 801; x_wconf 92' lang='lat' dir='ltr'>lucis</span> <span class='ocrx_word' id='word_1_122' title='bbox 901 768 1037 807; x_wconf 87' lang='lat' dir='ltr'>habent,</span> 
     </span>
     <span class='ocr_line' id='line_1_18' title="bbox 59 810 1038 854; baseline -0.005 -7"><span class='ocrx_word' id='word_1_123' title='bbox 59 820 94 847; x_wconf 85' lang='lat' dir='ltr'>ut</span> <span class='ocrx_word' id='word_1_124' title='bbox 105 814 201 846; x_wconf 86' lang='lat' dir='ltr'>etiam</span> <span class='ocrx_word' id='word_1_125' title='bbox 214 812 389 854; x_wconf 89' lang='lat' dir='ltr'>Papisticis</span> <span class='ocrx_word' id='word_1_126' title='bbox 400 813 604 854; x_wconf 82' lang='lat' dir='ltr'>temporibus</span> <span class='ocrx_word' id='word_1_127' title='bbox 616 810 747 844; x_wconf 84' lang='lat' dir='ltr'>fuerunt</span> <span class='ocrx_word' id='word_1_128' title='bbox 758 811 850 843; x_wconf 87' lang='lat' dir='ltr'>multi</span> <span class='ocrx_word' id='word_1_129' title='bbox 861 817 953 843; x_wconf 89' lang='lat' dir='ltr'>recte</span> <span class='ocrx_word' id='word_1_130' title='bbox 965 821 1038 842; x_wconf 93' lang='lat' dir='ltr'>sen-</span> 
     </span>
     <span class='ocr_line' id='line_1_19' title="bbox 60 854 1036 897; baseline -0.005 -8"><span class='ocrx_word' id='word_1_131' title='bbox 60 857 188 894; x_wconf 80' lang='lat' dir='ltr'>tientes,</span> <span class='ocrx_word' id='word_1_132' title='bbox 217 857 272 897; x_wconf 91' lang='lat' dir='ltr'>qui</span> <span class='ocrx_word' id='word_1_133' title='bbox 296 856 420 887; x_wconf 91' lang='lat' dir='ltr'>duriter</span> <span class='ocrx_word' id='word_1_134' title='bbox 438 856 571 887; x_wconf 86' lang='lat' dir='ltr'>tractati</span> <span class='ocrx_word' id='word_1_135' title='bbox 595 861 673 887; x_wconf 86' lang='lat' dir='ltr'>sunt</span> <span class='ocrx_word' id='word_1_136' title='bbox 694 860 830 896; x_wconf 87' lang='lat' dir='ltr'>propter</span> <span class='ocrx_word' id='word_1_137' title='bbox 852 854 1036 892; x_wconf 83' lang='lat' dir='ltr'>veritatem,</span> 
     </span>
     <span class='ocr_line' id='line_1_20' title="bbox 61 895 1037 940; baseline -0.004 -9"><span class='ocrx_word' id='word_1_138' title='bbox 61 905 96 932; x_wconf 87' lang='lat' dir='ltr'>ut</span> <span class='ocrx_word' id='word_1_139' title='bbox 115 899 257 930; x_wconf 88' lang='lat' dir='ltr'>loannes</span> <span class='ocrx_word' id='word_1_140' title='bbox 281 897 364 936; x_wconf 89' lang='lat' dir='ltr'>Hus,</span> <span class='ocrx_word' id='word_1_141' title='bbox 387 904 419 930; x_wconf 91' lang='lat' dir='ltr'>et</span> <span class='ocrx_word' id='word_1_142' title='bbox 439 897 660 940; x_wconf 75' lang='lat' dir='ltr'>Hieronymus</span> <span class='ocrx_word' id='word_1_143' title='bbox 684 897 879 939; x_wconf 87' lang='lat' dir='ltr'>Pragensis,</span> <span class='ocrx_word' id='word_1_144' title='bbox 904 898 937 928; x_wconf 90' lang='lat' dir='ltr'>in</span> <span class='ocrx_word' id='word_1_145' title='bbox 950 895 1037 928; x_wconf 89' lang='lat' dir='ltr'>Con-</span> 
     </span>
     <span class='ocr_line' id='line_1_21' title="bbox 62 941 1037 982; baseline -0.004 -8"><span class='ocrx_word' id='word_1_146' title='bbox 62 942 234 974; x_wconf 81' lang='lat' dir='ltr'>stantiensi</span> <span class='ocrx_word' id='word_1_147' title='bbox 253 941 394 973; x_wconf 89' lang='lat' dir='ltr'>concilio</span> <span class='ocrx_word' id='word_1_148' title='bbox 417 942 580 973; x_wconf 81' lang='lat' dir='ltr'>combusti</span> <span class='ocrx_word' id='word_1_149' title='bbox 604 947 691 979; x_wconf 90' lang='lat' dir='ltr'>sunt,</span> <span class='ocrx_word' id='word_1_150' title='bbox 722 941 799 982; x_wconf 87' lang='lat' dir='ltr'>quia</span> <span class='ocrx_word' id='word_1_151' title='bbox 823 949 959 972; x_wconf 88' lang='lat' dir='ltr'>crassos</span> <span class='ocrx_word' id='word_1_152' title='bbox 987 950 1037 970; x_wconf 89' lang='lat' dir='ltr'>er-</span> 
     </span>
     <span class='ocr_line' id='line_1_22' title="bbox 60 981 1037 1026; baseline -0.003 -10"><span class='ocrx_word' id='word_1_153' title='bbox 60 994 151 1017; x_wconf 89' lang='lat' dir='ltr'>rores</span> <span class='ocrx_word' id='word_1_154' title='bbox 181 985 343 1026; x_wconf 88' lang='lat' dir='ltr'>quosdam</span> <span class='ocrx_word' id='word_1_155' title='bbox 374 990 581 1016; x_wconf 77' lang='lat' dir='ltr'>taxaverant.</span> <span class='ocrx_word' id='word_1_156' title='bbox 626 984 667 1015; x_wconf 90' lang='lat' dir='ltr'>Et</span> <span class='ocrx_word' id='word_1_157' title='bbox 692 983 831 1015; x_wconf 89' lang='lat' dir='ltr'>loannes</span> <span class='ocrx_word' id='word_1_158' title='bbox 855 981 974 1014; x_wconf 86' lang='lat' dir='ltr'>Hilden</span> <span class='ocrx_word' id='word_1_159' title='bbox 1003 982 1037 1013; x_wconf 93' lang='lat' dir='ltr'>in</span> 
     </span>
     <span class='ocr_line' id='line_1_23' title="bbox 58 1025 1037 1067; baseline -0.005 -7"><span class='ocrx_word' id='word_1_160' title='bbox 58 1028 139 1060; x_wconf 89' lang='lat' dir='ltr'>urbe</span> <span class='ocrx_word' id='word_1_161' title='bbox 151 1027 290 1059; x_wconf 88' lang='lat' dir='ltr'>lsanaco</span> <span class='ocrx_word' id='word_1_162' title='bbox 315 1034 365 1059; x_wconf 89' lang='lat' dir='ltr'>est</span> <span class='ocrx_word' id='word_1_163' title='bbox 377 1033 528 1059; x_wconf 90' lang='lat' dir='ltr'>mortuus</span> <span class='ocrx_word' id='word_1_164' title='bbox 550 1028 583 1058; x_wconf 92' lang='lat' dir='ltr'>in</span> <span class='ocrx_word' id='word_1_165' title='bbox 607 1036 753 1059; x_wconf 88' lang='lat' dir='ltr'>carcere.</span> <span class='ocrx_word' id='word_1_166' title='bbox 777 1025 930 1067; x_wconf 87' lang='lat' dir='ltr'>Denique</span> <span class='ocrx_word' id='word_1_167' title='bbox 952 1035 1037 1056; x_wconf 81' lang='lat' dir='ltr'>sem-</span> 
     </span>
     <span class='ocr_line' id='line_1_24' title="bbox 59 1068 1036 1113; baseline -0.004 -11"><span class='ocrx_word' id='word_1_168' title='bbox 59 1080 119 1113; x_wconf 85' lang='lat' dir='ltr'>per</span> <span class='ocrx_word' id='word_1_169' title='bbox 148 1076 263 1102; x_wconf 82' lang='lat' dir='ltr'>servat</span> <span class='ocrx_word' id='word_1_170' title='bbox 291 1069 384 1101; x_wconf 88' lang='lat' dir='ltr'>Deus</span> <span class='ocrx_word' id='word_1_171' title='bbox 415 1069 545 1112; x_wconf 86' lang='lat' dir='ltr'>aliquos</span> <span class='ocrx_word' id='word_1_172' title='bbox 576 1071 607 1101; x_wconf 91' lang='lat' dir='ltr'>in</span> <span class='ocrx_word' id='word_1_173' title='bbox 636 1068 807 1107; x_wconf 82' lang='lat' dir='ltr'>Ecclesia,</span> <span class='ocrx_word' id='word_1_174' title='bbox 837 1069 892 1110; x_wconf 91' lang='lat' dir='ltr'>qui</span> <span class='ocrx_word' id='word_1_175' title='bbox 923 1078 1036 1100; x_wconf 84' lang='lat' dir='ltr'>veram</span> 
     </span>
     <span class='ocr_line' id='line_1_25' title="bbox 58 1111 1038 1145; baseline -0.003 0"><span class='ocrx_word' id='word_1_176' title='bbox 58 1115 255 1145; x_wconf 82' lang='lat' dir='ltr'>sententiam</span> <span class='ocrx_word' id='word_1_177' title='bbox 280 1113 487 1144; x_wconf 84' lang='lat' dir='ltr'>confitentur.</span> <span class='ocrx_word' id='word_1_178' title='bbox 528 1112 678 1145; x_wconf 86' lang='lat' dir='ltr'>Subinde</span> <span class='ocrx_word' id='word_1_179' title='bbox 701 1113 799 1144; x_wconf 90' lang='lat' dir='ltr'>etiam</span> <span class='ocrx_word' id='word_1_180' title='bbox 822 1111 945 1144; x_wconf 81' lang='lat' dir='ltr'>excitat</span> <span class='ocrx_word' id='word_1_181' title='bbox 966 1121 1038 1143; x_wconf 89' lang='lat' dir='ltr'>rur-</span> 
     </span>
     <span class='ocr_line' id='line_1_26' title="bbox 59 1155 572 1188; baseline -0.004 0"><span class='ocrx_word' id='word_1_182' title='bbox 59 1165 120 1188; x_wconf 84' lang='lat' dir='ltr'>sus</span> <span class='ocrx_word' id='word_1_183' title='bbox 138 1155 246 1188; x_wconf 86' lang='lat' dir='ltr'>lucem</span> <span class='ocrx_word' id='word_1_184' title='bbox 268 1166 368 1188; x_wconf 86' lang='lat' dir='ltr'>verae</span> <span class='ocrx_word' id='word_1_185' title='bbox 391 1156 572 1187; x_wconf 86' lang='lat' dir='ltr'>doctrinae.</span> 
     </span>
     <span class='ocr_line' id='line_1_27' title="bbox 145 1197 563 1241; baseline 0 -11"><span class='ocrx_word' id='word_1_186' title='bbox 145 1197 288 1231; x_wconf 88' lang='lat' dir='ltr'>Valetne</span> <span class='ocrx_word' id='word_1_187' title='bbox 311 1198 563 1241; x_wconf 72' lang='lat' dir='ltr'>argumentum?</span> 
     </span>
    </p>
   </div>
   <div class='ocr_carea' id='block_1_10' title="bbox 147 1283 941 1367">
    <p class='ocr_par' dir='ltr' id='par_1_10' title="bbox 147 1283 941 1367">
     <span class='ocr_line' id='line_1_28' title="bbox 150 1283 941 1326; baseline -0.005 -8"><span class='ocrx_word' id='word_1_188' title='bbox 150 1286 299 1326; x_wconf 77' lang='lat' dir='ltr'>Oportne&#39;t</span> <span class='ocrx_word' id='word_1_189' title='bbox 322 1285 484 1317; x_wconf 76' lang='lat' dir='ltr'>Christum</span> <span class='ocrx_word' id='word_1_190' title='bbox 507 1287 601 1316; x_wconf 78' lang='lat' dir='ltr'>nasci</span> <span class='ocrx_word' id='word_1_191' title='bbox 617 1287 723 1315; x_wconf 80' lang='lat' dir='ltr'>stante</span> <span class='ocrx_word' id='word_1_192' title='bbox 746 1283 941 1314; x_wconf 74' lang='lat' dir='ltr'>Bethlehem.</span> 
     </span>
     <span class='ocr_line' id='line_1_29' title="bbox 147 1327 903 1367; baseline -0.005 -7"><span class='ocrx_word' id='word_1_193' title='bbox 147 1329 231 1367; x_wconf 74' lang='lat' dir='ltr'>Eryo</span> <span class='ocrx_word' id='word_1_194' title='bbox 254 1337 318 1359; x_wconf 85' lang='lat' dir='ltr'>non</span> <span class='ocrx_word' id='word_1_195' title='bbox 341 1332 391 1359; x_wconf 76' lang='lat' dir='ltr'>est</span> <span class='ocrx_word' id='word_1_196' title='bbox 411 1329 495 1359; x_wconf 72' lang='lat' dir='ltr'>alius</span> <span class='ocrx_word' id='word_1_197' title='bbox 517 1329 656 1359; x_wconf 59' lang='lat' dir='ltr'>Mes-siae</span> <span class='ocrx_word' id='word_1_198' title='bbox 678 1327 903 1366; x_wconf 72' lang='lat' dir='ltr'>expectandus.</span> 
     </span>
    </p>
   </div>
   <div class='ocr_carea' id='block_1_11' title="bbox 62 1391 1040 1606">
    <p class='ocr_par' dir='ltr' id='par_1_11' title="bbox 62 1391 1040 1606">
     <span class='ocr_line' id='line_1_30' title="bbox 147 1391 1038 1436; baseline -0.003 -10"><span class='ocrx_word' id='word_1_199' title='bbox 147 1394 360 1436; x_wconf 88' lang='lat' dir='ltr'>Respondeo.</span> <span class='ocrx_word' id='word_1_200' title='bbox 404 1393 502 1425; x_wconf 90' lang='lat' dir='ltr'>Valet</span> <span class='ocrx_word' id='word_1_201' title='bbox 525 1405 544 1425; x_wconf 78' lang='lat' dir='ltr'>a</span> <span class='ocrx_word' id='word_1_202' title='bbox 568 1393 742 1432; x_wconf 75' lang='lat' dir='ltr'>connexis,</span> <span class='ocrx_word' id='word_1_203' title='bbox 772 1398 805 1424; x_wconf 86' lang='lat' dir='ltr'>et</span> <span class='ocrx_word' id='word_1_204' title='bbox 833 1393 962 1434; x_wconf 88' lang='lat' dir='ltr'>quidem</span> <span class='ocrx_word' id='word_1_205' title='bbox 991 1391 1038 1424; x_wconf 94' lang='lat' dir='ltr'>lo-</span> 
     </span>
     <span class='ocr_line' id='line_1_31' title="bbox 63 1434 1039 1480; baseline -0.005 -10"><span class='ocrx_word' id='word_1_206' title='bbox 63 1438 173 1480; x_wconf 87' lang='lat' dir='ltr'>quitur</span> <span class='ocrx_word' id='word_1_207' title='bbox 197 1438 237 1469; x_wconf 87' lang='lat' dir='ltr'>de</span> <span class='ocrx_word' id='word_1_208' title='bbox 260 1435 475 1474; x_wconf 80' lang='lat' dir='ltr'>Bethlehem,</span> <span class='ocrx_word' id='word_1_209' title='bbox 499 1447 585 1478; x_wconf 89' lang='lat' dir='ltr'>quae</span> <span class='ocrx_word' id='word_1_210' title='bbox 607 1442 659 1468; x_wconf 89' lang='lat' dir='ltr'>est</span> <span class='ocrx_word' id='word_1_211' title='bbox 681 1445 759 1477; x_wconf 87' lang='lat' dir='ltr'>pars</span> <span class='ocrx_word' id='word_1_212' title='bbox 782 1434 916 1476; x_wconf 84' lang='lat' dir='ltr'>politiae</span> <span class='ocrx_word' id='word_1_213' title='bbox 934 1435 1039 1466; x_wconf 88' lang='lat' dir='ltr'>ludai-</span> 
     </span>
     <span class='ocr_line' id='line_1_32' title="bbox 64 1477 1039 1520; baseline -0.004 -8"><span class='ocrx_word' id='word_1_214' title='bbox 64 1489 137 1518; x_wconf 86' lang='lat' dir='ltr'>cae,</span> <span class='ocrx_word' id='word_1_215' title='bbox 159 1480 253 1511; x_wconf 89' lang='lat' dir='ltr'>Sicut</span> <span class='ocrx_word' id='word_1_216' title='bbox 274 1479 424 1511; x_wconf 84' lang='lat' dir='ltr'>Micheas</span> <span class='ocrx_word' id='word_1_217' title='bbox 447 1480 593 1510; x_wconf 78' lang='lat' dir='ltr'>nominat</span> <span class='ocrx_word' id='word_1_218' title='bbox 614 1489 751 1520; x_wconf 74' lang='lat' dir='ltr'>parvam</span> <span class='ocrx_word' id='word_1_219' title='bbox 773 1478 857 1509; x_wconf 87' lang='lat' dir='ltr'>inter</span> <span class='ocrx_word' id='word_1_220' title='bbox 869 1477 1039 1519; x_wconf 82' lang='lat' dir='ltr'>Principes</span> 
     </span>
     <span class='ocr_line' id='line_1_33' title="bbox 63 1519 1040 1564; baseline -0.002 -11"><span class='ocrx_word' id='word_1_221' title='bbox 63 1522 154 1554; x_wconf 87' lang='lat' dir='ltr'>luda.</span> <span class='ocrx_word' id='word_1_222' title='bbox 200 1521 305 1553; x_wconf 87' lang='lat' dir='ltr'>Multo</span> <span class='ocrx_word' id='word_1_223' title='bbox 325 1523 422 1564; x_wconf 79' lang='lat' dir='ltr'>igitur</span> <span class='ocrx_word' id='word_1_224' title='bbox 445 1521 569 1553; x_wconf 87' lang='lat' dir='ltr'>firmius</span> <span class='ocrx_word' id='word_1_225' title='bbox 589 1522 630 1552; x_wconf 90' lang='lat' dir='ltr'>de</span> <span class='ocrx_word' id='word_1_226' title='bbox 648 1527 716 1553; x_wconf 82' lang='lat' dir='ltr'>tota</span> <span class='ocrx_word' id='word_1_227' title='bbox 748 1519 862 1563; x_wconf 88' lang='lat' dir='ltr'>politia</span> <span class='ocrx_word' id='word_1_228' title='bbox 885 1520 1040 1552; x_wconf 86' lang='lat' dir='ltr'>concludi</span> 
     </span>
     <span class='ocr_line' id='line_1_34' title="bbox 62 1571 187 1606; baseline 0 -10"><span class='ocrx_word' id='word_1_229' title='bbox 62 1571 187 1606; x_wconf 87' lang='lat' dir='ltr'>potest:</span> 
     </span>
    </p>
   </div>
   <div class='ocr_carea' id='block_1_12' title="bbox 145 1649 1041 1774">
    <p class='ocr_par' dir='ltr' id='par_1_12' title="bbox 145 1649 1041 1774">
     <span class='ocr_line' id='line_1_35' title="bbox 148 1649 1041 1689; baseline 0.001 -10"><span class='ocrx_word' id='word_1_230' title='bbox 148 1649 301 1681; x_wconf 73' lang='lat' dir='ltr'>Messium</span> <span class='ocrx_word' id='word_1_231' title='bbox 320 1652 461 1689; x_wconf 71' lang='lat' dir='ltr'>oportuit</span> <span class='ocrx_word' id='word_1_232' title='bbox 481 1650 575 1680; x_wconf 75' lang='lat' dir='ltr'>nasci</span> <span class='ocrx_word' id='word_1_233' title='bbox 599 1652 704 1680; x_wconf 70' lang='lat' dir='ltr'>statue</span> <span class='ocrx_word' id='word_1_234' title='bbox 730 1651 845 1689; x_wconf 78' lang='lat' dir='ltr'>politia</span> <span class='ocrx_word' id='word_1_235' title='bbox 863 1659 942 1689; x_wconf 82' lang='lat' dir='ltr'>quae</span> <span class='ocrx_word' id='word_1_236' title='bbox 977 1653 1041 1680; x_wconf 81' lang='lat' dir='ltr'>iam</span> 
     </span>
     <span class='ocr_line' id='line_1_36' title="bbox 187 1693 529 1732; baseline -0.003 -10"><span class='ocrx_word' id='word_1_237' title='bbox 187 1693 314 1732; x_wconf 80' lang='lat' dir='ltr'>pridem</span> <span class='ocrx_word' id='word_1_238' title='bbox 337 1701 450 1723; x_wconf 70' lang='lat' dir='ltr'>eversa</span> <span class='ocrx_word' id='word_1_239' title='bbox 472 1696 529 1722; x_wconf 76' lang='lat' dir='ltr'>est.</span> 
     </span>
     <span class='ocr_line' id='line_1_37' title="bbox 145 1734 652 1774; baseline -0.004 -7"><span class='ocrx_word' id='word_1_240' title='bbox 145 1736 230 1774; x_wconf 71' lang='lat' dir='ltr'><em>Eryo</em></span> <span class='ocrx_word' id='word_1_241' title='bbox 252 1737 389 1767; x_wconf 74' lang='lat' dir='ltr'>Messias</span> <span class='ocrx_word' id='word_1_242' title='bbox 406 1739 494 1766; x_wconf 86' lang='lat' dir='ltr'>certo</span> <span class='ocrx_word' id='word_1_243' title='bbox 516 1734 652 1766; x_wconf 73' lang='lat' dir='ltr'>adcenil.</span> 
     </span>
    </p>
   </div>
   <div class='ocr_carea' id='block_1_13' title="bbox 64 1791 1045 2651">
    <p class='ocr_par' dir='ltr' id='par_1_13' title="bbox 64 1791 1042 1871">
     <span class='ocr_line' id='line_1_38' title="bbox 150 1791 1042 1836; baseline -0.002 -10"><span class='ocrx_word' id='word_1_244' title='bbox 150 1793 348 1826; x_wconf 86' lang='lat' dir='ltr'>Bethlehem</span> <span class='ocrx_word' id='word_1_245' title='bbox 372 1804 458 1836; x_wconf 87' lang='lat' dir='ltr'>quae</span> <span class='ocrx_word' id='word_1_246' title='bbox 480 1804 567 1826; x_wconf 90' lang='lat' dir='ltr'>nunc</span> <span class='ocrx_word' id='word_1_247' title='bbox 591 1799 659 1832; x_wconf 88' lang='lat' dir='ltr'>est,</span> <span class='ocrx_word' id='word_1_248' title='bbox 682 1800 733 1825; x_wconf 88' lang='lat' dir='ltr'>est</span> <span class='ocrx_word' id='word_1_249' title='bbox 756 1791 920 1835; x_wconf 87' lang='lat' dir='ltr'>spelunca</span> <span class='ocrx_word' id='word_1_250' title='bbox 942 1791 1042 1825; x_wconf 90' lang='lat' dir='ltr'>latro-</span> 
     </span>
     <span class='ocr_line' id='line_1_39' title="bbox 64 1838 395 1871; baseline -0.006 -1"><span class='ocrx_word' id='word_1_251' title='bbox 64 1849 140 1871; x_wconf 88' lang='lat' dir='ltr'>num</span> <span class='ocrx_word' id='word_1_252' title='bbox 162 1838 395 1869; x_wconf 89' lang='lat' dir='ltr'>Arabicorum.</span> 
     </span>
    </p>

    <p class='ocr_par' dir='ltr' id='par_1_14' title="bbox 66 1878 1045 2341">
     <span class='ocr_line' id='line_1_40' title="bbox 150 1878 1043 1922; baseline -0.003 -9"><span class='ocrx_word' id='word_1_253' title='bbox 150 1881 218 1913; x_wconf 87' lang='lat' dir='ltr'>Sed</span> <span class='ocrx_word' id='word_1_254' title='bbox 240 1880 294 1911; x_wconf 91' lang='lat' dir='ltr'>hic</span> <span class='ocrx_word' id='word_1_255' title='bbox 319 1878 516 1912; x_wconf 84' lang='lat' dir='ltr'>cavillantur</span> <span class='ocrx_word' id='word_1_256' title='bbox 537 1879 658 1922; x_wconf 78' lang='lat' dir='ltr'>aliqui,</span> <span class='ocrx_word' id='word_1_257' title='bbox 680 1878 870 1910; x_wconf 85' lang='lat' dir='ltr'>Matthaeus</span> <span class='ocrx_word' id='word_1_258' title='bbox 899 1889 965 1910; x_wconf 93' lang='lat' dir='ltr'>non</span> <span class='ocrx_word' id='word_1_259' title='bbox 997 1879 1043 1910; x_wconf 90' lang='lat' dir='ltr'>di-</span> 
     </span>
     <span class='ocr_line' id='line_1_41' title="bbox 66 1922 1042 1964; baseline -0.003 -8"><span class='ocrx_word' id='word_1_260' title='bbox 66 1925 111 1957; x_wconf 92' lang='lat' dir='ltr'>cit</span> <span class='ocrx_word' id='word_1_261' title='bbox 132 1924 217 1955; x_wconf 84' lang='lat' dir='ltr'>sicut</span> <span class='ocrx_word' id='word_1_262' title='bbox 235 1923 418 1964; x_wconf 86' lang='lat' dir='ltr'>Propheta:</span> <span class='ocrx_word' id='word_1_263' title='bbox 450 1924 494 1954; x_wconf 87' lang='lat' dir='ltr'>Tu</span> <span class='ocrx_word' id='word_1_264' title='bbox 521 1933 557 1955; x_wconf 77' lang='lat' dir='ltr'>es</span> <span class='ocrx_word' id='word_1_265' title='bbox 574 1925 730 1964; x_wconf 72' lang='lat' dir='ltr'>part-ula,</span> <span class='ocrx_word' id='word_1_266' title='bbox 752 1922 835 1960; x_wconf 82' lang='lat' dir='ltr'>Sed,</span> <span class='ocrx_word' id='word_1_267' title='bbox 863 1926 898 1954; x_wconf 86' lang='lat' dir='ltr'>tu</span> <span class='ocrx_word' id='word_1_268' title='bbox 925 1932 1042 1962; x_wconf 83' lang='lat' dir='ltr'>nequa-</span> 
     </span>
     <span class='ocr_line' id='line_1_42' title="bbox 67 1964 1044 2008; baseline -0.003 -9"><span class='ocrx_word' id='word_1_269' title='bbox 67 1977 161 2008; x_wconf 82' lang='lat' dir='ltr'>quam</span> <span class='ocrx_word' id='word_1_270' title='bbox 187 1977 222 1999; x_wconf 81' lang='lat' dir='ltr'>es</span> <span class='ocrx_word' id='word_1_271' title='bbox 245 1970 387 1998; x_wconf 77' lang='lat' dir='ltr'>minima.</span> <span class='ocrx_word' id='word_1_272' title='bbox 422 1965 511 1997; x_wconf 84' lang='lat' dir='ltr'>Haec</span> <span class='ocrx_word' id='word_1_273' title='bbox 535 1971 587 1996; x_wconf 87' lang='lat' dir='ltr'>est</span> <span class='ocrx_word' id='word_1_274' title='bbox 607 1964 743 2007; x_wconf 87' lang='lat' dir='ltr'>puerilis</span> <span class='ocrx_word' id='word_1_275' title='bbox 763 1964 939 1997; x_wconf 85' lang='lat' dir='ltr'>cavillatio.</span> <span class='ocrx_word' id='word_1_276' title='bbox 960 1965 1044 1996; x_wconf 85' lang='lat' dir='ltr'>Mat-</span> 
     </span>
     <span class='ocr_line' id='line_1_43' title="bbox 67 2007 1043 2048; baseline -0.003 -7"><span class='ocrx_word' id='word_1_277' title='bbox 67 2010 184 2042; x_wconf 79' lang='lat' dir='ltr'>thaeus</span> <span class='ocrx_word' id='word_1_278' title='bbox 215 2009 333 2041; x_wconf 85' lang='lat' dir='ltr'>volcns</span> <span class='ocrx_word' id='word_1_279' title='bbox 362 2009 497 2040; x_wconf 86' lang='lat' dir='ltr'>inseruit</span> <span class='ocrx_word' id='word_1_280' title='bbox 530 2007 609 2040; x_wconf 87' lang='lat' dir='ltr'>illud</span> <span class='ocrx_word' id='word_1_281' title='bbox 637 2011 861 2048; x_wconf 79' lang='lat' dir='ltr'>Nequaquam,</span> <span class='ocrx_word' id='word_1_282' title='bbox 888 2014 924 2040; x_wconf 91' lang='lat' dir='ltr'>ut</span> <span class='ocrx_word' id='word_1_283' title='bbox 951 2007 1043 2039; x_wconf 84' lang='lat' dir='ltr'>laeti-</span> 
     </span>
     <span class='ocr_line' id='line_1_44' title="bbox 67 2051 1043 2093; baseline -0.003 -9"><span class='ocrx_word' id='word_1_284' title='bbox 67 2054 142 2084; x_wconf 89' lang='lat' dir='ltr'>tiam</span> <span class='ocrx_word' id='word_1_285' title='bbox 169 2053 308 2093; x_wconf 86' lang='lat' dir='ltr'>Spiritus</span> <span class='ocrx_word' id='word_1_286' title='bbox 340 2053 391 2083; x_wconf 89' lang='lat' dir='ltr'>sui</span> <span class='ocrx_word' id='word_1_287' title='bbox 419 2051 638 2092; x_wconf 83' lang='lat' dir='ltr'>significaret:</span> <span class='ocrx_word' id='word_1_288' title='bbox 670 2052 766 2087; x_wconf 86' lang='lat' dir='ltr'>Quod</span> <span class='ocrx_word' id='word_1_289' title='bbox 794 2052 857 2083; x_wconf 83' lang='lat' dir='ltr'>etsi</span> <span class='ocrx_word' id='word_1_290' title='bbox 888 2051 1043 2093; x_wconf 88' lang='lat' dir='ltr'>oppidum</span> 
     </span>
     <span class='ocr_line' id='line_1_45' title="bbox 66 2095 1042 2135; baseline -0.002 -8"><span class='ocrx_word' id='word_1_291' title='bbox 66 2095 146 2127; x_wconf 85' lang='lat' dir='ltr'>illud</span> <span class='ocrx_word' id='word_1_292' title='bbox 170 2095 365 2127; x_wconf 78' lang='lat' dir='ltr'>Bethlehem</span> <span class='ocrx_word' id='word_1_293' title='bbox 389 2095 556 2126; x_wconf 84' lang='lat' dir='ltr'>videretur</span> <span class='ocrx_word' id='word_1_294' title='bbox 581 2104 721 2135; x_wconf 89' lang='lat' dir='ltr'>parvum</span> <span class='ocrx_word' id='word_1_295' title='bbox 749 2104 826 2125; x_wconf 88' lang='lat' dir='ltr'>esse</span> <span class='ocrx_word' id='word_1_296' title='bbox 857 2095 888 2125; x_wconf 92' lang='lat' dir='ltr'>in</span> <span class='ocrx_word' id='word_1_297' title='bbox 919 2095 1042 2135; x_wconf 85' lang='lat' dir='ltr'>specie,</span> 
     </span>
     <span class='ocr_line' id='line_1_46' title="bbox 67 2136 1043 2170; baseline -0.003 0"><span class='ocrx_word' id='word_1_298' title='bbox 67 2145 175 2170; x_wconf 80' lang='lat' dir='ltr'>tamen</span> <span class='ocrx_word' id='word_1_299' title='bbox 198 2149 286 2170; x_wconf 85' lang='lat' dir='ltr'>nunc</span> <span class='ocrx_word' id='word_1_300' title='bbox 305 2144 455 2169; x_wconf 80' lang='lat' dir='ltr'>ornatum</span> <span class='ocrx_word' id='word_1_301' title='bbox 479 2147 539 2169; x_wconf 83' lang='lat' dir='ltr'>seu</span> <span class='ocrx_word' id='word_1_302' title='bbox 550 2136 682 2169; x_wconf 87' lang='lat' dir='ltr'>celebre</span> <span class='ocrx_word' id='word_1_303' title='bbox 699 2136 821 2168; x_wconf 78' lang='lat' dir='ltr'>{actum</span> <span class='ocrx_word' id='word_1_304' title='bbox 845 2137 886 2168; x_wconf 90' lang='lat' dir='ltr'>sit</span> <span class='ocrx_word' id='word_1_305' title='bbox 900 2138 1043 2168; x_wconf 83' lang='lat' dir='ltr'>maximo</span> 
     </span>
     <span class='ocr_line' id='line_1_47' title="bbox 68 2179 1044 2223; baseline -0.004 -10"><span class='ocrx_word' id='word_1_306' title='bbox 68 2182 155 2213; x_wconf 87' lang='lat' dir='ltr'>dono</span> <span class='ocrx_word' id='word_1_307' title='bbox 181 2187 213 2212; x_wconf 89' lang='lat' dir='ltr'>et</span> <span class='ocrx_word' id='word_1_308' title='bbox 238 2179 357 2223; x_wconf 80' lang='lat' dir='ltr'>gloria,</span> <span class='ocrx_word' id='word_1_309' title='bbox 381 2181 456 2222; x_wconf 88' lang='lat' dir='ltr'>quia</span> <span class='ocrx_word' id='word_1_310' title='bbox 474 2180 518 2210; x_wconf 85' lang='lat' dir='ltr'>ibi</span> <span class='ocrx_word' id='word_1_311' title='bbox 541 2186 640 2211; x_wconf 90' lang='lat' dir='ltr'>natus</span> <span class='ocrx_word' id='word_1_312' title='bbox 663 2180 705 2210; x_wconf 89' lang='lat' dir='ltr'>sit</span> <span class='ocrx_word' id='word_1_313' title='bbox 718 2179 875 2218; x_wconf 77' lang='lat' dir='ltr'>Messias,</span> <span class='ocrx_word' id='word_1_314' title='bbox 900 2185 932 2211; x_wconf 85' lang='lat' dir='ltr'>et</span> <span class='ocrx_word' id='word_1_315' title='bbox 951 2179 1044 2211; x_wconf 87' lang='lat' dir='ltr'>multi</span> 
     </span>
     <span class='ocr_line' id='line_1_48' title="bbox 68 2221 1045 2265; baseline -0.003 -9"><span class='ocrx_word' id='word_1_316' title='bbox 68 2225 111 2256; x_wconf 87' lang='lat' dir='ltr'>ibi</span> <span class='ocrx_word' id='word_1_317' title='bbox 131 2224 298 2256; x_wconf 83' lang='lat' dir='ltr'>conversi:</span> <span class='ocrx_word' id='word_1_318' title='bbox 322 2224 417 2265; x_wconf 86' lang='lat' dir='ltr'>quasi</span> <span class='ocrx_word' id='word_1_319' title='bbox 441 2224 577 2253; x_wconf 86' lang='lat' dir='ltr'>diceret:</span> <span class='ocrx_word' id='word_1_320' title='bbox 596 2222 645 2254; x_wconf 91' lang='lat' dir='ltr'>Tu</span> <span class='ocrx_word' id='word_1_321' title='bbox 657 2221 852 2254; x_wconf 85' lang='lat' dir='ltr'>Bethlehem</span> <span class='ocrx_word' id='word_1_322' title='bbox 875 2232 911 2254; x_wconf 91' lang='lat' dir='ltr'>es</span> <span class='ocrx_word' id='word_1_323' title='bbox 924 2233 1045 2263; x_wconf 76' lang='lat' dir='ltr'>magna</span> 
     </span>
     <span class='ocr_line' id='line_1_49' title="bbox 69 2265 1045 2310; baseline -0.002 -12"><span class='ocrx_word' id='word_1_324' title='bbox 69 2265 121 2299; x_wconf 90' lang='lat' dir='ltr'>vel</span> <span class='ocrx_word' id='word_1_325' title='bbox 145 2266 291 2310; x_wconf 82' lang='lat' dir='ltr'>gloriosa</span> <span class='ocrx_word' id='word_1_326' title='bbox 327 2267 392 2298; x_wconf 90' lang='lat' dir='ltr'>hoc</span> <span class='ocrx_word' id='word_1_327' title='bbox 427 2265 599 2304; x_wconf 82' lang='lat' dir='ltr'>beneficio,</span> <span class='ocrx_word' id='word_1_328' title='bbox 633 2266 722 2307; x_wconf 88' lang='lat' dir='ltr'>quod</span> <span class='ocrx_word' id='word_1_329' title='bbox 756 2276 797 2297; x_wconf 84' lang='lat' dir='ltr'>ex</span> <span class='ocrx_word' id='word_1_330' title='bbox 831 2271 863 2297; x_wconf 93' lang='lat' dir='ltr'>te</span> <span class='ocrx_word' id='word_1_331' title='bbox 896 2267 1045 2298; x_wconf 86' lang='lat' dir='ltr'>nascitur</span> 
     </span>
     <span class='ocr_line' id='line_1_50' title="bbox 70 2309 223 2341; baseline 0 0"><span class='ocrx_word' id='word_1_332' title='bbox 70 2309 223 2341; x_wconf 81' lang='lat' dir='ltr'>Messias.</span> 
     </span>
    </p>

    <p class='ocr_par' dir='ltr' id='par_1_15' title="bbox 69 2349 1045 2512">
     <span class='ocr_line' id='line_1_51' title="bbox 153 2349 1045 2393; baseline -0.001 -10"><span class='ocrx_word' id='word_1_333' title='bbox 153 2352 195 2384; x_wconf 90' lang='lat' dir='ltr'>Et</span> <span class='ocrx_word' id='word_1_334' title='bbox 226 2353 364 2393; x_wconf 85' lang='lat' dir='ltr'>pertinet</span> <span class='ocrx_word' id='word_1_335' title='bbox 389 2351 454 2383; x_wconf 88' lang='lat' dir='ltr'>hoc</span> <span class='ocrx_word' id='word_1_336' title='bbox 485 2352 526 2382; x_wconf 91' lang='lat' dir='ltr'>ad</span> <span class='ocrx_word' id='word_1_337' title='bbox 556 2351 846 2392; x_wconf 81' lang='lat' dir='ltr'>significationem:</span> <span class='ocrx_word' id='word_1_338' title='bbox 892 2349 1045 2382; x_wconf 84' lang='lat' dir='ltr'>Ecclesia</span> 
     </span>
     <span class='ocr_line' id='line_1_52' title="bbox 71 2394 1044 2437; baseline -0.002 -10"><span class='ocrx_word' id='word_1_339' title='bbox 71 2401 122 2427; x_wconf 87' lang='lat' dir='ltr'>est</span> <span class='ocrx_word' id='word_1_340' title='bbox 150 2394 287 2437; x_wconf 79' lang='lat' dir='ltr'>parvula</span> <span class='ocrx_word' id='word_1_341' title='bbox 317 2405 476 2436; x_wconf 84' lang='lat' dir='ltr'>corpore,</span> <span class='ocrx_word' id='word_1_342' title='bbox 515 2396 590 2425; x_wconf 88' lang='lat' dir='ltr'>item</span> <span class='ocrx_word' id='word_1_343' title='bbox 620 2395 740 2425; x_wconf 86' lang='lat' dir='ltr'>misera</span> <span class='ocrx_word' id='word_1_344' title='bbox 776 2400 809 2425; x_wconf 88' lang='lat' dir='ltr'>et</span> <span class='ocrx_word' id='word_1_345' title='bbox 835 2404 1044 2432; x_wconf 81' lang='lat' dir='ltr'>aerumnosa,</span> 
     </span>
     <span class='ocr_line' id='line_1_53' title="bbox 71 2435 1044 2479; baseline 0 -10"><span class='ocrx_word' id='word_1_346' title='bbox 71 2448 181 2469; x_wconf 89' lang='lat' dir='ltr'>coram</span> <span class='ocrx_word' id='word_1_347' title='bbox 205 2438 278 2470; x_wconf 89' lang='lat' dir='ltr'>Deo</span> <span class='ocrx_word' id='word_1_348' title='bbox 296 2445 404 2470; x_wconf 86' lang='lat' dir='ltr'>tamen</span> <span class='ocrx_word' id='word_1_349' title='bbox 429 2443 480 2469; x_wconf 87' lang='lat' dir='ltr'>est</span> <span class='ocrx_word' id='word_1_350' title='bbox 502 2435 668 2479; x_wconf 82' lang='lat' dir='ltr'>gloriosa,</span> <span class='ocrx_word' id='word_1_351' title='bbox 690 2435 830 2477; x_wconf 89' lang='lat' dir='ltr'>pulchra</span> <span class='ocrx_word' id='word_1_352' title='bbox 852 2437 938 2468; x_wconf 90' lang='lat' dir='ltr'>inter</span> <span class='ocrx_word' id='word_1_353' title='bbox 956 2435 1044 2469; x_wconf 85' lang='lat' dir='ltr'>filios</span> 
     </span>
     <span class='ocr_line' id='line_1_54' title="bbox 69 2480 246 2512; baseline 0 0"><span class='ocrx_word' id='word_1_354' title='bbox 69 2480 246 2512; x_wconf 91' lang='lat' dir='ltr'>hominum.</span> 
     </span>
    </p>

    <p class='ocr_par' dir='ltr' id='par_1_16' title="bbox 71 2522 1045 2651">
     <span class='ocr_line' id='line_1_55' title="bbox 156 2522 1044 2564; baseline -0.002 -9"><span class='ocrx_word' id='word_1_355' title='bbox 156 2523 264 2555; x_wconf 85' lang='lat' dir='ltr'>Hodie</span> <span class='ocrx_word' id='word_1_356' title='bbox 287 2522 504 2564; x_wconf 88' lang='lat' dir='ltr'>pulcherrima</span> <span class='ocrx_word' id='word_1_357' title='bbox 518 2523 684 2554; x_wconf 86' lang='lat' dir='ltr'>civitatum</span> <span class='ocrx_word' id='word_1_358' title='bbox 708 2523 740 2553; x_wconf 90' lang='lat' dir='ltr'>in</span> <span class='ocrx_word' id='word_1_359' title='bbox 763 2528 834 2554; x_wconf 90' lang='lat' dir='ltr'>toto</span> <span class='ocrx_word' id='word_1_360' title='bbox 846 2531 968 2564; x_wconf 83' lang='lat' dir='ltr'>genere</span> <span class='ocrx_word' id='word_1_361' title='bbox 986 2522 1044 2553; x_wconf 91' lang='lat' dir='ltr'>hu-</span> 
     </span>
     <span class='ocr_line' id='line_1_56' title="bbox 71 2563 1045 2608; baseline -0.001 -11"><span class='ocrx_word' id='word_1_362' title='bbox 71 2576 168 2598; x_wconf 83' lang='lat' dir='ltr'>mano</span> <span class='ocrx_word' id='word_1_363' title='bbox 192 2572 244 2597; x_wconf 86' lang='lat' dir='ltr'>est</span> <span class='ocrx_word' id='word_1_364' title='bbox 266 2566 422 2605; x_wconf 90' lang='lat' dir='ltr'>Venetia,</span> <span class='ocrx_word' id='word_1_365' title='bbox 451 2565 586 2608; x_wconf 87' lang='lat' dir='ltr'>politice</span> <span class='ocrx_word' id='word_1_366' title='bbox 616 2563 798 2606; x_wconf 84' lang='lat' dir='ltr'>loquendo,</span> <span class='ocrx_word' id='word_1_367' title='bbox 829 2565 904 2607; x_wconf 88' lang='lat' dir='ltr'>quia</span> <span class='ocrx_word' id='word_1_368' title='bbox 927 2565 970 2596; x_wconf 88' lang='lat' dir='ltr'>ibi</span> <span class='ocrx_word' id='word_1_369' title='bbox 994 2570 1045 2596; x_wconf 91' lang='lat' dir='ltr'>est</span> 
     </span>
     <span class='ocr_line' id='line_1_57' title="bbox 72 2607 1044 2651; baseline -0.001 -11"><span class='ocrx_word' id='word_1_370' title='bbox 72 2608 290 2649; x_wconf 87' lang='lat' dir='ltr'>pulcherrima</span> <span class='ocrx_word' id='word_1_371' title='bbox 313 2608 437 2651; x_wconf 82' lang='lat' dir='ltr'>politia.</span> <span class='ocrx_word' id='word_1_372' title='bbox 482 2608 524 2640; x_wconf 88' lang='lat' dir='ltr'>Et</span> <span class='ocrx_word' id='word_1_373' title='bbox 557 2617 745 2650; x_wconf 85' lang='lat' dir='ltr'>quanquam</span> <span class='ocrx_word' id='word_1_374' title='bbox 767 2607 963 2640; x_wconf 75' lang='lat' dir='ltr'>Monoi-chia</span> <span class='ocrx_word' id='word_1_375' title='bbox 991 2614 1044 2639; x_wconf 87' lang='lat' dir='ltr'>est</span> 
     </span>
    </p>
   </div>
   <div class='ocr_carea' id='block_1_14' title="bbox 228 2676 647 2696">
    <p class='ocr_par' dir='ltr' id='par_1_17' title="bbox 228 2676 647 2696">
     <span class='ocr_line' id='line_1_58' title="bbox 228 2676 647 2696; baseline 0.002 -1"><span class='ocrx_word' id='word_1_376' title='bbox 228 2676 365 2695; x_wconf 54' lang='lat' dir='ltr'>numi-*Tu</span> <span class='ocrx_word' id='word_1_377' title='bbox 391 2677 471 2696; x_wconf 65' lang='lat' dir='ltr'>ort-113.</span> <span class='ocrx_word' id='word_1_378' title='bbox 490 2677 551 2695; x_wconf 54' lang='grc' dir='ltr'>ΥΟΕ.</span> <span class='ocrx_word' id='word_1_379' title='bbox 569 2676 647 2696; x_wconf 64' lang='grc' dir='ltr'>ΧΧΙΥ,</span> 
     </span>
    </p>
   </div>
   <div class='ocr_carea' id='block_1_15' title="bbox 1059 521 1066 1029">
    <p class='ocr_par' dir='ltr' id='par_1_18' title="bbox 1059 521 1066 1029">
     <span class='ocr_line' id='line_1_59' title="bbox 1059 521 1066 1029; baseline 0 0"><span class='ocrx_word' id='word_1_380' title='bbox 1059 521 1066 1029; x_wconf 95' lang='lat' dir='ltr'> </span> 
     </span>
    </p>
   </div>
   <div class='ocr_carea' id='block_1_16' title="bbox 1083 379 2060 459">
    <p class='ocr_par' dir='ltr' id='par_1_19' title="bbox 1083 379 2060 459">
     <span class='ocr_line' id='line_1_60' title="bbox 1084 379 2060 418; baseline 0 -6"><span class='ocrx_word' id='word_1_381' title='bbox 1084 391 1149 413; x_wconf 81' lang='lat' dir='ltr'>reS.</span> <span class='ocrx_word' id='word_1_382' title='bbox 1199 381 1244 413; x_wconf 89' lang='lat' dir='ltr'>Ut</span> <span class='ocrx_word' id='word_1_383' title='bbox 1272 379 1395 411; x_wconf 88' lang='lat' dir='ltr'>Rector</span> <span class='ocrx_word' id='word_1_384' title='bbox 1423 380 1646 418; x_wconf 71' lang='lat' dir='ltr'>Academiae,</span> <span class='ocrx_word' id='word_1_385' title='bbox 1675 381 1724 411; x_wconf 76' lang='lat' dir='ltr'>sic</span> <span class='ocrx_word' id='word_1_386' title='bbox 1755 380 1831 412; x_wconf 83' lang='lat' dir='ltr'>Dux</span> <span class='ocrx_word' id='word_1_387' title='bbox 1858 380 2060 412; x_wconf 87' lang='lat' dir='ltr'>Venetorum</span> 
     </span>
     <span class='ocr_line' id='line_1_61' title="bbox 1083 423 2060 459; baseline 0 -4"><span class='ocrx_word' id='word_1_388' title='bbox 1083 423 1183 455; x_wconf 87' lang='lat' dir='ltr'>habet</span> <span class='ocrx_word' id='word_1_389' title='bbox 1205 425 1255 455; x_wconf 90' lang='lat' dir='ltr'>ius</span> <span class='ocrx_word' id='word_1_390' title='bbox 1279 423 1486 454; x_wconf 87' lang='lat' dir='ltr'>convocandi</span> <span class='ocrx_word' id='word_1_391' title='bbox 1504 423 1679 459; x_wconf 67' lang='lat' dir='ltr'>Senatum,</span> <span class='ocrx_word' id='word_1_392' title='bbox 1710 424 1768 454; x_wconf 79' lang='lat' dir='ltr'>sed</span> <span class='ocrx_word' id='word_1_393' title='bbox 1794 433 1859 454; x_wconf 90' lang='lat' dir='ltr'>non</span> <span class='ocrx_word' id='word_1_394' title='bbox 1891 423 2060 455; x_wconf 86' lang='lat' dir='ltr'>concludit</span> 
     </span>
    </p>
   </div>
   <div class='ocr_carea' id='block_1_17' title="bbox 1058 464 2060 504">
    <p class='ocr_par' dir='ltr' id='par_1_20' title="bbox 1058 464 2060 504">
     <span class='ocr_line' id='line_1_62' title="bbox 1058 464 2060 504; baseline -0.001 -6"><span class='ocrx_word' id='word_1_395' title='bbox 1058 475 1059 504; x_wconf 55' lang='grc' dir='ltr'>ξ</span> <span class='ocrx_word' id='word_1_396' title='bbox 1084 468 1156 498; x_wconf 88' lang='lat' dir='ltr'>sine</span> <span class='ocrx_word' id='word_1_397' title='bbox 1178 472 1306 498; x_wconf 82' lang='lat' dir='ltr'>senatu.</span> <span class='ocrx_word' id='word_1_398' title='bbox 1340 465 1401 497; x_wconf 89' lang='lat' dir='ltr'>Est</span> <span class='ocrx_word' id='word_1_399' title='bbox 1423 464 1480 496; x_wconf 90' lang='lat' dir='ltr'>illa</span> <span class='ocrx_word' id='word_1_400' title='bbox 1504 465 1724 496; x_wconf 83' lang='lat' dir='ltr'>Aristocratia</span> <span class='ocrx_word' id='word_1_401' title='bbox 1743 471 1859 497; x_wconf 86' lang='lat' dir='ltr'>ornata</span> <span class='ocrx_word' id='word_1_402' title='bbox 1882 467 2005 497; x_wconf 86' lang='lat' dir='ltr'>iustitia</span> <span class='ocrx_word' id='word_1_403' title='bbox 2029 472 2060 497; x_wconf 87' lang='lat' dir='ltr'>et</span> 
     </span>
    </p>
   </div>
   <div class='ocr_carea' id='block_1_18' title="bbox 1084 507 2075 1922">
    <p class='ocr_par' dir='ltr' id='par_1_21' title="bbox 1084 507 2063 756">
     <span class='ocr_line' id='line_1_63' title="bbox 1084 507 2061 553; baseline -0.002 -12"><span class='ocrx_word' id='word_1_404' title='bbox 1084 509 1229 553; x_wconf 83' lang='lat' dir='ltr'>legibus,</span> <span class='ocrx_word' id='word_1_405' title='bbox 1252 516 1283 540; x_wconf 92' lang='lat' dir='ltr'>et</span> <span class='ocrx_word' id='word_1_406' title='bbox 1306 509 1407 540; x_wconf 87' lang='lat' dir='ltr'>habet</span> <span class='ocrx_word' id='word_1_407' title='bbox 1429 514 1555 539; x_wconf 87' lang='lat' dir='ltr'>tantam</span> <span class='ocrx_word' id='word_1_408' title='bbox 1577 509 1756 549; x_wconf 84' lang='lat' dir='ltr'>potentiam</span> <span class='ocrx_word' id='word_1_409' title='bbox 1771 531 1779 545; x_wconf 95' lang='lat'>‚</span> <span class='ocrx_word' id='word_1_410' title='bbox 1801 515 1835 539; x_wconf 91' lang='lat' dir='ltr'>ut</span> <span class='ocrx_word' id='word_1_411' title='bbox 1857 510 1912 540; x_wconf 92' lang='lat' dir='ltr'>uni</span> <span class='ocrx_word' id='word_1_412' title='bbox 1936 516 1991 540; x_wconf 88' lang='lat' dir='ltr'>aut</span> <span class='ocrx_word' id='word_1_413' title='bbox 2016 507 2061 539; x_wconf 86' lang='lat' dir='ltr'>al-</span> 
     </span>
     <span class='ocr_line' id='line_1_64' title="bbox 1086 550 2063 595; baseline -0.002 -11"><span class='ocrx_word' id='word_1_414' title='bbox 1086 554 1147 584; x_wconf 86' lang='lat' dir='ltr'>teri</span> <span class='ocrx_word' id='word_1_415' title='bbox 1167 553 1238 595; x_wconf 81' lang='lat' dir='ltr'>regi</span> <span class='ocrx_word' id='word_1_416' title='bbox 1260 552 1368 593; x_wconf 82' lang='lat' dir='ltr'>possit</span> <span class='ocrx_word' id='word_1_417' title='bbox 1390 561 1466 583; x_wconf 87' lang='lat' dir='ltr'>esse</span> <span class='ocrx_word' id='word_1_418' title='bbox 1489 561 1560 592; x_wconf 86' lang='lat' dir='ltr'>par.</span> <span class='ocrx_word' id='word_1_419' title='bbox 1607 550 1710 582; x_wconf 84' lang='lat' dir='ltr'>Roma</span> <span class='ocrx_word' id='word_1_420' title='bbox 1734 550 1831 582; x_wconf 90' lang='lat' dir='ltr'>hodie</span> <span class='ocrx_word' id='word_1_421' title='bbox 1854 562 1921 582; x_wconf 86' lang='lat' dir='ltr'>non</span> <span class='ocrx_word' id='word_1_422' title='bbox 1944 558 1994 583; x_wconf 83' lang='lat' dir='ltr'>est</span> <span class='ocrx_word' id='word_1_423' title='bbox 2017 553 2063 583; x_wconf 82' lang='lat' dir='ltr'>ita</span> 
     </span>
     <span class='ocr_line' id='line_1_65' title="bbox 1087 592 2062 636; baseline -0.002 -9"><span class='ocrx_word' id='word_1_424' title='bbox 1087 596 1239 627; x_wconf 86' lang='lat' dir='ltr'>ordinata</span> <span class='ocrx_word' id='word_1_425' title='bbox 1261 594 1401 636; x_wconf 87' lang='lat' dir='ltr'>legibus.</span> <span class='ocrx_word' id='word_1_426' title='bbox 1447 594 1509 625; x_wconf 80' lang='lat' dir='ltr'>Est</span> <span class='ocrx_word' id='word_1_427' title='bbox 1530 593 1574 625; x_wconf 92' lang='lat' dir='ltr'>ibi</span> <span class='ocrx_word' id='word_1_428' title='bbox 1597 592 1748 624; x_wconf 85' lang='lat' dir='ltr'>confusio</span> <span class='ocrx_word' id='word_1_429' title='bbox 1777 603 1916 635; x_wconf 83' lang='lat' dir='ltr'>magna,</span> <span class='ocrx_word' id='word_1_430' title='bbox 1945 601 1977 625; x_wconf 86' lang='lat' dir='ltr'>et</span> <span class='ocrx_word' id='word_1_431' title='bbox 2013 600 2062 636; x_wconf 82' lang='lat' dir='ltr'>ty-</span> 
     </span>
     <span class='ocr_line' id='line_1_66' title="bbox 1086 636 2063 675; baseline -0.002 -6"><span class='ocrx_word' id='word_1_432' title='bbox 1086 640 1210 670; x_wconf 88' lang='lat' dir='ltr'>rannis.</span> <span class='ocrx_word' id='word_1_433' title='bbox 1255 637 1350 669; x_wconf 86' lang='lat' dir='ltr'>Aliae</span> <span class='ocrx_word' id='word_1_434' title='bbox 1384 637 1532 669; x_wconf 76' lang='lat' dir='ltr'>civitates</span> <span class='ocrx_word' id='word_1_435' title='bbox 1562 636 1694 674; x_wconf 83' lang='lat' dir='ltr'>ltaliae,</span> <span class='ocrx_word' id='word_1_436' title='bbox 1723 642 1757 668; x_wconf 87' lang='lat' dir='ltr'>ut</span> <span class='ocrx_word' id='word_1_437' title='bbox 1780 636 1966 675; x_wconf 85' lang='lat' dir='ltr'>Florentia,</span> <span class='ocrx_word' id='word_1_438' title='bbox 1995 637 2063 668; x_wconf 85' lang='lat' dir='ltr'>Me-</span> 
     </span>
     <span class='ocr_line' id='line_1_67' title="bbox 1087 680 2062 720; baseline -0.003 -7"><span class='ocrx_word' id='word_1_439' title='bbox 1087 680 1265 719; x_wconf 89' lang='lat' dir='ltr'>diolanum,</span> <span class='ocrx_word' id='word_1_440' title='bbox 1280 681 1407 719; x_wconf 85' lang='lat' dir='ltr'>Genua,</span> <span class='ocrx_word' id='word_1_441' title='bbox 1429 685 1506 712; x_wconf 87' lang='lat' dir='ltr'>sunt</span> <span class='ocrx_word' id='word_1_442' title='bbox 1519 689 1703 720; x_wconf 75' lang='lat' dir='ltr'>oppressae</span> <span class='ocrx_word' id='word_1_443' title='bbox 1715 680 1887 717; x_wconf 79' lang='lat' dir='ltr'>servitute,</span> <span class='ocrx_word' id='word_1_444' title='bbox 1912 686 2062 711; x_wconf 84' lang='lat' dir='ltr'>nonsunt</span> 
     </span>
     <span class='ocr_line' id='line_1_68' title="bbox 1088 724 1338 756; baseline -0.004 -1"><span class='ocrx_word' id='word_1_445' title='bbox 1088 724 1338 756; x_wconf 86' lang='lat' dir='ltr'>Aristocratiae.</span> 
     </span>
    </p>

    <p class='ocr_par' dir='ltr' id='par_1_22' title="bbox 1089 763 2069 1236">
     <span class='ocr_line' id='line_1_69' title="bbox 1174 763 2063 808; baseline -0.003 -10"><span class='ocrx_word' id='word_1_446' title='bbox 1174 766 1241 798; x_wconf 87' lang='lat' dir='ltr'>lam</span> <span class='ocrx_word' id='word_1_447' title='bbox 1269 775 1412 808; x_wconf 85' lang='lat' dir='ltr'>quaero,</span> <span class='ocrx_word' id='word_1_448' title='bbox 1449 771 1522 797; x_wconf 90' lang='lat' dir='ltr'>uter</span> <span class='ocrx_word' id='word_1_449' title='bbox 1555 771 1662 797; x_wconf 84' lang='lat' dir='ltr'>status</span> <span class='ocrx_word' id='word_1_450' title='bbox 1687 765 1744 795; x_wconf 90' lang='lat' dir='ltr'>tibi</span> <span class='ocrx_word' id='word_1_451' title='bbox 1768 765 1874 806; x_wconf 80' lang='lat' dir='ltr'>magis</span> <span class='ocrx_word' id='word_1_452' title='bbox 1902 763 2063 805; x_wconf 83' lang='lat' dir='ltr'>placeret,</span> 
     </span>
     <span class='ocr_line' id='line_1_70' title="bbox 1089 806 2065 850; baseline -0.003 -9"><span class='ocrx_word' id='word_1_453' title='bbox 1089 815 1195 841; x_wconf 84' lang='lat' dir='ltr'>status</span> <span class='ocrx_word' id='word_1_454' title='bbox 1219 810 1313 850; x_wconf 74' lang='lat' dir='ltr'>parvi</span> <span class='ocrx_word' id='word_1_455' title='bbox 1336 806 1474 840; x_wconf 83' lang='lat' dir='ltr'>alicuius</span> <span class='ocrx_word' id='word_1_456' title='bbox 1498 809 1620 849; x_wconf 87' lang='lat' dir='ltr'>oppidi,</span> <span class='ocrx_word' id='word_1_457' title='bbox 1644 808 1794 839; x_wconf 86' lang='lat' dir='ltr'>florentis</span> <span class='ocrx_word' id='word_1_458' title='bbox 1817 807 1969 839; x_wconf 86' lang='lat' dir='ltr'>doctrina</span> <span class='ocrx_word' id='word_1_459' title='bbox 1991 817 2065 838; x_wconf 87' lang='lat' dir='ltr'>coe-</span> 
     </span>
     <span class='ocr_line' id='line_1_71' title="bbox 1092 849 2066 893; baseline -0.002 -10"><span class='ocrx_word' id='word_1_460' title='bbox 1092 852 1182 890; x_wconf 86' lang='lat' dir='ltr'>lesti,</span> <span class='ocrx_word' id='word_1_461' title='bbox 1207 858 1241 883; x_wconf 91' lang='lat' dir='ltr'>et</span> <span class='ocrx_word' id='word_1_462' title='bbox 1263 852 1419 884; x_wconf 90' lang='lat' dir='ltr'>mediocri</span> <span class='ocrx_word' id='word_1_463' title='bbox 1442 852 1602 893; x_wconf 79' lang='lat' dir='ltr'>regimine</span> <span class='ocrx_word' id='word_1_464' title='bbox 1621 850 1776 892; x_wconf 87' lang='lat' dir='ltr'>politico,</span> <span class='ocrx_word' id='word_1_465' title='bbox 1796 861 1838 881; x_wconf 85' lang='lat' dir='ltr'>an</span> <span class='ocrx_word' id='word_1_466' title='bbox 1859 860 1938 881; x_wconf 81' lang='lat' dir='ltr'>vero</span> <span class='ocrx_word' id='word_1_467' title='bbox 1957 849 2066 881; x_wconf 90' lang='lat' dir='ltr'>Vene-</span> 
     </span>
     <span class='ocr_line' id='line_1_72' title="bbox 1090 892 2066 935; baseline -0.004 -8"><span class='ocrx_word' id='word_1_468' title='bbox 1090 895 1230 927; x_wconf 61' lang='lat' dir='ltr'>tiarum‘?</span> <span class='ocrx_word' id='word_1_469' title='bbox 1273 895 1318 926; x_wconf 89' lang='lat' dir='ltr'>Ut</span> <span class='ocrx_word' id='word_1_470' title='bbox 1341 895 1370 925; x_wconf 88' lang='lat' dir='ltr'>si</span> <span class='ocrx_word' id='word_1_471' title='bbox 1393 895 1578 935; x_wconf 84' lang='lat' dir='ltr'>cogitemus</span> <span class='ocrx_word' id='word_1_472' title='bbox 1602 895 1643 925; x_wconf 91' lang='lat' dir='ltr'>de</span> <span class='ocrx_word' id='word_1_473' title='bbox 1665 895 1773 925; x_wconf 89' lang='lat' dir='ltr'>vicino</span> <span class='ocrx_word' id='word_1_474' title='bbox 1797 893 1918 934; x_wconf 87' lang='lat' dir='ltr'>oppido</span> <span class='ocrx_word' id='word_1_475' title='bbox 1942 892 2066 925; x_wconf 92' lang='lat' dir='ltr'>Schmi-</span> 
     </span>
     <span class='ocr_line' id='line_1_73' title="bbox 1090 935 2066 979; baseline -0.003 -10"><span class='ocrx_word' id='word_1_476' title='bbox 1090 939 1234 979; x_wconf 83' lang='lat' dir='ltr'>deberg,</span> <span class='ocrx_word' id='word_1_477' title='bbox 1263 937 1352 979; x_wconf 90' lang='lat' dir='ltr'>quod</span> <span class='ocrx_word' id='word_1_478' title='bbox 1375 944 1426 969; x_wconf 87' lang='lat' dir='ltr'>est</span> <span class='ocrx_word' id='word_1_479' title='bbox 1450 938 1604 978; x_wconf 87' lang='lat' dir='ltr'>oppidum</span> <span class='ocrx_word' id='word_1_480' title='bbox 1634 936 1790 977; x_wconf 75' lang='lat' dir='ltr'>pusillum</span> <span class='ocrx_word' id='word_1_481' title='bbox 1820 936 1968 977; x_wconf 88' lang='lat' dir='ltr'>quidem,</span> <span class='ocrx_word' id='word_1_482' title='bbox 2006 935 2066 966; x_wconf 89' lang='lat' dir='ltr'>sed</span> 
     </span>
     <span class='ocr_line' id='line_1_74' title="bbox 1090 979 2065 1022; baseline -0.003 -10"><span class='ocrx_word' id='word_1_483' title='bbox 1090 988 1199 1012; x_wconf 89' lang='lat' dir='ltr'>tamen</span> <span class='ocrx_word' id='word_1_484' title='bbox 1222 981 1254 1011; x_wconf 93' lang='lat' dir='ltr'>in</span> <span class='ocrx_word' id='word_1_485' title='bbox 1279 991 1344 1022; x_wconf 92' lang='lat' dir='ltr'>quo</span> <span class='ocrx_word' id='word_1_486' title='bbox 1375 985 1426 1011; x_wconf 85' lang='lat' dir='ltr'>est</span> <span class='ocrx_word' id='word_1_487' title='bbox 1449 979 1618 1018; x_wconf 86' lang='lat' dir='ltr'>Ecclesia,</span> <span class='ocrx_word' id='word_1_488' title='bbox 1651 986 1742 1011; x_wconf 85' lang='lat' dir='ltr'>recte</span> <span class='ocrx_word' id='word_1_489' title='bbox 1770 980 1895 1010; x_wconf 81' lang='lat' dir='ltr'>docens</span> <span class='ocrx_word' id='word_1_490' title='bbox 1920 985 1950 1010; x_wconf 87' lang='lat' dir='ltr'>et</span> <span class='ocrx_word' id='word_1_491' title='bbox 1974 979 2065 1009; x_wconf 91' lang='lat' dir='ltr'>invo—</span> 
     </span>
     <span class='ocr_line' id='line_1_75' title="bbox 1090 1021 2068 1064; baseline -0.004 -8"><span class='ocrx_word' id='word_1_492' title='bbox 1090 1034 1170 1056; x_wconf 88' lang='lat' dir='ltr'>cans</span> <span class='ocrx_word' id='word_1_493' title='bbox 1189 1023 1310 1062; x_wconf 90' lang='lat' dir='ltr'>Deum,</span> <span class='ocrx_word' id='word_1_494' title='bbox 1332 1033 1394 1054; x_wconf 90' lang='lat' dir='ltr'>nec</span> <span class='ocrx_word' id='word_1_495' title='bbox 1418 1022 1549 1064; x_wconf 90' lang='lat' dir='ltr'>publice</span> <span class='ocrx_word' id='word_1_496' title='bbox 1572 1021 1745 1054; x_wconf 83' lang='lat' dir='ltr'>stabiliens</span> <span class='ocrx_word' id='word_1_497' title='bbox 1769 1021 1867 1059; x_wconf 89' lang='lat' dir='ltr'>idola,</span> <span class='ocrx_word' id='word_1_498' title='bbox 1887 1028 1922 1053; x_wconf 91' lang='lat' dir='ltr'>ut</span> <span class='ocrx_word' id='word_1_499' title='bbox 1945 1021 1981 1052; x_wconf 86' lang='lat' dir='ltr'>fit</span> <span class='ocrx_word' id='word_1_500' title='bbox 2003 1021 2068 1052; x_wconf 93' lang='lat' dir='ltr'>Ve-</span> 
     </span>
     <span class='ocr_line' id='line_1_76' title="bbox 1089 1065 2069 1106; baseline -0.003 -9"><span class='ocrx_word' id='word_1_501' title='bbox 1089 1067 1196 1098; x_wconf 87' lang='lat' dir='ltr'>netiis.</span> <span class='ocrx_word' id='word_1_502' title='bbox 1249 1065 1321 1097; x_wconf 79' lang='lat' dir='ltr'>Etsi</span> <span class='ocrx_word' id='word_1_503' title='bbox 1350 1067 1437 1097; x_wconf 91' lang='lat' dir='ltr'>enim</span> <span class='ocrx_word' id='word_1_504' title='bbox 1466 1067 1498 1096; x_wconf 92' lang='lat' dir='ltr'>in</span> <span class='ocrx_word' id='word_1_505' title='bbox 1536 1067 1619 1097; x_wconf 89' lang='lat' dir='ltr'>urbe</span> <span class='ocrx_word' id='word_1_506' title='bbox 1654 1065 1780 1097; x_wconf 88' lang='lat' dir='ltr'>Veneta</span> <span class='ocrx_word' id='word_1_507' title='bbox 1817 1075 1948 1106; x_wconf 89' lang='lat' dir='ltr'>quoque</span> <span class='ocrx_word' id='word_1_508' title='bbox 1992 1070 2069 1095; x_wconf 86' lang='lat' dir='ltr'>sunt</span> 
     </span>
     <span class='ocr_line' id='line_1_77' title="bbox 1089 1105 2069 1149; baseline -0.003 -9"><span class='ocrx_word' id='word_1_509' title='bbox 1089 1109 1240 1141; x_wconf 90' lang='lat' dir='ltr'>homines</span> <span class='ocrx_word' id='word_1_510' title='bbox 1264 1115 1354 1140; x_wconf 88' lang='lat' dir='ltr'>recte</span> <span class='ocrx_word' id='word_1_511' title='bbox 1378 1109 1569 1147; x_wconf 79' lang='lat' dir='ltr'>sentientes,</span> <span class='ocrx_word' id='word_1_512' title='bbox 1592 1116 1700 1139; x_wconf 88' lang='lat' dir='ltr'>tamen</span> <span class='ocrx_word' id='word_1_513' title='bbox 1714 1107 1847 1149; x_wconf 85' lang='lat' dir='ltr'>publice</span> <span class='ocrx_word' id='word_1_514' title='bbox 1860 1105 2069 1138; x_wconf 83' lang='lat' dir='ltr'>stabiliuntur</span> 
     </span>
     <span class='ocr_line' id='line_1_78' title="bbox 1091 1150 2068 1191; baseline -0.003 -8"><span class='ocrx_word' id='word_1_515' title='bbox 1091 1152 1182 1184; x_wconf 89' lang='lat' dir='ltr'>idola</span> <span class='ocrx_word' id='word_1_516' title='bbox 1206 1158 1236 1183; x_wconf 84' lang='lat' dir='ltr'>et</span> <span class='ocrx_word' id='word_1_517' title='bbox 1261 1150 1438 1182; x_wconf 87' lang='lat' dir='ltr'>horribiles</span> <span class='ocrx_word' id='word_1_518' title='bbox 1452 1150 1666 1183; x_wconf 81' lang='lat' dir='ltr'>confusiones</span> <span class='ocrx_word' id='word_1_519' title='bbox 1680 1152 1882 1191; x_wconf 81' lang='lat' dir='ltr'>dogmatum,</span> <span class='ocrx_word' id='word_1_520' title='bbox 1907 1150 1947 1180; x_wconf 90' lang='lat' dir='ltr'>Et</span> <span class='ocrx_word' id='word_1_521' title='bbox 1971 1151 2068 1180; x_wconf 89' lang='lat' dir='ltr'>inter-</span> 
     </span>
     <span class='ocr_line' id='line_1_79' title="bbox 1090 1193 1939 1236; baseline -0.004 -10"><span class='ocrx_word' id='word_1_522' title='bbox 1090 1195 1244 1227; x_wconf 90' lang='lat' dir='ltr'>ficiuntur</span> <span class='ocrx_word' id='word_1_523' title='bbox 1266 1196 1307 1226; x_wconf 90' lang='lat' dir='ltr'>ab</span> <span class='ocrx_word' id='word_1_524' title='bbox 1326 1195 1575 1236; x_wconf 86' lang='lat' dir='ltr'>inquisitoribus</span> <span class='ocrx_word' id='word_1_525' title='bbox 1598 1193 1690 1226; x_wconf 90' lang='lat' dir='ltr'>multi</span> <span class='ocrx_word' id='word_1_526' title='bbox 1713 1195 1755 1234; x_wconf 84' lang='lat' dir='ltr'>pii</span> <span class='ocrx_word' id='word_1_527' title='bbox 1779 1193 1939 1224; x_wconf 86' lang='lat' dir='ltr'>homines.</span> 
     </span>
    </p>

    <p class='ocr_par' dir='ltr' id='par_1_23' title="bbox 1090 1234 2075 1749">
     <span class='ocr_line' id='line_1_80' title="bbox 1178 1234 2070 1279; baseline -0.004 -10"><span class='ocrx_word' id='word_1_528' title='bbox 1178 1237 1235 1269; x_wconf 90' lang='lat' dir='ltr'>Sic</span> <span class='ocrx_word' id='word_1_529' title='bbox 1259 1236 1402 1269; x_wconf 87' lang='lat' dir='ltr'>Colonia</span> <span class='ocrx_word' id='word_1_530' title='bbox 1424 1238 1608 1279; x_wconf 82' lang='lat' dir='ltr'>Agrippina</span> <span class='ocrx_word' id='word_1_531' title='bbox 1631 1243 1684 1268; x_wconf 76' lang='lat' dir='ltr'>est</span> <span class='ocrx_word' id='word_1_532' title='bbox 1716 1238 1797 1268; x_wconf 88' lang='lat' dir='ltr'>urbs</span> <span class='ocrx_word' id='word_1_533' title='bbox 1822 1235 1930 1277; x_wconf 86' lang='lat' dir='ltr'>ampla</span> <span class='ocrx_word' id='word_1_534' title='bbox 1966 1243 1999 1266; x_wconf 89' lang='lat' dir='ltr'>et</span> <span class='ocrx_word' id='word_1_535' title='bbox 2022 1234 2070 1266; x_wconf 90' lang='lat' dir='ltr'>lo-</span> 
     </span>
     <span class='ocr_line' id='line_1_81' title="bbox 1092 1279 2069 1323; baseline -0.005 -10"><span class='ocrx_word' id='word_1_536' title='bbox 1092 1279 1227 1323; x_wconf 86' lang='lat' dir='ltr'>cuples,</span> <span class='ocrx_word' id='word_1_537' title='bbox 1260 1281 1321 1312; x_wconf 86' lang='lat' dir='ltr'>sed</span> <span class='ocrx_word' id='word_1_538' title='bbox 1352 1286 1404 1311; x_wconf 89' lang='lat' dir='ltr'>est</span> <span class='ocrx_word' id='word_1_539' title='bbox 1432 1282 1475 1311; x_wconf 90' lang='lat' dir='ltr'>ibi</span> <span class='ocrx_word' id='word_1_540' title='bbox 1506 1281 1694 1321; x_wconf 90' lang='lat' dir='ltr'>persecutio</span> <span class='ocrx_word' id='word_1_541' title='bbox 1724 1281 1887 1311; x_wconf 85' lang='lat' dir='ltr'>adversus</span> <span class='ocrx_word' id='word_1_542' title='bbox 1920 1284 2069 1315; x_wconf 67' lang='lat' dir='ltr'>sanctos»,</span> 
     </span>
     <span class='ocr_line' id='line_1_82' title="bbox 1091 1320 2069 1365; baseline -0.004 -10"><span class='ocrx_word' id='word_1_543' title='bbox 1091 1330 1123 1355; x_wconf 87' lang='lat' dir='ltr'>et</span> <span class='ocrx_word' id='word_1_544' title='bbox 1147 1322 1300 1355; x_wconf 87' lang='lat' dir='ltr'>defensio</span> <span class='ocrx_word' id='word_1_545' title='bbox 1312 1323 1448 1365; x_wconf 87' lang='lat' dir='ltr'>publica</span> <span class='ocrx_word' id='word_1_546' title='bbox 1466 1322 1751 1355; x_wconf 87' lang='lat' dir='ltr'>idololatricorum</span> <span class='ocrx_word' id='word_1_547' title='bbox 1766 1321 1924 1359; x_wconf 85' lang='lat' dir='ltr'>cultuum,</span> <span class='ocrx_word' id='word_1_548' title='bbox 1947 1327 1982 1352; x_wconf 92' lang='lat' dir='ltr'>ut</span> <span class='ocrx_word' id='word_1_549' title='bbox 2005 1320 2069 1352; x_wconf 90' lang='lat' dir='ltr'>hoc</span> 
     </span>
     <span class='ocr_line' id='line_1_83' title="bbox 1090 1363 2072 1408; baseline -0.003 -11"><span class='ocrx_word' id='word_1_550' title='bbox 1090 1368 1164 1408; x_wconf 91' lang='lat' dir='ltr'>ipso</span> <span class='ocrx_word' id='word_1_551' title='bbox 1189 1367 1259 1405; x_wconf 90' lang='lat' dir='ltr'>die,</span> <span class='ocrx_word' id='word_1_552' title='bbox 1290 1372 1448 1407; x_wconf 89' lang='lat' dir='ltr'>quantum</span> <span class='ocrx_word' id='word_1_553' title='bbox 1472 1373 1522 1397; x_wconf 84' lang='lat' dir='ltr'>est</span> <span class='ocrx_word' id='word_1_554' title='bbox 1552 1367 1595 1397; x_wconf 91' lang='lat' dir='ltr'>ibi</span> <span class='ocrx_word' id='word_1_555' title='bbox 1624 1366 1823 1407; x_wconf 70' lang='lat' dir='ltr'>impietatis?</span> <span class='ocrx_word' id='word_1_556' title='bbox 1869 1363 2072 1401; x_wconf 88' lang='lat' dir='ltr'>Gloriantur,</span> 
     </span>
     <span class='ocr_line' id='line_1_84' title="bbox 1092 1406 2071 1451; baseline -0.004 -10"><span class='ocrx_word' id='word_1_557' title='bbox 1092 1419 1235 1449; x_wconf 88' lang='lat' dir='ltr'>corpora</span> <span class='ocrx_word' id='word_1_558' title='bbox 1267 1408 1443 1451; x_wconf 76' lang='lat' dir='ltr'>Magorum</span> <span class='ocrx_word' id='word_1_559' title='bbox 1477 1419 1518 1440; x_wconf 87' lang='lat' dir='ltr'>ex</span> <span class='ocrx_word' id='word_1_560' title='bbox 1551 1408 1685 1440; x_wconf 87' lang='lat' dir='ltr'>Parthia</span> <span class='ocrx_word' id='word_1_561' title='bbox 1719 1406 1960 1445; x_wconf 81' lang='lat' dir='ltr'>Mediolanum,</span> <span class='ocrx_word' id='word_1_562' title='bbox 1995 1406 2071 1437; x_wconf 89' lang='lat' dir='ltr'>inde</span> 
     </span>
     <span class='ocr_line' id='line_1_85' title="bbox 1092 1449 2072 1492; baseline -0.004 -9"><span class='ocrx_word' id='word_1_563' title='bbox 1092 1451 1265 1483; x_wconf 85' lang='lat' dir='ltr'>Coloniam</span> <span class='ocrx_word' id='word_1_564' title='bbox 1290 1462 1368 1482; x_wconf 87' lang='lat' dir='ltr'>esse</span> <span class='ocrx_word' id='word_1_565' title='bbox 1392 1451 1572 1490; x_wconf 80' lang='lat' dir='ltr'>translata,</span> <span class='ocrx_word' id='word_1_566' title='bbox 1602 1457 1634 1483; x_wconf 87' lang='lat' dir='ltr'>et</span> <span class='ocrx_word' id='word_1_567' title='bbox 1664 1457 1835 1492; x_wconf 78' lang='lat' dir='ltr'>praetextu</span> <span class='ocrx_word' id='word_1_568' title='bbox 1860 1449 1976 1481; x_wconf 89' lang='lat' dir='ltr'>horum</span> <span class='ocrx_word' id='word_1_569' title='bbox 2000 1459 2072 1480; x_wconf 90' lang='lat' dir='ltr'>cor-</span> 
     </span>
     <span class='ocr_line' id='line_1_86' title="bbox 1091 1492 2072 1535; baseline -0.003 -10"><span class='ocrx_word' id='word_1_570' title='bbox 1091 1505 1208 1535; x_wconf 88' lang='lat' dir='ltr'>porum</span> <span class='ocrx_word' id='word_1_571' title='bbox 1222 1501 1379 1525; x_wconf 79' lang='lat' dir='ltr'>exercent</span> <span class='ocrx_word' id='word_1_572' title='bbox 1400 1504 1553 1535; x_wconf 85' lang='lat' dir='ltr'>magnam</span> <span class='ocrx_word' id='word_1_573' title='bbox 1577 1493 1806 1530; x_wconf 68' lang='lat' dir='ltr'>idololatriam,</span> <span class='ocrx_word' id='word_1_574' title='bbox 1831 1492 1864 1523; x_wconf 79' lang='lat' dir='ltr'>tit</span> <span class='ocrx_word' id='word_1_575' title='bbox 1889 1501 2072 1523; x_wconf 76' lang='lat' dir='ltr'>concursus</span> 
     </span>
     <span class='ocr_line' id='line_1_87' title="bbox 1092 1535 2071 1577; baseline -0.004 -9"><span class='ocrx_word' id='word_1_576' title='bbox 1092 1537 1261 1568; x_wconf 87' lang='lat' dir='ltr'>hominum</span> <span class='ocrx_word' id='word_1_577' title='bbox 1284 1537 1602 1577; x_wconf 74' lang='lat' dir='ltr'>superstitiosorum,</span> <span class='ocrx_word' id='word_1_578' title='bbox 1625 1543 1657 1568; x_wconf 89' lang='lat' dir='ltr'>et</span> <span class='ocrx_word' id='word_1_579' title='bbox 1670 1537 1836 1567; x_wconf 78' lang='lat' dir='ltr'>invocatio</span> <span class='ocrx_word' id='word_1_580' title='bbox 1850 1535 2071 1566; x_wconf 71' lang='lat' dir='ltr'>idololatrica.</span> 
     </span>
     <span class='ocr_line' id='line_1_88' title="bbox 1092 1576 2074 1621; baseline -0.002 -11"><span class='ocrx_word' id='word_1_581' title='bbox 1092 1579 1137 1611; x_wconf 86' lang='lat' dir='ltr'>At</span> <span class='ocrx_word' id='word_1_582' title='bbox 1160 1579 1383 1621; x_wconf 38' lang='lat' dir='ltr'>”hueber-ga,</span> <span class='ocrx_word' id='word_1_583' title='bbox 1408 1585 1465 1611; x_wconf 88' lang='lat' dir='ltr'>aut</span> <span class='ocrx_word' id='word_1_584' title='bbox 1487 1578 1576 1611; x_wconf 92' lang='lat' dir='ltr'>aliud</span> <span class='ocrx_word' id='word_1_585' title='bbox 1604 1579 1777 1620; x_wconf 81' lang='lat' dir='ltr'>oppidum,</span> <span class='ocrx_word' id='word_1_586' title='bbox 1806 1579 1861 1610; x_wconf 91' lang='lat' dir='ltr'>ubi</span> <span class='ocrx_word' id='word_1_587' title='bbox 1885 1584 1937 1610; x_wconf 81' lang='lat' dir='ltr'>est</span> <span class='ocrx_word' id='word_1_588' title='bbox 1958 1576 2074 1609; x_wconf 90' lang='lat' dir='ltr'>Eccle-</span> 
     </span>
     <span class='ocr_line' id='line_1_89' title="bbox 1093 1619 2075 1660; baseline 0 -9"><span class='ocrx_word' id='word_1_589' title='bbox 1093 1623 1143 1653; x_wconf 77' lang='lat' dir='ltr'>sia</span> <span class='ocrx_word' id='word_1_590' title='bbox 1178 1623 1409 1660; x_wconf 79' lang='lat' dir='ltr'>consentiens,</span> <span class='ocrx_word' id='word_1_591' title='bbox 1444 1627 1477 1652; x_wconf 78' lang='lat' dir='ltr'>et</span> <span class='ocrx_word' id='word_1_592' title='bbox 1504 1633 1570 1653; x_wconf 92' lang='lat' dir='ltr'>non</span> <span class='ocrx_word' id='word_1_593' title='bbox 1600 1622 1812 1653; x_wconf 79' lang='lat' dir='ltr'>stabiliuntur</span> <span class='ocrx_word' id='word_1_594' title='bbox 1840 1619 1945 1657; x_wconf 79' lang='lat' dir='ltr'>idola,</span> <span class='ocrx_word' id='word_1_595' title='bbox 1972 1619 2075 1651; x_wconf 87' lang='lat' dir='ltr'>multo</span> 
     </span>
     <span class='ocr_line' id='line_1_90' title="bbox 1093 1662 2074 1706; baseline -0.002 -10"><span class='ocrx_word' id='word_1_596' title='bbox 1093 1671 1145 1696; x_wconf 78' lang='lat' dir='ltr'>est</span> <span class='ocrx_word' id='word_1_597' title='bbox 1167 1664 1337 1706; x_wconf 86' lang='lat' dir='ltr'>pulchrior</span> <span class='ocrx_word' id='word_1_598' title='bbox 1360 1666 1489 1702; x_wconf 78' lang='lat' dir='ltr'>civitas,</span> <span class='ocrx_word' id='word_1_599' title='bbox 1512 1666 1587 1706; x_wconf 89' lang='lat' dir='ltr'>quia</span> <span class='ocrx_word' id='word_1_600' title='bbox 1610 1664 1709 1695; x_wconf 82' lang='lat' dir='ltr'>hahet.</span> <span class='ocrx_word' id='word_1_601' title='bbox 1733 1674 1892 1695; x_wconf 76' lang='lat' dir='ltr'>summum</span> <span class='ocrx_word' id='word_1_602' title='bbox 1915 1662 1996 1695; x_wconf 89' lang='lat' dir='ltr'>illud</span> <span class='ocrx_word' id='word_1_603' title='bbox 2021 1663 2074 1694; x_wconf 87' lang='lat' dir='ltr'>de-</span> 
     </span>
     <span class='ocr_line' id='line_1_91' title="bbox 1094 1706 2025 1749; baseline -0.002 -10"><span class='ocrx_word' id='word_1_604' title='bbox 1094 1718 1153 1740; x_wconf 73' lang='lat' dir='ltr'>cus</span> <span class='ocrx_word' id='word_1_605' title='bbox 1176 1714 1312 1749; x_wconf 87' lang='lat' dir='ltr'>propter</span> <span class='ocrx_word' id='word_1_606' title='bbox 1335 1708 1424 1749; x_wconf 89' lang='lat' dir='ltr'>quod</span> <span class='ocrx_word' id='word_1_607' title='bbox 1447 1706 1701 1738; x_wconf 88' lang='lat' dir='ltr'>celebrationem</span> <span class='ocrx_word' id='word_1_608' title='bbox 1725 1713 1891 1738; x_wconf 90' lang='lat' dir='ltr'>merentur</span> <span class='ocrx_word' id='word_1_609' title='bbox 1914 1708 2025 1737; x_wconf 82' lang='lat' dir='ltr'>urbes.</span> 
     </span>
    </p>

    <p class='ocr_par' dir='ltr' id='par_1_24' title="bbox 1095 1748 2074 1922">
     <span class='ocr_line' id='line_1_92' title="bbox 1182 1748 2074 1792; baseline -0.002 -11"><span class='ocrx_word' id='word_1_610' title='bbox 1182 1750 1229 1781; x_wconf 90' lang='lat' dir='ltr'>lta</span> <span class='ocrx_word' id='word_1_611' title='bbox 1254 1751 1354 1781; x_wconf 88' lang='lat' dir='ltr'>credo</span> <span class='ocrx_word' id='word_1_612' title='bbox 1378 1750 1626 1792; x_wconf 81' lang='lat' dir='ltr'>Evangelistam</span> <span class='ocrx_word' id='word_1_613' title='bbox 1650 1761 1691 1781; x_wconf 76' lang='lat' dir='ltr'>ex</span> <span class='ocrx_word' id='word_1_614' title='bbox 1714 1748 1838 1780; x_wconf 83' lang='lat' dir='ltr'>laetitia</span> <span class='ocrx_word' id='word_1_615' title='bbox 1868 1750 2003 1790; x_wconf 80' lang='lat' dir='ltr'>spiritus</span> <span class='ocrx_word' id='word_1_616' title='bbox 2027 1749 2074 1779; x_wconf 90' lang='lat' dir='ltr'>in—</span> 
     </span>
     <span class='ocr_line' id='line_1_93' title="bbox 1095 1791 2071 1834; baseline -0.003 -10"><span class='ocrx_word' id='word_1_617' title='bbox 1095 1794 1244 1824; x_wconf 83' lang='lat' dir='ltr'>seruisse</span> <span class='ocrx_word' id='word_1_618' title='bbox 1267 1794 1493 1834; x_wconf 76' lang='lat' dir='ltr'>negationem:</span> <span class='ocrx_word' id='word_1_619' title='bbox 1516 1795 1721 1833; x_wconf 79' lang='lat' dir='ltr'>Nequaquam</span> <span class='ocrx_word' id='word_1_620' title='bbox 1744 1803 1779 1824; x_wconf 76' lang='lat' dir='ltr'>es</span> <span class='ocrx_word' id='word_1_621' title='bbox 1801 1793 1952 1830; x_wconf 71' lang='lat' dir='ltr'>minima,</span> <span class='ocrx_word' id='word_1_622' title='bbox 1975 1791 2071 1833; x_wconf 81' lang='lat' dir='ltr'>quasi</span> 
     </span>
     <span class='ocr_line' id='line_1_94' title="bbox 1095 1835 2072 1877; baseline -0.001 -11"><span class='ocrx_word' id='word_1_623' title='bbox 1095 1837 1194 1875; x_wconf 91' lang='lat' dir='ltr'>dicat,</span> <span class='ocrx_word' id='word_1_624' title='bbox 1217 1835 1414 1867; x_wconf 90' lang='lat' dir='ltr'>Bethlehem</span> <span class='ocrx_word' id='word_1_625' title='bbox 1437 1846 1579 1877; x_wconf 88' lang='lat' dir='ltr'>corpore</span> <span class='ocrx_word' id='word_1_626' title='bbox 1601 1842 1653 1867; x_wconf 85' lang='lat' dir='ltr'>est</span> <span class='ocrx_word' id='word_1_627' title='bbox 1665 1845 1779 1877; x_wconf 86' lang='lat' dir='ltr'>parva,</span> <span class='ocrx_word' id='word_1_628' title='bbox 1801 1835 1861 1866; x_wconf 86' lang='lat' dir='ltr'>sed</span> <span class='ocrx_word' id='word_1_629' title='bbox 1886 1841 1938 1865; x_wconf 87' lang='lat' dir='ltr'>est</span> <span class='ocrx_word' id='word_1_630' title='bbox 1951 1844 2072 1877; x_wconf 79' lang='lat' dir='ltr'>magna</span> 
     </span>
     <span class='ocr_line' id='line_1_95' title="bbox 1096 1878 2038 1922; baseline -0.002 -12"><span class='ocrx_word' id='word_1_631' title='bbox 1096 1879 1192 1910; x_wconf 88' lang='lat' dir='ltr'>donis</span> <span class='ocrx_word' id='word_1_632' title='bbox 1216 1879 1357 1917; x_wconf 78' lang='lat' dir='ltr'>divinis,</span> <span class='ocrx_word' id='word_1_633' title='bbox 1380 1885 1412 1911; x_wconf 90' lang='lat' dir='ltr'>et</span> <span class='ocrx_word' id='word_1_634' title='bbox 1431 1880 1493 1910; x_wconf 87' lang='lat' dir='ltr'>erit</span> <span class='ocrx_word' id='word_1_635' title='bbox 1515 1878 1664 1922; x_wconf 82' lang='lat' dir='ltr'>gloriosa</span> <span class='ocrx_word' id='word_1_636' title='bbox 1685 1880 1718 1910; x_wconf 92' lang='lat' dir='ltr'>in</span> <span class='ocrx_word' id='word_1_637' title='bbox 1741 1884 1809 1909; x_wconf 83' lang='lat' dir='ltr'>tota</span> <span class='ocrx_word' id='word_1_638' title='bbox 1833 1878 2038 1909; x_wconf 86' lang='lat' dir='ltr'>aeternitate.</span> 
     </span>
    </p>
   </div>
   <div class='ocr_carea' id='block_1_19' title="bbox 1126 2043 2041 2099">
    <p class='ocr_par' dir='ltr' id='par_1_25' title="bbox 1126 2043 2041 2099">
     <span class='ocr_line' id='line_1_96' title="bbox 1126 2043 2041 2099; baseline -0.003 -14"><span class='ocrx_word' id='word_1_639' title='bbox 1126 2045 1189 2085; x_wconf 89' lang='lat' dir='ltr'>De</span> <span class='ocrx_word' id='word_1_640' title='bbox 1224 2045 1478 2095; x_wconf 67' lang='lat' dir='ltr'>Muneribus,</span> <span class='ocrx_word' id='word_1_641' title='bbox 1517 2059 1620 2099; x_wconf 84' lang='lat' dir='ltr'>quae</span> <span class='ocrx_word' id='word_1_642' title='bbox 1654 2044 1888 2085; x_wconf 78' lang='lat' dir='ltr'>obtulerunt</span> <span class='ocrx_word' id='word_1_643' title='bbox 1919 2043 2041 2097; x_wconf 83' lang='lat' dir='ltr'>Magi.</span> 
     </span>
    </p>
   </div>
   <div class='ocr_carea' id='block_1_20' title="bbox 1094 2134 2076 2648">
    <p class='ocr_par' dir='ltr' id='par_1_26' title="bbox 1094 2134 2076 2564">
     <span class='ocr_line' id='line_1_97' title="bbox 1182 2134 2072 2178; baseline -0.001 -12"><span class='ocrx_word' id='word_1_644' title='bbox 1182 2135 1349 2178; x_wconf 75' lang='lat' dir='ltr'>laniMagi</span> <span class='ocrx_word' id='word_1_645' title='bbox 1374 2137 1526 2168; x_wconf 87' lang='lat' dir='ltr'>dicuntur</span> <span class='ocrx_word' id='word_1_646' title='bbox 1547 2134 1708 2166; x_wconf 84' lang='lat' dir='ltr'>obtulisse</span> <span class='ocrx_word' id='word_1_647' title='bbox 1727 2145 1851 2175; x_wconf 75' lang='lat' dir='ltr'>antrum,</span> <span class='ocrx_word' id='word_1_648' title='bbox 1875 2136 1956 2173; x_wconf 77' lang='lat' dir='ltr'>thus,</span> <span class='ocrx_word' id='word_1_649' title='bbox 1985 2144 2072 2173; x_wconf 61' lang='grc'>111311·-</span> 
     </span>
     <span class='ocr_line' id='line_1_98' title="bbox 1095 2177 2075 2219; baseline -0.002 -10"><span class='ocrx_word' id='word_1_650' title='bbox 1095 2180 1202 2219; x_wconf 79' lang='lat' dir='ltr'>rhum,</span> <span class='ocrx_word' id='word_1_651' title='bbox 1225 2180 1257 2210; x_wconf 84' lang='lat' dir='ltr'>id</span> <span class='ocrx_word' id='word_1_652' title='bbox 1281 2187 1349 2218; x_wconf 83' lang='lat' dir='ltr'>est,</span> <span class='ocrx_word' id='word_1_653' title='bbox 1373 2190 1429 2210; x_wconf 91' lang='lat' dir='ltr'>res</span> <span class='ocrx_word' id='word_1_654' title='bbox 1460 2178 1557 2210; x_wconf 83' lang='lat' dir='ltr'>valde</span> <span class='ocrx_word' id='word_1_655' title='bbox 1580 2178 1756 2219; x_wconf 78' lang='lat' dir='ltr'>pretiosas.</span> <span class='ocrx_word' id='word_1_656' title='bbox 1802 2178 1946 2209; x_wconf 78' lang='lat' dir='ltr'>Fuerunt</span> <span class='ocrx_word' id='word_1_657' title='bbox 1975 2177 2075 2218; x_wconf 84' lang='lat' dir='ltr'>igitur</span> 
     </span>
     <span class='ocr_line' id='line_1_99' title="bbox 1096 2218 2075 2254; baseline -0.002 -2"><span class='ocrx_word' id='word_1_658' title='bbox 1096 2222 1230 2252; x_wconf 79' lang='lat' dir='ltr'>divites:</span> <span class='ocrx_word' id='word_1_659' title='bbox 1255 2228 1285 2253; x_wconf 84' lang='lat' dir='ltr'>et</span> <span class='ocrx_word' id='word_1_660' title='bbox 1305 2222 1398 2254; x_wconf 85' lang='lat' dir='ltr'>Deus</span> <span class='ocrx_word' id='word_1_661' title='bbox 1418 2221 1521 2254; x_wconf 83' lang='lat' dir='ltr'>voluit</span> <span class='ocrx_word' id='word_1_662' title='bbox 1540 2223 1603 2252; x_wconf 81' lang='lat' dir='ltr'>isto</span> <span class='ocrx_word' id='word_1_663' title='bbox 1618 2223 1715 2252; x_wconf 88' lang='lat' dir='ltr'>modo</span> <span class='ocrx_word' id='word_1_664' title='bbox 1740 2231 1856 2251; x_wconf 84' lang='lat' dir='ltr'>curare</span> <span class='ocrx_word' id='word_1_665' title='bbox 1871 2221 1991 2251; x_wconf 73' lang='lat' dir='ltr'>victum</span> <span class='ocrx_word' id='word_1_666' title='bbox 2004 2218 2075 2250; x_wconf 87' lang='lat' dir='ltr'>Ma-</span> 
     </span>
     <span class='ocr_line' id='line_1_100' title="bbox 1094 2262 2076 2308; baseline -0.002 -13"><span class='ocrx_word' id='word_1_667' title='bbox 1094 2265 1174 2296; x_wconf 84' lang='lat' dir='ltr'>riae.</span> <span class='ocrx_word' id='word_1_668' title='bbox 1218 2265 1309 2296; x_wconf 86' lang='lat' dir='ltr'>Thus</span> <span class='ocrx_word' id='word_1_669' title='bbox 1339 2271 1371 2297; x_wconf 87' lang='lat' dir='ltr'>et</span> <span class='ocrx_word' id='word_1_670' title='bbox 1400 2264 1533 2308; x_wconf 81' lang='lat' dir='ltr'>myrrha</span> <span class='ocrx_word' id='word_1_671' title='bbox 1565 2265 1669 2305; x_wconf 86' lang='lat' dir='ltr'>potuit</span> <span class='ocrx_word' id='word_1_672' title='bbox 1696 2274 1816 2305; x_wconf 72' lang='lat' dir='ltr'>magno</span> <span class='ocrx_word' id='word_1_673' title='bbox 1842 2263 1949 2294; x_wconf 74' lang='lat' dir='ltr'>vendi.</span> <span class='ocrx_word' id='word_1_674' title='bbox 2002 2262 2076 2294; x_wconf 90' lang='lat' dir='ltr'>Fuit</span> 
     </span>
     <span class='ocr_line' id='line_1_101' title="bbox 1094 2307 2076 2349; baseline -0.003 -10"><span class='ocrx_word' id='word_1_675' title='bbox 1094 2313 1203 2339; x_wconf 86' lang='lat' dir='ltr'>autem</span> <span class='ocrx_word' id='word_1_676' title='bbox 1222 2307 1348 2340; x_wconf 85' lang='lat' dir='ltr'>Mariae</span> <span class='ocrx_word' id='word_1_677' title='bbox 1371 2318 1456 2349; x_wconf 80' lang='lat' dir='ltr'>opus</span> <span class='ocrx_word' id='word_1_678' title='bbox 1480 2309 1611 2345; x_wconf 73' lang='lat' dir='ltr'>viatico,</span> <span class='ocrx_word' id='word_1_679' title='bbox 1635 2308 1709 2348; x_wconf 85' lang='lat' dir='ltr'>quia</span> <span class='ocrx_word' id='word_1_680' title='bbox 1733 2307 1842 2337; x_wconf 67' lang='lat' dir='ltr'>statim</span> <span class='ocrx_word' id='word_1_681' title='bbox 1861 2311 1978 2347; x_wconf 83' lang='lat' dir='ltr'>postea</span> <span class='ocrx_word' id='word_1_682' title='bbox 2001 2315 2076 2336; x_wconf 90' lang='lat' dir='ltr'>coa-</span> 
     </span>
     <span class='ocr_line' id='line_1_102' title="bbox 1096 2349 2074 2393; baseline -0.002 -12"><span class='ocrx_word' id='word_1_683' title='bbox 1096 2357 1148 2381; x_wconf 87' lang='lat' dir='ltr'>cta</span> <span class='ocrx_word' id='word_1_684' title='bbox 1172 2357 1223 2382; x_wconf 72' lang='lat' dir='ltr'>est</span> <span class='ocrx_word' id='word_1_685' title='bbox 1247 2349 1372 2392; x_wconf 23' lang='lat' dir='ltr'>fugeret</span> <span class='ocrx_word' id='word_1_686' title='bbox 1398 2351 1553 2393; x_wconf 81' lang='lat' dir='ltr'>Plerique</span> <span class='ocrx_word' id='word_1_687' title='bbox 1577 2351 1681 2381; x_wconf 82' lang='lat' dir='ltr'>sancti</span> <span class='ocrx_word' id='word_1_688' title='bbox 1706 2350 1737 2379; x_wconf 88' lang='lat' dir='ltr'>in</span> <span class='ocrx_word' id='word_1_689' title='bbox 1761 2350 1879 2380; x_wconf 79' lang='lat' dir='ltr'>iudaea</span> <span class='ocrx_word' id='word_1_690' title='bbox 1903 2354 1996 2379; x_wconf 89' lang='lat' dir='ltr'>erant</span> <span class='ocrx_word' id='word_1_691' title='bbox 2018 2358 2074 2389; x_wconf 88' lang='lat' dir='ltr'>op·</span> 
     </span>
     <span class='ocr_line' id='line_1_103' title="bbox 1096 2391 2074 2436; baseline -0.002 -13"><span class='ocrx_word' id='word_1_692' title='bbox 1096 2394 1205 2434; x_wconf 82' lang='lat' dir='ltr'>pressi</span> <span class='ocrx_word' id='word_1_693' title='bbox 1229 2395 1424 2436; x_wconf 72' lang='lat' dir='ltr'>atyn-annis,</span> <span class='ocrx_word' id='word_1_694' title='bbox 1450 2401 1479 2425; x_wconf 87' lang='lat' dir='ltr'>et</span> <span class='ocrx_word' id='word_1_695' title='bbox 1497 2394 1650 2435; x_wconf 76' lang='lat' dir='ltr'>exignum</span> <span class='ocrx_word' id='word_1_696' title='bbox 1674 2391 1758 2423; x_wconf 88' lang='lat' dir='ltr'>sorte</span> <span class='ocrx_word' id='word_1_697' title='bbox 1783 2393 1862 2422; x_wconf 78' lang='lat' dir='ltr'>dare</span> <span class='ocrx_word' id='word_1_698' title='bbox 1886 2396 2074 2433; x_wconf 89' lang='lat' dir='ltr'>potuerunt.</span> 
     </span>
     <span class='ocr_line' id='line_1_104' title="bbox 1099 2433 2075 2475; baseline -0.002 -8"><span class='ocrx_word' id='word_1_699' title='bbox 1099 2436 1206 2467; x_wconf 80' lang='lat' dir='ltr'>Vocat</span> <span class='ocrx_word' id='word_1_700' title='bbox 1234 2443 1342 2468; x_wconf 84' lang='lat' dir='ltr'>tamen</span> <span class='ocrx_word' id='word_1_701' title='bbox 1372 2437 1465 2469; x_wconf 77' lang='lat' dir='ltr'>Deus</span> <span class='ocrx_word' id='word_1_702' title='bbox 1495 2448 1536 2467; x_wconf 73' lang='lat' dir='ltr'>ex</span> <span class='ocrx_word' id='word_1_703' title='bbox 1554 2436 1669 2466; x_wconf 80' lang='lat' dir='ltr'>Persia</span> <span class='ocrx_word' id='word_1_704' title='bbox 1697 2434 1751 2465; x_wconf 89' lang='lat' dir='ltr'>vel</span> <span class='ocrx_word' id='word_1_705' title='bbox 1775 2435 1899 2466; x_wconf 77' lang='lat' dir='ltr'>Arabia</span> <span class='ocrx_word' id='word_1_706' title='bbox 1928 2433 2075 2475; x_wconf 89' lang='lat' dir='ltr'>locuple-</span> 
     </span>
     <span class='ocr_line' id='line_1_105' title="bbox 1096 2477 2074 2521; baseline -0.001 -12"><span class='ocrx_word' id='word_1_707' title='bbox 1096 2480 1243 2511; x_wconf 78' lang='lat' dir='ltr'>tissimos</span> <span class='ocrx_word' id='word_1_708' title='bbox 1267 2479 1437 2520; x_wconf 82' lang='lat' dir='ltr'>homines,</span> <span class='ocrx_word' id='word_1_709' title='bbox 1472 2480 1525 2521; x_wconf 89' lang='lat' dir='ltr'>qui</span> <span class='ocrx_word' id='word_1_710' title='bbox 1559 2479 1723 2509; x_wconf 78' lang='lat' dir='ltr'>instruant</span> <span class='ocrx_word' id='word_1_711' title='bbox 1745 2477 1906 2515; x_wconf 80' lang='lat' dir='ltr'>Mariam,</span> <span class='ocrx_word' id='word_1_712' title='bbox 1942 2477 2074 2517; x_wconf 83' lang='lat' dir='ltr'>loseph,</span> 
     </span>
     <span class='ocr_line' id='line_1_106' title="bbox 1095 2522 1637 2564; baseline -0.007 -10"><span class='ocrx_word' id='word_1_713' title='bbox 1095 2528 1127 2554; x_wconf 91' lang='lat' dir='ltr'>et</span> <span class='ocrx_word' id='word_1_714' title='bbox 1150 2532 1288 2564; x_wconf 88' lang='lat' dir='ltr'>puerum</span> <span class='ocrx_word' id='word_1_715' title='bbox 1311 2522 1484 2554; x_wconf 76' lang='lat' dir='ltr'>exulantes</span> <span class='ocrx_word' id='word_1_716' title='bbox 1507 2522 1637 2552; x_wconf 82' lang='lat' dir='ltr'>viatico.</span> 
     </span>
    </p>

    <p class='ocr_par' dir='ltr' id='par_1_27' title="bbox 1095 2562 2076 2648">
     <span class='ocr_line' id='line_1_107' title="bbox 1183 2562 2076 2597; baseline -0.003 -1"><span class='ocrx_word' id='word_1_717' title='bbox 1183 2565 1245 2597; x_wconf 87' lang='lat' dir='ltr'>Hic</span> <span class='ocrx_word' id='word_1_718' title='bbox 1268 2572 1468 2597; x_wconf 83' lang='lat' dir='ltr'>mementote</span> <span class='ocrx_word' id='word_1_719' title='bbox 1492 2565 1614 2594; x_wconf 85' lang='lat' dir='ltr'>dictum</span> <span class='ocrx_word' id='word_1_720' title='bbox 1638 2562 1776 2594; x_wconf 84' lang='lat' dir='ltr'>Psalmi:</span> <span class='ocrx_word' id='word_1_721' title='bbox 1807 2565 1932 2596; x_wconf 78' lang='lat' dir='ltr'>Leones</span> <span class='ocrx_word' id='word_1_722' title='bbox 1955 2566 2076 2595; x_wconf 71' lang='lat' dir='ltr'>esurie-</span> 
     </span>
     <span class='ocr_line' id='line_1_108' title="bbox 1095 2608 2075 2648; baseline -0.002 -9"><span class='ocrx_word' id='word_1_723' title='bbox 1095 2612 1188 2648; x_wconf 79' lang='lat' dir='ltr'>runt,</span> <span class='ocrx_word' id='word_1_724' title='bbox 1221 2610 1403 2641; x_wconf 71' lang='lat' dir='ltr'>timentibus</span> <span class='ocrx_word' id='word_1_725' title='bbox 1425 2612 1530 2639; x_wconf 79' lang='lat' dir='ltr'>autem</span> <span class='ocrx_word' id='word_1_726' title='bbox 1554 2609 1723 2639; x_wconf 83' lang='lat' dir='ltr'>Dominum</span> <span class='ocrx_word' id='word_1_727' title='bbox 1745 2616 1809 2638; x_wconf 85' lang='lat' dir='ltr'>non</span> <span class='ocrx_word' id='word_1_728' title='bbox 1842 2608 1949 2638; x_wconf 82' lang='lat' dir='ltr'>deerit</span> <span class='ocrx_word' id='word_1_729' title='bbox 1979 2608 2075 2638; x_wconf 80' lang='lat' dir='ltr'>ullum</span> 
     </span>
    </p>
   </div>
   <div class='ocr_carea' id='block_1_21' title="bbox 1842 2667 1871 2690">
    <p class='ocr_par' dir='ltr' id='par_1_28' title="bbox 1842 2667 1871 2690">
     <span class='ocr_line' id='line_1_109' title="bbox 1842 2667 1871 2690; baseline 0.034 -1"><span class='ocrx_word' id='word_1_730' title='bbox 1842 2667 1871 2690; x_wconf 80' lang='lat'>15</span> 
     </span>
    </p>
   </div>
  </div>
 </body>
</html>
