2324 2958
144 183 207 216 ⁷6⁷

831 175 944 209 PmL.
965 174 1068 208 MEL.
1090 173 1277 207 SCRIPTA
1299 171 1563 206 EXEGETICA.

143 277 335 310 memoriam
357 273 524 316 repurgati
547 269 780 314 templialuda
801 269 1016 308 Maccabaeo,
1040 274 1116 311 post
1139 270 1143 300 1
1167 267 1338 298 rudiores:
1360 265 1484 297 Christi
1507 276 1587 298 vero
1609 263 1705 309 leges
1726 274 1805 298 esse
1822 265 1981 304 mitiores,
2008 267 2140 298 suavio-

145 321 284 352 eiectum
313 315 457 355 idolum,
485 315 573 357 quod
601 315 645 346 ibi
668 312 854 345 Antiochus
878 311 1115 344 collocaverat.

145 410 217 438 erat
245 404 375 436 unicum
406 400 560 442 templum
584 401 653 432 veri
682 399 744 430 Dei
767 400 798 430 in
821 405 890 430 toto
914 407 1036 439 genere
1058 396 1117 426 hu·

1140 318 1143 328 t
1167 319 1184 340 r
1386 309 1393 317 '
1477 331 1485 340 .

145 365 286 396 Steterat
309 358 433 391 idolum
455 364 524 390 toto
547 357 687 389 triennio
711 357 742 388 in
765 355 823 388 illo
853 354 994 396 templo,
1028 353 1117 395 quod
1141 344 1143 368 ¹
1185 319 1235 348 es,
1258 305 1473 349 petrocum-es

1253 351 1370 383 Exstat
1392 350 1501 384 adhuc
1517 350 1612 389 liber,
1633 351 1667 382 in
1690 360 1756 392 quo
1767 351 1902 392 scripsit
1913 351 2044 393 quidam
2062 357 2141 383 ante

1168 393 1290 425 multos
1323 404 1444 425 annos:
1480 394 1594 426 Moses
1629 400 1661 425 et
1696 393 1859 425 loliannes
1899 400 2141 425 concesserunt

144 457 255 485 mano,
278 451 311 478 et
332 445 440 477 luerat
460 443 632 476 ‹le-sensum
644 443 743 473 armis
757 448 789 473 et
800 441 987 483 praesidiis,
1012 440 1118 469 donec
1141 450 1145 488 i
1169 435 1329 475 militiam,
1364 436 1518 469 Christus
1546 447 1612 468 non
1644 437 1813 472 coneedit3
1847 437 1920 478 quia
1952 435 2045 478 leges
2069 437 2140 468 eim·

143 490 275 522 tandem
298 488 408 520 divina
431 497 493 529 ope
515 496 574 528 per
595 485 832 517 Maccabaeum
856 484 1039 518 eiiceretur,
1067 491 1117 511 re-

138 538 305 574 cuperato
339 528 461 571 templo
495 529 621 571 aliquot
653 528 813 564 victoriis,
837 532 869 557 et
892 523 1040 565 expulsis
1063 523 1117 553 de-

144 574 348 608 fensoribus.
392 572 485 604 Deus
507 572 616 613 coepit
639 581 726 602 nunc
739 579 870 612 quoque
893 565 1009 598 tollere
1031 564 1119 596 idola
1144 574 1145 594 i

1169 485 1247 510 sunt
1269 481 1470 517 sanctiores,
1493 481 1633 521 ideoque
1644 480 1758 511 maiori
1782 480 1967 511 reverentia
1978 479 2141 519 accipien-

1170 523 1242 553 dae.
1289 522 1351 557 Qui
1374 533 1439 553 non
1463 521 1634 554 sublimius
1657 521 1780 563 aliquid
1803 524 1947 554 sentiunt
1978 522 2019 553 de
2047 521 2141 553 Chri·

1171 572 1236 602 sto,
1259 563 1305 596 illi
1327 564 1530 597 horribiliter
1552 571 1673 597 errant.
1718 565 1790 596 Nec
1811 564 1869 596 suit
1893 564 1956 596 alia
1969 564 2143 606 phantasia

145 629 188 651 ex
210 616 384 654 Ecclesiis,
417 621 453 647 ut
476 614 599 647 cultum
621 615 831 650 Sanctorum,
866 617 898 642 et
920 608 1039 641 multas
1062 609 1118 657 ab·
1144 611 1145 635 i
1170 617 1296 646 eorum,
1318 608 1361 639 ad
1383 608 1471 649 quod
1494 608 1644 640 Christus
1668 608 1721 639 hic
1743 607 1898 648 loquitur.
1942 607 2143 650 Cogitabam

147 661 367 694 ominationes
390 658 586 694 Missarum,
621 663 653 687 et
675 664 806 695 semper
827 659 922 685 crunt
945 651 1120 683 Ecclesiae
1143 643 1147 679 l
1171 650 1329 681 Messiam
1363 648 1434 682 sorc
1468 651 1648 690 doctorem,
1682 657 1712 682 et
1747 651 1913 682 addebant
1946 651 2074 682 somnia
2101 651 2143 681 dc

147 703 296 746 aliquae,
331 712 416 744 quae
450 701 580 733 eiicient
609 697 698 730 idola
719 697 793 735 illa,
825 697 886 727 etsi
910 705 976 726 non
998 695 1121 743 ubique

147 745 324 783 tolluntur;
357 745 434 787 quia
466 753 533 775 non
560 751 675 774 omnes
703 739 818 772 volunt
841 738 994 779 accipere
1013 736 1121 767 hvan-
1145 769 1148 793 ὅ

148 788 281 833 gerum.

236 831 334 864 ludas
366 830 504 862 instituit
536 827 602 859 hoc
634 826 755 858 festum
778 825 810 856 in
833 824 952 860 hieme,
987 832 1027 854 eo
1050 822 1122 863 ipso
1147 818 1149 823 ’

150 876 215 913 die,
249 884 314 916 quo
338 871 492 914 tempium
517 877 566 902 est
589 875 798 906 renovatum,
832 876 893 897 seu
911 871 1124 907 repurgatum

148 920 193 951 ab
215 916 318 956 idolo,
351 926 417 958 quo
440 912 624 946 Antiochus
649 909 802 953 ternplum
834 908 915 940 illud
938 908 1122 950 prophana-

152 967 257 994 verat.
313 960 350 991 Si
382 968 528 990 mensem
556 956 663 988 Cisleu
687 962 850 996 ponamus
881 961 959 983 esse
981 951 1124 982 Novem-

154 1005 258 1041 brem,
290 1003 351 1034 erit
380 1002 450 1032 dies
477 998 562 1031 illius
588 997 718 1034 emen,
751 995 884 1027 Festum
914 993 1126 1030 Catharinae,
1149 1014 1151 1035 4

176 1046 244 1078 uod
266 1046 298 1077 in
320 1045 444 1076 nostris
466 1041 671 1074 Calendariis
693 1040 743 1071 sic
765 1039 959 1070 nominatur.
987 1037 1055 1068 Sed
1077 1037 1125 1067 lu-

200 1090 230 1121 ei
253 1088 441 1120 habuerunt
464 1094 596 1117 menses
626 1083 776 1115 hiemem.
833 1078 1049 1122 Evangelista
1071 1088 1126 1110 ex-

153 1141 272 1176 presse
293 1131 381 1168 dicit,
405 1128 507 1160 fuisse
530 1135 608 1159 tunc
630 1127 776 1158 lunares.

241 1173 339 1206 Circa
374 1172 439 1204 hoe
472 1171 572 1213 igitur
604 1177 734 1210 tempus
767 1166 846 1198 sesti
888 1164 1127 1197 Encaeniorum

153 1217 268 1249 habita
289 1222 342 1248 est
364 1215 482 1247 concio
505 1213 639 1251 Christi,
660 1212 712 1243 cui
735 1210 947 1241 occasionem
980 1207 1129 1249 praebuit

154 1260 283 1292 sanatio
307 1259 399 1291 caeci
420 1257 501 1294 nati,
523 1266 618 1297 quem
641 1259 815 1286 curaverat
827 1251 981 1283 Christus
1002 1250 1034 1281 in
1047 1249 1128 1281 Sab-

154 1304 243 1335 bato.
288 1301 371 1333 Eam
399 1300 600 1331 curationem
630 1297 788 1328 atrociter
811 1292 1056 1335 reprehendunt
1078 1291 1127 1323 lu-

154 1346 240 1383 daei,
273 1351 304 1376 et
336 1343 457 1375 acriter
483 1339 694 1382 expostulant
724 1348 797 1369 cum
821 1336 965 1373 Christo,
1000 1341 1130 1366 etcum

154 1389 227 1430 ipso
250 1393 380 1418 sanato.
425 1385 504 1415 lude
527 1384 603 1414 data
625 1389 678 1413 est
700 1380 833 1412 Christo
863 1378 997 1410 occasio
1021 1378 1129 1418 dispu-

154 1431 245 1463 tandi
268 1440 342 1461 cum
366 1427 493 1460 ludaeis
517 1427 558 1457 ‹le
581 1425 716 1457 Massia.
761 1423 855 1454 Sicut
877 1422 939 1462 ipsi
961 1421 1058 1451 etiam
1081 1420 1129 1451 lu-

156 1473 230 1506 daei
253 1477 455 1504 concurrunt
477 1469 625 1505 tandem,
647 1473 680 1498 et
702 1466 836 1508 cingunt
860 1474 947 1502 eum,
975 1469 1006 1494 et
1030 1473 1128 1504 quae-

155 1522 232 1549 runt
254 1526 295 1547 ex
317 1525 372 1546 eo:
396 1513 460 1545 Dic
481 1513 571 1544 nobis
589 1514 732 1550 τήρεηυε,
754 1519 797 1540 an
819 1513 853 1540 tu
881 1510 929 1538 xis
954 1507 1108 1538 Christus.

241 1558 288 1590 lbi
312 1554 526 1599 Evangelista
549 1553 626 1585 facit
639 1553 837 1585 mentionem
857 1550 952 1581 etiam
975 1547 1048 1580 loci.
1071 1548 1130 1579 Di-

155 1602 201 1635 cit
233 1600 299 1632 hoc
331 1599 456 1632 sactum
480 1607 556 1629 esse
583 1598 616 1628 in
637 1596 768 1637 porticu
797 1593 989 1625 -Snlonwnis-
1055 1591 1129 1623 Non

155 1650 227 1678 erat
248 1650 356 1675 autem
379 1642 526 1684 porticus
548 1638 606 1672 illa
628 1639 755 1680 abipso
774 1635 949 1668 Salomone
965 1641 1130 1672 extructa,

156 1688 218 1720 sed
235 1686 386 1719 Herodes
411 1685 451 1716 ad
476 1683 564 1715 illius
583 1681 825 1714 similitudinem
848 1689 921 1710 cam
938 1677 1132 1710 aedificave-

155 1736 218 1763 rat.
252 1729 318 1762 Sed
342 1730 417 1770 quia
429 1727 579 1758 Herodes
602 1732 672 1757 erat
694 1724 822 1756 invisus
845 1722 987 1759 ludaeis,
1009 1719 1131 1752 malue-

156 1778 234 1807 runt
255 1773 287 1804 ei
308 1773 451 1803 tribuere
474 1779 592 1801 nomen
615 1769 794 1808 antiquum.
839 1765 873 1796 la
897 1763 961 1795 hoc
980 1774 1060 1805 ergo
1084 1763 1132 1794 lo-

157 1826 198 1849 co
221 1814 420 1857 compellant
443 1812 620 1844 Christum.
664 1811 768 1841 Dicas
790 1809 881 1840 nobis
908 1810 938 1838 ἐν
964 1808 1131 1848 παῤῥησίη,

158 1860 190 1892 ld
213 1864 277 1897 est,
300 1856 407 1899 plane,
431 1865 601 1897 expresse,
624 1853 847 1889 confidenter,
877 1857 908 1881 et
932 1851 1003 1881 sine
1021 1861 1103 1882 occu
1121 1868 1131 1873 -

158 1903 294 1939 tatione,
315 1902 387 1941 qm's
408 1900 475 1931 sis?
519 1898 572 1929 An
601 1898 648 1927 sis
677 1896 861 1938 promissus
891 1892 946 1923 ille
969 1893 1132 1924 Messias?

158 1945 230 1977 nac
253 1944 447 1986 quaestione
461 1941 681 1977 considerata,
705 1937 821 1970 melius
844 1935 1034 1977 intelligitur
1056 1946 1131 1967 sco—

158 1998 222 2031 pus
245 1986 396 2018 hodierni
420 1990 547 2022 textus,
571 1989 602 2014 et
627 1992 753 2018 eorum,
777 1991 860 2022 quae
885 1986 1077 2020 sequuntur,
1101 1985 1131 2009 ct

156 2040 241 2073 quae
265 2028 495 2071 coniungenda
517 2032 594 2059 sunt
617 2035 690 2056 cum
713 2025 778 2055 isto
802 2029 902 2054 textu.

189 2196 252 2237 De
285 2193 509 2235 discrimine
542 2190 707 2239 Christi,
754 2195 796 2228 et
834 2188 997 2228 aliorum
1030 2201 1101 2241 pa-

565 2274 729 2309 storum.

245 2371 354 2404 ludaei
377 2380 442 2402 non
465 2367 691 2410 intelligebant
713 2364 856 2397 osticium
881 2363 1033 2394 messiae.
1059 2362 1131 2393 Non

183 2416 318 2448 utabnnt
339 2425 412 2446 eum
431 2412 707 2454 praestantiorem
731 2407 802 2440 sore
826 2407 997 2441 Patribus,
1028 2406 1131 2436 Abra-

160 2427 249 2496 liam,
283 2458 395 2495 Mose,
429 2464 461 2487 et
494 2454 666 2490 similibus,
701 2453 786 2483 sicut
814 2449 889 2482 alibi
924 2448 1130 2481 exclamant·

160 2504 242 2534 Il'um
265 2507 298 2533 m
322 2511 420 2531 mmor
443 2510 477 2531 es
498 2504 592 2539 {nure
615 2501 726 2527 nostro
755 2496 940 2525 Abraham?
985 2491 1049 2522 lsta
1074 2490 1129 2521 suit

161 2555 281 2587 magna
305 2544 450 2574 caecitas
480 2550 513 2573 ut
538 2552 610 2572 cum
634 2538 862 2580 supvrioribus
892 2533 1015 2567 seculis
1041 2533 1130 2564 multi

162 2588 206 2619 ita
240 2587 404 2626 imaginati
441 2591 528 2623 sunt,
561 2583 729 2615 Christum
753 2588 784 2611 vt
809 2581 935 2612 Mosam
958 2584 1131 2618 utrumque·

164 2629 266 2662 fuisse
289 2623 530 2672 legislatorem:
565 2626 631 2659 Sed
656 2625 761 2656 Musis
786 2623 877 2665 leges
906 2621 1010 2654 fuisse
1034 2618 1131 2662 paulo
1183 2621 1332 2650 executio
1356 2625 1433 2650 sunt
1456 2628 1577 2659 triagna
1595 2626 1697 2657 opera
1711 2614 1784 2653 Dei,

1148 902 1150 925 ’-
1175 907 1233 938 toti
1251 904 1374 948 populo
1397 907 1483 937 viam
1505 916 1564 947 per
1587 905 1710 948 aliquot
1733 907 1815 938 dies.

1172 703 1276 735 regno
1299 692 1445 724 Messiae
1468 692 1653 735 corporali:
1687 694 1761 725 ideo
1796 704 1861 724 non
1894 699 2046 734 poterant
2080 693 2143 724 sibi

1171 736 1385 777 persuadere,
1407 735 1513 767 lesum
1536 737 1634 768 istum
1656 736 1862 767 Nazarenum
1886 745 1962 766 esse
1975 734 2143 767 Messiam-

1259 778 1417 810 Sciebant
1437 777 1555 810 Mosen
1578 779 1789 811 constituisse
1812 778 1897 810 hanc
1920 776 2078 818 politiam,
2112 784 2146 809 et

1174 821 1319 852 edidisse
1353 819 1526 862 splendida
1559 820 1742 859 miracula,
1786 822 1944 852 eduxisse
1987 819 2145 862 populum

1175 862 1278 894 lsrael
1311 874 1352 895 ex
1387 865 1552 905 Aegypto.
1617 865 1714 896 Stetit
1735 864 1779 895 ibi
1802 874 1903 901 mare,
1938 869 1971 894 et
1993 863 2145 904 praebuit

1883 906 2006 938 Postea
2034 907 2067 937 in
2090 906 2146 937 de·

1175 955 1265 981 serto
1289 947 1417 990 scopuli
1440 950 1592 990 percussi
1614 948 1754 987 ahlose,
1776 950 1997 989 praebuerunt
2020 948 2147 983 fontes3

1176 991 1304 1024 coelum
1327 993 1478 1033 praebuit
1501 993 1603 1024 cibos.
1625 991 1703 1023 ldeo
1726 993 1881 1024 obiiciunt
1904 990 1981 1022 alibi
1994 991 2146 1023 Christo:

1178 1035 1265 1074 Quid
1287 1039 1321 1066 tu
1339 1033 1428 1075 facis
1449 1035 1572 1066 simile?
1594 1034 1742 1066 Necesse
1764 1035 1864 1076 igitur
1887 1032 1957 1071 suit,
1980 1033 2148 1064 Christum

1177 1078 1353 1110 ostendere
1386 1078 1562 1109 discrimen
1594 1078 1740 1118 pastoris
1768 1075 1890 1109 Christi
1924 1075 2148 1107 ab.omnibus

1177 1121 1253 1153 aliis
1275 1121 1474 1162 pastoribus.
1497 1119 1533 1151 ld
1558 1119 1636 1152 facit
1657 1119 1811 1152 Christus
1833 1120 1865 1150 in
1888 1118 1951 1150 hac
1974 1118 2148 1157 concione,

1179 1165 1210 1195 in
1245 1174 1311 1205 qua
1344 1169 1376 1194 et
1409 1163 1567 1194 discernit
1599 1173 1648 1201 se,
1682 1169 1716 1194 et
1739 1161 1881 1194 antefert
1903 1162 2054 1193 omuibus
2074 1159 2150 1192 alit·

1178 1206 1361 1248 prophetis,
1386 1206 1673 1248 gubernatoribus,
1697 1206 1900 1237 doctoribus

1264 1249 1373 1281 Docet
1390 1258 1428 1280 se
1450 1249 1581 1280 unicum
1604 1258 1683 1280 esse
1704 1254 1883 1289 pastorem,
1918 1247 1950 1277 id
1973 1252 2044 1284 ost,
2078 1244 2151 1277 Sal·

1179 1298 1329 1324 vatorem
1362 1292 1478 1323 merito
1511 1297 1544 1323 et
1577 1289 1738 1322 efficacia.
1805 1290 1858 1321 De
1890 1290 2007 1321 merito
2033 1289 2152 1330 inquitz

1181 1335 1249 1376 1:90
1270 1344 1355 1375 pono
1377 1335 1515 1365 animam
1536 1344 1636 1364 nicam
1657 1343 1721 1373 pro
1743 1333 1853 1364 mribus
1876 1333 1961 1363 nun's.
2006 1331 2059 1362 De
2080 1329 2151 1362 effi-

1181 1378 1272 1408 cacia
1291 1378 1352 1408 ait:
1376 1376 1444 1418 Eyo
1465 1377 1563 1407 citam
1585 1380 1749 1407 aeternam
1767 1376 1809 1406 do
1831 1375 1886 1405 eis.
1931 1374 2027 1404 item:
2051 1373 2154 1404 Nemo

1180 1421 1289 1460 rapiet
1311 1429 1367 1451 eas
1389 1429 1428 1450 cs:
1450 1429 1544 1450 uranu
1566 1428 1645 1450 mea.
1711 1417 1802 1449 Haec
1831 1427 1897 1448 non
1927 1415 2005 1447 facit
2026 1415 2154 1454 Moses,

1181 1474 1247 1494 non
1271 1461 1418 1500 Samuel,
1441 1472 1506 1493 non
1526 1460 1629 1500 Elias,
1650 1471 1717 1492 non
1739 1460 1904 1497 Eltsaeus,
1927 1459 2052 1491 etiamsi
2074 1464 2155 1490 sunt

1181 1512 1390 1547 praestantes
1413 1504 1606 1546 prophetae.
1651 1504 1744 1536 Haec
1767 1503 1875 1534 David
1898 1503 1996 1537 etiam
2018 1511 2085 1532 non
2107 1499 2154 1532 fa·

1181 1550 1236 1587 cit,
1259 1549 1319 1580 etsi
1344 1555 1395 1580 est
1417 1547 1571 1590 vigilans,
1583 1546 1675 1585 felix,
1698 1554 1729 1578 et
1753 1545 1920 1588 gloriosus
1934 1544 2025 1576 Rex:
2049 1543 2154 1575 Multo

1180 1593 1287 1643 minus
1310 1591 1432 1634 Cyrus,
1454 1589 1658 1628 Alexander,
1691 1596 1726 1622 et
1747 1588 1885 1626 similes,
1919 1594 2014 1619 extra
2036 1585 2152 1618 Eccl&

1180 1645 1273 1666 snam.

1267 1677 1357 1709 Haec
1384 1682 1435 1708 est
1464 1676 1563 1719 igitur
1584 1675 1722 1707 materia
1744 1671 1934 1715 principalis
1958 1673 2054 1704 huius
2078 1682 2155 1703 con-

1183 1721 1299 1758 cionis,
1323 1719 1476 1751 videlieet
1500 1719 1663 1750 distinctio
1688 1715 1808 1749 Christi
1832 1718 1874 1747 ab
1905 1717 2057 1747 omnibus
2081 1725 2155 1755 pro—

1183 1763 1304 1804 phetis,
1326 1761 1509 1804 Apostolis,
1532 1761 1751 1797 Ductoribus,
1785 1761 1849 1790 imo
1874 1760 1969 1790 etiam
1993 1769 2012 1789 a
2035 1759 2156 1800 guber-

1183 1808 1353 1838 natoribus
1377 1804 1528 1846 politicis.
1576 1803 1669 1835 Hanc
1693 1803 1932 1834 distinctionem
1957 1807 2086 1842 oportet
2108 1798 2157 1831 lu-

1183 1860 1259 1880 cere
1282 1850 1313 1880 in
1337 1847 1498 1885 Ecclesia,
1532 1853 1564 1878 et
1587 1853 1718 1886 oportet
1741 1855 1761 1876 a
1784 1845 1879 1875 nobis
1903 1844 1987 1874 disci
2022 1850 2156 1884 propter

1184 1891 1322 1934 gloriam
1345 1891 1450 1933 ipsius
1472 1898 1504 1922 ct
1528 1896 1663 1931 propter
1686 1893 1832 1920 nostram
1856 1886 2008 1919 sulutem.

1214 2056 1334 2106 Quod
1367 2055 1549 2096 Clu-istus
1581 2068 1661 2094 non
1693 2053 1744 2092 sit
1775 2053 2020 2107 gubernator
2050 2066 2124 2106 po-

1599 2131 1737 2172 titicus.

1270 2233 1396 2264 Excitat
1431 2231 1523 2263 Deus
1553 2231 1694 2263 subinde
1721 2231 1753 2261 in
1778 2239 1901 2272 genere
1923 2228 2067 2260 humano
2089 2238 2155 2259 m·-

1185 2287 1270 2317 gnos
1293 2277 1402 2312 viros,
1435 2276 1467 2306 in
1515 2275 1610 2306 uibus
1629 2272 1776 2315 plerique
1805 2279 1976 2303 exterimm
1999 2269 2154 2312 splendo-

1185 2331 1252 2350 rem
1277 2320 1452 2350 intuentur.
1491 2286 1619 2349 1ζ’ἰιίειιι
1643 2316 1824 2357 Prophetas
1849 2315 2003 2346 docuisse
2030 2313 2154 2353 legem:

1185 2364 1295 2393 vident
1330 2372 1426 2401 reges
1461 2358 1565 2392 fnisse
1588 2359 1756 2392 custodes.
1786 2365 1817 2389 et
1839 2365 2035 2389 executores
2058 2356 2156 2397 legis,

1184 2413 1215 2437 ct
1239 2406 1451 2436 constituisse
1476 2404 1623 2445 imperia.
1670 2402 1760 2433 llaec
1784 2402 1918 2432 mirator
1942 2401 2024 2431 ratio
2043 2398 2155 2431 human

1185 2460 1236 2480 na.
1261 2459 1343 2489 quat·
1368 2447 1583 2480 ‹unnim-itur.
1617 2445 1857 2477 ordinationem
1882 2441 2049 2484 politicam
2078 2451 2156 2473 esso

1184 2503 1266 2531 opus
1293 2491 1364 2524 llei.
1389 2497 1419 2521 et
1444 2495 1651 2531 praestantes
1674 2489 1775 2521 viros.
1799 2488 1853 2528 qui
1875 2485 1925 2517 tel
1941 2486 2154 2522 constituunt,

1185 2533 1235 2563 tol
1261 2540 1457 2564 conservant
1489 2532 1623 2572 imperia
1652 2540 1729 2562 esse
1753 2540 1771 2560 n
1795 2529 1885 2562 nvo:
1918 2529 2002 2559 sirm
2038 2537 2155 2559 rever·

1183 2578 1370 2607 constitutio
1394 2576 1613 2617 imperiorum,
1631 2575 1826 2605 sanctiunt-s
1850 2571 1972 2611 lugunt.
1996 2579 2025 2601 et
2040 2570 2153 2601 harum

1808 2622 1839 2646 ct
1862 2615 1997 2655 imperia
2020 2620 2095 2644 suxit
2117 2611 2152 2642 il·
