2324 2958
178 208 239 241 183
812 201 924 234 PHlL.
947 202 1052 235 MEL.
1075 201 1263 235 SCRIPTA
1281 199 1545 233 EXEGETIGA.
2126 203 2188 236 184

174 302 255 334 dixit
276 297 545 332 Sanseverinati:
569 297 731 336 Domine,
762 306 830 328 non
852 305 990 337 possum
1015 306 1074 327 vos
1099 296 1153 327 de·
1205 294 1272 326 Sed
1296 303 1384 325 nunc
1406 294 1560 326 recensui
1582 292 1670 326 hanc
1691 294 1876 333 historiam,
1895 295 2088 334 occasione,
2110 306 2188 338 pro·

174 344 324 377 sendere:
359 342 510 374 Necesse
532 346 596 377 est,
629 345 664 372 ut
687 349 750 372 vos
773 338 828 371 vel
851 339 992 380 pecunia
1016 338 1154 369 redima-
1205 336 1358 368 sectionis
1382 335 1509 369 Mariae
1521 347 1581 379 per
1602 338 1665 369 ista
1687 336 1775 376 loca,
1799 347 1885 380 quae
1903 347 2036 379 semper
2053 337 2188 371 suerunt

174 388 229 425 tis,
261 385 316 417 vel
349 385 515 426 pugnetis.
580 383 673 414 Bene
696 383 799 425 inquit
828 381 1084 419 samem-inas,
1106 381 1153 411 in·
1205 378 1304 422 plena
1326 378 1533 412 latrunculis.

174 430 345 463 veniemus
373 427 497 469 aliquid
520 424 665 461 consilii,
699 432 731 457 et
752 425 864 456 statim
887 425 959 465 ipse
983 423 1154 455 descendit
1179 436 1182 444 ·
1294 421 1368 454 Non
1402 421 1462 454 suit
1494 423 1594 465 igitur
1627 422 1790 464 protectio
1824 423 1890 455 ista
1923 423 1997 455 sine
2025 423 2186 465 periculo.

175 473 216 505 de
235 482 332 514 equo.
366 470 454 501 ldem
477 470 567 501 iubet
585 467 698 500 facere
721 474 874 500 caeteros
898 468 1036 498 comites
1060 475 1152 497 suos.
1206 464 1275 496 Sed
1298 465 1393 496 Deus
1417 476 1489 497 eam
1513 467 1667 507 protexit.
1691 465 1733 497 Et
1755 466 1805 497 sic
1817 466 1963 509 protegit
1980 467 2079 498 etiam
2102 466 2188 500 alios

1206 509 1280 549 pios
1303 507 1430 547 exules,
1451 509 1536 540 sicut
1554 509 1714 550 scripturn
1731 515 1800 540 cst:
1822 511 1922 541 Posui
1942 511 2040 542 verba
2060 520 2134 542 mea
2155 515 2189 543 in

1206 561 1263 583 ore
1285 556 1346 591 cuo,
1369 556 1402 583 et
1422 562 1520 583 manu
1542 562 1614 583 mea
1632 557 1800 592 proavum
1822 557 1865 590 le,
1888 555 2062 593 inplumes
2073 556 2187 586 coelos.

1206 593 1267 625 Est
1300 594 1440 636 insignis
1475 593 1661 626 consolatio
1681 605 1742 636 pro
1765 602 1835 626 tota
1858 594 2023 633 Ecclesia,
2057 596 2116 627 sed
2141 597 2188 628 in·

174 650 207 676 et
230 643 340 675 vinum
359 640 502 674 vehitur.
526 640 639 673 Strata
661 650 777 672 mensa
801 639 973 670 consident
997 638 1028 668 in
1042 647 1156 669 arena.
1205 637 1319 678 primis
1353 648 1414 678 pro
1447 638 1652 675 doctoribus,
1687 638 1743 680 qui
1777 638 1927 669 crebrius
1960 637 2130 679 pelluntur
2156 639 2189 672 in

260 685 343 718 Cum
366 685 592 717 accessissent
613 684 813 724 praedones,
837 681 1079 712 Sanseverinas
1097 681 1154 710 oh·
1206 679 1316 717 exilia,
1339 680 1435 711 etiam
1458 679 1523 712 hoc
1548 681 1623 718 line,
1646 687 1681 712 ut
1703 688 1907 723 propagetur
1928 681 2092 720 doctrina,
2124 692 2190 724 qua

173 730 261 762 viam
283 729 331 760 eis
353 728 575 770 progreditur.
619 725 783 766 intrepide
807 730 839 755 et
862 722 982 755 blande
1001 734 1060 754 eos
1074 720 1154 753 allo·
1207 721 1377 763 colligitur
1409 721 1483 755 Deo
1517 722 1688 763 Ecclesia,
1728 734 1815 766 quae
1855 729 1907 756 est
1939 723 2055 756 similis
2090 724 2189 756 horto

1178 447 1183 469 ι

174 515 266 547 lubet
300 520 333 545 et
365 513 536 545 ministros
570 512 739 553 deponere
769 511 937 547 sarcinas,
971 516 1003 540 et
1035 471 1183 783 parare}

173 773 284 815 quitur
306 782 365 813 per
388 772 610 812 interpretem.
677 768 766 799 Dicit
795 767 857 800 sibi
881 767 985 797 videri
1003 765 1154 797 homines
1206 764 1355 796 coelesti.

173 557 358 600 prandium,
391 554 543 597 proferre
578 556 672 586 cibos
703 560 735 586 et
758 552 949 595 lagenulaS‚
977 552 1009 582 in
1034 552 1153 593 quibus

174 606 224 640 (ut
259 610 299 631 eo
332 598 586 641 proficiscentes
615 596 726 629 faeere
748 606 890 628 necesse
913 598 981 630 est)
1012 600 1046 625 et
1067 604 1154 635 aqua

173 813 304 848 nobiles
326 820 359 846 ct
380 813 540 845 militares
563 822 622 843 eos
646 821 738 842 esse:
770 810 814 841 Se
841 819 973 851 quoque
995 819 1073 840 esse
1097 809 1153 839 mi·
1292 805 1449 839 Exulavit
1470 807 1591 840 Daniel
1613 809 1644 840 in
1668 809 1854 852 Babylone,
1873 816 1907 841 ut
1930 810 1962 840 in
1986 808 2052 841 illis
2072 816 2187 851 poten·

173 858 275 897 litem,
298 864 331 889 et
353 863 466 898 petere
488 861 527 887 'se
545 860 680 896 propter
704 863 876 884 commune
901 851 1032 891 foedus,
1065 851 1153 893 quod
1206 851 1344 882 tissimis
1369 851 1501 893 regniS,
1536 851 1745 894 Babylonico
1769 860 1801 884 et
1821 853 1970 891 Persico,
1989 854 2104 885 notitia
2126 853 2190 885 Dei

173 902 296 934 debeat
328 909 406 932 esse
438 900 523 931 inter
545 899 636 929 viros
658 895 807 934 nobileS,
838 902 871 927 et
893 894 1014 927 milites
1036 895 1155 932 iustos,
1206 892 1462 932 inclaresceret,
1495 894 1538 925 ad
1561 905 1658 936 quam
1682 896 1723 926 ab
1747 906 1787 927 eo
1812 897 1966 927 conversi
1991 902 2069 928 sunt
2091 897 2190 928 etiam

173 950 210 977 ut
228 943 332 976 velint
353 953 467 974 secum
490 940 664 983 prandere.
732 939 788 969 Ait
810 948 893 970 suae
916 939 1042 979 patriae
1065 937 1154 969 hunc
1206 947 1307 978 reges
1337 935 1383 967 illi
1419 938 1707 978 praestantissimi:
1740 938 2042 977 Nabuchdonosor,
2067 939 2190 971 Darius

173 997 299 1020 morem
322 996 412 1023 esse,
445 991 480 1016 ut
503 983 653 1015 homines
677 982 778 1014 dediti
802 980 952 1020 militiae,
986 982 1019 1012 in
1043 980 1154 1011 convi-
1206 979 1338 1017 Medus,
1362 986 1394 1010 et
1417 979 1539 1022 Cyrus-
1585 980 1658 1011 Fuit
1680 982 1712 1011 in
1736 981 1836 1012 exilio
1859 982 1935 1020 isto,
1958 982 2061 1013 multo
2085 983 2190 1014 maior

172 1031 236 1063 viis
269 1027 471 1062 familiariter
505 1028 590 1058 inter
619 1035 657 1057 se
676 1024 909 1066 colloquantur
932 1025 973 1055 de
995 1024 1153 1065 impedis,
1208 1021 1316 1065 gloria
1335 1022 1510 1055 Ecclesiae
1531 1022 1646 1065 populi
1669 1023 1802 1062 Iudaici,
1825 1035 1924 1066 quam
1947 1025 2189 1057 domissorente

171 1080 206 1106 et
229 1073 271 1104 de
294 1082 330 1104 re
349 1070 496 1103 militari:
514 1079 553 1100 se
575 1070 766 1110 suscepisse
790 1068 855 1099 hoc
878 1068 952 1105 iter,
975 1072 1009 1099 ut
1029 1077 1154 1109 cogno·
1206 1064 1333 1107 politia.

172 1122 283 1148 sceret
317 1124 423 1157 genus
457 1112 600 1153 militiae,
635 1118 666 1144 et
699 1121 810 1144 mores
832 1110 992 1142 militares
1014 1110 1154 1141 istarum
1293 1108 1418 1140 Paulus
1442 1118 1573 1150 quoque
1596 1108 1637 1139 de
1659 1118 1698 1140 se
1721 1114 1753 1140 et
1776 1109 1917 1140 caeteris
1946 1108 2120 1151 Apostolis
2142 1111 2190 1141 in·

171 1159 327 1202 gentium.
1207 1152 1287 1193 quit,
1312 1151 1437 1194 vagari
1461 1153 1554 1192 ipsos
1578 1152 1713 1183 incertis
1735 1153 1884 1190 sedibus,
1907 1162 2019 1184 sumus
2046 1152 2190 1183 ἀπα-τοὺ·

259 1200 369 1234 Mirati
391 1197 568 1230 latrunculi
588 1195 635 1228 illi
657 1197 812 1229 virtutem
833 1196 928 1234 viri,
948 1196 1035 1227 sicut
1056 1195 1153 1226 etiam
1205 1207 1300 1234 μενοι,
1323 1195 1436 1237 inquit.
1469 1194 1565 1229 Quod
1590 1202 1689 1236 poeta
1713 1195 1809 1226 dixit:
1833 1197 1993 1228 Erramus
2007 1198 2103 1236 sack,
2126 1196 2194 1227 ace·

172 1244 306 1277 barbari
342 1242 484 1274 hominis
524 1241 650 1273 moveri
685 1238 795 1271 solent
829 1238 1013 1271 illustribus
1048 1238 1153 1280 signis
1207 1241 1312 1269 maria
1334 1242 1440 1269 omnia
1461 1241 1593 1269 circ-11:²2.

172 1287 315 1325 virtutis,
338 1285 545 1318 descendunt
568 1285 608 1315 de
632 1284 743 1325 equiS‚
775 1288 968 1314 reverenter
996 1280 1154 1319 salutant,
1294 1280 1400 1312 Hodie
1423 1290 1519 1322 quam
1539 1279 1631 1311 multi
1654 1286 1862 1321 praestantes
1886 1280 1960 1317 viri,
1985 1280 2191 1313 excellentes

172 1330 323 1363 assident
345 1329 374 1360 ei
397 1328 429 1359 in
453 1327 576 1365 arenis,
599 1332 632 1358 et
653 1324 751 1358 simul
774 1326 938 1367 prandent
961 1330 994 1356 et
1017 1335 1084 1356 una
1108 1324 1154 1354 bi-
1207 1324 1361 1365 ingeniiS,
1385 1323 1579 1361 eruditione,
1604 1329 1635 1354 et
1655 1323 1788 1361 virtute,
1812 1323 1866 1364 qui
1891 1323 1997 1354 Deum
2027 1331 2120 1355 recte
2144 1325 2190 1355 in-

172 1375 255 1406 bunt
282 1372 424 1404 honeste
459 1370 561 1411 (Nam
589 1370 623 1402 in
644 1368 730 1401 locis
752 1369 826 1400 istis
848 1368 999 1400 arenosis
1025 1371 1156 1408 oportet
1207 1373 1344 1404 vocant,
1367 1365 1535 1407 pelluntur
1556 1367 1692 1397 sedibus
1714 1365 2051 1407 patriis‘3-Vagantur
2069 1368 2101 1397 in
2125 1377 2191 1398 ma-

173 1426 251 1450 esse
274 1414 576 1456 temperantiores).
1209 1410 1284 1452 gnis
1308 1410 1487 1447 aerumnis,
1510 1414 1542 1439 et
1564 1409 1717 1445 miseriis,
1740 1419 1880 1449 quorum
1903 1407 2092 1440 calamitate
2121 1407 2191 1440 vult

259 1458 296 1490 ln
329 1458 468 1499 prandio
503 1461 616 1487 narrat
650 1454 890 1487 Sanseverinas
913 1463 973 1495 per
995 1454 1154 1493 interpre-
1209 1462 1272 1483 nos
1296 1451 1389 1483 Deus
1412 1450 1512 1488 affici,
1535 1452 1621 1482 sicut
1643 1451 1846 1492 praecipitur
1868 1452 1900 1481 in
1924 1450 2059 1481 Denter.
2083 1457 2116 1482 et
2138 1452 2192 1482 ad-

172 1509 251 1540 tem‚
275 1511 313 1532 se
336 1501 501 1531 hominem
525 1497 643 1530 italum
665 1507 754 1536 esse,
778 1496 1039 1533 Commemorat,
1069 1505 1154 1536 quae
1208 1495 1296 1526 ditur
1319 1494 1421 1525 ratio:
1443 1496 1610 1532 Memento,
1632 1495 1717 1534 qnod
1737 1498 1769 1525 ec
1789 1498 1824 1524 tu
1843 1494 1954 1533 fuert'e
1975 1495 2050 1525 ena
2071 1496 2105 1525 in
2127 1498 2192 1525 ter-

173 1546 239 1577 sint
273 1545 451 1586 praecipua
483 1552 589 1584 regna
611 1542 643 1572 in
666 1541 820 1581 Europa,
853 1545 886 1570 et
908 1537 1017 1580 qualis
1041 1539 1082 1569 sit
1105 1547 1155 1568 re·
1207 1548 1247 1569 ra
1269 1539 1411 1578 Aeyppct.
1456 1537 1524 1568 Aut
1546 1547 1673 1575 sumuS,
1696 1542 1753 1568 aut
1776 1535 1908 1575 suimus,
1930 1542 1987 1568 aut
2008 1546 2190 1578 possumus

174 1599 253 1632 gum
276 1585 484 1629 gubernatio,
509 1585 562 1626 qui
586 1584 652 1615 sint
676 1583 800 1625 gradus
823 1582 1017 1624 dignitatum
1041 1587 1073 1612 et
1096 1581 1155 1612 ho·
1206 1590 1297 1619 esse,
1320 1580 1410 1622 quod
1432 1579 1486 1611 hic
1507 1585 1570 1611 est.

173 1631 308 1667 minum,
333 1629 500 1671 quomodo
525 1626 611 1659 bella
635 1627 820 1658 indicantur
843 1636 883 1657 ac
905 1630 1064 1667 gerantur
1083 1634 1154 1655 cer·
1295 1623 1369 1666 Ego
1393 1624 1454 1655 iam
1473 1632 1546 1654 sum
1570 1622 1626 1654 hic
1650 1622 1713 1654 Dei
1736 1621 1912 1659 beneficio,
1945 1621 1988 1653 40
2007 1631 2126 1659 annos,
2156 1627 2190 1653 et

173 1675 216 1706 tis
238 1673 382 1715 legibus.
448 1672 583 1709 Narrat,
617 1669 728 1712 qualia
750 1669 816 1700 sint
833 1678 935 1703 arma,
964 1677 1050 1709 quae
1073 1669 1156 1698 ratio
1209 1677 1376 1709 nunquam
1410 1667 1501 1707 potui
1536 1666 1660 1703 dicere,
1697 1671 1752 1696 aut
1788 1671 1898 1696 certus
1935 1674 2023 1699 esse,
2057 1675 2109 1696 me
2133 1675 2194 1705 per

174 1715 388 1759 oppugnandi
420 1716 533 1747 urbes.
601 1713 650 1745 lili
680 1713 826 1744 vicissim
849 1717 986 1743 narrant
1010 1720 1089 1741 suas
1112 1709 1157 1740 hi·
1209 1721 1309 1742 unam
1332 1710 1548 1751 septimanam
1572 1719 1649 1740 esse
1672 1717 1872 1739 mansurum.
1919 1706 2032 1739 Facile
2050 1712 2194 1748 possunt

174 1760 310 1791 storias·
355 1758 501 1790 Tandem
524 1767 599 1789 cum
619 1755 804 1787 liberaliter
828 1755 938 1795 pransi
962 1759 1087 1790 essent,
1110 1753 1157 1784 iu-
1210 1753 1332 1784 homini
1355 1752 1508 1784 accidere
1531 1750 1637 1783 exilia.
1684 1751 1718 1781 ld
1738 1750 1861 1793 singuli
1885 1751 2035 1792 cogitare
2058 1751 2192 1783 debent.

175 1804 231 1835 bet
260 1802 504 1833 Sanseverinas
527 1798 668 1841 proferri
689 1809 730 1829 ex
753 1799 910 1835 sarcinis,
944 1796 1157 1833 bombat-date,
1210 1796 1252 1827 Et
1275 1797 1351 1837 quia
1374 1805 1471 1826 nemo
1491 1796 1553 1826 sibi
1574 1805 1632 1835 per
1646 1804 1775 1825 omnem
1795 1795 1893 1824 vitam
1912 1800 2022 1835 potest
2041 1792 2192 1834 polliceri

175 1855 287 1883 arcus.
324 1843 456 1885 gladios
482 1842 773 1885 (quemadmodum
796 1841 838 1872 ad
862 1842 973 1871 varios
997 1850 1078 1871 usus
1102 1849 1158 1879 pe·
1212 1846 1337 1870 certum
1362 1837 1494 1879 aliquod
1520 1838 1715 1879 hospitium,
1751 1836 1932 1867 babeamus
1957 1843 1989 1868 et
2012 1847 2074 1868 nos
2095 1837 2192 1868 ratio·

174 1889 400 1931 regrinatores
418 1886 605 1918 huiusmodi
629 1895 722 1916 arma
743 1895 856 1915 secum
875 1884 997 1915 babere
1017 1889 1158 1923 oportet,
1211 1892 1285 1913 nem
1309 1883 1435 1923 piorum
1460 1880 1602 1917 exulum,
1627 1881 1711 1911 sicut
1742 1880 1877 1910 dicitur:
1911 1883 2005 1918 ξενοῖς
2039 1881 2191 1921 ἐπαρκῶν,

176 1939 208 1964 et
232 1933 316 1963 inter
337 1930 435 1967 haec,
459 1930 555 1961 etiam
569 1930 675 1959 omnis
689 1929 822 1969 generis
846 1933 1050 1963 ornamenta,
1074 1935 1158 1966 quae
1211 1926 1270 1956 miv
1293 1926 1368 1955 ἴσων
1391 1925 1477 1963 ιιιῖξῃ
1499 1928 1576 1954 ποκ’.
1604 1923 1759 1954 llonestis
1783 1921 1935 1954 exulibus
1965 1923 1993 1953 si
2017 1922 2193 1954 benefece-

176 1976 253 2007 dent
271 1973 482 2015 hospitibus).
530 1971 597 2003 Dat
625 1972 725 2011 igitur
747 1969 886 2012 singulis
911 1970 1026 2005 xenia,
1050 1969 1158 1999 distri·
1212 1970 1270 2006 ris,
1293 1967 1384 1999 Deus
1408 1974 1505 1998 ettam
1528 1968 1584 1997 tibi
1606 1965 1802 2003 benefaciet,
1826 1964 1878 1996 vel
1903 1972 1936 1997 tu
1959 1975 2090 2006 quoque
2115 1975 2192 1996 con·

176 2018 245 2050 buit
268 2017 453 2058 potioribus
476 2014 542 2047 alia
565 2021 663 2056 atque
684 2013 749 2045 alia
773 2024 876 2051 arma,
907 2014 963 2044 dat
986 2012 1158 2053 pecuniam
1212 2012 1363 2060 sequeris
1387 2011 1485 2051 paria.
1556 2009 1736 2049 Praecipue
1759 2019 1839 2039 vero
1863 2009 2048 2050 cogitemus
2071 2018 2193 2039 causas

176 2061 344 2093 ministris.
1213 2055 1396 2089 exitiorum,
1421 2054 1460 2083 de
1483 2053 1603 2085 ouibus
1624 2053 1699 2082 «lixi.
1748 2051 1785 2082 Et
1800 2058 1970 2082 teneamus
1991 2050 2192 2082 consolatio·

264 2101 311 2134 llli
336 2100 488 2134 delectati
513 2101 662 2132 oratione
685 2098 774 2131 illius
798 2105 831 2130 et
850 2099 1056 2135 muneribus,
1080 2096 1158 2128 laeti
1213 2108 1298 2133 nem,
1333 2097 1420 2138 quod
1447 2090 1538 2127 De'us
1564 2095 1641 2126 velit
1667 2096 1762 2125 ctiam
1787 2105 1849 2125 nos
1879 2095 1911 2125 in
1935 2093 2042 2125 exiliis
2067 2095 2194 2133 iuvare,

177 2147 344 2187 accipiunt
374 2146 479 2182 dona,
508 2154 648 2185 cumque
667 2148 815 2174 amanter
839 2140 949 2183 aliquo
974 2151 1080 2183 usque
1105 2152 1160 2171 co·
1213 2140 1404 2173 defendere.
1440 2150 1597 2170 servare:
1632 2139 1724 2169 Sicut
1755 2144 1910 2168 servatus
1938 2144 1989 2168 est
2014 2147 2095 2178 puer
2118 2138 2192 2169 iste.

177 2191 342 2222 mitantur.
400 2188 523 2219 Postea
547 2193 649 2229 agunt
674 2186 814 2227 gratias,
837 2191 869 2215 et
893 2185 1026 2215 abeunt.
1076 2183 1159 2215 Tan-
1213 2184 1329 2221 Maria,
1354 2182 1484 2224 loseph.
1507 2184 1561 2224 qui
1586 2189 1663 2224 post
1686 2188 1823 2213 mortem
1855 2180 1995 2212 Herodis
2026 2181 2195 2212 redierunt

177 2240 245 2265 tum
270 2231 358 2264 valet
380 2232 486 2263 virtus
511 2230 609 2262 etiam
633 2230 719 2271 apud
743 2230 875 2270 ignotos
895 2234 925 2257 et
950 2225 1068 2258 malos.
1213 2228 1310 2259 etiam
1333 2227 1364 2257 in
1388 2227 1537 2267 patriam.

264 2275 346 2307 Post
369 2275 510 2306 triduum
534 2274 673 2304 redeunt
693 2272 790 2304 iidem
810 2269 998 2307 latrunculi,
1021 2270 1080 2301 scd
1094 2280 1161 2300 ma-

179 2319 238 2351 iori
274 2329 347 2350 cum
371 2318 540 2355 comitatu,
575 2322 607 2348 et
635 2317 664 2346 xi
701 2315 834 2357 capiunt
857 2314 1161 2350 Sanseverinatem,

179 2373 252 2394 cum
276 2363 358 2393 suis.
403 2360 443 2392 Hi
467 2361 626 2402 putabant
650 2360 714 2390 iam
738 2365 845 2389 actum
865 2368 943 2388 esse
967 2358 1008 2387 de
1031 2367 1091 2387 sua
1116 2357 1160 2386 vi-

180 2412 224 2443 ta,
248 2405 307 2436 sed
331 2406 496 2436 ducuntur
518 2404 550 2434 in
573 2413 683 2434 arcem
708 2402 885 2443 quandum.
909 2399 1161 2431 ubilionoriiice
1421 2392 1483 2431 De
1518 2390 1732 2431 parricidio
1770 2389 1985 2430 Infinitum.

180 2449 399 2490 excipiuntur,
421 2453 454 2478 et
478 2447 594 2478 retenti
619 2446 738 2483 triduo,
761 2455 801 2475 ac
821 2445 932 2475 donati
947 2443 1066 2474 massis
1089 2443 1160 2474 auri

181 2492 294 2526 nativi,
318 2491 426 2528 thure,
449 2497 481 2521 et
503 2489 638 2532 myrrha
662 2489 864 2520 reducuntur
888 2488 919 2518 in
944 2488 1040 2517 viam.
1300 2484 1492 2525 Quanquam
1517 2489 1624 2514 nutem
1648 2486 1826 2513 evaserunt
1847 2480 2067 2522 Tyranniticm
2091 2478 2193 2510 nero-

269 2533 411 2565 l'ulcbra
436 2539 487 2564 est
510 2534 591 2565 baec
614 2533 771 2569 narratio,
794 2532 826 2563 in
850 2541 915 2572 qua
942 2529 1161 2560 describenda
1214 2529 1276 2565 dis,
1299 2527 1453 2558 Christus
1477 2534 1506 2557 et
1531 2533 1697 2567 parentes.
1719 2532 1750 2556 et
1775 2526 1806 2556 in
1837 2523 1934 2555 csilio
1963 2533 2095 2565 quoque
2123 2532 2193 2553 ser·

180 2576 414 2609 adolescentes
437 2575 559 2618 stylum
583 2581 772 2608 exerceant.
818 2574 878 2606 Est
902 2574 1030 2613 insigne
1053 2582 1160 2603 exeiii-
1213 2572 1279 2602 vnti
1303 2577 1396 2602 sunt:
1422 2576 1528 2600 tamen
1555 2580 1618 2600 uon
1643 2569 1759 2599 desinit
1787 2566 1949 2599 Diabolus
1973 2568 2093 2598 furere.
2126 2565 2194 2597 lino

181 2619 282 2695 plum.
306 2621 392 2663 quoi!
410 2620 554 2651 Comitas
576 2630 678 2661 saepe
703 2619 806 2661 prosit
830 2618 861 2648 ln
886 2617 1014 2657 maguis
1034 2617 1160 2657 pericu·
1213 2614 1322 2655 incipit
1360 2613 1465 2654 magis
1500 2613 1673 2654 magisque
1708 2612 1844 2643 incitare
1878 2609 1968 2642 illum
1992 2619 2105 2641 senem
2128 2608 2192 2650 Τ]-

196 2664 203 2673 ο

195 2675 237 2702 ¹³»
260 2670 293 2696 et
315 2664 402 2705 quod
425 2664 546 2695 virtute
568 2669 763 2695 moveantur
786 2660 884 2693 etiam
914 2660 1064 2691 homines
1088 2658 1161 2690 seri.
1213 2668 1362 2689 rannum.
1419 2657 1494 2688 ideo
1518 2657 1681 2688 intereunt
1703 2654 1815 2697 aliqua
1837 2655 1985 2686 membra
2008 2651 2192 2685 Ecclesiae.
