2324 2958
157 185 219 220 811

157 280 269 318 ribus,
301 278 361 310 sed
383 276 542 309 liberatur
563 286 583 308 a
604 281 762 318 peccat03
796 276 872 318 quia
889 284 996 317 agens
1018 274 1130 315 poeni-

157 323 291 355 tentiam
304 320 407 354 credit
428 321 462 351 in
484 319 612 351 Filium.
656 319 713 351 Sic
741 317 824 350 lario
854 319 886 349 in
910 327 1010 349 cruce
1031 317 1131 348 habet

157 365 244 397 hanc
266 362 541 401 consolationem,
563 362 651 404 quod
673 360 1037 402 libereturapeccatis;
1055 360 1131 400 quia

157 408 261 440 eredit
283 408 315 439 in
338 405 462 437 Filium.

243 450 310 481 lam
339 448 605 486 consideremus,
633 457 675 478 an
694 452 784 478 recte
807 452 967 487 arguatur
989 443 1131 475 mundus

158 493 199 525 de
221 492 285 524 hoc
306 497 456 534 peccato.
523 489 710 522 Intueamur
739 489 894 520 mundum
925 488 1033 518 statim
1056 492 1131 527 post

157 536 281 577 primae
304 532 749 566 Ecclesiaeinchoationem.
779 531 875 562 Edita
898 537 948 561 est
971 528 1130 560 revelatio

157 579 199 610 de
221 576 304 610 Filio
316 577 380 609 Dei
402 576 512 608 statim
524 576 556 606 in
569 576 739 617 principio,
761 575 793 605 in
816 572 872 604 illa
893 572 1129 614 promissione:

159 620 270 653 semen
291 620 433 652 mulieris
455 622 597 650 content
617 622 716 658 caput
738 617 907 657 serpentis.
932 614 1036 646 Huius
1058 623 1131 655 pro-

157 664 327 696 missionis
361 662 475 694 notitia
508 661 588 693 facit
621 661 797 692 discrimen
832 659 916 690 inter
945 656 1131 690 Ecclesiam

158 717 282 745 veram,
303 711 337 738 et
359 703 441 737 alios
465 705 520 746 qui
543 709 619 736 sunt
641 709 734 735 extra
756 701 956 734 Ecclesiam.

158 873 303 914 Nonne
334 877 423 912 tota
455 869 667 926 posteritas
692 867 813 908 Adae
834 871 952 906 norat
975 863 1134 919 legem?

243 961 455 1004 Respondeo.
518 960 583 997 lta3
618 959 693 1001 quia
726 964 776 989 est
809 954 968 988 naturalis
998 955 1134 991 notitia;

158 1007 247 1038 sicut
281 1014 396 1037 omnes
437 1010 547 1035 tenont
581 1001 691 1044 aliquo
723 1001 821 1033 modo
855 999 1134 1034 numerationem;

158 1049 235 1091 quia
258 1054 310 1080 est
332 1048 447 1079 notitia
469 1045 640 1078 naturalis.
686 1044 753 1076 Sed
780 1048 995 1074 tenueruntne
1018 1050 1133 1072 omnes

159 1091 286 1134 posteri
321 1090 415 1122 Adae
449 1086 724 1131 promissionem?
768 1085 977 1126 Respondeo.
1021 1083 1134 1125 Aliqui

159 1144 291 1175 semper
312 1138 499 1165 tenuerunt.
544 1131 611 1163 Sed
634 1130 773 1161 maxima
795 1127 968 1160 multitudo
991 1125 1135 1168 neglexit

159 1184 191 1209 et
215 1176 423 1217 contempsit.
469 1174 550 1206 Cain
580 1172 712 1210 defecit,
737 1172 849 1203 derisit
872 1169 1134 1212 promissionem.

159 1220 282 1251 Postea
306 1220 447 1250 maxima
469 1228 547 1258 pars
571 1216 702 1259 generis
725 1214 857 1246 humani
881 1211 984 1243 oblita
998 1218 1049 1243 est
1061 1221 1136 1253 pro-

159 1262 339 1294 missionis.
384 1260 508 1292 Mansit
530 1266 639 1291 autem
662 1264 786 1289 tantum
810 1257 840 1287 in
865 1255 921 1286 illa
944 1261 1038 1296 parte
1060 1264 1135 1295 pro-

159 1305 284 1342 missio,
317 1304 373 1335 ubi
408 1309 479 1334 erat
503 1312 582 1334 vera
604 1299 769 1338 Ecclesia,
804 1299 864 1331 sed
890 1297 973 1329 alias
1001 1296 1137 1335 clarius,

159 1347 243 1380 alias
267 1346 452 1378 obscurius.

245 1390 328 1421 Post
359 1389 445 1426 Noe,
480 1388 546 1419 imo
581 1387 688 1418 adhuc
710 1385 841 1416 vivente
864 1381 932 1421 illo,
963 1392 1079 1414 rursus
1103 1382 1136 1413 in

160 1431 358 1466 oblivionem
382 1431 470 1462 venit
491 1430 680 1471 promissio,
703 1428 764 1460 etsi
786 1427 911 1468 posteri
936 1427 1138 1456 retinuerunt

160 1475 289 1518 aliquos
311 1475 393 1506 ritus
417 1473 561 1504 Patrum.
607 1471 727 1504 Postea
751 1470 856 1511 magis
880 1469 1051 1510 magisque
1080 1477 1136 1498 ex-

160 1520 264 1551 tincta
295 1517 355 1550 fuit
390 1516 540 1548 doctrina
573 1514 840 1556 promissionum,
873 1521 939 1542 non
973 1509 1081 1542 solum
1104 1512 1137 1542 in

161 1561 216 1594 illa
239 1566 345 1603 parte,
380 1569 467 1602 quae
500 1559 671 1590 dicebatur
703 1555 854 1593 Ethnica,
889 1554 950 1586 sed
984 1555 1081 1585 etiam
1104 1554 1137 1585 in

161 1602 284 1648 populo
307 1603 380 1635 Dei.
427 1601 589 1633 Saducaei
613 1610 751 1643 prorsus
770 1596 986 1630 sustulerunt.

247 1646 415 1678 Pharisaei
438 1649 679 1676 conservarunt
696 1651 815 1674 nomen
829 1640 984 1678 Mes-siae,
1007 1640 1068 1672 sed
1091 1645 1138 1670 ta-

162 1700 236 1723 men
265 1689 449 1721 doctrinam
486 1690 612 1729 ipsam,
647 1687 689 1718 de
725 1694 869 1727 persona
902 1690 935 1714 et
968 1683 1137 1714 beneficiis

163 1732 307 1765 Maestae
331 1741 468 1773 prorsus
488 1736 716 1771 corruperunt.
783 1727 926 1759 Fuerunt
950 1732 1060 1758 tamen
1083 1723 1138 1756 ali-

185 1785 228 1808 ua
261 1776 337 1806 viva
369 1782 401 1805 et
435 1784 515 1806 vera
549 1773 694 1804 membra
729 1769 913 1807 Ecclesiae,
945 1767 1140 1806 Zacharias,

177 1820 311 1856 'irneon‚
344 1816 460 1854 Maria,
491 1815 619 1853 llanna,
655 1822 685 1846 et
711 1813 777 1851 alii,
812 1813 866 1854 qui
897 1818 1139 1844 conservarunt

163 1871 276 1894 verum
297 1858 498 1892 intellectum
516 1859 781 1901 promissionum,
804 1857 878 1898 quia
892 1865 1022 1896 semper
1043 1864 1140 1895 opor-

164 1910 209 1936 tet
231 1902 373 1945 aliquam
404 1912 479 1934 esse
502 1900 759 1938 Ecclesiam,'et
782 1909 821 1930 ea
844 1897 926 1929 alias
950 1904 1001 1929 est
1024 1898 1138 1935 maior,

164 1946 248 1979 alias
271 1947 390 1977 minor:
422 1944 460 1976 Et
491 1945 522 1975 in
553 1945 626 1985 ipsa
649 1953 780 1985 quoque
804 1941 1011 1983 quantumvis
1035 1950 1139 1981 parva

163 1988 328 2027 Ecclesia,
351 1986 404 2019 alii
428 1986 515 2029 plus,
539 1986 591 2018 alii
615 1988 722 2018 minus
746 1984 830 2016 lucis
855 1984 987 2015 habent.

252 2032 325 2064 Hoc
349 2041 431 2073 ergo
443 2030 641 2061 horrendum
654 2036 839 2070 peccatum,
862 2027 949 2068 quod
973 2032 1024 2057 est
1047 2027 1139 2068 igno-

166 2076 260 2113 ratio,
291 2073 469 2116 neglectim
503 2078 710 2114 contemptus
744 2070 814 2101 filii
851 2069 910 2101 Dei
935 2071 966 2100 in
991 2076 1061 2100 toto
1085 2079 1139 2109 ge-

165 2129 244 2150 nere
267 2117 422 2154 humano,
445 2122 582 2147 accusat
607 2126 671 2146 vox
693 2112 885 2154 Evangelii:
908 2113 984 2158 qpia
1008 2113 1039 2142 in
1064 2111 1138 2142 solo

165 2160 349 2204 Evangelio
373 2158 551 2196 revelatur,
576 2159 649 2200 quis
673 2159 714 2188 sit
737 2155 838 2188 Filius
851 2155 925 2192 Dei,
948 2161 980 2185 ct
1003 2165 1138 2196 quomo-

167 2205 209 2235 do
233 2205 274 2235 sit
298 2202 497 2235 credendum
517 2203 548 2232 in
571 2211 657 2238 eum,
681 2201 768 2242 quod
791 2210 857 2230 non
881 2208 1041 2239 expresse
1063 2197 1140 2228 dicit

168 2247 244 2279 Lex.
291 2247 324 2278 Si
349 2245 488 2277 definias
512 2250 702 2285 peccatum,
737 2243 824 2284 quod
850 2242 891 2271 sit
914 2251 979 2271 non
1004 2241 1139 2271 obedire

167 2289 244 2332 legi,
267 2289 372 2321 habes
395 2288 613 2319 definitionem
637 2293 870 2328 congruentem
902 2284 1074 2314 doctrinae
1099 2281 1141 2313 le-

192 2334 218 2363 's
297 2332 364 2363 Sed
400 2331 454 2362 hic
488 2337 579 2361 certa
614 2330 744 2371 species
772 2326 900 2369 peccati
924 2326 1076 2357 definitur
1101 2336 1140 2356 ex

168 2344 361 2418 Evangelio,
384 2373 513 2404 scilicet
536 2382 597 2403 non
622 2373 751 2403 emim-e
773 2373 804 2402 i'n
831 2371 941 2402 Fe'h'mn
968 2369 1038 2399 Dm'.

255 2419 398 2450 Pertinet
446 2417 549 2447 uideni
575 2416 656 2446 tides
680 2416 721 2446 ad
752 2416 888 2456 primum
919 2418 1142 2453 praereptum,

170 2461 295 2493 srilicet
319 2462 346 2491 si
371 2428 536 2501 inteiligas
561 2458 686 2500 legem,
719 2468 782 2489 non
807 2456 913 2499 qualis
937 2465 995 2495 per
1019 2465 1056 2484 se
1080 2461 1141 2489 est,

170 2506 228 2535 sed
252 2511 412 2546 qnatenus
437 2502 623 2534 declaretur
646 2509 674 2532 et
700 2499 882 2532 illustratur
900 2509 938 2530 ex
954 2498 1141 2538 promissio-

171 2549 265 2578 nibus
288 2545 468 2585 Evangelii.

258 2589 334 2620 Vult
355 2588 446 2619 Deus
469 2599 486 2619 a
537 2588 605 2619 osci
625 2588 720 2618 istum
745 2585 870 2623 Filium,
895 2583 965 2616 vult
988 2583 1016 2614 ei
1037 2583 1140 2613 credi:

172 2640 202 2664 et
226 2632 358 2674 quando
381 2632 434 2664 hic
458 2598 558 2663 fiiri'ds
582 2641 647 2662 non
670 2631 874 2672 agnoscitur,
904 2634 1011 2659 manet
1037 2632 1139 2657 totum

787 181 895 215 PfflL.
916 180 1021 214 MEL.
1043 179 1226 214 SCRtP‘rA
1249 178 1511 212 EXEGETlCA.

2090 179 2154 214 812

1182 278 1356 314 peccatum
1389 273 1421 304 in
1451 279 1569 305 natura
1590 272 1744 305 hominis.
1810 272 1881 305 Lex
1903 273 2000 305 etiam
2022 284 2087 306 non
2106 274 2154 313 fit,

1183 315 1245 346 nisi
1278 315 1391 357 agnito
1424 314 1489 347 hoc
1517 314 1612 353 Filio,
1645 326 1707 347 nec
1729 316 1757 346 si
1779 315 1879 347 faciat
1901 315 2032 358 aliquis,
2066 317 2155 358 quod

1183 363 1345 399 congruat
1368 368 1442 390 cum
1466 357 1541 400 lege
1562 359 1634 390 sine
1656 357 1721 389 hoc
1732 357 1826 397 Filio,
1849 358 1983 400 placere
2001 359 2075 390 Deo
2098 369 2155 400 po-

1183 406 1257 432 test.
1302 399 1378 432 ldeo
1401 399 1602 443 intelligatur
1625 407 1798 442 peccatum
1821 402 1863 433 de
1889 400 2102 433 fundamento
2124 407 2157 434 et

1183 443 1334 474 termino.
1368 443 1626 475 Fundamentum
1651 450 1713 482 est,
1736 454 1801 474 non
1824 444 1961 476 credere
1984 445 2016 475 in
2039 443 2155 476 Filium

1184 484 1263 522 Dei;
1285 486 1442 518 terminus
1464 493 1527 525 est,
1551 485 1750 518 horribiliter
1773 497 1863 518 reum
1888 496 1965 518 esse
1978 493 2011 518 et
2022 497 2155 519 manere

1185 538 1297 560 coram
1320 527 1406 560 Deo.

1269 569 1409 606 Quando
1450 572 1635 614 cogitamus
1675 572 1875 610 certamina,
1908 581 1992 614 quae
2026 581 2158 612 semper

1184 611 1316 645 fuerunt
1348 614 1526 656 praecipua
1559 615 1590 645 in
1614 624 1736 657 genere
1757 614 1912 653 humano,
1942 615 2157 656 agnoscimus

1183 656 1364 729 praecilpue
1386 663 1419 688 et
1441 663 1598 698 perpetuo
1622 658 1805 699 oppugnari
1824 656 1911 688 hunc
1930 656 2102 689 articulum
2115 658 2158 689 du

1184 697 1266 729 Filio
1323 698 1363 730 ei.
1408 698 1561 739 Apostoli
1584 700 1708 738 dicunt,
1733 699 1819 732 hunc
1844 699 1959 731 Filium
1982 709 2059 731 esse
2071 699 2158 732 Mes-

1185 741 1279 778 siam‚
1299 747 1332 772 et
1354 748 1490 783 propter
1510 741 1599 774 hunc
1622 743 1941 784 recipicredentesa
1954 741 2039 775 Deo.
2063 742 2158 774 Mun-

1185 784 1245 814 dus
1271 782 1366 821 haec,
1389 784 1465 825 quia
1487 795 1588 825 supra
1612 792 1742 827 captum
1765 786 1883 817 mentis
1913 784 2074 817 humanae
2102 795 2159 827 po-

1184 827 1248 857 sita
1259 833 1348 864 sunt,
1361 827 1569 865 adversatur,
1591 828 1789 869 indignatur,
1812 827 1929 868 fremit,
1943 835 2082 860 conatur
2104 829 2160 860 d&

1185 867 1265 907 lere,
1299 869 1452 901 interficit
1483 876 1618 911 propter
1640 869 1726 902 hanc
1758 871 1939 902 doctrinam
1963 870 2157 912 Apostolos.

1185 911 1233 943 lta
1255 910 1328 943 aliis
1351 912 1448 943 etiam
1471 912 1673 952 temporibus
1695 923 1826 954 semper
1848 914 1880 945 in
1904 923 2026 956 genere
2044 914 2158 945 huma-

1185 965 1228 986 no
1251 961 1361 986 manet
1384 960 1593 996 contemptus
1617 954 1689 986 Filii
1712 955 1785 987 Dei.

1270 996 1311 1028 Et
1334 1007 1530 1039 quamquam
1554 1007 1616 1029 nos
1638 998 1670 1028 in
1693 997 1845 1030 Ecclesia
1866 999 2079 1040 agnoscimus
2102 997 2160 1030 al‘p

1186 1050 1251 1082 quo
1282 1041 1381 1071 modo
1415 1039 1593 1078 Christum,
1623 1046 1732 1077 tamen
1766 1041 1831 1071 hoc
1855 1041 1961 1083 ipsum
1989 1039 2087 1072 valde
2109 1046 2160 1072 est

1186 1082 1389 1125 languidum,
1413 1088 1444 1114 et
1466 1085 1620 1115 assensio
1642 1084 1828 1115 concutitur
1851 1082 1961 1115 multis
1985 1083 2160 1114 dubitatio·

1186 1126 1295 1163 nibus,
1319 1132 1352 1157 et
1382 1125 1501 1157 fiducia
1525 1136 1591 1157 non
1621 1133 1671 1157 est
1701 1127 1834 1157 ardens.
1901 1126 2040 1167 Semper
2061 1126 2162 1168 igitur

1187 1175 1316 1209 oportet
1334 1169 1428 1210 argui
1451 1167 1532 1201 illud
1556 1170 1649 1200 triste
1672 1176 1863 1211 peccatum,
1886 1179 1949 1200 uon
1973 1169 2107 1200 credere
2128 1169 2162 1200 in

1187 1211 1312 1242 Piliam.

1272 1253 1334 1284 Est
1355 1260 1463 1285 autem
1486 1252 1570 1285 haec
1581 1254 1752 1286 accusatio
1775 1254 1807 1285 in
1825 1252 2031 1295 singulorum
2054 1253 2161 1285 cordi-

1188 1297 1250 1327 bus
1273 1297 1470 1338 opponenda
1493 1296 1603 1328 multis
1626 1297 1873 1335 tentationibus,
1898 1303 1930 1327 ut
1950 1297 2082 1338 quando
2107 1306 2162 1327 co-

1188 1339 1291 1380 gitas:
1325 1339 1484 1380 Agnosco
1518 1350 1590 1371 mea
1614 1347 1749 1379 peccata
1772 1347 1803 1370 et
1831 1349 1970 1380 magnas
1993 1340 2161 1370 infirmita-

1161 1385 1166 1414 1
1188 1389 1255 1416 tes3
1279 1380 1357 1426 nihil
1381 1387 1446 1412 tam
1470 1380 1598 1419 vellem,
1633 1392 1729 1423 quam
1753 1382 1852 1419 scire,
1885 1380 1962 1412 mihi
1995 1380 2163 1421 placatum

1188 1433 1265 1455 esse
1289 1422 1409 1455 Deum.
1475 1422 1536 1455 Hic
1560 1425 1771 1466 cogitandum
1795 1430 1857 1461 est,
1890 1424 1967 1464 qnia
1990 1430 2163 1464 peccatum

1189 1473 1242 1497 est
1265 1477 1330 1497 non
1355 1466 1504 1503 credere;
1528 1467 1602 1498 ideo
1623 1467 1719 1497 etiam
1734 1464 1996 1497 consolationem
2021 1467 2164 1498 omnium

1189 1519 1347 1540 suminam
1381 1519 1468 1547 esse,
1503 1510 1590 1551 quod
1624 1510 1747 1541 scimus
1777 1510 1899 1540 debere
1930 1519 1992 1539 nos
2028 1509 2166 1541 credere

1189 1552 1263 1584 voci
1284 1551 1476 1593 Evangelii,
1507 1552 1539 1583 in
1569 1562 1634 1594 qua
1656 1550 1828 1584 manifeste
1850 1551 1927 1583 dicit
1951 1550 2050 1583 Filius
2085 1551 2163 1583 Dei:

1196 1594 1304 1626 Venite
1326 1595 1370 1625 ad
1393 1605 1439 1625 me
1461 1605 1566 1626 omnes
1599 1595 1656 1635 qui
1686 1595 1855 1626 laborastis.
1923 1594 2015 1626 ltein:
2053 1594 2165 1626 Omnis

1189 1639 1245 1680 (μή
1276 1639 1475 1669 invocaverit
1506 1647 1617 1669 nomen
1653 1638 1794 1676 Domini,
1817 1638 1927 1668 salvus
1945 1638 2015 1668 eri!-
2068 1636 2166 1669 ·lluic

1190 1682 1264 1712 voci
1287 1681 1443 1713 debemus
1465 1681 1631 1719 assentiri,
1651 1687 1683 1712 et
1706 1690 1777 1712 eam
1800 1678 1964 1722 amplecti.
1993 1680 2075 1711 Nam
2089 1691 2165 1720 pet>

1191 1731 1300 1756 catum
1325 1729 1375 1755 est
1398 1734 1464 1755 non
1487 1724 1659 1756 assentiri:
1684 1730 1727 1761 et,
1750 1724 1805 1755 ubi
1829 1721 1892 1754 hoc
1915 1730 2087 1764 peccatum
2100 1733 2166 1754 ma·

1190 1774 1257 1805 net,
1278 1768 1322 1798 ibi
1347 1768 1441 1798 etiarn
1469 1773 1601 1798 caetera
1628 1772 1768 1798 manent.
1838 1765 1901 1797 Ubi
1926 1765 2009 1797 fides
2035 1772 2099 1804 est,
2122 1765 2165 1797 ibi

1164 1818 1168 1838 Ι
1191 1811 1311 1842 cedunt
1334 1816 1472 1852 peccata
1497 1815 1640 1841 caetera.

1164 1854 1168 1877 ἲ
1277 1852 1369 1884 naec
1391 1859 1442 1884 est
1461 1853 1564 1893 prima
1586 1852 1748 1883 sententia
1770 1852 1801 1882 in
1825 1850 1889 1882 hoc
1919 1851 2023 1882 dicto:
2051 1856 2167 1892 (ιτ-φερε

1165 1882 1168 1930 i
1191 1897 1335 1927 mnndum
1358 1896 1398 1926 de
1419 1899 1561 1936 peccato.
1608 1895 1659 1925 De
1689 1895 1776 1936 quo?
1822 1894 1917 1932 Quod
1945 1903 2004 1925 non
2032 1894 2167 1926 credun!

1192 1941 1223 1970 in
1248 1949 1302 1969 me.
1371 1938 1453 1969 Nam
1477 1938 1562 1979 quod
1585 1945 1633 1968 est
1648 1937 1860 1973 definitivum,
1883 1936 2042 1977 ὁρισιωηῖν,
2067 1947 2167 1978 expo-

1164 1979 1168 2051 }
1192 1983 1334 2018 sitivum,
1358 1981 1441 2012 sicut
1467 1982 1527 2012 iani
1552 1990 1654 2020 saepe
1679 1980 1754 2010 dixi.
1808 1980 1843 2010 Si
1868 1978 1977 2021 legas:
2006 1981 2081 2020 qnia
2104 1989 2168 2011 non

1192 2025 1338 2062 creduut,
1360 2030 1454 2054 erunt
1478 2024 1562 2054 duae
1593 2022 1855 2064 propositiones,
1886 2023 2109 2061 Amet-edens,
2134 2030 2167 2055 et

1164 2053 1168 2094 l
1193 2068 1425 2108 son-sequens:
1448 2067 1540 2108 quasi
1565 2066 1605 2096 sit
1630 2066 1791 2096 connexio
1817 2075 1939 2096 causae
1963 2072 1993 2097 et
2012 2065 2166 2097 effectus:

1192 2117 1224 2141 et
1248 2111 1307 2141 erit
1330 2110 1436 2141 oratio
1460 2109 1643 2141 obscurior.
1689 2109 1755 2140 Sed
1780 2108 1910 2149 quando
1924 2109 2058 2140 dicitur:
2081 2109 2168 2149 quod

1192 2163 1254 2184 uon
1289 2153 1422 2183 credunt
1457 2153 1489 2183 ιή
1523 2162 1582 2190 me,
1612 2158 1662 2183 est
1688 2162 1751 2183 una
1776 2151 1970 2192 propositio,
1995 2162 2078 2193 quae
2102 2150 2167 2183 hoc

1192 2197 1290 2227 modo
1313 2203 1363 2227 est
1389 2194 1605 2227 resolvenda:
1630 2194 1705 2226 Non
1729 2194 1861 2225 credere
1883 2195 1914 2224 t‘u
1939 2205 1994 2232 me,
2023 2198 2071 2226 est
2093 2204 2164 2235 pest

1192 2244 1308 2275 catum,
1331 2240 1371 2269 do
1392 2249 1454 2279 qno
1477 2242 1632 2280 (ιτ-φαίην
1655 2238 1797 2269 mimda-r.

1280 2282 1351 2313 Hoc
1375 2288 1545 2323 peccatum
1575 2288 1625 2312 est
1654 2281 1882 2322 praecipuum.
1911 2286 1941 2310 et
1965 2289 2028 2310 nos
2052 2289 2168 2311 omnes

1194 2326 1361 2358 sentimus,
1386 2333 1542 2366 quantum
1566 2325 1605 2355 sit
1631 2325 1662 2355 in
1687 2324 1781 2354 nobis
1806 2323 2030 2363 trepidationis
2053 2329 2085 2354 et
2109 2321 2167 2353 dis·

1195 2369 1359 2399 fidentiae:
1391 2369 1530 2410 ideoque
1560 2369 1590 2398 in
1625 2367 1721 2397 nobis
1744 2366 1823 2406 ipsis
1849 2375 1980 2406 quoque
2002 2375 2167 2407 agnosca-

1195 2423 1264 2442 mus
1289 2412 1380 2452 argui
1406 2412 1469 2442 hoc
1494 2415 1677 2451 peceatum.
1724 2409 1875 2439 Petamus
1909 2418 1969 2438 nos
1997 2409 2112 2441 iuvari.
2136 2415 2167 2440 et

1195 2454 1399 2491 «mutuniati,
1433 2462 1462 2485 et
1488 2453 1625 2484 accendi
1650 2454 1681 2483 in
1705 2452 1800 2483 nobis
1825 2451 1979 2482 iuniorem
2005 2450 2168 2482 flammam

1196 2498 1280 2527 tim-i.
1348 2497 1419 2527 Non
1454 2503 1562 2538 potest
1596 2496 1764 2526 accusatio
1788 2493 1884 2525 liuius
1914 2495 2040 2535 pot-rati
2066 2493 2168 2525 omitti

1168 2570 1169 2577 ,
1194 2541 1224 2570 in
1250 2541 1492 2581 praedicatione
1515 2538 1744 2580 poenitentiae.
1770 2537 1834 2568 lani
1860 2537 2006 2578 sequitur
2028 2535 2168 2569 alterum

1166 2581 1171 2655 ί
1194 2584 1371 2614 membrum
1396 2583 1436 2615 de
1458 2583 1587 2614 iustitia.
