2324 2958
196 180 240 213 87
827 170 938 202 PHIL.
960 169 1064 202 MEL.
1089 165 1274 201 SCRIPTA
1296 160 1561 195 EXEGETICA.
2161 161 2205 195 83

198 281 309 306 tamen
330 271 424 304 Deus
446 275 558 302 servat
587 266 744 308 reliquias
768 275 848 297 suae
871 263 1054 301 Ecclesiae,
1083 263 1171 293 iuxta

199 316 452 359 promissionem
476 322 578 344 suam.
634 310 675 341 Et
709 309 918 340 cessantibus
942 305 1117 348 Episcopis
1140 309 1171 334 et

199 358 284 397 aliis,
317 359 370 399 qui
405 360 610 396 occuparunt
644 353 730 383 bona
760 350 1017 386 Ecclesiastica,
1052 348 1173 395 debent

199 401 414 443 Magistratus
438 399 498 440 pii,
528 403 559 428 et
593 400 723 427 caetera
746 394 891 425 membra
925 389 1096 439 Ecclesiae
1118 394 1172 439 stl-

198 444 319 487 pendia
341 443 420 474 dare
444 439 651 493 docentibus,
674 444 707 468 et
726 434 878 469 conferre
902 435 942 466 de
965 442 1026 465 suo
1038 430 1173 473 ahqmd,

198 488 240 519 ad
263 495 358 518 usum
381 492 571 526 pauperum.
1012 517 1018 525 .
1142 516 1148 523 ⁸

284 526 382 559 Tales
418 525 614 557 collationes
648 532 779 563 semper
805 519 936 552 fuerunt
969 521 1109 550 usitatae
1140 526 1173 547 1n

198 570 377 609 Ecclesia,
423 577 507 610 quas
540 566 748 598 nominarunt
781 562 957 595 Collectas.
1014 559 1056 590 Et
1091 564 1180 600 puto,

198 615 295 646 etiam
320 622 440 645 nomen
474 610 598 642 Missae
630 609 706 639 inde
739 615 834 644 esse,
867 604 951 640 Quia
981 601 1084 653 peut.
1121 601 1171 633 16.

197 657 330 699 ponitur
351 655 416 687 hoc
450 653 515 684 hoc
548 649 747 683 vocabulum
780 659 840 689 pro
875 645 1077 683 collatione,
1111 654 1173 675 seu

198 699 449 732 contributione.
523 692 743 726 Tertullianus
778 700 839 722 suo
884 696 1034 730 tempore
1074 686 1172 719 valde

197 742 310 774 laudat
331 740 419 773 hunc
441 748 566 771 morem
585 734 762 776 colligendi
787 732 1051 773 eleemosynam,
1087 740 1173 772 quae

196 791 315 827 postea
337 782 476 815 fideliter
499 779 764 811 distribuebatur.
1092 815 1099 823 ι

283 829 317 859 ln
329 824 483 858 Ecclesia
496 824 616 854 debent
629 830 705 852 esse
721 823 832 850 mutua
853 815 982 849 auxilia.
1019 815 1174 847 Arbitror

198 871 306 908 etiam,
331 869 418 910 quod
443 868 495 898 hic
519 874 591 896 mos
622 864 654 894 in
676 873 739 894 usu
758 861 855 893 fuerit
878 861 910 891 in
933 858 1087 890 Ecclesia
1110 859 1174 899 pri-

197 923 325 945 morum
358 917 502 953 patrum,
536 907 611 939 inde
643 915 749 947 usque
783 905 824 935 ab
848 913 888 934 eo
908 908 1072 943 tempore,
1107 911 1173 943 quo

201 961 382 997 coeperunt
415 951 528 993 colligi
567 954 681 981 coetus
715 946 883 988 aliquanto
917 944 1172 986 frequentiores.

199 997 307 1030 Credo
326 997 421 1033 enim,
439 994 527 1037 quod
545 992 663 1024 vetusti
686 991 783 1022 etiam
804 995 916 1031 patres
940 986 987 1019 illi
1010 996 1174 1019 convene-

198 1042 263 1073 rint
285 1046 316 1071 et
339 1038 490 1080 publicos
510 1043 712 1077 congressus
749 1032 940 1070 habuerint,
977 1030 1061 1066 Quia
1079 1029 1174 1061 Deus

198 1094 265 1116 non
293 1081 364 1115 vult
388 1079 571 1112 Ecclesiam
595 1086 670 1108 esse
697 1077 730 1107 in
752 1074 907 1112 latebris,
942 1079 998 1105 aut.
1031 1073 1108 1105 abdi
1141 1073 1174 1104 in

198 1136 332 1168 specus,
355 1125 415 1156 sed
434 1121 502 1155 vult
523 1122 556 1153 in
575 1124 756 1160 conspectu
768 1118 907 1159 positam
925 1126 1014 1155 esse,
1038 1122 1072 1148 ct
1094 1126 1173 1147 con-

198 1170 311 1201 venire
328 1169 360 1199 in
384 1165 531 1198 honestis
555 1163 714 1195 coetibus.
758 1161 826 1192 lmo
854 1165 1030 1201 propterea
1059 1164 1174 1190 servat

197 1211 331 1255 politias
366 1217 398 1242 et
431 1207 573 1249 hospitia
601 1203 792 1242 Ecclesiae,
826 1209 861 1235 ut
890 1203 955 1234 sint
982 1201 1068 1234 tales
1097 1211 1174 1233 con-

199 1264 349 1297 gressus,
372 1253 403 1284 in
428 1252 546 1293 quibus
560 1248 753 1280 exaudiatur
775 1256 843 1278 vox
863 1244 1050 1288 Evangelii,
1073 1245 1174 1276 admi-

197 1299 378 1330 nistrentur
411 1295 648 1330 Sacramenta,
694 1291 772 1321 fiant
805 1298 925 1331 preces
971 1297 1174 1326 communes,

198 1346 294 1373 sonet
317 1336 484 1372 consessio
518 1342 550 1367 et
584 1334 763 1377 gratiarum
785 1333 871 1373 actio
894 1330 1046 1374 publica,
1079 1341 1174 1373 prae-

198 1389 327 1415 stentur
350 1379 460 1413 officia
472 1377 680 1411 liberalitatis
692 1386 773 1419 erga
786 1385 950 1417 pauperes
967 1380 1001 1407 et
1024 1379 1174 1417 egentes.

356 1547 420 1587 De
452 1544 734 1586 communione
766 1541 1013 1583 facultatum.

289 1637 350 1670 Hic
372 1647 452 1669 vero
476 1637 587 1668 incidit
615 1635 784 1677 quaestio:
816 1633 869 1665 An
891 1634 968 1676 quia
989 1633 1093 1675 prima
1115 1632 1179 1664 Ec-

200 1682 304 1715 clesia
327 1679 464 1713 contulit
491 1678 667 1711 facultates
699 1678 733 1709 in
767 1686 941 1709 commune
973 1676 1179 1718 temporibus

202 1723 453 1767 Apostolorum,
478 1721 655 1754 Christiani
679 1721 788 1753 omnia
801 1720 942 1752 debeant
953 1719 1079 1751 habere
1091 1729 1179 1751 com-

200 1769 321 1801 munia.
376 1767 467 1798 Sicut
497 1764 589 1797 multi
623 1765 858 1807 imaginantur,
897 1761 1072 1805 pulchrum
1102 1771 1180 1794 esse

200 1810 324 1844 habere
346 1808 549 1842 Platonicam
568 1807 725 1849 politiam.
750 1807 807 1839 Sic
825 1807 925 1849 igitur
948 1809 1179 1848 argumentor:

332 1871 551 1911 Apostolorum
569 1873 602 1900 et
618 1868 746 1908 primae
758 1868 843 1899 illius
855 1866 1020 1899 Ecclesiae
1032 1867 1181 1906 exempla

373 1917 450 1945 sune
470 1913 634 1944 imitanda.

333 1958 476 1996 Apostoli
508 1960 540 1987 et
570 1958 678 1995 prima
717 1953 774 1985 illa
806 1952 953 1985 Ecclesia
981 1951 1184 1984 contuderunt

376 2009 432 2031 res
454 2008 511 2030 seu
531 1999 705 2038 facultates
727 1997 761 2027 in
779 2006 952 2027 commane.

335 2043 421 2082 Eryo
439 2047 471 2073 et
494 2051 553 2073 nos
575 2042 726 2072 debemus
748 2040 831 2071 idem
851 2042 972 2078 facere.

291 2110 493 2151 Responde«)
527 2109 568 2140 ad
593 2108 760 2140 Maiorem.
818 2105 976 2147 Exempla
1005 2106 1184 2147 Apostolo-

206 2165 276 2187 rum
289 2152 543 2190 suntimitanda,
565 2152 704 2187 scilicet,
729 2160 813 2191 quae
826 2150 946 2181 habent
960 2154 1183 2190 praeceptum,

206 2204 240 2230 et
252 2207 335 2239 quae
345 2201 532 2238 congruunt
544 2195 708 2226 vocationi
722 2191 940 2235 singulorum,
950 2193 1034 2223 sicut
1048 2192 1183 2222 dicitur:

211 2245 249 2275 ln
278 2239 465 2281 praeceptis
488 2239 563 2269 mcc's
597 2237 765 2268 ambulate.
812 2235 890 2266 ltem
906 2257 916 2273 ,
964 2235 1186 2275 L'nnsqm’squc

208 2285 289 2315 sicut
324 2286 457 2314 vocatus
490 2285 555 2317 cst,
590 2280 737 2311 andnam.
805 2277 936 2319 Alioqui
971 2277 1055 2309 enim
1091 2283 1185 2308 vetus

207 2325 323 2369 regula
348 2331 414 2357 est:
451 2323 525 2356 Non
547 2324 715 2364 (ιτνηιῃὶἰε,
749 2322 806 2353 sed
833 2321 953 2362 lvyilms
981 2321 1185 2351 indicamlmn

208 2375 266 2402 est.
312 2369 449 2409 Semper
461 2367 638 2399 videndum
654 2372 718 2405 est,
741 2376 782 2396 an
802 2363 998 2405 exemplum,
1022 2370 1184 2405 congruat

210 2424 284 2445 cum
307 2410 504 2453 praeceptis,
527 2410 558 2441 id
583 2415 646 2448 est,
676 2420 717 2440 an
742 2418 808 2446 reS,
862 2417 924 2439 uae
947 2407 978 2437 in
1002 2405 1186 2447 exemplum

210 2455 362 2492 trahitur,
384 2455 426 2485 sit
451 2453 661 2491 necessaria,
683 2452 791 2484 media
813 2461 854 2482 ve
889 2449 1062 2491 prohibita.
1110 2451 1187 2481 {tem

211 2499 289 2541 quid
309 2509 368 2539 pro
392 2497 582 2528 diversitate
604 2495 770 2533 locorum,
799 2500 1001 2535 temporum,
1030 2501 1187 2533 persona-

211 2552 283 2573 rum
307 2541 376 2572 lieri
395 2541 520 2571 deceat.
567 2537 727 2580 Exempla
763 2538 864 2580 igitur
897 2542 1087 2567 sanctorum
1112 2541 1187 2566 sunt

213 2585 379 2618 imitanda.
412 2582 579 2621 videlicet,
612 2592 697 2624 quae
719 2580 840 2612 habent
871 2584 1058 2621 praecepta.
1106 2579 1187 2609 Sunt

211 2634 322 2660 nutem
341 2625 405 2658 alia
417 2626 577 2668 quaedam
595 2626 625 2657 in
644 2625 782 2662 sanctis,
806 2632 891 2665 quae
907 2621 1037 2654 suerunt
1052 2622 1083 2652 iu
1105 2621 1186 2662 ipsis

1222 265 1277 288 res
1300 253 1499 287 laudabiles
1545 255 1613 288 Sed
1630 263 1708 288 sunt
1730 265 1786 287 res
1810 255 1950 295 mediae,
1972 265 2083 298 neque
2101 257 2204 288 omni-

1224 301 1286 331 bus
1309 303 1387 329 sunt
1408 297 1605 339 possibiles,
1639 305 1695 330 aut
1726 309 1794 330 non
1823 299 1977 330 omnibus
1999 300 2204 341 temporibus

1224 346 1421 384 congruunt.
1466 340 1558 374 Haec
1581 351 1647 374 non
1669 351 1811 373 necesse
1834 347 1885 373 est
1907 342 2035 373 imitari.

1352 382 1407 414 Ad
1429 382 1604 417 Minorem.
1663 383 1819 426 Apostoli
1838 389 1871 415 et
1893 383 2011 416 horum
2034 385 2205 417 auditores

1225 424 1436 458 contulerunt
1458 436 1513 458 res
1537 428 1571 458 in
1601 437 1783 459 commune.
1836 427 1904 459 Sed
1932 437 2000 459 non
2029 426 2205 460 voluerunt

1224 467 1289 500 hoc
1308 478 1385 501 esse
1412 476 1644 512 praeceptum,
1677 471 1762 502 sicut
1790 480 1853 501 nec
1882 470 1964 511 ipsis
1992 476 2206 512 praeceptum

1224 522 1265 544 ea
1293 512 1335 543 de
1369 521 1407 544 re
1429 513 1584 544 traditum
1613 520 1703 551 erat,
1736 512 1853 554 Neque
1880 513 1945 545 hoc
1974 512 2206 546 universaliter

1223 554 1391 587 fecerunt:
1425 555 1487 587 sed
1520 554 1579 587 illo
1601 555 1701 594 loco,
1736 562 1769 587 et
1801 555 1868 587 illis
1892 558 2095 598 temporibus
2119 555 2206 588 fece·

1223 603 1312 635 runt,
1333 597 1390 628 ubi
1412 604 1551 639 propter
1562 597 1807 631 confessionem
1820 599 1992 631 doctrinae
2004 600 2045 631 de
2058 599 2205 638 Christo,

1225 640 1443 672 eliciebantur
1465 641 1508 682 pii
1532 650 1573 672 ex
1596 639 1810 674 facultatibus
1833 647 1866 673 et
1888 641 1998 674 tundis
2010 643 2090 674 suis.
2135 641 2207 674 Ma-

1223 683 1356 714 luerunt
1379 683 1479 725 igitur
1502 684 1659 723 vendere,
1682 690 1713 716 et
1737 685 1911 726 pecuniam
1929 685 2097 727 deponere
2118 685 2208 727 apud

1225 723 1402 767 collegium
1425 725 1677 767 Apostolorum,
1709 733 1745 759 ut
1769 734 1800 759 et
1822 728 1886 769 ipsi
1904 727 2084 767 haberent,
2117 727 2206 760 unde

1224 769 1387 806 viverent,
1409 773 1442 799 et
1464 767 1519 800 alii
1542 769 1586 810 pii
1598 775 1739 814 egentes
1762 771 2051 802 indeiuvarentur.
2085 770 2206 803 Petrus

1226 810 1316 842 clare
1339 810 1417 842 dicit
1439 811 1483 842 ad
1500 811 1680 844 Ananiam:
1707 812 1755 845 Tu
1772 814 1911 854 potuisti
1926 815 2082 846 retinere.
2127 813 2209 845 Erat

1225 854 1326 896 igitur
1349 863 1404 885 res
1427 852 1546 892 libera,
1569 861 1602 886 et
1620 855 1720 888 fiebat
1742 856 1815 888 sine
1839 857 2084 899 superstitione.

1313 895 1408 928 Haec
1447 902 1580 938 oportet
1619 897 1698 929 sciri
1738 906 1855 931 contra
1899 899 2030 932 furores
2074 898 2208 931 Anaba-

1226 939 1390 981 ptisticoS,
1413 946 1445 970 et
1468 945 1584 971 contra
1608 950 1679 978 eos,
1701 941 1757 982 qui
1768 942 1900 974 nimium
1912 941 2049 975 laudant
2059 941 2208 984 politiam

1226 981 1448 1021 Platonicam,
1470 983 1502 1014 in
1526 993 1592 1024 qua
1615 982 1696 1015 nihil
1719 984 1761 1015 sit
1783 986 1962 1027 proprium.

1312 1025 1410 1057 Bona
1427 1035 1482 1058 res
1506 1032 1571 1064 est,
1595 1032 1627 1058 et
1650 1033 1843 1058 reverenter
1866 1029 2008 1067 tuenda,
2039 1029 2207 1060 distinctio
2238 1017 2264 1071 ‚³

1226 1069 1454 1103 dominiorum,
1478 1074 1511 1100 et
1534 1070 1719 1111 proprietas
1732 1068 1939 1102 facultatum.
1972 1071 2015 1102 Et
2036 1070 2120 1102 haec
2132 1081 2208 1102 san·

1226 1112 1310 1143 citur
1321 1118 1502 1153 praecepto
1526 1111 1605 1144 illo:
1628 1112 1705 1145 Non
1723 1110 1852 1152 sin-tum
1870 1111 1987 1153 siu-ies.
2023 1113 2103 1146 Vult
2115 1113 2209 1145 Deus

1226 1165 1288 1186 suo
1312 1164 1477 1196 quemque
1506 1161 1698 1188 contentum
1721 1157 1854 1195 vivere,
1884 1162 1915 1188 et
1939 1166 2002 1188 suo
2036 1163 2128 1189 recte
2152 1157 2207 1188 uti.

1225 1196 1369 1229 Pulchre
1392 1199 1490 1229 etiam
1513 1198 1633 1230 dictum
1653 1204 1705 1230 est
1727 1199 1814 1241 apud
1837 1198 2069 1231 Salomonem:
2092 1199 2210 1232 Fontes

1226 1241 1276 1272 tui
1294 1241 1479 1272 deriventur
1497 1239 1607 1281 foras,
1630 1240 1696 1273 Sed
1719 1242 1925 1275 tqum'mts
1941 1252 2057 1277 eorum
2073 1247 2209 1274 maneto.

1225 1283 1325 1322 Item,
1348 1285 1395 1315 Ne
1412 1284 1470 1315 cles
1487 1285 1701 1317 substantiam
1719 1289 1806 1317 haam
1829 1285 1961 1318 crudeli.
1998 1285 2091 1321 Quos
2111 1290 2210 1318 vocat

1226 1324 1403 1359 crudeles?
1442 1325 1584 1358 Validos
1606 1328 1790 1366 mendicos,
1812 1330 1992 1369 parasitos,
2014 1334 2047 1360 et
2069 1327 2209 1366 similes,

1227 1370 1283 1411 qui
1301 1369 1399 1401 otiosi
1422 1369 1538 1402 vivunt
1558 1368 1666 1402 aliena
1689 1371 1828 1412 quadra,
1851 1377 1884 1403 et
1903 1377 1981 1404 sunt
2002 1372 2113 1414 ignavi
2131 1369 2210 1403 fuci.

1226 1411 1377 1450 Talibus,
1411 1413 1527 1454 inquit,
1560 1423 1628 1445 non
1651 1413 1711 1445 des
1732 1413 1895 1446 honorem
1918 1420 2027 1453 tuum,
2056 1415 2211 1446 substan-

1227 1456 1317 1494 tiam,
1340 1453 1531 1487 facultates.
1691 1486 1700 1496 ,

1313 1496 1374 1529 1110
1398 1503 1546 1540 tempore
1572 1497 1633 1531 fuit
1660 1498 1842 1540 probabilis
1870 1509 1973 1532 causa
2002 1499 2099 1532 huius
2129 1509 2210 1532 con·

1227 1540 1304 1580 silii,
1326 1541 1416 1583 quod
1438 1541 1656 1574 vendiderunt
1666 1541 1857 1582 facultates,
1881 1548 1914 1574 et
1936 1543 2108 1583 pecuniam
2132 1552 2210 1574 con-

1228 1583 1375 1617 tulerunt
1406 1585 1440 1616 in
1474 1595 1665 1624 commune,
1698 1591 1734 1617 ut
1768 1585 1844 1617 inde
1876 1585 2064 1618 victitarent
2092 1584 2154 1626 ipsi
2177 1589 2211 1616 et

1228 1627 1284 1659 alii
1311 1628 1377 1669 pii,
1417 1628 1571 1669 quamdiu
1603 1633 1760 1669 possent,
1797 1633 1830 1660 et
1862 1628 2015 1660 viaticum
2049 1627 2212 1659 haberent

1230 1670 1358 1712 expulsi
1381 1671 1498 1711 patria.
1543 1669 1698 1713 Cogitate
1717 1671 1767 1707 de,
1777 1669 1923 1712 periculo
1937 1671 2210 1709 Christianorum,

1230 1720 1263 1746 et
1292 1714 1412 1745 astutia
1444 1713 1638 1745 ludaeorum
1671 1714 1854 1756 principum
1888 1715 1962 1746 istis
1996 1713 2210 1755 temporibus.

1229 1756 1421 1797 Eripiebant
1433 1755 1624 1795 Pontifices,
1648 1757 1831 1795 Pharisaei,
1855 1763 1886 1789 et
1904 1757 2025 1789 caeteri
2044 1757 2211 1798 principes

1229 1798 1344 1842 populi
1367 1798 1565 1830 Christianis
1598 1798 1778 1832 facultates
1807 1811 1907 1839 suas,
1940 1807 1972 1832 et
2005 1800 2129 1831 dabant
2152 1807 2212 1831 eas

1231 1845 1301 1875 suis
1329 1842 1564 1884 sycophantis,
1599 1844 1653 1884 qui
1677 1844 1881 1875 accusabant
1916 1843 2141 1875 Christianos:
2175 1847 2213 1874 ut

1231 1886 1296 1918 hac
1320 1886 1444 1926 praeda
1467 1886 1702 1918 confirmarent
1727 1897 1800 1925 eos,
1832 1893 1864 1918 et
1887 1887 2062 1919 retinerent
2085 1886 2118 1917 in
2141 1885 2212 1917 suis

1232 1929 1394 1971 partibuS,
1428 1935 1464 1959 ut
1497 1927 1583 1960 solet
1618 1929 1689 1961 fieri
1724 1931 1755 1961 in
1786 1930 1995 1962 factionibus.
2052 1928 2136 1960 Nam
2159 1927 2212 1959 hic

1233 1972 1332 2004 etiam
1365 1969 1453 2002 valet
1487 1970 1586 2010 illud,
1620 1973 1708 2014 quod
1743 1974 1878 2005 dicitur:
1917 1971 2145 2012 Quaerendum
2179 1971 2213 2002 in

1234 2015 1361 2055 iudicio,
1384 2015 1437 2045 cm?
1457 2016 1538 2046 bono
1557 2014 1672 2054 suerin
1709 2016 1935 2058 Sycophantis
1948 2022 2020 2048 erat
2038 2024 2092 2047 res
2110 2012 2211 2051 utilis,

1235 2058 1323 2100 quod
1346 2058 1592 2089 accusabantur
1626 2060 1667 2089 ab
1703 2060 1784 2100 ipsis
1809 2059 2007 2096 Christiani,
2041 2064 2073 2090 et
2108 2057 2214 2089 eiicie-

1235 2102 1355 2132 bantur
1377 2111 1417 2132 ex
1441 2099 1663 2132 facultatibus.
1698 2101 1818 2134 Adhuc
1831 2103 1876 2134 ita
1888 2102 1924 2134 fit
1946 2103 1979 2133 in
2002 2102 2034 2132 in
2060 2100 2214 2132 uisitione

1235 2143 1373 2186 Belgica
1397 2150 1428 2175 ct
1451 2143 1640 2185 Hispanica.
1687 2144 1932 2177 Confirmantur
1956 2143 2032 2176 mali
2066 2143 2215 2183 iomines,

1236 2194 1281 2219 etv
1302 2188 1479 2219 incitantur
1512 2194 1627 2219 contra
1662 2189 1781 2220 bonos.
1846 2188 1930 2220 Nam
1965 2186 2214 2229 Sycophantae‚

1237 2231 1290 2272 qui
1314 2237 1473 2262 accusant
1496 2231 1647 2263 addictos
1671 2232 1841 2264 doctrinae
1867 2229 2050 2273 Evangelii,
2079 2229 2214 2261 veniunt

1238 2275 1268 2305 in
1293 2280 1418 2315 partem
1443 2275 1603 2315 praedae,
1629 2275 1770 2316 Reliqua
1793 2285 1871 2313 pars
1899 2277 2090 2317 assignatur
2121 2271 2215 2304 lisco-

1325 2316 1420 2348 Unde
1446 2323 1497 2347 est
1524 2328 1642 2349 nomen
1663 2318 1922 2360 Sycophantae?
1966 2315 2087 2348 Graeci
2114 2314 2217 2346 norni-

1238 2366 1355 2391 narunt
1379 2361 1573 2399 cvxorsrirmg,
1598 2372 1618 2392 a
1641 2363 1730 2392 σῦκον
1754 2362 1855 2400 licus,
1878 2367 1910 2393 et
1933 2365 2031 2401 φαίνω
2054 2365 2216 2390 monstro.
2256 2370 2261 2377 ·

1239 2403 1339 2435 Erunt
1373 2403 1462 2434 initio
1487 2405 1644 2436 custodes
1664 2405 1850 2437 hortorum:
1895 2402 2129 2435 Monstrabnnt
2163 2399 2217 2433 vel

1239 2448 1441 2479 accusabant
1464 2445 1551 2479 illos-
1576 2449 1630 2489 qui
1657 2447 1851 2480 i'urnbantnr
1881 2446 1974 2479 ficos.
2027 2445 2091 2477 Sed
2116 2453 2218 2486 saepe

1240 2489 1326 2523 salso
1350 2491 1555 2522 accusabant
1578 2491 1719 2534 aliquos,
1744 2491 1864 2533 quibus
1878 2489 2033 2521 volebant
2047 2487 2219 2520 facessere

1283 2535 1416 2576 gotium.
1463 2534 1538 2565 ldco
1552 2533 1750 2567 vocabulum
1773 2541 1890 2575 postea
1904 2533 1989 2565 veuit
2011 2533 2042 2564 in
2066 2532 2217 2563 abusum.

1240 2577 1280 2609 ht
1315 2577 1390 2609 dicti
1426 2585 1502 2609 sunt
1537 2578 1627 2620 Syco
1652 2577 1793 2615 haume,
1831 2575 2105 2613 calumniatores,
2145 2573 2218 2606 mer·

1241 2624 1390 2657 tuantur,
1416 2622 1469 2661 qui
1494 2620 1580 2654 talso
1608 2589 1751 2663 aliquem
1774 2626 1945 2652 accusant.
1991 2618 2117 2651 Nomen
2130 2614 2220 2649 calu·

2292 152 2312 201 δὴ
2303 116 2311 138 --,
2306 95 2309 97 ,
