2324 2958
105 198 169 232 43⁷
788 193 1005 227 Posmmt
1026 193 1424 226 ΜΕιΑΝΤΗοΝιΑΝΑ.
2033 198 2097 232 438

192 290 381 324 nolendum
409 294 462 321 est
488 294 595 320 autem
616 287 757 328 jrettnert
779 286 888 319 adhuc
909 288 995 319 iuter
1015 297 1074 319 no·
1125 288 1278 325 minibus,
1303 287 1357 329 qui
1382 288 1544 329 cogitant,
1576 295 1716 329 quantas
1740 299 1794 322 res
1817 290 1921 332 egerit
1944 290 2096 323 Christus

105 341 196 367 stros
218 334 366 366 homines
389 331 661 363 consuetudinem
683 328 773 361 illam
797 330 1004 362 barbaricam
1026 329 1075 361 lu·
1126 329 1191 362 hoc
1213 336 1362 370 tempore
1380 330 1469 367 anni,
1492 339 1534 361 an
1557 340 1637 362 vero
1662 331 1739 370 illis,
1762 334 1816 374 qui
1847 333 2024 365 Diabolico
2047 334 2097 366 fu-

105 378 221 410 dorum
242 375 308 408 hoc
330 381 485 415 tempore,
508 375 594 405 sicut
614 373 753 404 maximo
776 382 849 403 cum
879 372 994 404 dolore
1016 382 1074 404 no·
1126 383 1202 404 rore
1224 373 1390 415 agitaruut
1414 372 1612 414 Lupercalia
1634 381 1666 404 et
1703 375 1921 414 {accitanalim
1966 376 2096 408 Autori-

105 426 177 452 strc
199 419 348 461 cogimur
369 417 492 455 videre,
516 416 602 458 quod
627 415 777 447 homines
800 415 940 447 interdiu
963 421 995 447 et
1017 426 1074 446 no·
1125 421 1191 447 tate
1223 414 1355 456 publica
1378 416 1473 446 etiam
1497 415 1732 448 interdicentur
1753 417 1832 449 illae
1857 419 2097 461 divagationeS,

106 467 162 495 ctu
193 466 356 504 vagantur
388 457 518 498 larvati,
551 458 738 496 heluantur,
772 456 1009 496 vociferantur,
1043 463 1075 489 et
1098 455 1102 478 ¹
1126 468 1189 489 nec
1211 459 1315 489 deerit
1337 467 1398 489 suo
1422 456 1535 489 officio
1558 457 1772 500 Magistratus
1796 461 1827 490 in
1846 462 2097 502 compescendis

104 511 182 537 sunt
202 504 300 545 inepti
321 500 555 542 multipliciter.
600 501 693 533 llaec
722 501 927 532 consuetudo
950 500 1073 541 simpli·
1126 499 1358 541 petulantibus.
1383 500 1479 535 Quod
1503 501 1531 532 si
1555 502 1650 532 etiam
1674 503 1886 543 magistratus
1909 514 1974 535 non
1987 510 2097 545 potest

92 548 185 579 ‘citer
216 552 269 578 est
290 546 332 577 ab
355 544 522 583 Ethnicis,
557 545 612 586 qui
634 554 696 576 sua
719 542 916 584 Lupercalia
938 550 969 575 et
991 543 1074 574 Bac·
1125 544 1253 584 punire,
1276 550 1385 574 tamen
1397 543 1490 574 Deus
1513 542 1716 575 aliis-modis
1739 545 1851 584 puniet
1873 546 2096 587 petulantiam.

104 588 256 622 chanalia
287 586 454 619 habebant
487 587 551 619 hoc
579 593 726 627 tempore
752 587 838 617 anni.
905 585 947 617 Et
971 586 1073 618 credo
1127 587 1194 618 Sed
1228 587 1346 618 addam
1380 587 1475 618 etiam
1514 585 1862 619 commonefactionem
1902 589 1942 620 de
1976 596 2096 631 tempe—

102 629 278 664 Diabolum
300 635 413 671 turpes
435 631 518 661 istos
541 629 638 660 ludos
661 628 726 660 hoc
749 635 895 670 ternpore
908 630 1075 660 invexisse
1127 629 1243 660 rantia.

101 675 135 706 in
157 681 262 715 genus
284 673 474 710 humanum,
497 678 529 703 et
550 673 658 703 adhuc
680 670 794 702 fovere
816 673 902 702 inter
913 671 1074 709 homines,
1213 671 1388 703 Christiani
1417 681 1483 702 non
1507 677 1630 702 tantuin
1662 672 1782 703 debent
1805 672 1984 705 abhorrere
2008 684 2027 705 a
2051 674 2095 706 lu-

100 722 137 748 ut
158 714 315 747 illuderet
336 715 421 753 Deo,
444 716 499 756 qui
522 714 586 745 hoc
609 721 757 755 tempore
786 715 871 745 misit
895 713 1009 746 Filium
1033 715 1074 745 ad
1126 715 1190 751 dis,
1225 715 1285 746 sed
1319 715 1416 746 etiam
1457 715 1498 745 ab
1542 713 1797 745 helluationibus
1830 715 2097 755 Bacchanalium,

101 758 331 791 assumendam
365 768 512 788 massam
547 758 657 789 carnis
691 757 853 789 humanae
875 758 907 788 in
932 767 1073 799 corpore
1127 758 1202 798 quia
1225 758 1367 788 divinum
1389 758 1574 788 mandatum
1599 762 1665 787 est:
1700 759 1802 789 Nolile
1835 760 1991 790 inebriari
2019 763 2098 799 rino,

101 801 165 832 Vir
189 801 251 832 inis
284 801 374 841 (nam
408 801 497 831 initio
529 801 616 831 veris
641 806 821 840 conceptus
844 807 893 831 est
923 799 1074 831 Christus
1126 803 1157 831 in
1180 810 1240 840 qno
1263 805 1315 831 est
1334 799 1449 830 ἀσωτία
1461 812 1471 831 .·
1503 801 1535 830 id
1559 805 1621 837 est,
1652 811 1717 831 non
1741 799 1849 831 solum
1872 802 2096 839 redundantia,

101 845 135 876 in
188 844 217 877 ir
241 844 303 874 'nis
326 844 447 884 utero.)
512 842 591 874 Item
624 849 661 874 ut
693 842 843 874 illuderet
874 843 1021 883 passioni
1043 847 1074 873 et
1126 843 1185 873 sed
1210 849 1324 885 gestus
1347 848 1379 873 et
1401 849 1509 873 motus
1523 842 1707 881 inordinati,
1731 844 1792 875 Em
1815 849 1906 881 wast,
1929 845 2016 875 wudt
2040 855 2098 876 zce-

101 886 197 919 morti
250 885 356 924 bristi,
378 885 430 916 vel
455 887 565 927 potius
588 885 722 917 Christo
746 886 807 926 ipsi
831 887 862 916 in
875 896 936 917 suo
953 895 1072 927 agone.
1125 896 1195 917 sen:

186 927 390 971 Cogitemus,
414 935 536 970 quanta
558 939 614 960 res
638 930 679 960 sit
702 929 874 969 conceptio
905 934 937 959 et
958 928 1073 969 passio
1211 928 1328 959 Audivi
1353 938 1457 969 nuper
1479 927 1612 968 Lipsiae
1634 938 1674 959 ex
1698 928 1828 972 hospite
1844 928 2098 971 Numburgensi,

100 971 234 1004 Christi.
302 971 394 1003 Deus
417 972 502 1012 apud
523 971 715 1013 Haggaeuni
738 972 860 1013 inquit:
894 972 1003 1002 Adhuc
1024 981 1073 1003 se·
1124 970 1266 1001 honesto
1290 972 1375 1008 viro,
1399 981 1436 1001 se
1457 969 1616 1001 habuisse
1639 971 1800 1012 quosdam
1829 969 1959 1002 nobiles
1988 971 2097 1013 hospi—

99 1015 164 1046 mel
183 1019 218 1046 et
235 1016 363 1046 monebo
384 1017 516 1048 caelum,
541 1015 573 1045 id
597 1021 659 1052 est,
682 1014 770 1045 filius
789 1014 852 1045 Dei
880 1014 1072 1052 descendet,
1125 1021 1187 1051 teS,
1212 1014 1353 1054 quicum
1375 1012 1497 1044 vellent
1515 1023 1592 1044 esse
1610 1015 1707 1051 asoti,
1732 1014 1966 1045 destruxerunt
1987 1014 2097 1045 torna-

100 1061 135 1090 εἰ
151 1061 285 1095 terram,
308 1056 373 1089 hoc
396 1063 459 1088 est.
482 1058 576 1099 virgo
600 1057 774 1098 concipiet.
819 1057 989 1088 Sententia
1006 1062 1072 1087 est:
1125 1066 1193 1093 ceS,
1227 1055 1397 1098 fregerunt
1420 1054 1597 1094 fenestras,
1631 1055 1819 1088 lacerarunt
1842 1055 2037 1097 pulxinaria,
2067 1064 2098 1087 et

101 1099 234 1132 Faciam
266 1110 335 1131 rem
375 1100 517 1131 omnium
557 1099 846 1137 mirabilissimam,
881 1109 977 1140 quam
1011 1109 1073 1130 nos
1124 1098 1252 1140 plumas
1276 1106 1444 1139 exemptas
1467 1099 1584 1140 partim
1608 1099 1639 1130 in
1668 1098 1835 1137 conclavi,
1865 1100 1982 1140 partim
2006 1106 2098 1131 extra

102 1149 192 1174 oerte
223 1143 276 1184 qui
311 1152 426 1174 sumus
459 1143 491 1173 in
525 1142 689 1180 Ecclesia,
725 1141 902 1183 diligenter
925 1143 1073 1184 cogitare
1124 1141 1304 1173 fenestram
1339 1142 1540 1183 dissiparunt
1562 1143 1593 1172 in
1618 1145 1742 1173 aerem:
1777 1143 1918 1183 denique
1940 1142 2097 1184 quidquid

102 1186 270 1218 debemus.
335 1184 466 1217 Deinde
499 1184 563 1216 hoc
597 1186 670 1225 ipso
706 1192 854 1226 tempore
876 1195 997 1225 passus
1022 1190 1073 1215 est
1095 1208 1099 1230 t
1124 1185 1236 1216 facere
1270 1186 1409 1226 quisque
1438 1185 1543 1225 potuit
1567 1192 1801 1222 monstrosum,
1836 1195 1895 1226 per
1917 1191 2020 1216 totum
2043 1186 2098 1216 tri-

102 1227 266 1266 Christus‚
289 1229 383 1260 cuius
402 1238 542 1269 agonem
573 1238 660 1259 nunc
683 1228 832 1268 cogitare
860 1228 1073 1259 debebamus
1125 1228 1235 1264 duum,
1258 1227 1324 1259 hoc
1346 1227 1434 1259 fecit.
1479 1227 1671 1258 Discessuri
1695 1226 1865 1259 solverunt
1887 1238 1946 1268 pro
1971 1229 2044 1259 cibo
2067 1233 2099 1258 et

186 1269 444 1302 Consideremus
468 1271 567 1312 igitur
589 1269 734 1301 furorem
758 1269 909 1308 Diaboli,
939 1270 994 1312 qui
1017 1269 1074 1300 tali
1097 1296 1101 1304 ,
1124 1277 1213 1312 potu.
1259 1270 1380 1302 Postea
1404 1271 1567 1308 dixerunt,
1590 1280 1652 1302 nos
1676 1271 1833 1302 debemus
1857 1271 1952 1301 etiam
1976 1269 2098 1311 aliquid

100 1318 248 1355 tempore
280 1320 346 1345 tam
381 1320 471 1345 tetra
494 1313 571 1344 vitia
594 1313 728 1351 invexit,
747 1319 780 1343 et
801 1319 868 1344 tam
891 1319 1003 1354 turpes
1026 1311 1074 1344 lu·
1096 1309 1100 1345 i
1125 1314 1204 1344 dare
1226 1324 1287 1354 pro
1310 1313 1428 1344 asotia.
1472 1312 1643 1344 Dedemnt
1666 1314 1694 1344 ei
1718 1312 1843 1354 aliquot
1868 1313 2098 1345 loachimicos.

100 1356 163 1387 dos
185 1356 325 1388 instituit
345 1356 430 1387 inter
448 1356 610 1394 homines,
635 1366 719 1397 quos
743 1356 798 1396 qui
819 1356 883 1386 iam
905 1362 1073 1393 exercent,
1097 1351 1100 1379 Ι
1124 1355 1257 1397 Hospes
1292 1357 1477 1397 respondit:
1511 1356 1715 1397 Quamquam
1739 1362 1791 1387 est
1813 1356 1922 1397 aliqua
1947 1365 2099 1397 compen·

101 1399 179 1441 quid
201 1397 290 1430 aliud
312 1397 455 1436 faciunt,
491 1408 587 1439 quani
611 1404 645 1428 ut
669 1397 897 1439 gratificentur
918 1397 1074 1436 Diabolo,
1097 1392 1100 1440 Ι
1125 1399 1208 1429 satio
1233 1399 1351 1436 damni,
1375 1406 1483 1429 tamen
1506 1399 1568 1429 ista
1591 1397 1687 1439 ὕβρις,
1722 1408 1782 1429 seu
1812 1400 1878 1429 vita
1912 1398 2100 1429 inordinata

100 1447 135 1472 et
156 1439 296 1472 illudant
318 1440 386 1471 filio
410 1440 498 1471 Dei?
542 1440 671 1482 Cogita,
699 1450 796 1481 quam
825 1446 920 1471 atrox
943 1450 998 1471 res
1020 1449 1074 1472 es·
1124 1441 1206 1471 adeo
1228 1442 1305 1472 mihi
1327 1440 1502 1481 displicuit,
1524 1447 1559 1472 ut
1582 1451 1647 1472 non
1670 1440 1767 1472 velim
1790 1442 1942 1482 accipere
1967 1449 2096 1472 centum

101 1489 167 1522 set,
198 1483 226 1514 si
248 1489 404 1524 parentes
426 1483 471 1514 tui
494 1489 605 1513 essent
627 1484 660 1514 in
683 1492 804 1524 magno
823 1482 950 1521 dolore,
985 1489 1018 1514 et
1041 1488 1074 1514 tu
1125 1483 1354 1522 loachimicos,
1378 1491 1408 1514 et
1431 1484 1540 1515 adhuc
1563 1483 1668 1514 semel
1692 1484 1755 1514 ista
1773 1484 1895 1515 videre.

98 1527 224 1557 interea
244 1527 433 1557 institueres
454 1524 551 1556 ludos
565 1527 759 1557 coniunctos
779 1535 853 1557 cum
865 1525 1072 1567 turpitudine,
1209 1525 1300 1557 Talis
1329 1527 1436 1564 asotia
1470 1527 1619 1568 sequitur
1651 1527 1842 1558 ebrietatem
1875 1527 1908 1557 in
1942 1525 2010 1564 his,
2044 1526 2098 1567 qui

99 1575 133 1599 et
154 1568 373 1609 triumphares
395 1578 437 1599 ac
458 1567 616 1599 illuderes
638 1567 726 1600 illis?
770 1568 817 1599 lta
840 1567 1003 1600 Diabolus
1026 1567 1074 1599 lu·
1124 1567 1258 1600 multum
1281 1568 1432 1600 licentiae
1455 1569 1518 1600 sibi
1541 1574 1671 1600 sumunt
1679 1580 1688 1606 ;
1721 1575 1752 1600 et
1782 1569 1866 1601 haec
1888 1570 1995 1600 asotia
2017 1578 2097 1600 sem-

98 1610 159 1642 dos
180 1611 266 1642 istos
289 1611 438 1649 instituit,
461 1616 497 1641 ut
520 1617 634 1642 essent
655 1611 839 1648 irrisiones,
864 1616 894 1642 et
913 1611 1072 1642 sarcasmi
1098 1615 1100 1657 ξ
1124 1622 1183 1652 per
1206 1617 1256 1643 est
1280 1613 1455 1643 coniuncta
1480 1622 1553 1643 cum
1575 1610 1661 1653 ὕβρει
1684 1617 1717 1643 et
1738 1611 1929 1653 petulantia.
1975 1610 2098 1643 Contra

99 1658 215 1685 contra
236 1652 410 1684 Christum.
478 1652 598 1684 Adhuc
627 1654 723 1684 etiam
753 1654 863 1685 irridet
888 1653 1070 1685 Ecclesiam
1097 1658 1099 1676 ¹
1124 1664 1204 1686 vero
1238 1655 1394 1686 divinitus
1428 1655 1581 1685 mandata
1616 1660 1666 1686 est
1698 1655 1925 1696 temperantia,
1961 1661 1993 1686 et
2027 1655 2098 1686 sine

98 1696 347 1728 concionantem
369 1696 410 1727 de
429 1694 493 1727 illis
517 1696 693 1738 mysteriiS,
717 1702 750 1728 et
767 1696 911 1727 abutitur
933 1694 1071 1727 stultitia
1096 1686 1099 1749 J
1124 1697 1187 1728 hac
1209 1708 1275 1728 non
1300 1703 1408 1739 potest
1431 1698 1501 1728 fieri
1523 1707 1602 1728 vera
1625 1693 1799 1729 invocatio.
1845 1697 1922 1729 Ideo
1946 1697 2098 1728 Christus

99 1745 132 1770 et
149 1737 330 1769 stoliditate
352 1737 524 1777 malornm,
547 1739 590 1770 ad
612 1749 667 1770 res
690 1744 755 1770 tam
779 1744 883 1770 tetras
902 1738 1071 1780 perficien-
1096 1762 1099 1774 ,
1125 1741 1291 1781 coniungit
1313 1741 1477 1777 ieiunium,
1502 1746 1533 1771 et
1556 1740 1794 1780 precationem:
1818 1742 1884 1771 Hoc
1902 1750 2004 1778 =oenus
2016 1742 2096 1772 Dae-

100 1781 173 1819 das,
196 1790 280 1822 quae
302 1779 376 1822 plus
399 1780 474 1812 mali
496 1780 631 1818 habent,
654 1792 752 1823 quam
774 1780 865 1813 multi
889 1788 1016 1823 putant.
1096 1802 1098 1819 ς
1123 1787 1300 1814 momorum
1328 1783 1449 1823 inquit,
1472 1792 1535 1814 non
1559 1786 1684 1814 eijcitur
1707 1786 1772 1814 nisi
1793 1785 1910 1814 leittw'n
1932 1787 1963 1815 et
1983 1793 2096 1823 preca—

185 1823 264 1855 Ideo
289 1824 446 1855 debemus
469 1822 566 1855 ludos
589 1825 672 1855 istos
695 1831 810 1865 turpes
834 1825 1009 1861 detestari,
1039 1831 1071 1856 et
1096 1831 1098 1845 ³
1123 1829 1216 1857 tione.
1263 1825 1303 1856 Et
1327 1825 1444 1856 Petrus
1468 1826 1637 1866 praecipit,
1660 1830 1696 1857 u!
1716 1829 1817 1857 Simus
1838 1827 1940 1857 sobrii
1961 1827 2005 1857 ad
2023 1836 2096 1866 pre-

98 1867 164 1898 hoc
186 1872 313 1939 tempus
337 1865 487 1898 conferre
509 1868 552 1898 ad
574 1868 817 1898 meditationem
841 1877 978 1908 operum
996 1867 1070 1906 Dei,
1096 1854 1098 1880 Ι
1122 1872 1286 1900 cntionem.
1332 1869 1503 1900 Sobrietas
1527 1869 1703 1910 opponitur
1725 1869 1885 1906 ebrietati,
1908 1874 1941 1899 et
1963 1869 2096 1900 sobrius

98 1919 184 1951 quae
219 1919 256 1940 sa
273 1910 336 1940 utis
370 1915 504 1941 nostrae
546 1920 647 1941 causa
686 1910 826 1951 perfecit
858 1909 979 1941 Filius*
995 1910 1071 1941 Dei.
1095 1883 1098 1935 i
1123 1917 1185 1949 est,
1204 1912 1300 1952 quasi
1324 1912 1415 1942 dicas
1441 1921 1504 1941 non
1529 1912 1651 1942 ebrius.

100 1951 222 1984 Verum
256 1958 319 1990 est,
353 1953 519 1993 passionis
549 1952 671 1984 Christi
694 1953 850 1984 memoria
873 1953 967 1984 debet
993 1963 1070 1984 esse
1208 1954 1369 1985 Differunt
1394 1960 1500 1985 autem
1524 1955 1634 1985 ebrius
1659 1960 1690 1984 ct
1715 1954 1876 1984 ebriosus.
1901 1953 2021 1984 Ebrius
2045 1963 2094 1984 re-

98 1997 242 2026 omnium
265 2000 465 2036 temporum:
488 1996 548 2026 sed
570 2001 676 2027 tamen
700 2003 731 2027 et
755 1995 818 2027 hoc
831 2002 978 2037 tempore
1000 1995 1069 2027 fieri
1121 1995 1224 2028 fertur
1244 1997 1285 2028 ad
1309 2004 1416 2027 aetum
1439 2004 1659 2037 praesentem,
1684 1997 1815 2037 quando
1828 1995 1945 2037 aliquis
1959 1997 1989 2027 in
2004 2006 2095 2036 prae-

98 2038 215 2070 debet:
249 2043 283 2068 et
321 2044 496 2079 propterea
535 2038 693 2069 debemus
726 2047 804 2070 esse
837 2039 1069 2077 modestiores,
1121 2041 1226 2071 sentia
1250 2046 1301 2071 est
1324 2039 1441 2080 plenus
1465 2046 1553 2081 potu.
1578 2039 1738 2070 Ebriosus
1772 2038 1913 2071 refertur
1941 2039 1982 2070 ad
2005 2039 2095 2069 habi-

97 2090 164 2112 non
197 2081 364 2111 irrisores:
400 2080 568 2111 Debemus
603 2082 750 2123 cogitare
784 2082 825 2112 de
847 2082 1069 2124 magnitudine
1094 2094 1098 2127 1
1121 2088 1200 2121 turn,
1234 2083 1266 2113 id
1290 2089 1352 2121 est,
1387 2083 1504 2114 dicitur
1527 2083 1567 2113 de
1590 2092 1642 2121 eo,
1667 2083 1721 2124 qui
1745 2083 1863 2113 crebro
1887 2088 1918 2113 et
1936 2091 2037 2123 saepe
2060 2082 2095 2111 tit

96 2124 166 2155 irae
200 2130 231 2155 et
265 2123 407 2154 iustitiae
431 2123 561 2154 divinae
591 2124 751 2155 adversus
774 2131 912 2166 peccata
935 2126 1068 2168 ger-eris
1121 2126 1242 2157 ebrius,

96 2165 241 2204 humani,
263 2172 297 2196 et-
319 2166 360 2197 de
382 2166 598 2197 immensitate
620 2167 866 2199 misericordiae
889 2173 921 2199 et
945 2169 1069 2199 bonita-
1209 2168 1338 2200 Seneca
1361 2169 1480 2210 inquit:
1502 2169 1703 2200 Consuetudo
1722 2171 1868 2199 insaniae
1890 2167 1963 2198 ri'na
1986 2176 2094 2198 conce-

97 2209 140 2240 tis
170 2209 310 2247 divinae,
346 2210 501 2240 mittentis
534 2207 650 2240 Filium
683 2210 725 2241 ad
746 2221 809 2242 nos
843 2211 1069 2242 redimendos:
1116 2217 1186 2252 pla,
1209 2213 1307 2243 eciam
1329 2215 1398 2242 sine
1420 2212 1491 2242 rt'no
1514 2214 1615 2242 salec:
1639 2209 1707 2242 vult
1730 2210 1936 2252 significare,
1960 2210 2093 2251 quando

97 2251 177 2283 Item
210 2252 358 2283 meditari
394 2251 550 2283 beneficia
586 2250 641 2282 filii
664 2252 738 2291 Dei,
767 2261 799 2285 et
821 2255 893 2286 eius
916 2264 1067 2296 agonem,
1121 2253 1239 2296 aliquis
1273 2264 1374 2295 saepe
1409 2254 1444 2285 fit
1478 2254 1600 2291 ebrius,
1630 2264 1715 2291 eum,
1738 2254 1832 2284 etiam
1858 2263 1930 2283 cum
1954 2263 2019 2283 non
2043 2260 2095 2283 est

97 2301 130 2326 et
151 2295 331 2337 adiungere
353 2304 483 2335 preces,
506 2301 540 2326 ut
563 2293 656 2326 Deus
679 2305 742 2326 nos
765 2302 871 2338 regat.
1121 2298 1244 2335 ebrius,
1262 2303 1370 2328 tamen
1394 2306 1469 2328 esse
1492 2298 1653 2328 insanum.
1699 2296 1771 2327 Hoc
1796 2305 1872 2326 vere
1903 2301 1933 2325 et
1956 2295 2094 2337 physice

181 2337 244 2369 Est
277 2338 309 2368 in
333 2337 506 2375 Zacharia,
542 2338 628 2379 quod
652 2337 774 2370 familia
795 2340 874 2371 luda
897 2346 929 2371 et
952 2340 1068 2371 Benia-
1121 2341 1239 2372 dicitur
1261 2349 1281 2371 a
1304 2340 1444 2375 Seneca,
1469 2341 1523 2381 qui
1547 2341 1717 2371 cerebrum
1742 2345 1771 2369 et
1798 2347 1856 2369 cor
1879 2347 2092 2379 corrumpun-

97 2380 163 2411 min
194 2379 353 2423 lugebunt
387 2387 522 2421 propter
545 2382 734 2421 passionem
758 2381 891 2414 Christi.
958 2383 1065 2418 Quam
1120 2390 1183 2434 'ml'
1206 2389 1237 2414 et
1260 2390 1431 2414 assumunt
1454 2381 1573 2414 malum
1604 2388 1903 2421 tetiiperunientuni.
1971 2380 2092 2411 Haeret

97 2422 109 2453 i
134 2423 197 2454 ’tur
229 2423 351 2465 indigni
387 2430 461 2454 sunt
496 2422 690 2455 Christianis
718 2423 784 2456 ludi
807 2426 861 2456 isti
883 2424 1068 2457 Diaboliei‘?
1119 2424 1223 2465 fuligo
1247 2427 1279 2457 in
1302 2427 1453 2464 cerebro,
1478 2426 1564 2456 sicut
1586 2425 1617 2455 in
1643 2425 1768 2455 camino
1793 2421 1871 2454 fumi
1889 2423 2091 2455 indurantur.

130 2474 205 2496 uam
227 2467 335 2497 tristis
358 2477 412 2497 res
435 2464 504 2503 fuit,
529 2472 558 2497 et
583 2477 679 2507 quam
698 2473 816 2499 tetrum
829 2467 1067 2509 spectaculum,
1120 2469 1168 2500 lta
1181 2460 1237 2500 ”fit
1271 2469 1440 2500 cerebrum
1464 2468 1660 2499 aestuosius.
1730 2465 1920 2497 Laeduntur
1941 2467 2037 2497 etiam
2061 2473 2093 2497 et

99 2515 174 2538 cum
196 2507 380 2540 Antiochus
405 2507 583 2539 celebravit
607 2509 829 2541 Bacchanalia
860 2510 1067 2553 ierosolymis
1120 2511 1325 2549 languefiunt
1359 2511 1461 2549 nervi,
1496 2511 1639 2541 membra
1661 2509 1741 2540 fiunt
1763 2507 1912 2547 tremula,
1946 2514 1977 2540 et
2000 2508 2090 2540 inulti

97 2549 131 2580 in
154 2549 298 2592 templo?
342 2551 432 2583 Haec
455 2550 544 2582 volui
569 2561 656 2583 nunc
679 2552 799 2591 dicere,
822 2554 863 2584 ad
886 2554 1067 2586 monendos
1121 2546 1201 2587 fiuiit
1231 2553 1436 2596 apoplectici.
1504 2553 1570 2583 Cor
1599 2553 1693 2583 etiarn
1717 2551 1751 2583 fit
1775 2552 1962 2583 aestuosius
1986 2558 2017 2583 et
2040 2563 2091 2582 ar-

97 2590 341 2632 adolescentes,
363 2601 399 2625 ut
423 2595 576 2635 cogitent,
600 2595 675 2636 quid
699 2596 791 2636 ipsos
815 2596 940 2627 deceat.
1122 2598 1260 2629 «lentius.
1306 2597 1346 2627 Et
1373 2598 1458 2627 sicut
1487 2594 1590 2635 fuligo
1620 2595 1652 2625 in
1677 2596 1803 2627 camino
1827 2593 1925 2626 facile
1948 2595 2089 2628 incendi-

183 2635 346 2678 Cogitate,
371 2647 411 2668 an
435 2636 555 2668 malitis
580 2648 654 2669 esse
678 2637 801 2670 similes
819 2640 944 2670 sanctis
967 2639 1068 2671 homi·
1121 2648 1185 2678 tur,
1210 2641 1258 2671 sic
1288 2640 1383 2671 etiam
1413 2640 1443 2670 iu
1468 2639 1610 2669 assiduis
1634 2639 1838 2678 potatoribus
1860 2635 1958 2669 facile
1980 2638 2090 2668 incen-

1834 2696 1885 2722 28·
