2324 2958
163 155 226 187 46⁷

162 248 235 280 sive
254 245 324 278 alia
344 246 389 278 do
407 255 512 278 causa
540 245 597 278 diu
623 251 772 277 moratus
800 252 868 284 est,
898 255 962 276 nec
979 245 1134 286 progredi

162 289 277 322 voluit.
332 288 432 320 Pater
457 288 562 320 iratus
588 288 622 319 in
646 287 732 320 haec
753 289 854 319 verba
878 288 1044 329 prorupit:
1086 287 1136 328 Ey

163 332 260 367 debe,
289 331 349 361 das
377 331 422 361 du
443 331 517 362 dein
538 330 699 370 lebenlanq
719 331 764 361 da
787 331 890 360 :tehen
913 332 1052 360 mussestt
1075 331 1136 361 uti-

162 385 238 407 nam
265 374 341 406 istic
368 384 428 415 per
457 383 586 406 omnem
612 374 711 405 vitam
739 381 826 405 tuam
849 380 930 404 stes.
977 371 1036 404 nte
1059 382 1135 403 mox

163 419 210 450 ita
230 416 316 449 fixus
345 422 380 448 et
400 416 576 448 immobilis
597 417 641 448 ibi
664 423 757 448 stare
777 417 901 457 coepit,
929 421 964 446 ut
988 424 1054 446 non
1077 426 1136 456 po-

163 461 260 493 tuen’t
281 460 358 491 inde
379 459 516 497 abduci3
542 460 610 491 Aut
632 459 661 490 si
684 469 744 500 per
766 460 830 490 vim
854 468 894 489 ex
919 467 959 489 eo
980 457 1056 489 loco
1079 459 1136 489 ab·

163 502 386 541 straheretur,
408 508 519 534 tantos
543 502 708 535 cruciatus
731 502 883 539 sentiret,
908 507 943 532 ut
972 501 1080 531 statim
1102 501 1143 531 ir·-

161 556 238 578 eum
269 544 377 577 locum
407 545 619 577 reducendus
653 550 754 576 esset.
815 543 862 574 lta
895 544 986 574 stetit
1020 542 1136 574 simius

163 594 378 621 consternato
407 587 518 619 multis
546 587 660 626 annis,
692 597 807 629 parum
838 587 1014 617 comedens
1037 592 1068 617 et
1092 587 1136 617 bi-

163 633 259 670 bens,
281 637 314 663 et
335 629 426 663 lenta
442 632 518 662 tabe
537 631 791 662 contabescens·
836 628 971 660 Factum
991 634 1043 659 est
1059 635 1136 660 ante

163 684 236 706 eum
264 673 441 716 pulpitum,
473 674 516 705 ad
544 673 631 715 quod
656 683 693 703 se
715 671 881 703 inclinavit
903 681 1136 713 nonnunquam

163 717 339 749 donniens.
384 716 476 748 Haec
499 722 550 748 est
573 716 746 746 verissima
769 713 914 745 historia.

248 758 382 792 Plurimi
405 760 557 790 viderunt
578 756 657 790 illud
676 759 769 789 triste
786 755 1023 798 spectaculum,
1042 757 1137 788 cuius

163 802 384 835 consideratio
418 808 572 843 parentes
603 806 636 832 et
664 800 788 832 liberos
817 810 952 832 monere
976 801 1074 831 debet
1097 801 1137 831 de

163 855 226 878 auo
248 843 371 884 officio,
394 851 427 877 et
450 845 491 876 de
513 845 561 875 ira
579 843 652 875 Dei.
697 844 856 874 Parentes
875 853 941 874 non
960 843 1025 874 sint
1043 852 1137 883 prae-

163 887 281 930 cipites
302 888 335 919 in
358 887 445 919 male
466 887 632 929 precando
657 885 744 924 filiis,
767 887 959 927 praesertim
982 887 1025 917 ob
1044 885 1136 916 leves

163 940 302 968 causas3
337 930 448 962 Liberi
478 939 558 961 vero
588 939 655 960 non
683 930 809 960 irritent
838 929 1045 960 contumacia
1076 938 1137 959 sua

163 974 419 1016 indignationem
441 978 624 1015 parentum.

249 1016 315 1048 Sae
340 1027 357 1048 e
380 1022 488 1048 autem
511 1015 658 1047 differtur
680 1013 816 1046 effectus
833 1013 1072 1046 maledictionis
1091 1014 1137 1044 ‹li-

163 1059 271 1091 vinae.
345 1059 421 1090 ham
444 1057 640 1090 maledictus
663 1063 732 1091 est,
761 1063 795 1088 ut
819 1064 907 1088 esset
931 1067 1050 1088 servus
1074 1055 1138 1087 fra-

165 1108 248 1134 trum
271 1112 418 1140 snorum,
441 1107 472 1133 et
495 1108 603 1132 tamen
632 1101 810 1142 posteritas
839 1101 910 1131 eius
939 1099 1137 1141 aliquamdiu

164 1145 288 1183 floruit,
318 1150 480 1186 occupata
508 1143 738 1175 amoenissima
768 1148 799 1174 et
821 1141 1021 1174 fertilissima
1046 1149 1139 1183 parte

165 1188 255 1219 orbis
279 1194 456 1225 terrarum,
491 1187 665 1229 Aegypto,
695 1185 894 1228 Cyrenaica,
930 1185 1053 1227 Libya,
1079 1184 1138 1216 Pa-

163 1229 323 1268 laestina,
349 1229 535 1260 Phoenicia.

248 1272 377 1304 Nomen
391 1272 526 1303 Canaan
545 1271 710 1314 significat
727 1277 955 1307 mercatorem,
975 1273 1022 1300 ein
1035 1269 1139 1308 Kanff-

163 1326 243 1354 mun,
260 1316 314 1357 qui
333 1315 537 1357 negotiando
553 1314 691 1356 acquirit
708 1315 877 1354 pecunias.
919 1314 1018 1345 Sidou
1037 1314 1139 1355 signi-

163 1358 241 1391 ficat
263 1365 465 1389 venatorem.
510 1357 551 1388 Hi
570 1367 650 1399 ergo
668 1363 872 1398 occuparunt
891 1362 1012 1388 terram
1031 1357 1140 1394 istam,

163 1411 248 1443 quae
270 1401 437 1432 nominata
460 1406 511 1431 est
535 1400 626 1442 regio
651 1398 804 1437 Canaan,
833 1399 928 1430 cuius
950 1408 1028 1439 pars
1052 1398 1139 1429 litto-

162 1443 243 1475 ralis
272 1450 390 1485 postea
423 1443 511 1474 dicta
540 1449 591 1474 est
618 1441 813 1480 Phoenicia,
846 1441 933 1473 sicut
955 1442 1028 1483 ipsa
1050 1448 1139 1478 terra

163 1486 300 1519 Canaan
323 1487 410 1518 dicta
432 1491 483 1518 est
506 1485 702 1515 Palaestina.

249 1537 450 1570 Phoeniciae
471 1547 590 1569 nomen
613 1543 663 1568 est
686 1547 707 1568 a
729 1539 845 1577 φοίνιξ,
868 1535 957 1577 quod
975 1534 1141 1578 significat

159 1581 312 1621 palmam,
347 1581 439 1612 cuius
462 1581 591 1612 arboris
615 1578 743 1611 fructus
765 1586 840 1610 sunt
864 1576 1046 1620 palmulae,
1079 1588 1140 1610 seu

164 1622 296 1667 dactyli.
354 1623 541 1655 Palaestina
570 1622 671 1654 habet
701 1632 821 1654 nomen
845 1634 863 1653 a
888 1620 1056 1660 Philistin,
1086 1621 1140 1662 qui

162 1667 223 1699 fuit
246 1676 329 1699 unus
349 1677 388 1698 ex
412 1665 486 1698 filiis
510 1666 656 1698 Canaan.

251 1720 400 1754 Galilaea
426 1721 482 1754 suit
512 1721 607 1753 limes
635 1719 845 1753 Palaestinae
873 1721 915 1751 ad
940 1719 1141 1758 Phoenicen,

165 1772 197 1798 et
220 1766 295 1797 inde
318 1775 435 1798 nomen
459 1766 603 1806 accepit3
627 1766 704 1806 quia
727 1775 792 1795 vox
811 1763 957 1795 Galilaea
977 1763 1139 1805 significat

166 1809 334 1851 regionem
367 1807 581 1846 limitaneam,
639 1807 703 1839 uod
733 1817 796 1838 uos
818 1806 972 1838 Germani
1002 1808 1140 1837 (lichnus

164 1853 231 1925 gne
260 1850 388 1883 marche.
444 1851 517 1883 Fuit
551 1849 622 1882 Gali
640 1861 700 1882 aea
734 1851 818 1881 inter
852 1848 1074 1880 Palaestinam
1109 1856 1139 1879 et

191 1894 384 1926 hoeniciam.

249 1949 324 1981 Non
357 1955 408 1980 est
442 1950 591 1985 dubium,
626 1949 702 1990 quin
737 1949 767 1979 in
803 1947 911 1979 littore
942 1947 1140 1979 phoeniciae

164 1994 267 2035 prima
286 1991 382 2024 suerit
405 2001 606 2029 mercatura,
637 1998 692 2023 aut
716 1997 806 2022 certe
830 1990 1043 2022 celeberr²nm
1067 2000 1140 2031 pro-

166 2043 238 2077 pter
269 2036 466 2067 vicinitatem
496 2036 594 2066 utaris
623 2034 862 2065 mediterranei.
921 2034 1002 2064 Nam
1026 2044 1066 2064 ex
1089 2032 1140 2064 lit-

166 2086 237 2110 tore
267 2077 324 2110 ilio
356 2079 556 2119 navigabant
584 2079 614 2108 in
640 2077 843 2119 Aegyptum„
878 2083 909 2107 et
931 2076 1137 2107 advehebant

165 2132 311 2160 merces,
334 2131 416 2163 quas
439 2123 470 2153 in
494 2121 641 2163 Qriam,
664 2121 857 2161 Assyriam.
882 2126 912 2150 et
937 2118 1138 2150 Chaldaeum

166 2165 347 2201 vehebant,
381 2171 413 2195 et
448 2174 506 2205 pcr
541 2173 630 2194 uitare
660 2163 932 2195 mediterraneum
963 2169 1139 2203 potuerunt

165 2205 322 2250 navigare
346 2208 377 2238 in
402 2206 567 2244 Africam,
590 2207 622 2237 in
645 2207 801 2238 minorem
826 2207 957 2243 Asiam,
981 2205 1011 2236 iu
1036 2205 1140 2235 linro-

164 2262 248 2293 pam.
305 2250 353 2281 Ex
384 2249 441 2281 illa
476 2250 717 2291 opportunitate
747 2250 830 2280 situs
855 2247 976 2279 l‘actum
1000 2255 1069 2285 est,
1105 2254 1137 2278 ut

165 2300 298 2335 propter
322 2299 537 2324 mercaturam
561 2291 838 2333 locupletissimae
861 2291 975 2322 furt-nt
1000 2290 1076 2321 illae
1096 2292 1138 2321 ei-

166 2338 293 2375 vitates,
316 2347 401 2378 quae
424 2343 516 2367 erant
540 2336 571 2366 in
596 2335 783 2371 Phoenicia,
809 2335 892 2366 iuter
915 2344 997 2376 qtias
1016 2334 1139 2376 primae

165 2378 294 2411 suerunt
319 2380 420 2411 Sidon
445 2386 478 2411 et
499 2378 620 2420 Tyrus.

250 2430 321 2462 Fuit
355 2437 463 2462 autem
497 2430 605 2472 Tyrus
639 2429 769 2461 colonia
805 2429 948 2460 Sidonis.
1010 2428 1137 2459 Nomen

164 2473 241 2516 Tyri
264 2480 316 2504 est
340 2484 358 2504 a
383 2484 448 2504 xor.
474 2474 503 2504 id
529 2480 596 2511 est,
621 2484 640 2504 a
663 2472 855 2504 rebellione.
908 2471 1010 2502 Etiam
1034 2472 1138 2502 Saxo-

165 2527 224 2548 nes
254 2515 380 2548 literam
404 2517 430 2545 Z
453 2523 576 2547 minant
609 2517 639 2547 in
669 2520 698 2555 t,
732 2527 792 2557 pro
816 2515 899 2544 znm
923 2515 1032 2545 dit-unt
1058 2518 1136 2543 eom.

165 2561 218 2590 sic
242 2558 334 2590 litera
360 2571 382 2593 τ,
406 2558 518 2601 lingua
538 2560 674 2601 Syriaca
698 2565 819 2590 mutata
843 2565 890 2588 est
919 2559 948 2588 in
969 2562 990 2587 t.
1029 2557 1138 2587 (Ἰνὼ)

165 2602 295 2644 aliquos
320 2603 409 2633 cive-z
435 2602 610 2643 opulentos
635 2613 693 2642 per
722 2602 914 2634 seditionem
940 2601 1139 2632 discessisse

796 151 908 184 Pan..
929 151 1033 185 nar..
1055 149 1241 184 scmPTA
1263 125 1528 186 memma.

2095 156 2159 190 468

1186 255 1227 276 ex
1249 246 1389 284 Sidone,
1420 251 1453 278 et
1480 247 1689 289 quaesivisse
1719 247 1833 279 sedem
1860 248 1893 279 in
1917 257 1959 280 eo
1978 245 2071 286 loco.
2104 251 2160 282 nbi

1185 287 1293 330 Tyrus
1316 289 1358 320 ab
1381 290 1429 320 eis
1454 296 1506 321 est
1529 290 1670 320 condita.
2002 293 2005 295 “

1272 330 1307 362 ln
1336 331 1482 364 historiis
1511 331 1610 363 valde
1637 330 1780 364 celebr÷s
1809 338 1861 364 est
1889 333 2019 365 eversio
2041 333 2162 365 utrius·

1186 383 1251 415 que
1271 375 1384 413 urbis,
1408 385 1495 416 quae
1516 385 1583 406 non
1606 373 1705 416 longo
1729 375 1886 416 temporis
1908 373 2085 407 intervallo
2107 385 2161 408 ao-

1187 416 1273 447 cidit.
1317 416 1401 448 Nam
1417 418 1517 449 Sidon
1535 418 1575 448 ab
1596 416 1690 449 Ocho
1708 427 1787 459 rege
1805 417 1941 450 Persico
1958 424 2010 449 est
2029 428 2159 451 eversa.

1186 459 1262 490 Non
1284 459 1338 491 diu
1360 467 1454 501 post,
1484 461 1616 492 circiter
1636 469 1742 491 annos
1760 460 1813 491 20.
1837 471 1955 492 eversa
1977 466 2029 492 est
2051 461 2077 491 T

1187 502 1229 533 ab
1251 500 1444 535 Alexandro
1468 502 1601 544 Mag-no.
1657 503 1709 533 Ac
1740 504 1853 534 scribit
1876 503 2045 536 Diodoms
2069 504 2162 535 Sicu-

1186 543 1258 583 lus,
1292 556 1366 577 cum
1406 546 1485 577 urbs
1517 547 1620 576 Sidon
1651 552 1742 577 esset
1770 545 1988 584 inflammata,
2022 547 2163 588 periisse

1188 587 1320 619 circiter
1365 588 1560 631 uadraginta
1589 587 1688 620 millia
1717 590 1892 620 hominum.
1946 588 2038 631 Tyro
2059 599 2162 631 expu-

1187 636 1299 671 gnata,
1327 630 1355 661 A
1372 632 1516 663 exander
1549 632 1614 663 dno
1648 629 1748 662 millia
1777 631 1972 672 suspendit,
2005 637 2038 663 et
2059 631 2162 664 mulia

1186 671 1287 703 millia
1321 674 1475 704 vendidit.
1532 673 1566 704 ln
1595 675 1667 714 ipsa
1692 684 1770 705 vero
1795 675 2038 715 expugnatione
2063 675 2160 706 truci-

1188 716 1264 746 data
1283 721 1359 746 sunt
1376 716 1506 747 circiter
1523 723 1649 757 septem
1670 715 1779 748 millia.
1820 718 2024 759 Cogitemus,
2038 723 2162 758 quanta

1188 756 1272 789 haec
1295 756 1392 789 suerit
1415 757 1597 790 calamitas.

1274 799 1352 831 ltem
1371 801 1566 842 cogitemus,
1583 812 1680 843 qnam
1700 811 1803 843 saepe
1821 812 2013 843 magnarum
2032 803 2162 834 urbium

1188 847 1219 874 et
1241 843 1386 884 gentium
1407 845 1612 875 vastationes
1635 844 1724 882 flant,
1747 855 1820 876 cum
1840 844 1932 876 Dens
1955 845 2079 876 excitat
2103 855 2161 886 po-

1187 891 1294 917 tentes
1312 885 1528 924 monarchas,
1551 892 1587 918 ut
1609 888 1671 918 sub
1694 888 1817 918 initium
1838 885 2050 920 Monarchiae
2070 886 2162 929 Cyri,

1188 928 1296 960 Minor
1313 927 1395 960 Asia
1408 929 1453 959 ita
1475 934 1604 960 vastata
1627 935 1690 966 est,
1709 935 1743 961 ut
1766 930 1907 961 emissae
1926 931 1991 961 sint
2015 939 2057 961 ex
2080 928 2161 961 mul-

1188 972 1230 1003 tis
1259 971 1395 1003 urbibus
1425 971 1534 1003 loniae
1561 981 1700 1013 magnae
1730 971 1896 1003 homiuum
1925 971 2162 1009 multitudines,

1189 1025 1230 1045 ex
1248 1014 1366 1056 quibus
1388 1013 1510 1045 multae
1531 1019 1608 1045 sunt
1625 1015 1797 1045 demersae
1820 1015 1851 1045 in
1874 1024 1975 1045 mare.
2021 1012 2164 1055 Aliquae

1189 1062 1348 1088 venerunt
1370 1057 1402 1088 in
1425 1056 1516 1088 littus
1541 1055 1722 1095 Gallicum,
1758 1056 1811 1088 ubi
1836 1056 2053 1088 condiderunt
2075 1055 2165 1087 Mas-

1189 1099 1306 1131 siliam.
1351 1100 1433 1131 Cum
1456 1098 1648 1131 Alexander
1671 1100 1778 1140 coepit
1803 1109 1955 1141 regnare,
1979 1099 2065 1138 cepit
2078 1097 2164 1130 'rhe-

1191 1143 1270 1179 bas,
1305 1143 1359 1173 uhi
1390 1143 1523 1184 triginta
1558 1142 1657 1174 millia
1691 1143 1856 1173 hominum
1888 1142 2050 1172 trucidata
2078 1148 2164 1172 sunt.

1191 1185 1277 1217 lnter
1299 1184 1381 1216 alias
1405 1192 1512 1216 autem
1536 1186 1638 1217 urbes
1663 1186 1758 1216 etiam
1783 1184 1904 1226 Tyrum
1929 1185 2025 1225 cepit.

1278 1227 1368 1259 llaec
1390 1227 1541 1269 exempla
1562 1228 1746 1259 intueamur
1760 1251 1768 1262 ,
1803 1235 1836 1259 ut
1861 1230 2005 1258 sciamus
2028 1227 2166 1258 horribi-

1191 1270 1239 1302 les
1262 1281 1390 1312 poenas
1407 1271 1520 1313 vagari
1538 1281 1596 1311 per
1614 1271 1779 1302 mundum.
1823 1270 2015 1311 Cogitemus
2034 1268 2165 1307 saltem,

1191 1312 1308 1354 quales
1327 1314 1450 1344 nostris
1474 1314 1677 1353 temporibus
1701 1313 1906 1344 vastationes
1930 1311 2041 1344 factae
2058 1313 2126 1343 sint
2145 1322 2167 1343 ει

1190 1356 1314 1388 Turea!

1392 1520 1529 1571 Qualis
1560 1520 1680 1561 fuerit
1711 1521 1787 1560 ista
1818 1520 1967 1561 mulier.

1277 1612 1368 1644 Haec
1391 1611 1524 1649 mulier,
1558 1611 1650 1643 cuius
1682 1612 1712 1642 in
1736 1609 1895 1641 hodierna
1918 1611 2109 1642 narratione
2133 1611 2168 1643 fit

1192 1656 1329 1692 mentio,
1365 1655 1550 1686 nominatur
1578 1655 1620 1685 ab
1643 1653 1716 1684 aliis
1740 1651 1961 1695 Evangelistis
1987 1654 2166 1693 Gna-amu,

1192 1699 1233 1729 ab
1267 1697 1341 1729 aliis
1377 1698 1498 1727 (ii-aem
1531 1704 1563 1728 et
1601 1695 1857 1738 Syrophoenissa.
1920 1695 1989 1726 liae
2024 1695 2168 1738 appella·

1192 1742 1297 1773 tiones
1321 1741 1499 1771 ostendunt
1529 1738 1632 1771 fuisse
1655 1737 1822 1770 niulierem
1849 1737 2035 1777 lithnicam,
2069 1740 2168 1781 idque

1192 1784 1345 1816 Christus
1363 1784 1539 1825 significat,
1559 1794 1631 1813 eum
1650 1783 1744 1823 quasi
1770 1780 1934 1821 repellens
1957 1791 2029 1813 eam
2050 1782 2082 1813 in
2107 1783 2166 1819 uit,

1192 1827 1232 1857 Se
1255 1837 1313 1856 non
1337 1837 1400 1855 csse
1423 1827 1559 1855 nn'ssmn.
1583 1827 1644 1853 nisi
1666 1825 1708 1853 od
1732 1834 1800 1853 orac
1824 1824 1864 1854 de
1886 1824 1978 1853 domo
2000 1824 2071 1854 Ιπα
2103 1847 2110 1853 .

1278 1870 1360 1901 sum
1394 1869 1536 1910 populus
1570 1866 1671 1899 lsrael
1700 1867 1908 1898 introductus
1935 1874 2025 1898 esset
2047 1867 2081 1898 in
2102 1874 2165 1899 ter·

1192 1923 1260 1944 ram
1285 1913 1438 1949 canaan,
1474 1910 1591 1942 delevit
1617 1920 1733 1951 magua
1757 1920 1798 1941 ex
1822 1916 1916 1950 parte
1940 1911 2165 1951 posteritatem

1192 1956 1313 1987 Cham.
1348 1962 1445 1996 atque
1477 1955 1518 1985 ibi
1553 1954 1689 1985 effectus
1719 1952 1957 1984 maledictionis
1981 1952 2084 1984 Pham
2109 1963 2167 1994 ap-

1192 1999 1309 2040 paruit.
1332 1997 1504 2029 viu-minii>
1529 1995 1711 2028 sceleribus
1735 2002 1869 2036 propter
1891 2006 1976 2037 quae
1999 2002 2089 2027 tem
2106 2006 2167 2027 eoo

1192 2042 1343 2073 evomuit.
1399 2041 1464 2072 Sed
1494 2048 1600 2071 nuncu
1636 2038 1793 2081 reliquiae
1821 2037 1951 2080 aliquae
1974 2045 2165 2071 uianserunt

1193 2085 1232 2116 tle
1255 2085 1449 2126 posteritate
1474 2082 1589 2114 t‘ham.

1280 2127 1317 2157 Et
1342 2127 1507 2157 nominant
1532 2123 1770 2167 Evangelistae
1795 2124 1958 2162 GraecoS,
1980 2125 2166 2167 quicunque

1193 2181 1257 2201 nnn
1282 2176 1355 2200 sunt
1381 2170 1505 2207 ludaei,
1540 2169 1570 2200 id
1596 2176 1664 2202 est.
1698 2169 1752 2210 qui
1776 2177 1840 2198 non
1864 2174 1940 2199 sunt
1964 2177 2004 2198 ex
2027 2168 2167 2209 posteri-

1193 2220 1258 2244 tat<¹
1285 2213 1454 2243 Abrahae.
1484 2213 1544 2242 sed
1570 2211 1709 2243 Ethnici.
1766 2209 2034 2252 syrophoenissa
2056 2217 2166 2242 autem

1193 2257 1308 2287 :licitur
1332 2255 1413 2287 hacc
1437 2254 1562 2294 mulier,
1582 2255 1656 2296 quia
1680 2259 1755 2285 nata
1780 2254 1837 2285 fuit
1861 2264 1920 2284 sen
1952 2252 2110 2284 habitavit
2133 2253 2165 2284 in

1192 2299 1247 2331 illa
1283 2306 1375 2341 parte
1407 2300 1542 2340 Syriae,
1578 2307 1662 2339 quae
1686 2297 1773 2327 dicta
1796 2303 1845 2326 est
1872 2295 2066 2328 Phoenicia:
2099 2293 2165 2331 vel.

1192 2343 1266 2384 qnia
1291 2342 1445 2373 habitavit
1472 2342 1502 2372 in
1527 2351 1567 2373 ea
1591 2347 1683 2382 parto
1709 2339 1916 2376 phoeniciae,
1940 2349 2024 2380 quae
2048 2338 2165 2380 Syriae

1192 2386 1338 2427 proxima
1361 2395 1421 2416 seu
1446 2385 1552 2415 vicina
1575 2384 1644 2415 fuit.
1693 2383 1876 2414 Herodotus
1901 2392 2002 2422 saepe
2020 2382 2166 2413 uotuinat

1191 2429 1337 2460 Striam.
1373 2435 1472 2459 totum
1497 2426 1586 2458 illmu
1615 2433 1757 2459 tractum
1783 2426 1824 2456 ab
1850 2426 1988 2458 Arabia.
2022 2430 2054 2455 et
2078 2435 2165 2456 com·

1192 2465 1360 2512 prehendit
1385 2482 1423 2502 ea
1447 2469 1667 2512 appellatione
1690 2470 1793 2510 ipsam
1823 2478 1953 2510 qunque
1978 2467 2164 2499 Phoenicen

1191 2522 1221 2545 et
1247 2515 1478 2545 Palaestinam.
1524 2513 1590 2545 Sed
1614 2520 1646 2543 ut
1671 2511 1772 2553 uulgo
1795 2510 1968 2552 loquimur,
1989 2510 2165 2542 Phoenicia

1191 2557 1248 2589 suit
1269 2568 1327 2588 orn
1351 2556 1405 2589 illa
1428 2557 1599 2593 maritima,
1617 2566 1702 2597 quae
1726 2555 1872 2596 proxime
1894 2554 2000 2594 attigit
2023 2553 2162 2595 Syriam.

1278 2601 1345 2631 Nm-
1380 2600 1455 2631 mihi
1491 2598 1642 2640 displicet
1678 2598 1802 2639 opinio.
1836 2597 1924 2638 quod
1959 2595 2074 2627 mulier
2101 2595 2165 2627 bt·
