2324 2958
45 201 111 242 ’693

47 312 116 335 non
144 300 244 333 habet
271 296 466 341 potentiam,
482 293 704 336 sapientiam
733 299 783 324 est
806 293 869 325 iam
890 292 1016 334 pridem

48 346 204 378 redactus
232 343 264 373 in
293 342 456 377 cinerem,
478 338 539 376 sed
566 337 710 374 Messias
739 336 873 366 habebit
903 343 1016 365 veram

49 380 205 439 gibriani,
234 393 300 415 non
329 376 670 414 umb1·atttem,-=⁴·‘E1·its
693 380 811 417 requies
833 381 878 406 est
900 376 1015 416 ylario]

49 431 83 462 nd
105 435 175 467 est,
198 428 267 459 eius
290 435 380 457 mors
404 427 454 456 est
477 422 633 465 gloriosa.
679 419 753 460 lpse
777 430 817 450 ex
839 424 944 450 morte
966 428 1016 449 re-

48 473 204 508 viviscet,
228 476 260 501 et
283 469 414 509 incipiet
436 468 575 506 regnare
598 470 692 500 tunc,
726 473 799 493 cum
821 461 1017 493 existimabi-

49 520 104 548 tur
129 523 205 546 esse
233 511 405 544 extinctus.
462 508 544 539 Illud
573 515 684 537 senten
714 504 859 536 mulieris
888 504 1017 544 incipiet

49 566 191 600 regnare
212 560 289 595 post
309 558 460 584 mortem:
485 551 565 582 Cum
588 549 651 580 iam
674 548 839 583 revixerit,
859 547 963 578 aderit
985 546 1018 576 in

50 598 223 635 Ecclesia,
247 595 465 627 sanctificabit
486 603 576 629 eam,
600 591 769 627 exaudiet,
793 589 945 620 salvabit.

134 640 225 682 Ergo
249 639 435 674 discamus,
462 634 736 667 resurrectionem
760 633 829 663 eius
851 641 919 662 non
941 640 1018 663 esse

50 684 206 717 otiosam:
234 691 301 713 non
329 688 503 720 resurgere
531 676 699 708 Christum
727 675 768 706 ad
799 675 939 705 otiosum
968 683 1018 704 re-

50 736 168 768 gnum,
189 731 224 756 ut
246 725 317 766 ipse
340 723 401 753 sibi
423 722 464 752 sit
485 722 619 756 beatus,
651 719 710 749 sed
733 726 912 758 resurgere
934 726 1018 752 eum,

50 775 87 800 ut
109 773 241 809 regnet,
274 772 305 797 et
335 771 369 796 ut
391 764 434 795 sit
455 763 550 794 nobis
574 763 636 792 iste
660 760 752 798 Diffi,
787 760 841 801 qui
864 760 1019 790 invocan-

50 811 114 841 dus
137 815 205 846 est,
238 814 270 839 et
296 810 328 837 in
355 817 414 846 quo
440 816 497 835 uos
525 814 692 844 speremus,
727 804 813 834 sicut
836 799 1019 842 Apostolus

51 852 168 883 recitat
197 850 262 881 hoc
290 851 423 880 dictum.
478 849 510 878 Si
541 852 673 888 regnat,
706 852 740 877 ut
763 844 839 875 velit
862 842 1020 879 invocari,

51 892 131 926 velit
157 892 276 923 adesse
305 891 498 926 invocatus,
531 889 609 919 velit
636 898 696 919 nos
726 887 908 923 custodire,
942 883 1021 916 velit

51 945 114 967 nos
137 939 282 977 gestare,
305 933 389 963 sicut
412 938 528 972 pastor
550 936 657 972 gestat
680 939 788 972 agnos
812 938 930 959 recens
955 927 1021 958 edi-

50 984 121 1018 tos,
142 982 178 1008 ut
200 977 272 1017 ipse
296 976 371 1006 dicit
393 975 424 1005 in
449 974 558 1004 Esaia.

136 1019 259 1050 Postea
282 1018 446 1049 discamus
470 1015 741 1057 applicationem,
774 1013 849 1054 quia
871 1011 935 1043 fide
955 1011 1021 1041 ista

49 1060 211 1094 beneficia
232 1059 507 1101 apprehendenda
527 1063 612 1088 sunt.
647 1057 788 1088 Oremus
806 1061 915 1087 autem
933 1053 1022 1085 hunc

49 1105 159 1146 ipsum
190 1102 383 1139 Dominum,
425 1108 457 1132 ut
493 1101 633 1142 Spiritus
672 1105 810 1130 sanctus
844 1097 1021 1129 inflammet

52 1147 176 1184 corda,
198 1152 234 1177 ut
255 1146 421 1186 possimus
445 1145 506 1175 ista
530 1143 675 1175 credere,
699 1151 783 1182 quae
803 1138 921 1181 procul
943 1144 1020 1169 sunt

50 1190 160 1232 posita
182 1195 274 1220 extra
298 1188 527 1229 cogitationem
551 1191 583 1216 et
606 1190 734 1225 captum
756 1183 944 1214 humanum.

134 1231 237 1265 Deus,
259 1230 361 1270 inquit
384 1228 525 1265 Paulus,
548 1228 602 1266 qui
619 1227 720 1264 facit,
743 1230 777 1255 nt
798 1225 914 1259 velit-is,
938 1224 1019 1253 idem

47 1273 139 1303 dabit
159 1275 267 1310 ettam,
289 1275 322 1301 ut
340 1272 530 1310 perficiatis;
548 1270 581 1300 id
605 1275 674 1306 est,
697 1278 758 1299 vos
781 1267 910 1299 habetis
933 1266 1019 1297 scin-

46 1314 186 1347 fillulam
212 1313 372 1356 aliquam:
402 1314 508 1344 videte
538 1322 638 1354 ergo,
667 1318 702 1342 ut
724 1321 790 1342 non
813 1310 1017 1352 repugnetiS‚

46 1358 107 1389 sed
128 1357 267 1399 petatis,
286 1362 321 1387 ut
344 1357 438 1387 dicit:
462 1356 587 1388 Quanto
604 1356 704 1393 maqis
722 1357 816 1393 pater
832 1356 930 1383 vester
953 1361 1017 1381 coe-

47 1400 135 1430 lestis
157 1399 246 1429 dabit
268 1399 417 1438 Spiritum
440 1401 575 1426 sanctum
595 1397 777 1435 petentibus.
902 1405 905 1407 ’

133 1441 225 1473 Haec
253 1447 305 1473 est
334 1441 482 1472 doctrina
510 1441 551 1470 de
579 1449 681 1480 regno
710 1448 776 1470 non
799 1439 929 1475 otioso,
957 1437 1017 1468 setl

48 1485 91 1516 ue
112 1483 189 1523 tali,
220 1485 253 1515 in
287 1493 353 1525 quo
383 1482 533 1514 Christus
563 1482 605 1512 sit
631 1481 761 1512 efficax.
819 1481 1018 1517 Observate,

48 1528 139 1569 quod
162 1532 345 1567 congruant
366 1526 451 1556 istae
466 1526 678 1556 sententiaet·
690 1524 743 1553 Ad
760 1534 824 1553 enm
842 1524 1019 1562 conficyient

48 1579 158 1600 annuesv
173 1573 287 1608 yeutes.
331 1568 371 1598 Et
395 1569 514 1598 Genesv
540 1567 592 1598 49.
638 1567 689 1596 Ad
718 1577 781 1596 eum
809 1568 869 1595 erit
895 1576 1018 1605 conyre-

46 1613 137 1651 ycm'o
158 1613 301 1650 yentium.
346 1610 433 1639 Se'loh
451 1610 614 1651 significat
631 1608 754 1641 foetum
774 1609 922 1650 virginis,
943 1609 1020 1639 item

46 1654 214 1696 significat
235 1653 319 1684 idem
343 1653 432 1693 quod
455 1652 596 1689 iaus-tus,
619 1651 708 1682 felix.
752 1651 914 1683 Existimo
937 1651 1018 1682 istas

46 1706 151 1728 voces
173 1695 324 1727 Latinas:
347 1695 446 1735 Salve,
469 1697 562 1735 salus,
587 1704 663 1726 esse
678 1695 727 1725 'ab
747 1694 911 1725 Hebraico
935 1694 1018 1728 Sil03

47 1738 132 1770 sicut
160 1737 227 1770 alia
254 1737 355 1769 multa
382 1739 414 1768 in
443 1743 557 1768 nostra
588 1744 619 1768 et
648 1737 680 1768 in
704 1737 819 1768 Latina
842 1735 955 1778 lingua
977 1737 1018 1767 ab

48 1779 105 1812 ma
126 1782 230 1822 prima
252 1787 328 1812 sunt
350 1785 488 1821 sumpta.

137 1932 372 1965 EXCERPTA
397 1932 455 1963 EX
478 1932 679 1965 ALtORUM
701 1932 924 1965 ANNORUM

396 1991 674 2025 RHAPSODHS.

134 2077 348 2109 Resurrectio
379 2075 450 2108 Filii
474 2076 535 2108 Dei
566 2083 617 2108 est
638 2078 858 2110 testimonium
882 2085 1017 2110 nostrae

48 2121 317 2158 resurrectionis,
351 2121 440 2161 quod
470 2118 621 2151 videlicet
651 2130 712 2151 nos
741 2120 889 2152 similiter
911 2131 1016 2153 resur-

47 2164 167 2195 recturi
190 2163 308 2199 simus;
331 2163 392 2193 sed
414 2173 480 2193 non
504 2168 628 2193 tantum
651 2164 868 2195 testimonium
892 2171 960 2202 est,
982 2170 1017 2195 ut

48 2215 123 2238 cum
144 2205 235 2237 multi
258 2205 312 2236 alii
335 2211 596 2242 resurrexerunt,
614 2206 668 2246 qui
685 2206 780 2237 etiam
803 2213 905 2238 testes
928 2213 1015 2245 sunt,

48 2249 109 2280 sed
131 2248 215 2280 haec
237 2257 381 2289 persona
404 2248 618 2286 resuscitata,
640 2258 724 2289 quae
747 2254 797 2280 est
819 2248 919 2281 Filius
941 2248 1016 2287 Dei,

48 2298 97 2322 est
120 2291 303 2323 immediate
332 2289 387 2321 illa
414 2300 574 2331 persona,
605 2301 688 2331 quae
710 2301 771 2322 nos
795 2293 1014 2330 resuscitabit,

47 2334 132 2365 sicut
154 2334 231 2365 inde
253 2334 294 2364 ab
317 2333 407 2364 initio
432 2339 481 2363 est
504 2343 651 2375 persona
673 2343 817 2376 regnans
844 2334 876 2365 in
898 2334 1016 2367 Eccle-

47 2377 97 2407 sia
119 2382 152 2408 et
175 2382 273 2418 caput
294 2375 476 2407 Ecclesiae.

133 2417 404 2459 Quandocunque
438 2429 519 2460 ergo
554 2418 595 2448 de
622 2419 863 2450 resurrectione
894 2419 1014 2451 Christi

47 2461 250 2502 cogitamus,
284 2468 458 2501 utrumque
492 2461 701 2502 cogitandum
735 2467 804 2500 est,
837 2462 878 2493 de
910 2472 1015 2505 regno

48 2503 138 2540 eius,
162 2509 193 2534 et
210 2504 252 2534 de
274 2504 516 2535 resurrectione
539 2504 653 2535 nostri.

135 2544 286 2584 Primum,
303 2555 500 2587 quaeramus
519 2546 739 2577 definitionem
758 2547 852 2588 regni
877 2546 1014 2581 Christi:

48 2587 126 2628 quia
159 2590 355 2620 resurrectio
391 2590 461 2619 eius
496 2595 546 2619 est
580 2589 748 2620 inchoatio
777 2590 870 2631 regni
900 2590 933 2621 in
963 2600 1017 2622 as·

47 2635 178 2670 sumpta
199 2637 316 2663 natura
338 2629 531 2673 glorificata.

726 190 942 233 rosmm
962 194 1357 230 BOELANTHONIANA.

1972 194 2036 226 694

1126 291 1324 347 Coepitne
1356 305 1525 345 regnum
1559 290 1706 332 Christi
1736 306 1829 336 cum
1860 295 1989 333 res'ur-
2006 300 2029 346 J

1454 367 1657 407 rectione?

1155 457 1275 499 Cogita
1307 466 1445 498 regnum
1475 455 1597 487 Christi
1630 467 1695 488 non
1729 457 1865 498 primum
1888 457 2039 498 coepisse

1068 508 1145 542 post
1161 499 1450 536 resurrectionem,
1471 499 1530 529 sed
1547 497 1651 529 fuisse
1671 500 1745 529 inde
1761 509 1865 541 usque
1887 501 1929 530 ab
1950 501 2039 531 initio

1069 554 1088 575 a
1111 544 1213 585 prima
1231 542 1461 584 promissione,
1486 547 1660 582 antequam
1682 540 1783 572 Filius
1807 542 1871 574 Dei
1893 552 2040 574 assume-

1070 592 1121 618 ret
1142 585 1318 617 humanam
1341 589 1500 615 naturam.

1189 748 1298 799 Quid
1329 755 1390 789 est,
1421 763 1517 802 ergo
1548 762 1717 802 regnum
1749 747 1922 789 Christi?

1157 838 1217 870 Est
1244 839 1360 870 Filium
1388 838 1452 870 Dei
1480 839 1616 870 missum
1646 848 1722 869 esse
1745 839 1853 869 statim
1875 839 1916 870 ab
1939 839 2040 879 initio,

1070 887 1104 912 ut
1128 880 1272 921 proferat
1295 893 1336 913 ex
1359 882 1430 912 sinu
1455 882 1579 912 aeterni
1602 881 1704 922 patris
1728 881 1991 922 promissionem,
2010 889 2042 914 et

1071 930 1105 954 ut
1128 934 1212 955 voce
1234 925 1330 956 huius
1353 924 1582 965 promissionis
1606 933 1667 954 seu
1689 922 1878 965 Evangelii,
1906 923 2042 967 colligat

1070 965 1265 1007 Ecclesiam,
1289 974 1320 998 et
1343 967 1385 998 sit
1406 967 1438 997 in
1462 977 1501 998 ea
1524 965 1658 1003 efficax3
1681 966 1825 998 vivificet
1848 967 1950 998 corda
1972 977 2042 999 cre-

1073 1009 1235 1046 dentium,
1274 1015 1306 1040 et
1344 1009 1531 1040 sanctificet
1570 1009 1647 1040 dato
1681 1009 1802 1049 Spiritu
1836 1016 1973 1048 sancto,
2007 1015 2041 1041 ut

1072 1051 1227 1091 deinceps
1246 1058 1357 1082 servet
1376 1058 1407 1082 et
1425 1057 1577 1093 protegat
1594 1050 1789 1089 Ecclesiam,
1809 1053 1851 1082 sit
1870 1052 2042 1090 Emanuel,

1071 1095 1157 1125 adsit
1181 1095 1225 1132 ei,
1256 1100 1287 1125 et
1313 1093 1457 1135 depellat
1479 1093 1631 1125 diabolos
1654 1100 1687 1125 et
1710 1104 1835 1136 organa
1858 1105 1986 1137 eorum,
2011 1101 2043 1126 et

1071 1137 1113 1167 sit
1135 1143 1319 1177 utrumque,
1343 1137 1531 1178 redemptor
1554 1143 1605 1168 est
1628 1135 1786 1174 salvator,
1802 1144 1836 1168 et
1857 1144 2041 1178 post‘mor-

1070 1185 1135 1210 tem
1165 1189 1226 1210 nos
1256 1180 1450 1217 resuscitet,
1484 1185 1516 1210 et
1542 1180 1661 1210 vestiat
1691 1180 1809 1211 munda
1837 1186 1973 1218 natura,
2005 1186 2041 1211 ut

1070 1221 1164 1253 Deus
1198 1222 1229 1252 in
1263 1227 1333 1253 tota
1366 1222 1559 1254 aeternitate
1589 1223 1715 1254 habitet
1742 1223 1774 1254 in
1797 1223 1911 1261 nobis,
1945 1228 1978 1254 et
2000 1223 2041 1254 sit

1070 1265 1178 1296 omnia
1200 1264 1231 1295 in
1255 1265 1416 1296 omnibus.

1173 1429 1281 1480 Quid
1312 1437 1374 1471 est
1403 1445 1574 1485 regnum
1606 1431 1727 1485 Regis
1760 1430 1929 1473 Gallici?

1154 1520 1296 1552 Nomino
1319 1521 1384 1552 hoc
1414 1531 1568 1563 regnum,
1597 1521 1671 1563 quia
1695 1532 1799 1563 regna
1823 1521 1960 1553 aliarum
1980 1532 2040 1553 na-

1070 1563 1194 1595 tionum
1217 1564 1339 1595 habent
1361 1562 1436 1604 plus
1460 1563 1700 1601 confusionum.
1745 1564 1843 1596 Nulla
1861 1571 1919 1596 est·
1929 1562 2040 1606 legum

1071 1607 1262 1643 auctoritas,
1287 1605 1378 1638 nulla
1401 1607 1598 1644 concordia3
1621 1606 1786 1639 Gallicum
1810 1606 1919 1649 aliquo
1941 1607 2040 1644 modo

1072 1654 1123 1680 est
1145 1649 1338 1680 ordinatum.
1384 1649 1445 1680 Est
1469 1659 1550 1691 ergo
1574 1659 1710 1692 regnum
1734 1648 2039 1686 Gallicum,'u1'1um

1071 1691 1255 1733 Principem
1293 1698 1323 1722 et
1359 1692 1523 1723 dominum
1555 1691 1678 1729 inilia
1712 1699 1812 1734 gente
1843 1697 2039 1734 potestatem

1070 1735 1261 1772 exercendi,
1284 1735 1401 1765 iudicia
1424 1734 1546 1766 habere
1568 1736 1748 1766 secundum
1771 1734 1865 1777 leges
1888 1745 1985 1771 suas,
2009 1741 2041 1766 et

1069 1777 1209 1808 faciendi
1233 1779 1469 1808 executionem.
1516 1777 1583 1808 Sed
1602 1776 1658 1809 illa
1677 1783 1825 1819 potestas
1847 1783 1897 1809 est
1914 1782 2039 1809 tantum

1069 1820 1307 1852 administratio
1332 1827 1468 1851 externa
1492 1821 1523 1851 in
1547 1821 1646 1852 rebus
1671 1820 1910 1861 corporalibus.
1958 1819 2040 1852 Tale

1068 1873 1134 1894 non
1158 1869 1208 1893 est
1237 1873 1374 1903 regnum
1402 1862 1541 1898 Christi,
1570 1869 1605 1893 ut
1633 1863 1741 1894 Iudaei
1764 1863 2039 1905 imaginabantur,

1068 1912 1099 1937 et
1121 1905 1230 1936 adhuc
1259 1905 1476 1947 imaginantur
1504 1905 1663 1936 Messinm
1690 1911 1880 1943 venturum,
1913 1906 1967 1947 qui
1997 1907 2040 1937 sit

1067 1948 1246 1990 partiturus
1271 1948 1469 1989 provinciaS,
1486 1954 1638 1980 recturus
1660 1958 1767 1989 genus
1790 1948 1967 1980 humanum
1984 1959 2038 1979 ex·

1068 1999 1161 2023 terna
1184 1990 1304 2029 forma,
1328 1997 1363 2021 ut
1381 1991 1518 2022 Moises.
1562 1991 1629 2022 Sed
1651 1990 1749 2033 longe
1773 1992 1937 2022 aberrant.

1154 2033 1237 2069 Quia
1272 2043 1410 2076 regnum
1445 2033 1566 2065 Christi
1599 2041 1648 2064 est
1683 2044 1821 2075 regnum
1855 2040 2037 2072 aeternum,

1068 2077 1149 2108 dans
1174 2077 1261 2107 bona
1283 2076 1469 2107 hominibus
1499 2083 1653 2114 aeterna,
1683 2077 1769 2118 quod
1794 2076 2038 2107 administratur

1067 2121 1132 2151 isto
1162 2119 1278 2156 mode,
1308 2118 1435 2150 scilicet
1464 2129 1524 2160 per
1553 2120 1704 2151 verbum:
1739 2119 1841 2150 misso
1872 2117 1973 2157 Filio,
2004 2125 2038 2150 ut

1066 2163 1142 2194 inde
1174 2171 1279 2203 usque
1308 2163 1349 2193 ab
1378 2162 1469 2193 initio
1491 2162 1637 2203 proferat
1660 2160 1875 2203 Evangelium
1898 2171 1939 2192 ex
1963 2162 2037 2193 sinu

1066 2205 1187 2247 patris,
1219 2203 1352 2247 colligat
1379 2203 1564 2236 Ecclesiam
1592 2214 1677 2235 voce
1699 2203 1886 2246 Evangelii,
1910 2211 1941 2234 et
1964 2205 2036 2245 ipse

1067 2249 1108 2279 sit
1138 2247 1256 2279 efficax
1290 2258 1350 2288 per
1376 2248 1589 2279 ministerium
1618 2253 1650 2278 et
1680 2247 1822 2277 vivificet
1850 2247 1969 2283 corda,
2004 2253 2036 2278 et

1067 2289 1251 2322 sanctificet
1281 2291 1474 2327 credentes.
1508 2296 1539 2320 et
1568 2296 1678 2321 servet
1706 2288 1900 2320 Ecclesiam.
1946 2288 2036 2321 Haec

1066 2332 1167 2364 Filius
1191 2333 1255 2364 Dei
1277 2343 1407 2374 semper
1429 2332 1523 2370 facit,
1546 2333 1641 2364 etiam
1664 2338 1835 2372 antequam
1859 2333 2036 2373 assumpsit

1039 2397 1043 2403 .
1067 2377 1241 2407 humanam
1264 2382 1425 2413 naturam,
1443 2376 1526 2407 idem
1550 2381 1600 2406 est
1623 2374 1716 2412 λόγος,
1736 2375 1789 2415 qui
1813 2374 1909 2405 adest
1930 2376 2033 2406 verbo

1066 2418 1186 2456 vocali,
1205 2424 1235 2449 et
1260 2419 1314 2459 qui
1338 2425 1450 2449 servat
1473 2424 1505 2448 et
1527 2417 1667 2458 protegit
1690 2415 1889 2451 Ecclesiam
1912 2423 1944 2448 et
1962 2427 2035 2457 per-

1067 2462 1133 2492 ficit
1169 2461 1278 2492 onmia
1310 2461 1341 2491 in
1377 2461 1524 2491 omnibus
1554 2459 1723 2496 membris,
1755 2458 1908 2490 videlicet
1938 2460 2034 2491 bona.

1067 2503 1166 2535 Filius
1195 2502 1258 2533 Dei
1288 2504 1365 2534 texit
1394 2510 1427 2534 ct
1454 2503 1599 2534 servavit
1623 2501 1694 2532 Noe
1718 2502 1749 2532 in
1774 2500 1911 2533 diluvio:
1945 2502 2034 2534 ldem

1067 2545 1171 2578 adfuit
1194 2545 1284 2576 Eliae
1314 2555 1452 2576 servans
1476 2546 1546 2575 eius
1569 2544 1791 2575 ministerium.
1837 2544 1923 2575 Idem
1947 2555 2033 2577 nunc

1066 2590 1098 2620 in
1122 2588 1298 2620 ministerio
1322 2589 1371 2618 sic
1394 2593 1445 2618 est
1467 2586 1608 2624 efficax,
1631 2592 1666 2617 ut
1688 2585 1830 2628 depellat
1852 2586 2032 2619 Diabolosz

1067 2632 1144 2673 quia
1166 2641 1302 2672 regnum
1326 2629 1446 2661 Christi
1468 2637 1519 2662 est
1549 2630 1735 2670 oppositum
1761 2639 1866 2670 regno
1890 2628 2032 2662 Diaboli.

1778 2689 1831 2714 44.
