2324 2958
199 152 241 184 35

198 243 357 281 oiaefad
380 252 438 273 eas
461 251 534 278 τες,
561 239 680 279 quibus
707 238 804 269 animi
827 236 992 268 hominum
1009 235 1173 275 decipiun-

200 293 264 323 tur,
286 285 370 320 Quia
400 281 611 323 metaphorae
640 286 813 313 sumuntur
841 278 896 311 vel
925 289 964 310 ex
1000 286 1173 325 corporum

199 335 254 360 aut
279 327 458 370 figurarum
493 323 700 356 similitudine
722 321 923 359 effectionis,
943 327 977 352 ut
1000 330 1072 351 cum
1095 318 1173 349 dici·

200 378 264 408 tur,
287 369 374 401 mala
398 367 547 398 doctrina
566 372 616 397 est
639 375 819 403 venenum,
844 364 982 395 sumitur
1004 359 1173 410 Metapho·

199 424 237 445 ra
259 414 301 444 ab
324 410 452 443 effectu.
490 409 559 440 Sed
581 408 713 450 quando
736 408 867 439 nomino
883 407 1031 441 arietem,
1054 408 1172 433 instru-

199 461 342 487 mentum
371 462 436 494 quo
466 452 655 494 quatiuntur
684 451 783 488 muri,
813 449 950 480 sumitur
977 443 1173 485 metaphora

198 508 219 529 a
237 497 258 528 fi
308 507 352 527 ra.

260 508 333 569 εἶλαι
360 535 565 573 scandalum,
595 546 653 567 seu
672 534 915 574 σκανδάληθρον,
948 529 1173 570 Metaphorice

199 587 393 621 usurpatur,
417 589 476 619 pro
500 588 536 611 re
558 577 720 620 qualibet,
743 587 806 618 qua
829 582 982 616 tanquam
1007 570 1172 603 tendicula

201 624 326 666 capitur
349 621 482 663 aliquis,
505 627 539 652 ut
562 622 590 652 si
603 621 708 658 dicas,
728 628 864 660 pravum
887 614 1072 647 sodalitium
1095 623 1172 645 esse

199 664 392 698 scandalum
416 674 477 696 seu
500 662 682 704 decipulam
706 663 864 693 bonarum
887 659 1050 689 mentium.
1087 656 1172 692 Quia

199 708 402 750 experientia
427 707 589 743 ostendit,
619 706 714 737 etiam
744 705 830 735 bona
852 702 982 743 ingenia
1006 699 1172 740 corrumpi

199 751 294 783 malis
325 748 497 786 sodalitiis,
530 755 560 779 et
594 748 704 788 pravis
734 743 903 785 exemplis,
934 740 1172 793 sicutqlffaulus

200 795 276 825 citat
291 793 456 824 Graecum
470 801 618 822 versum:
643 794 822 830 φθείρουσιν
846 786 908 825 ἤθη
929 787 1031 827 χρῆσθ
1058 787 1173 824 ομιλίαι

199 841 295 867 κακαί.
343 834 566 875 Corrumpunt
598 834 703 863 bonos
731 840 842 863 mores
872 828 1170 874 colloquianprava.

201 879 240 910 Et
262 877 452 910 ,xe—solutus
475 877 592 916 inquit:
622 875 750 910 τοιοῦτός
770 878 847 904 ἐστιν
875 872 996 907 ἕκαστος
1018 875 1063 906 οῖς
1085 870 1172 908 συνή-

199 921 290 952 δεται.
327 912 416 950 Talis
445 919 585 960 quisque
607 923 676 955 est,
704 915 847 958 qualium
880 914 1064 946 delectatur
1094 922 1173 944 con-

199 965 313 995 sortio.

286 1005 457 1040 Quomodo
497 1010 604 1035 autem
640 1001 791 1033 Christus
825 1001 877 1031 hic
910 999 985 1030 dicit
1022 1008 1060 1029 se
1093 1007 1172 1029 esse

199 1047 413 1080 scandalum?
447 1046 543 1082 Quod
568 1046 652 1076 haud
689 1045 784 1075 dubie
813 1042 951 1083 sumpsit
987 1052 1027 1073 ex
1056 1040 1170 1079 Esaia,

199 1092 253 1132 qui
283 1090 478 1131 praedicens
508 1090 548 1120 de
572 1087 693 1119 Messia
724 1087 840 1127 inquit:
864 1085 934 1115 Erit
966 1085 999 1115 in
1029 1082 1171 1125 lapidem

200 1133 442 1174 percussionis,
470 1139 499 1162 et
529 1133 559 1162 in
590 1138 714 1171 petram
738 1128 939 1165 offensionis,
962 1127 1091 1158 duabus
1115 1127 1172 1158 do·

199 1177 305 1207 mibus
329 1174 442 1212 lsrael,
465 1181 494 1205 et
518 1175 550 1205 in
569 1173 737 1214 laqueum,
760 1179 791 1202 et
820 1169 1020 1202 tendiculam
1047 1169 1172 1201 habita-

201 1219 263 1250 tori
286 1216 482 1254 Ierusalem,
511 1223 543 1248 et
566 1216 745 1256 impingent
769 1215 800 1245 in
823 1213 874 1244 his
898 1211 1040 1254 plurimi,
1065 1218 1097 1244 et
1120 1223 1172 1244 ca-

198 1262 286 1298 dent,
310 1268 339 1291 et
364 1266 585 1295 «emerentur,
610 1264 641 1289 et
663 1258 858 1294 irretientur,
893 1262 924 1286 et
948 1256 1129 1297 capientur.

283 1303 374 1334 Haec
408 1303 571 1343 quomodo
605 1306 791 1342 congruunt
824 1300 864 1330 ad
889 1297 1082 1330 Christum?
1116 1298 1174 1330 Sic

200 1347 283 1377 enim
304 1351 530 1387 argumentor:

241 1405 432 1436 scandalum
456 1408 502 1435 est
521 1413 574 1434 res
588 1403 685 1439 mala,
708 1403 742 1433 id
765 1406 822 1441 est,
844 1402 998 1443 quiddam
1011 1401 1174 1442 decipiens

283 1452 312 1477 et
335 1448 465 1478 laedens
488 1447 581 1477 alios.

241 1489 388 1520 Christus
413 1499 472 1521 non
496 1489 628 1529 decipit,
651 1498 706 1519 seu
729 1488 829 1519 laedit
851 1487 1000 1519 homines.

243 1532 328 1573 Eryo
369 1542 428 1563 non
471 1536 517 1562 est
551 1531 758 1568 scandalum,
799 1540 854 1562 seu
886 1531 1036 1562 neminem
1071 1527 1176 1572 afficit

281 1575 447 1606 scandalo.

281 1633 484 1674 Respondeo
507 1634 550 1665 ad
574 1633 743 1665 Maiorem.
788 1631 920 1674 Duplex
951 1640 1001 1664 est
1035 1633 1175 1666 scanda-

199 1677 282 1715 lum,
309 1685 482 1718 acceptum
512 1683 542 1708 et
566 1677 687 1708 datum.
734 1674 934 1707 scandalum
957 1681 1176 1717 acceptum

198 1727 250 1751 est
272 1719 464 1751 scandalum
490 1719 732 1756 Pharisaicum,
764 1729 837 1750 cum
860 1718 934 1750 mali
959 1729 996 1750 re
1021 1721 1107 1751 bona
1127 1717 1176 1749 of-

197 1761 384 1794 fenduntur.
441 1761 641 1794 Scandalum
677 1762 810 1794 datum
849 1769 900 1793 est
947 1763 1077 1804 proprie
1126 1763 1176 1794 sic

198 1806 320 1837 dictum
355 1804 567 1843 scandalum,
608 1816 680 1837 cum
711 1803 763 1836 vel
797 1805 896 1846 impio
932 1806 1089 1847 dogmate
1123 1804 1177 1837 vel

199 1859 302 1888 pravo
335 1848 486 1889 exemplo
513 1848 693 1879 redduntur
720 1847 772 1879 alii
798 1848 989 1879 deteriores.
1036 1848 1088 1880 Dc
1112 1849 1176 1880 hoc
1204 1859 1206 1869 ¹

199 1889 368 1927 scandalo,
392 1892 523 1931 proprie
544 1892 592 1923 sic
615 1891 714 1928 dicto,
733 1889 876 1933 loquitur
888 1891 1040 1922 Christus
1061 1891 1175 1923 Matth.

203 1934 251 1965 18.
277 1933 414 1973 Oportet
441 1935 547 1965 renire‘
565 1934 733 1965 scandalo.
756 1934 812 1964 sed
836 1945 895 1965 rae
917 1936 982 1971 ίΙΙί,
1004 1945 1064 1975 per
1087 1945 1176 1976 quem

200 1977 284 2007 venit
302 1977 501 2008 scandalum.
548 1977 644 2011 Quod
669 1978 695 2008 si
728 1977 768 2008 de
793 1979 853 2007 lior
876 1977 1036 2009 scandalo
1060 1976 1175 2009 intelli-

198 2029 259 2059 gas
283 2018 529 2051 conclusionem
553 2021 746 2061 argumenti,
770 2021 904 2051 cont-edi
931 2028 1058 2062 potest,
1082 2020 1175 2052 Clari-

199 2071 283 2092 sium
320 2073 383 2093 non
429 2072 505 2093 esse
539 2061 749 2100 scandalunt,

199 2105 330 2136 dictum.

284 2147 380 2182 Quod
410 2154 519 2178 autem
554 2158 618 2179 non
661 2147 767 2179 solum
804 2148 936 2187 Esaias,
977 2151 1035 2180 sed
1078 2151 1175 2181 etiam

198 2188 351 2221 Christus
387 2191 458 2231 ipse
489 2191 532 2221 ait
561 2201 598 2221 se
633 2201 710 2222 essa
743 2192 952 2224 scandalum.
995 2193 1023 2223 id
1058 2192 1093 2223 fit.
1115 2204 1175 2234 per

197 2233 364 2263 accidens.
412 2233 511 2264 Venit
540 2234 623 2264 euim
655 2234 743 2274 ipse.
773 2240 805 2265 ut
834 2235 945 2266 afferat
977 2246 1029 2267 res
1056 2237 1173 2273 bonas,

198 2276 255 2304 secl
280 2274 354 2306 mali
380 2276 599 2307 adversantur
618 2287 679 2307 suo
703 2275 814 2309 surore
838 2288 895 2309 seu
921 2277 1054 2310 scelere.
1097 2279 1173 2311 ideo

197 2319 224 2348 ui
248 2317 311 2348 hoc
334 2319 432 2349 modo
455 2320 710 2359 argumenteris:

286 2396 480 2425 ιἳιηιηιΙηΙηιη
501 2400 546 2425 rs!
571 2407 622 2426 res
647 2397 740 2427 nialu-

284 2438 432 2469 (ἸινιζκΙηε
455 2444 500 2469 rst
524 2441 722 2471 scandalum.

287 2480 371 2521 Eryo
404 2486 448 2511 rs!
480 2492 530 2512 rans
562 2483 664 2515 mala.
699 2493 753 2514 seu
781 2484 932 2524 quiddam
961 2487 1173 2524 floruit-insunt

327 2527 355 2553 1¹!
378 2525 520 2555 turcicum.

286 2583 345 2615 llic
375 2595 460 2624 nego
486 2584 663 2620 Minorem,
695 2586 770 2627 quia
793 2587 827 2617 fit
849 2596 961 2628 saepe.
986 2595 1018 2619 ut
1042 2586 1116 2619 mali
1140 2599 1176 2619 re

828 143 938 175 PHlL.
967 142 1072 174 MEL.
1099 139 1285 172 sCRwTA
1308 136 1571 169 EXEGETICA.

795 2062 917 2094 scilicet
961 2065 1092 2105 proprie
1126 2068 1203 2096 sic¹

2162 139 2204 171 36

1225 233 1313 263 bona
1346 229 1565 262 offendantur.
1619 229 1695 261 Non
1729 230 1828 271 igitur
1861 240 1993 272 semper
2026 232 2204 271 obiectum,

1224 283 1289 315 quo
1320 272 1495 304 offenditur
1523 272 1626 310 alius,
1656 278 1707 303 est
1730 271 1872 311 malum,
1893 273 1954 304 sed
1976 274 2088 315 potius
2111 272 2206 308 furor

1224 317 1256 347 in
1280 314 1362 354 illis,
1392 316 1447 357 qui
1477 316 1510 347 in
1539 325 1576 346 re
1605 316 1693 346 bona
1715 313 1945 354 offenduntur,
1975 322 2028 348 est
2051 315 2206 359 quiddam

1223 357 1354 390 malum.
1391 358 1440 390 lta
1457 356 1674 400 Evangelium
1696 363 1748 388 est
1765 367 1822 389 res
1841 358 1941 397 bona,
1965 359 2043 402 quia
2063 365 2117 392 est
2139 370 2206 393 vox

1223 401 1352 439 divina,
1391 401 1534 432 ostendit
1574 400 1673 431 vitam
1707 405 1892 439 aeternam,
1933 408 1986 433 est
2017 401 2206 436 vehiculum

1223 444 1363 485 Spiritus
1386 444 1513 481 sancti,
1544 448 1595 473 est
1624 443 1772 483 potentia
1794 441 1859 475 Dei
1887 443 1931 476 ad
1952 443 2094 477 salutem
2117 447 2206 483 omni

1223 487 1380 519 credenti.
1425 485 1494 516 Sed
1517 490 1570 516 est
1591 484 1752 517 scandalo
1775 484 1873 518 malis
1894 496 1954 528 per
1975 488 2151 527 accidens,
2174 488 2206 522 id

1223 536 1286 568 est,
1308 527 1384 560 mali
1401 538 1462 559 suo
1476 527 1601 567 surore,
1624 528 1802 570 impietate,
1833 529 2027 570 pertinacia,
2061 536 2207 564 contem·

1222 579 1292 614 ptu,
1315 572 1536 602 adversantur
1557 570 1754 614 EvangeliO.
1793 570 1920 614 Estque
1943 572 2030 606 mala
2053 573 2207 606 voluntas

1223 616 1255 646 in
1278 613 1343 646 illis
1367 623 1471 645 causa
1492 623 1553 655 per
1575 625 1613 645 se
1636 613 1799 646 scandali.

1309 657 1393 689 Sunt
1411 662 1522 692 autem
1545 657 1670 699 gradus
1694 658 1793 689 ctiam
1816 656 1968 690 scandali
1996 659 2125 700 accepti
2147 669 2209 691 seu

1224 698 1375 731 scandali
1408 699 1587 740 improprie
1620 701 1670 731 sic
1704 700 1793 731 dicti.
1838 699 1898 732 Est
1926 701 2011 732 enim
2041 701 2209 743 quoddam

1224 741 1419 775 scandalum
1448 748 1621 783 acceptum
1650 753 1690 774 ex
1721 743 1923 782 infirmitate,
1948 750 1984 775 ut
2006 743 2098 775 multi
2120 743 2208 776 infir-

1224 787 1266 818 mi
1296 785 1413 816 offensi
1441 783 1574 816 suerunt
1607 791 1687 816 tunc
1722 784 1835 817 humili
1860 787 1974 827 specie
2003 785 2146 825 Christi,
2176 793 2209 819 et

1223 839 1311 861 nunc
1342 828 1440 860 etiam
1468 827 1678 859 offenduntur
1705 827 1797 860 multi
1819 830 2002 870 paucitate,
2034 839 2154 870 cruce,
2177 836 2210 863 et

1224 871 1408 908 aerumnis,
1439 880 1501 902 seu
1520 869 1810 903 dilacerationibus
1832 870 2018 905 Ecclesiae.
2066 871 2208 908 Quando

1223 921 1333 946 autem
1363 913 1493 944 aceedit
1519 914 1720 954 pertinacia,
1759 913 1798 945 fit
1825 913 2020 947 scandalum
2047 914 2209 956 pharisai-

1224 967 1310 994 cum,
1331 962 1366 988 ut
1388 966 1463 988 cum
1486 955 1681 998 hypocritae
1703 966 1804 998 aegre
1833 955 1943 990 ferunt
1967 959 2072 989 taxari
2101 956 2208 991 falsas

1224 1000 1398 1041 opiniones
1419 1009 1512 1037 suas,
1526 1006 1582 1030 aut
1600 999 1749 1041 impediri
1763 1005 1937 1041 quaestum
1959 1010 2067 1040 suum,
2090 1007 2123 1032 et
2136 1011 2208 1043 per-

1223 1043 1375 1074 tinaciter
1403 1043 1624 1073 adversantur
1659 1052 1759 1073 verae
1793 1042 1975 1074 doctrinae.
2034 1043 2122 1075 ldem
2156 1051 2208 1076 est

1222 1091 1464 1128 augumentum,
1482 1085 1511 1118 si
1534 1084 1599 1117 hoc
1621 1085 1720 1117 modo
1748 1083 1924 1117 formetur:

1313 1170 1478 1202 staebens
1500 1181 1630 1202 causam
1652 1171 1811 1203 scandalo
1833 1171 1916 1202 male
1933 1169 2032 1211 facit.

1311 1214 1461 1246 Christus
1483 1214 1618 1254 praebet
1640 1224 1773 1246 causam
1794 1215 1962 1246 scandalo.

1316 1256 1401 1299 Eryo
1422 1258 1505 1288 male
1522 1255 1617 1296 lacit.

1313 1342 1525 1383 Respondeo.
1566 1342 1676 1374 Maior
1699 1348 1751 1373 est
1771 1351 1849 1374 vera
1871 1343 1912 1374 de
1936 1341 2097 1375 scandalo
2121 1343 2211 1381 dato,

1225 1385 1315 1428 quod
1339 1392 1388 1416 est
1408 1396 1463 1416 res
1482 1395 1542 1426 per
1564 1395 1602 1416 se
1626 1383 1724 1423 mala,
1747 1385 1779 1416 id
1795 1391 1847 1416 est
1870 1385 2003 1427 dogma,
2024 1392 2081 1417 aut
2104 1396 2211 1418 exem-

1198 1459 1202 1479 ι
1225 1430 1316 1470 plum
1335 1427 1473 1459 malum:
1492 1427 1564 1459 Etsi
1588 1438 1825 1469 nonnunquam
1840 1438 1895 1460 res
1921 1430 2019 1466 bona,
2043 1429 2071 1460 si
2097 1429 2212 1462 intem-

1198 1487 1200 1491 ·
1226 1471 1354 1513 pestive
1383 1470 1456 1509 fiat,
1490 1471 1587 1502 etiam
1615 1476 1725 1511 potest
1755 1481 1833 1503 esse
1863 1470 2059 1504 scandalum
2089 1472 2212 1510 datum,

1227 1520 1262 1546 ut
1287 1519 1365 1545 sunt
1391 1514 1554 1555 quaedam
1584 1514 1672 1546 dicta
1701 1519 1769 1549 aut·
1786 1515 1875 1545 iacta
1898 1512 2045 1553 liberius,
2066 1525 2133 1546 non
2155 1514 2212 1552 ad·

1226 1566 1346 1589 versus
1377 1557 1583 1597 pertinaces,
1617 1557 1678 1588 sed
1710 1557 1754 1588 ad
1783 1555 1979 1591 imbecilles.
2012 1562 2044 1588 et
2068 1556 2213 1589 nondum

1227 1606 1318 1632 recte
1336 1600 1504 1631 institutos
1527 1605 1698 1640 usurpata.
1742 1598 1795 1631 De
1818 1610 1884 1641 quo
1917 1600 2064 1640 disputat
2087 1598 2214 1632 Paulus

1200 1657 1204 1665 ’
1228 1643 1323 1675 Rom.
1350 1643 1399 1674 14.
1444 1641 1507 1673 Ubi
1532 1643 1615 1674 inter
1639 1649 1771 1674 caetera
1793 1642 1912 1684 inquit:
1944 1643 2061 1674 Omnia
2081 1642 2213 1684 quidem

1228 1696 1327 1728 pura:
1352 1686 1411 1717 sed
1431 1684 1551 1716 malum
1575 1690 1629 1716 est
1653 1685 1793 1724 homini,
1811 1686 1866 1727 qui
1890 1685 1956 1717 edit
1981 1695 2054 1717 cum
2079 1685 2214 1718 offendi-

1228 1728 1315 1761 culo.
1362 1729 1429 1760 Sed
1452 1727 1675 1770 relinquamus
1698 1728 1761 1759 iam
1785 1727 1873 1760 illam
1893 1729 2146 1770 disputationem
2171 1729 2213 1761 tle

1203 1772 1207 1796 i
1229 1783 1293 1804 usu
1322 1771 1376 1804 vel
1406 1772 1514 1803 abusu
1538 1770 1700 1804 libertatis
1724 1770 1946 1803 Christianae.
1992 1770 2131 1814 Proprie
2156 1781 2213 1804 au-

1203 1797 1206 1849 i
1229 1821 1292 1847 tem
1305 1813 1501 1848 scandalum
1520 1814 1631 1846 datum
1655 1822 1687 1845 et
1711 1824 1770 1855 per
1785 1825 1835 1853 se,
1858 1821 1907 1846 est
1933 1825 1987 1847 res
2011 1815 2043 1846 in
2067 1825 2106 1846 se
2129 1815 2213 1857 ipsa,

1203 1869 1288 1898 3seu
1322 1859 1353 1890 iu
1383 1868 1445 1889 sua
1478 1864 1596 1889 natura
1630 1859 1828 1899 perniciosa.
1881 1857 1943 1889 uic
1971 1857 2083 1890 locum
2112 1857 2213 1893 habet

1204 1900 1206 1925 V
1229 1902 1350 1934 dictum
1374 1899 1509 1939 Christi,
1530 1911 1591 1932 vae
1613 1901 1750 1939 homini,
1772 1911 1832 1941 per
1854 1911 1943 1941 quem
1965 1901 2051 1934 veuit
2072 1901 2212 1933 semida-

1227 1946 1301 1983 Inm,
1326 1943 1453 1975 scilicet
1477 1944 1596 1974 «latum.
1636 1943 1707 1975 Vae
1731 1943 1824 1982 Ario,
1847 1953 1903 1976 uut
1926 1943 2131 1982 Mahometo,
2148 1954 2213 1986 per

1202 2012 1203 2031 ¹
1227 1998 1325 2030 quem
1349 1987 1436 2019 veuit
1461 1985 1547 2018 mala
1570 1987 1730 2018 doctrina.
1778 1987 1849 2019 Vae
1874 1987 2010 2025 Davidi,
2036 1998 2097 2029 per
2115 1998 2212 2029 quem

1201 2034 1203 2065 j
1228 2032 1318 2062 venit
1340 2028 1523 2070 exemplum
1549 2028 1679 2068 malum,
1704 2029 1832 2061 scilicet
1857 2031 1888 2062 in
1912 2029 2084 2062 adulterio.

1313 2073 1348 2105 ln
1372 2079 1567 2114 argumento
1585 2079 1692 2104 autem
1708 2073 1816 2105 Minor
1838 2072 1984 2115 loquitur
2007 2074 2047 2105 de
2071 2073 2211 2105 scandu-

1200 2115 1260 2147 ⁴lo
1295 2123 1444 2157 accepto,
1478 2116 1567 2157 quod
1603 2116 1785 2157 concipitur
1818 2117 1892 2148 sine
1918 2127 1997 2148 vera
2027 2126 2142 2154 causa,
2176 2122 2211 2150 ut

1227 2158 1350 2192 multos
1373 2159 1542 2190 offendunt
1566 2160 1748 2191 conciones
1767 2159 1908 2197 Christi,
1940 2160 2017 2201 quia
2041 2170 2108 2191 non
2131 2169 2210 2191 con·

1200 2221 1201 2225 =
1228 2210 1348 2245 gruunt
1372 2203 1501 2239 rationi,
1526 2208 1558 2233 et
1581 2203 1622 2233 ad
1647 2203 1822 2242 opiniones
1845 2209 1922 2235 autc
1946 2213 2006 2234 coe
2032 2209 2102 2241 tas,
2125 2212 2209 2244 quas

1227 2244 1308 2287 pleri
1335 2255 1393 2281 ue;
1417 2251 1549 2277 tuentur
1573 2247 1789 2285 pertinaciter.
1828 2244 1954 2278 Multos
1977 2257 1997 2277 υ
2023 2245 2112 2278 endit
2134 2255 2210 2286 pas-

1226 2289 1276 2320 sio
1301 2288 1444 2326 Cia-isti,
1468 2289 1551 2319 sicut
1584 2299 1647 2319 nec
1672 2288 1790 2322 Petrus
1820 2299 1939 2330 cupere
1970 2294 2095 2330 potest.
2121 2288 2210 2330 quod

1226 2338 1377 2373 oporteat
1403 2331 1558 2362 Messinm
1583 2332 1676 2369 mori,
1699 2332 1774 2369 Ideo
1794 2343 1868 2364 cum
1892 2332 2017 2364 audiret
2043 2331 2209 2363 Christum

1225 2385 1400 2416 passurum
1430 2384 1523 2407 esso.
1553 2374 1669 2415 inquit:
1701 2375 1867 2417 Propitius
1897 2375 1945 2406 sis
1973 2375 2031 2405 tibi
2055 2373 2207 2407 Domine.

1224 2418 1291 2450 fied
1324 2418 1499 2450 durissime
1529 2419 1738 2459 obiurgatur:
1773 2418 1837 2449 Aba·
1863 2419 1978 2450 Natam.
2025 2416 2122 2450 Nulla
2157 2424 2206 2450 est

1225 2461 1339 2492 durior
1363 2471 1439 2498 vox,
1462 2467 1517 2492 aut
1541 2461 1755 2502 reprehensio
1778 2462 1810 2492 in
1835 2459 2018 2503 Evangelio
2041 2462 2082 2492 ad
2105 2458 2207 2494 ullum

1227 2505 1408 2536 membrum
1431 2503 1615 2542 Ecclesiae,
1641 2515 1739 2547 quam
1759 2504 1842 2535 haeo
1865 2511 1916 2536 est
1940 2505 1981 2535 ad
2008 2503 2151 2536 Petrum.

1314 2547 1406 2579 luitio
1437 2549 1682 2589 repurgationis
1712 2546 1885 2599 Evangelii
1920 2545 2040 2579 multos
2071 2545 2205 2581 offendit

1227 2590 1414 2631 coniugium
1454 2591 1676 2624 sacerdotum.
1722 2590 1903 2628 Henncus,
1946 2589 2088 2632 Anguae
2122 2587 2205 2627 Rex.
