2324 2958
96 163 162 197 245

98 267 175 291 esse
185 254 387 297 metaphora,
409 264 474 296 qua
492 255 525 285 in
544 263 666 296 genere
685 253 902 295 significatur,
914 253 1070 285 Messiam

98 299 290 333 aboliturum
314 307 391 329 esse
413 303 597 339 peccatum,
618 306 661 327 ne
685 297 726 327 sit
747 295 905 337 amplius:
929 297 1015 329 sicut
1036 297 1069 327 in

99 343 184 376 omni
215 341 408 373 aeternitate
430 351 495 371 non
520 341 579 371 erit
602 345 776 380 peccatum
799 341 831 370 in
854 337 986 370 electis:
1021 345 1069 370 ta-

99 396 171 419 men
191 382 297 426 placet
320 383 397 414 mihi
420 383 682 414 accommodatio
705 387 854 413 veterum
882 382 924 413 ad
959 382 1068 422 Bapti-

98 438 210 464 smum,
235 426 329 457 Sicut
351 426 434 457 etin
457 424 636 457 Ezechiele
658 425 802 466 pingitur
815 423 939 456 ablutio
952 435 1068 465 pecca-

97 477 200 504 torum
218 469 251 500 in
273 469 458 509 Baptismo,
481 468 622 510 imagine
640 467 811 499 effusionis
833 477 1004 509 aquarum.

178 511 269 543 llaec
281 512 478 553 cogitantes,
499 511 617 542 discite
640 516 731 542 recte
753 508 936 551 intelligere
959 516 991 541 et
1014 520 1069 541 ex-

94 555 237 598 pendere
264 554 488 596 Baptisnmm,
519 560 551 585 et
574 553 738 585 laetamini
761 562 823 583 vos
847 563 924 584 esse
947 554 979 584 in
1002 551 1070 584 soe-

94 599 171 630 dere
203 597 279 635 Dei,
311 595 593 638 propter‘filium,
628 597 827 637 baptizatum
860 596 892 627 in
921 595 1072 633 Iordane,

92 646 293 676 mergentem
311 650 349 671 se
361 641 393 670 in
405 645 554 678 mortem,
577 645 610 671 et
620 644 861 680 resurgentem,
883 639 937 680 qui
955 648 1072 670 ascen—

93 673 190 715 suru‘s
213 683 256 714 ad
280 681 411 714 coelum
434 683 531 714 iussit
554 682 713 723 baptizari
737 691 853 712 omnes
876 688 1005 724 gentes.
1028 680 1071 712 Et

91 727 213 758 nitatur
246 725 329 756 fides
362 735 428 756 non
463 730 598 756 externo
632 734 733 766 opere
766 725 873 755 nostri
896 724 1070 765 Baptismi,

91 770 153 800 sed
174 769 247 810 ipso
271 767 339 799 filio
363 767 436 807 Dei,
459 768 515 810 qui
539 774 571 799 et
593 768 711 799 meruit
734 767 830 798 nobis
843 768 1071 799 remissionem

91 817 317 853 peccatorum,
342 816 373 842 et
397 811 506 842 adhuc
527 811 561 841 in
583 812 680 842 nobis
705 816 755 841 est
774 808 905 842 efficax.

176 854 212 885 ln
236 854 302 885 hoc
330 852 407 885 loco
437 852 533 885 simul
557 852 817 895 complectamur
845 853 943 884 etiam
971 852 1070 894 parti-

91 895 198 929 culam
231 895 320 927 illam
342 896 520 934 historiae,
554 897 586 927 in
606 907 671 938 qua
694 896 836 933 Ioannes
859 901 991 927 recusat
1014 896 1072 926 ba-

93 940 221 982 ptizare
243 933 429 971 Christum:
465 938 794 981 Quia‘intelligebat,
816 948 879 970 nec
902 939 1071 980 poeniten-

88 983 145 1021 tia,
168 992 231 1014 nec
253 982 450 1014 remissione
468 988 681 1024 peccatorum
704 982 734 1012 ei
749 991 832 1023 opus
846 991 940 1013 esse:
957 980 1071 1023 Agno-

89 1026 206 1058 scebat
239 1035 280 1057 ac
302 1025 521 1066 profitebatur
543 1035 617 1056 eum
652 1034 728 1056 esse
761 1030 860 1066 caput
882 1022 1069 1062 Ecclesiae,

88 1069 178 1110 quod
201 1069 309 1100 onmia
331 1069 365 1099 in
388 1068 542 1099 omnibus
564 1067 751 1109 perficeret,
775 1073 808 1098 et
830 1078 851 1098 a
873 1077 938 1109 quo
962 1067 1069 1099 omnis

88 1109 240 1144 efficacia
273 1111 433 1153 penderet
467 1111 593 1142 externi
622 1111 674 1142 sui
696 1110 866 1141 ministerii
890 1115 923 1141 et
946 1110 1069 1151 operis.

88 1153 147 1186 Sic
180 1155 279 1197 igitur
311 1154 432 1195 inquit:
466 1155 533 1193 qu
555 1164 576 1184 α
597 1158 628 1185 te
652 1154 750 1185 debeo
777 1154 949 1193 baptizari,
983 1153 1070 1184 sicut

86 1196 166 1230 alibi
196 1198 289 1228 dicit:
319 1198 369 1229 Ez—
396 1196 601 1237 plenitudine
622 1199 692 1228 elus
725 1206 836 1227 omnes
880 1199 1068 1236 accepimus.

86 1240 155 1273 Sed
189 1239 344 1271 Christus
379 1239 525 1281 graviter
557 1239 753 1280 respondet:
789 1240 866 1271 Sine
888 1240 989 1278 modo,
1022 1240 1071 1271 sic

85 1293 146 1316 nos
167 1284 261 1315 decet
280 1285 414 1323 implere
436 1292 560 1314 omnem
579 1285 741 1314 iustitiam.

173 1325 267 1357 lubet
288 1335 364 1357 eum
386 1326 538 1357 omittere
561 1325 829 1366 disputationem,
864 1323 949 1359 Quia
980 1333 1070 1356 nunc

87 1369 131 1401 sit
162 1374 292 1408 tempus
315 1367 549 1400 humiliationis
573 1377 664 1405 suae,
698 1376 763 1408 qua
791 1365 908 1398 volens
931 1376 969 1398 se
992 1367 1070 1398 sub-

86 1411 192 1443 mittat
213 1410 290 1441 huic
312 1410 494 1441 ministerio
517 1410 632 1450 ipsius,
667 1410 719 1440 cui
752 1409 901 1441 vicissim
923 1411 1070 1441 testimo-

87 1454 177 1485 nium
196 1454 340 1484 tribuere
358 1451 450 1490 velit,
470 1453 559 1494 quod
575 1462 656 1483 vera
674 1452 806 1490 doceat,
830 1458 863 1483 et
882 1453 1071 1490 ostendere,

87 1496 178 1538 quod
211 1495 401 1536 Baptismus
436 1495 478 1525 sit
512 1493 652 1526 consilio
674 1494 738 1525 Dei
761 1495 947 1533 institutus,
982 1497 1020 1526 et'
1032 1504 1070 1525 se

87 1539 292 1581 coniungere
315 1548 389 1569 culn
411 1537 565 1569 Ecclesia
587 1539 665 1569 novi
687 1537 901 1576 Testamenti,
925 1543 956 1569 et
968 1538 1070 1579 signi-

86 1580 200 1618 ficare,
223 1569 312 1621 quod
332 1586 510 1620 propterea
532 1581 565 1611 in
588 1580 743 1612 mundum
767 1581 905 1618 venerit,
928 1586 963 1611 ut
985 1590 1070 1612 mer-

88 1628 185 1666 gatur
202 1623 236 1653 in
258 1628 408 1660 mortem,
431 1633 472 1654 ac
496 1628 661 1664 resurgat,
682 1623 724 1653 ad
748 1623 888 1653 dandam
901 1624 1068 1655 remissio-

86 1675 162 1698 nem
194 1671 419 1706 peccatorum,
455 1671 487 1696 et
521 1665 622 1696 vitam
650 1671 819 1696 aeternam
843 1665 1067 1697 credentibus.

86 1707 179 1740 Haec
212 1709 321 1739 onmia
355 1707 604 1749 comprehendit
637 1707 702 1739 hac
735 1717 834 1739 voce:
868 1709 944 1739 Sine
966 1711 1070 1748 modo,

88 1751 174 1784 sicut
195 1757 293 1783 antea
317 1751 358 1782 de
381 1751 492 1782 causis
515 1750 669 1792 baptismi
693 1749 818 1782 Christi
841 1751 963 1782 dictum
986 1757 1047 1783 est.

173 1794 258 1830 Quid
293 1803 373 1825 vero
409 1800 472 1832 est,
507 1794 596 1835 quod
620 1794 716 1825 dicit:
740 1795 794 1825 Sic
816 1795 908 1825 (lecet
931 1805 990 1826 nos
1013 1798 1070 1826 im-

82 1839 176 1879 plere
198 1847 323 1869 omnem
346 1840 525 1869 iusml'am?
589 1837 643 1867 An
673 1838 814 1868 Ioannes
837 1837 932 1868 etiam
957 1836 1071 1879 implet

87 1890 217 1912 omnem
241 1880 398 1911 iustitiam
424 1880 618 1921 baptizans?
663 1879 717 1911 An
740 1879 933 1920 Baptismus
946 1879 1070 1911 Christi

86 1930 139 1955 est
160 1930 276 1954 nostra
299 1922 442 1954 iustitia?
465 1922 562 1958 Quod
585 1923 646 1954 etsi
669 1929 837 1964 utcunque
847 1929 959 1963 potest
982 1933 1070 1954 com-

86 1967 186 1998 mode
209 1964 385 2007 explicari,
409 1965 437 1996 si
462 1963 643 2007 intelligas,
678 1966 766 2007 quod
789 1971 859 1996 tota
882 1966 1071 1998 obedientia

87 2008 209 2041 Christi
232 2009 329 2040 nobis
351 2009 542 2049 imputetur:
560 2014 668 2040 tamen
692 2019 752 2040 cur
774 2008 807 2039 in
830 2007 949 2049 plurali
973 2010 1071 2040 dicit:

87 2054 307 2093 Impleamus?
351 2049 505 2083 videlicet
538 2061 605 2082 non
638 2052 680 2083 de
707 2061 746 2082 se
769 2057 895 2083 tantum
917 2050 1071 2093 loquens,

87 2095 148 2126 sed
171 2095 269 2126 etiam
288 2095 329 2125 de
348 2093 480 2125 Ioanne.
547 2092 621 2136 Ego
643 2100 718 2126 utor
740 2093 804 2126 hac
827 2093 1072 2136 simplicissima

88 2138 320 2179 responsione,
344 2146 534 2178 quanquam
556 2147 623 2168 non
646 2137 775 2178 ignoro,
809 2138 888 2178 quid
911 2136 965 2168 alii
989 2138 1071 2169 scri-

86 2181 223 2222 pserint.
248 2178 447 2211 Particulam
477 2178 710 2218 universalem,
749 2181 888 2220 Omnem,
921 2179 1070 2223 intelligo

89 2223 310 2255 distributive.
378 2225 478 2254 Decet
513 2232 572 2254 7²08
605 2225 737 2263 implere
759 2232 883 2255 omnem
906 2227 1070 2264 iusticiam,

88 2266 121 2297 id
143 2272 206 2304 est,
228 2265 336 2298 Decet
358 2276 409 2297 me
432 2264 571 2306 implere
593 2275 698 2297 meam
715 2266 881 2305 iustitiam,
904 2272 937 2297 et
959 2272 991 2298 te
1013 2267 1070 2298 im-

89 2307 182 2350 plere
205 2315 292 2341 tuam
312 2309 479 2340 iustitiam.
500 2307 553 2339 De
576 2318 640 2349 qua
651 2319 733 2340 vero
755 2309 879 2340 iustitia
902 2308 1070 2351 loquitur?

174 2350 384 2384 Vocabulum
407 2351 553 2383 iustitiae
575 2351 629 2382 hic
651 2351 819 2394 significat
837 2352 1070 2393 particularem

89 2395 256 2433 iustitiam,
291 2395 324 2426 id
358 2400 419 2432 est,
454 2404 574 2435 operas
608 2394 777 2426 ministerii
799 2396 1069 2437 uniuscuiusque,

90 2442 125 2468 ut
146 2437 175 2468 si
199 2438 305 2469 dicam
327 2447 443 2469 servo:
478 2436 545 2468 Fac
567 2443 613 2475 tu,
647 2437 736 2478 quod
759 2438 803 2469 tui
825 2443 877 2469 est
900 2436 1012 2476 officii,
1037 2445 1070 2470 et

89 2480 181 2511 sinas
204 2490 256 2512 me
278 2479 403 2518 facere,
427 2480 517 2522 quod
539 2489 647 2511 meum
671 2485 731 2511 est.
775 2480 875 2513 Aliud
904 2488 956 2512 est
978 2480 1070 2523 loqui

92 2523 134 2554 de
166 2522 346 2554 universali
379 2523 502 2555 iustitia
534 2522 717 2554 secundum
746 2529 849 2555 totam
877 2523 1004 2566 legem:
1028 2524 1070 2556 Et

90 2575 208 2597 rursus
227 2565 315 2598 aliud
339 2572 391 2597 est
414 2566 526 2597 cidere
550 2566 590 2596 de
613 2567 771 2606 imputata
789 2567 923 2605 iustitia,
951 2576 1069 2599 secun-

91 2608 167 2641 dum
189 2607 417 2652 Evangelium.
478 2607 563 2640 Tota
590 2609 776 2641 obedientia
804 2608 861 2641 filii
889 2615 942 2641 est
963 2608 1069 2651 perfe-

775 159 993 193 POSTILLA
1020 158 1418 193 MELANTHONIANA.

2035 165 2101 197 246

1122 255 1271 287 ctissima
1303 255 1439 293 iustitia,
1473 262 1506 288 et
1539 257 1681 288 donatur
1714 267 1775 290 seu
1804 257 1981 299 imputatur
2003 259 2100 291 nobis

1123 298 1344 329 credentibus,
1374 297 1427 329 De
1449 297 1512 330 hac
1530 309 1597 330 non
1620 299 1770 342 intelligo
1793 299 1858 332 hoc
1881 301 2015 338 dictum,
2039 303 2101 333 sed

1122 341 1163 371 de
1185 341 1319 381 proprio
1343 350 1444 381 opere
1474 343 1658 373 vocationis
1693 345 1864 384 cuiusque,
1897 344 1929 374 id
1964 350 2026 382 est,
2060 345 2100 376 de

1120 383 1311 423 particulari
1333 383 1467 421 iustitia,
1491 394 1576 425 quae
1599 391 1662 422 est,
1695 383 1808 417 facere
1836 396 2101 429 unumquemque

1120 426 1165 464 id,
1187 427 1277 467 quod
1300 431 1352 457 est
1374 426 1425 458 sui
1448 425 1559 458 officii.
1582 427 1631 458 lta
1644 427 1738 460 Plato
1750 427 1836 460 hanc
1857 429 2011 461 iustitiam
2023 429 2101 461 defi-

1093 489 1097 499 .
1121 469 1218 499 nivit:
1235 468 1436 508 ἦδικαιοσύιή
1448 472 1511 500 ἐστὶ
1528 469 1563 500 τὰ
1585 471 1689 501 ἑαυτοῦ
1706 471 1855 513 πράττειν,
1874 475 1925 502 καὶ
1947 472 1986 511 μὴ
2009 475 2100 502 πολυ-

1122 515 1313 552 πραγμονεῖν.
1359 514 1486 543 Iustitia
1507 517 1567 551 est,
1587 516 1702 553 facere
1724 524 1805 554 quae
1826 518 1879 546 sm·
1899 520 1976 546 sunt
1994 524 2101 547 mnne-

1123 558 1180 594 ris‚
1204 559 1236 586 et
1252 565 1316 586 non
1338 558 1499 586 curiosum
1521 565 1594 587 esse
1616 559 1649 587 in
1672 558 1787 588 alienis
1810 559 1955 595 ueuotz'z's.

1211 597 1269 629 Sic
1291 597 1391 640 igitur
1413 597 1491 629 dicit
1512 597 1692 630 Dominus:
1712 599 1806 631 Deus
1830 601 1962 631 vocavit
1983 606 2033 638 te,
2067 606 2103 631 ut

1124 639 1171 670 sis
1193 640 1341 672 minister
1364 640 1459 672 huius
1483 641 1649 682 baptismi,
1674 642 1843 674 constituit
1868 648 1917 681 te,
1940 648 1976 674 ut
2000 644 2103 684 bapti-

1124 691 1194 720 zeS,
1217 687 1250 713 et
1271 683 1337 714 hoc
1359 688 1416 714 tuo
1438 683 1600 724 baptismo
1625 685 1666 716 de
1688 695 1740 715 me
1767 684 1966 716 testificeris.
2011 685 2104 717 Haec

1122 730 1176 756 est
1198 731 1254 757 tua
1275 726 1408 757 iustitia.
1474 725 1548 768 Ego
1571 737 1652 758 vero
1674 728 1784 766 venio,
1812 733 1849 760 ut
1872 728 2021 769 baptizer
2042 729 2103 760 abs

1122 773 1167 806 te,
1201 768 1233 798 in
1256 768 1319 799 hac
1341 770 1510 810 praesenti
1529 770 1705 801 vocatione
1728 780 1814 807 mea,
1848 776 1884 802 ut
1914 770 2104 802 confirmem

1120 815 1155 841 et
1177 811 1359 852 approbem
1382 816 1472 843 tuum
1494 812 1722 851 ministerium,
1756 814 1932 855 adiungam
1965 824 2019 845 me
2040 814 2103 845 Ec-

1124 852 1249 885 clesiae
1282 854 1361 885 novi
1383 853 1597 893 Testamenti,
1630 857 1805 888 ostendam
1828 857 1991 896 baptismo
2018 867 2103 895 me0,

1124 897 1212 937 quod
1246 896 1309 928 sim
1341 895 1472 928 futurus
1506 898 1641 929 victima
1672 909 1734 940 pro
1757 900 1903 940 peccatis
1925 898 2105 938 hominum,

1122 939 1156 969 id
1179 944 1243 977 est,
1266 939 1356 981 quod
1378 940 1442 971 sim
1463 950 1570 982 agnus
1582 941 1658 978 Dei,
1681 942 1724 973 de
1741 952 1806 983 quo
1828 948 1863 973 tu
1887 943 2104 974 concionatus

1123 990 1170 1016 es,
1194 982 1249 1023 qui
1272 981 1358 1014 tollit
1379 989 1518 1024 peccata
1541 984 1660 1015 mundi.
1729 983 1822 1016 Haec
1844 991 1897 1016 est
1919 995 1992 1016 mea
2013 985 2104 1016 iusti-

1122 1024 1176 1056 tia.
1200 1024 1348 1066 Uterque
1371 1035 1455 1068 ergo
1477 1024 1651 1065 faciamus,
1675 1027 1764 1068 quod
1787 1033 1840 1059 est
1862 1029 1968 1059 nostri
1992 1026 2103 1059 officii.

1122 1066 1173 1099 Tu
1193 1066 1300 1099 facias
1323 1069 1413 1109 quod
1435 1074 1526 1100 tuum
1548 1076 1609 1108 est,
1632 1079 1696 1111 ego
1709 1080 1816 1102 meum
1829 1080 1913 1112 opus
1927 1069 2103 1111 perficiam.

1208 1109 1269 1141 Est
1297 1111 1397 1153 igitur
1426 1111 1548 1143 dictum
1582 1112 1717 1151 Christi,
1751 1113 2036 1152 commonefactio,
2071 1119 2105 1145 ut

1122 1152 1246 1184 sinwuli
1279 1153 1430 1185 homines
1465 1155 1678 1187 considerent
1711 1166 1804 1187 suam
1828 1157 2049 1194 vocationem,
2074 1163 2106 1188 et

1122 1178 1265 1228 fidgliter
1286 1195 1423 1235 faciant,
1446 1207 1532 1238 quae
1555 1208 1636 1230 suae
1658 1199 1844 1230 vocationis
1869 1205 1956 1231 sunt.
2018 1199 2101 1235 Nos,

1123 1239 1178 1280 qui
1201 1249 1374 1271 versamur
1403 1240 1437 1270 in
1470 1250 1605 1272 munere
1628 1242 1780 1281 docendi,
1813 1241 1955 1273 fideliter
1985 1243 2106 1274 docea-

1121 1290 1196 1313 mus
1219 1283 1252 1313 in
1275 1281 1402 1314 scholis
1426 1288 1460 1314 et
1477 1282 1648 1315 Ecclesia:
1681 1284 1766 1323 Vos,
1796 1286 1851 1326 qui
1875 1287 1956 1316 estis
1980 1286 2106 1317 audito-

1122 1334 1190 1363 res,
1223 1324 1368 1357 fideliter
1391 1326 1522 1365 discite,
1555 1332 1588 1358 et
1610 1327 1731 1365 audite,
1755 1338 1840 1369 quae
1862 1334 2105 1370 proponuntur,

1123 1377 1191 1399 non
1225 1368 1267 1399 ad
1296 1367 1575 1408 calumniandum,
1609 1380 1677 1402 non
1700 1371 1743 1402 ad
1773 1371 1972 1403 turbandam
1990 1369 2107 1403 Eccle-

1123 1420 1218 1441 Slam·

1209 1452 1246 1484 Si
1281 1454 1334 1485 cui
1367 1453 1490 1495 placet,
1524 1456 1553 1486 is
1586 1454 1770 1497 exemplum
1793 1456 1967 1496 Baptistae
1996 1462 2105 1497 potest

1122 1493 1307 1526 transferre
1329 1497 1428 1528 etiam
1450 1498 1493 1528 ad
1516 1496 1626 1529 locum
1650 1499 1692 1530 de
1709 1499 1887 1537 Modestia,
1911 1500 1971 1530 sed
1995 1500 2051 1537 ita,
2071 1506 2107 1530 ut

1123 1539 1208 1570 sciat
1229 1549 1296 1569 non
1319 1548 1398 1570 esse
1419 1539 1509 1571 hunc
1531 1539 1641 1572 locum
1664 1541 1879 1582 principalem
1901 1543 1933 1573 in
1953 1542 2016 1574 hac
2040 1553 2105 1573 ma—

1122 1581 1216 1618 teria,
1239 1581 1293 1612 ubi
1317 1591 1371 1612 res
1394 1581 1497 1614 multo
1521 1585 1694 1625 graviores
1716 1590 1909 1617 tractantur.
1954 1585 1996 1616 Et
2014 1585 2106 1616 loan-

1121 1633 1182 1655 nes
1202 1622 1305 1655 multo
1325 1625 1468 1656 maiores
1492 1636 1613 1657 causas
1637 1626 1751 1658 habuit
1769 1637 1852 1659 suae
1875 1629 2106 1666 recusationis,

1123 1676 1224 1707 quam
1258 1666 1418 1707 puerilem
1452 1669 1616 1709 quandam
1645 1670 1850 1700 modestiam.
1918 1670 1977 1701 Est
1997 1677 2104 1702 tamen

1121 1709 1196 1750 ipsa
1218 1719 1351 1751 quoque
1374 1711 1551 1749 modestia,
1574 1711 1713 1753 pulchra
1736 1713 1851 1751 virtus,
1876 1714 1917 1744 de
1940 1724 2006 1755 qua
2017 1721 2107 1745 recte

1122 1758 1297 1783 monentur
1320 1752 1563 1792 adolescentes,
1589 1755 1809 1787 consideratis
1822 1756 1913 1797 prius
1923 1755 2008 1789 locis
2020 1757 2106 1798 prin-

1124 1793 1350 1835 cipalioribuS.

1209 1837 1398 1879 Xenophon
1421 1838 1593 1881 eleganter
1614 1840 1731 1882 inquit:
1762 1841 1860 1872 Κακόν
1884 1841 1968 1873 οὐδὲν
2002 1842 2107 1883 φύεται

1122 1884 1152 1910 ἐν
1175 1879 1274 1921 ἀνδρὶ,
1288 1884 1414 1920 θεμέλια
1426 1886 1544 1926 θεμένῳ
1558 1884 1617 1914 τῶν
1630 1883 1754 1925 ἀρετῶν,
1774 1884 1821 1922 τήν
1840 1885 2034 1926 σωφροσύνην
2057 1888 2107 1916 καὶ

1124 1922 1175 1961 τήν
1197 1923 1374 1965 ἐγκράτειαν.
1441 1929 1560 1958 Malum
1583 1929 1702 1959 nullum
1721 1931 1866 1959 nascitur
1888 1929 1923 1959 in
1946 1930 2029 1967 viro,
2055 1932 2109 1968 que·

1119 1970 1230 2007 posuit
1242 1969 1462 2007 fundamenta
1484 1973 1642 2010 riretttnm,
1665 1972 1853 2002 modestiam
1875 1976 1908 2003 et
1927 1976 2106 2011 temperan-

1123 2013 1212 2041 te'am.
1280 2009 1345 2042 Ubi
1379 2008 1590 2043 fundamenta
1626 2011 1797 2054 praeclare
1831 2014 1917 2045 iacta
1940 2020 2027 2052 sunt,
2062 2015 2104 2045 ibi

1124 2052 1309 2084 aedilicium
1344 2053 1481 2086 firmiter
1508 2055 1630 2096 imponi
1658 2062 1779 2097 potest.
1847 2056 1905 2087 Sic
1932 2057 2106 2089 virtutibus

1125 2096 1278 2128 omnibus
1311 2095 1408 2129 locus
1443 2103 1504 2137 est,
1538 2099 1594 2130 ubi
1628 2104 1706 2130 sunt
1739 2099 1901 2131 modestia
1930 2106 1962 2131 et
1985 2106 2105 2141 tempe-

1123 2139 1239 2170 rantia.

1210 2180 1246 2213 ln
1273 2181 1491 2215 adolescente
1509 2182 1635 2216 nullum
1659 2190 1710 2216 est
1740 2185 1844 2216 maius
1868 2191 2106 2224 ornamentum,

1123 2234 1222 2266 quam
1245 2226 1421 2264 modestia,
1444 2236 1529 2268 quac
1551 2234 1603 2258 est
1625 2228 1750 2259 initium
1773 2226 1911 2259 aliarum
1940 2229 2104 2260 virtutum.

1122 2267 1222 2299 lulius
1245 2268 1342 2299 dixit:
1366 2271 1405 2300 In
1427 2272 1527 2301 milite
1549 2280 1612 2301 non
1634 2273 1735 2302 solum
1758 2272 2009 2308 maonitmlinem
2033 2275 2101 2303 cmi—

1121 2311 1174 2351 mi,
1197 2311 1258 2342 sed
1277 2315 1374 2343 eliam
1397 2314 1585 2344 modestiam
1606 2317 1742 2353 rvqaire.
1787 2312 1863 2344 Non
1886 2320 1999 2354 potest
2023 2324 2102 2346 esse

1122 2354 1210 2385 bona
1232 2363 1311 2395 spes
1334 2355 1375 2386 de
1397 2366 1500 2397 puero
1524 2356 1736 2387 immodesto:
1760 2362 1795 2387 ut
1819 2354 2010 2389 Alcibiades
2036 2368 2104 2389 non

1122 2397 1233 2428 evadit
1255 2398 1286 2428 in
1311 2398 1416 2429 virum
1440 2399 1574 2437 bonum,
1598 2400 1674 2440 quia
1697 2399 1794 2430 etiam
1816 2398 2015 2431 adolescens
2038 2411 2104 2432 non

1122 2444 1174 2470 est
1197 2440 1379 2472 modestus.
1425 2440 1538 2473 Facile
1560 2448 1701 2482 possunt
1724 2442 1802 2473 vitia
1825 2443 1927 2480 cerni,
1947 2453 2033 2485 quae
2046 2455 2104 2485 pu·

1122 2489 1223 2525 gnant
1250 2493 1323 2515 cum
1340 2484 1513 2522 modestia,
1537 2491 1582 2522 ut,
1617 2485 1862 2524 inverecundia,
1891 2486 2103 2528 impudentia,

1121 2526 1263 2564 vanitas,
1288 2527 1482 2558 iactationes
1505 2526 1741 2559 Thrasonicae.

1209 2568 1294 2603 Quid
1317 2575 1369 2600 est
1392 2568 1584 2601 Modestia?
1607 2569 1667 2601 Est
1689 2571 1806 2610 virtus,
1831 2581 1916 2614 quae
1937 2573 1970 2603 in
1994 2578 2102 2614 gestu,

1095 2632 1097 2649 2
1121 2620 1289 2650 sermone,
1311 2618 1344 2643 et
1366 2612 1542 2654 opionibus
1565 2612 1607 2644 de
1629 2614 1738 2653 nobis,
1771 2621 1884 2647 servat
1918 2625 2102 2658 congruen-

1845 2674 1896 2699 16·
