2324 2958
231 150 273 183 83

318 243 441 275 Postea
463 242 567 274 addit:
603 241 669 280 Qui
699 251 762 273 non
784 251 823 273 ea·
852 241 1078 282 sanquinibas,
1108 249 1206 281 neque

231 297 270 317 ca·
295 288 457 317 voluntate
479 285 589 316 carnis
613 288 669 316 aut
698 285 862 316 voluntale
882 286 960 322 viri,
991 285 1049 315 sed
1071 293 1111 315 ea·
1137 283 1205 313 Deo

230 331 303 361 nati
322 333 405 360 sunt.

317 371 412 407 Quod
435 371 496 401 ait:
516 379 577 400 non
601 380 639 401 επι-
660 371 885 411 sanguinibus:
915 369 1092 411 significat,
1116 367 1204 411 quod

230 424 335 458 genus
360 424 420 444 seu
443 411 588 444 carnalis
612 415 782 455 generatio
806 423 871 444 non
885 411 1005 443 efficiat
1029 409 1114 442 {ilios
1126 409 1201 447 Dei,

230 458 316 489 sicut
339 456 445 488 Iudaei
465 455 673 497 cogitabant:
699 456 769 487 Nos
782 464 895 487 snmus
907 464 1021 486 semen
1033 451 1201 484 Abrahae.

228 500 318 542 Ergo
337 508 451 530 sumus
473 498 561 537 iusti,
585 505 615 529 et
629 498 791 530 haeredes
804 499 890 529 vitae
903 503 1055 528 aeternae
1067 499 1203 536 propter

228 542 473 585 generationem
504 551 544 572 ex
567 541 747 572 Abrabam.
798 540 839 571 Et
862 539 1101 580 Anabaptistae
1124 537 1202 569 ima-

227 586 391 627 ginantur,
414 594 454 615 ex
473 585 596 615 sanctis
619 585 711 616 nasci
730 583 852 615 liberos
876 583 946 613 sine
967 586 1118 623 peccato.

319 626 517 658 ls'olmztatmn
540 628 651 658 carnis
683 627 829 657 nominat
857 625 946 656 vires
975 622 1146 655 naturales
1170 629 1202 655 et

227 680 340 711 opera,
363 679 580 712 quaecunque
603 671 643 701 ab
668 669 853 700 hominibus
875 667 1036 708 praestari
1059 673 1202 708 possunt

226 714 297 744 sine
340 713 588 755 regeneratione
604 735 614 750 ,
655 719 689 744 ut
724 711 875 752 Papistae
914 710 1136 751 imaginantur
1169 715 1203 741 et

225 755 373 793 Etlmici,
407 765 469 787 nos
508 760 642 796 propter
681 753 888 794 disciplinam
928 752 999 785 fieri
1038 752 1201 784 haeredes

225 798 312 830 vitae
333 804 492 829 aeternae.

317 840 470 872 Voluntas
495 841 559 871 riri
579 839 740 882 significat
754 845 863 870 motus
877 838 1029 869 heroicos
1043 843 1075 869 et
1098 847 1202 879 opera

224 882 357 916 heroica
381 885 451 915 sine
475 883 550 921 fide,
586 883 674 920 Item,
698 882 910 913 Imitationem
934 890 1070 923 operum
1093 879 1200 912 heroi-

225 937 350 965 corum,
375 932 405 958 et
429 925 621 957 electionem
641 923 750 956 cultus
773 923 912 956 alicuius
935 922 1123 965 peculiaris.

309 969 357 1000 lta
377 969 485 1000 statim
518 969 549 1000 in
580 966 785 1008 praefatione
812 966 987 1009 Evangelii
1016 967 1066 999 sui
1105 967 1200 999 loan-

223 1021 283 1044 nes
317 1017 418 1043 totam
457 1011 639 1042 doctrinam
681 1010 889 1053 cogitandam
934 1010 965 1041 in
1006 1009 1072 1042 hoc
1113 1008 1198 1056 festo

223 1053 414 1096 complexus
437 1060 498 1093 cst,
522 1053 663 1085 Primum
686 1063 771 1095 quae
793 1063 939 1094 persona
966 1053 1009 1084 sit
1032 1052 1197 1086 Christus.

224 1097 308 1133 Quia
331 1098 415 1137 λόγον
448 1097 594 1128 nominat
628 1097 723 1128 etiam
757 1095 858 1127 filium
891 1097 1111 1138 unigenitum,
1142 1097 1198 1139 qui

223 1147 272 1172 est
297 1147 413 1171 natura
439 1139 536 1177 filius,
565 1146 597 1170 et
620 1146 728 1170 tamen
752 1140 848 1170 docet
872 1149 946 1170 eum
971 1140 1198 1182 assumpsisse

222 1193 366 1221 carnem,
388 1183 471 1213 sicut
497 1183 612 1224 inquit:
660 1181 744 1213 'erbo
764 1192 844 1213 caro
862 1180 989 1221 sactum
1012 1186 1068 1214 est.
1111 1183 1197 1215 Sunt

220 1226 318 1267 igitur
340 1226 371 1256 in
395 1225 459 1256 hoc
471 1224 604 1257 Christo
624 1231 700 1256 nato
724 1235 765 1257 ex
788 1226 917 1267 virgine
938 1232 1077 1257 naturae
1100 1226 1196 1266 duae,

221 1269 331 1300 dixina
355 1274 387 1299 et
410 1270 561 1300 humana.
607 1268 736 1299 Deinde
760 1268 801 1299 dc
824 1267 1004 1307 beneficiis,
1035 1279 1109 1300 cum
1130 1268 1196 1301 alia

220 1310 322 1343 multa
347 1311 436 1349 dicit,
467 1318 531 1343 tum
552 1312 697 1353 inprimis
721 1312 809 1353 quod
839 1321 901 1352 per
934 1322 1002 1342 eum
1027 1313 1143 1353 qratia
1166 1317 1196 1344 et

219 1355 343 1386 veritas
361 1352 457 1394 fucta
483 1355 535 1385 sit.
592 1354 767 1386 Postremo
797 1355 838 1385 de
871 1354 1108 1397 applicatione,
1143 1357 1199 1395 qm·

220 1398 354 1428 credunt
386 1398 419 1427 in
449 1407 533 1435 mnu,
567 1397 602 1428 1ιί
627 1402 699 1429 sunt
721 1397 782 1440 filii
808 1397 882 1429 Dei.
939 1398 1032 1430 Haec
1061 1399 1094 1430 in
1122 1399 1195 1431 istis
1219 1389 1223 1463 Ι

219 1438 310 1472 seriis
334 1441 559 1478 considerate,
594 1446 625 1472 et
647 1441 828 1473 exuscitate
855 1441 984 1473 animos
1008 1442 1050 1473 ad
1073 1442 1195 1485 gratia-

218 1493 288 1515 rum
313 1484 474 1515 actionem
497 1489 529 1515 et
550 1484 804 1516 invocationem.
850 1484 899 1516 Sit
926 1484 1023 1517 vobis
1053 1485 1087 1516 in
1117 1495 1181 1517 con

218 1532 336 1568 spectu
359 1532 427 1558 tota
460 1527 523 1558 ista
551 1528 669 1559 concio
706 1527 838 1559 loannis
857 1551 865 1566 ,
907 1534 941 1559 et
975 1528 1196 1570 coniungatur

218 1567 383 1610 professio
413 1569 556 1611 symboli
580 1569 764 1612 Apostolici
788 1577 820 1603 et
842 1570 978 1610 Niceni,
1007 1572 1040 1603 in
1065 1581 1131 1614 quo
1154 1572 1195 1604 de

216 1622 362 1653 persona
385 1612 442 1644 filii
464 1612 527 1645 Dei
550 1619 665 1645 contra
687 1613 832 1646 Arianos
855 1615 986 1653 dicitur,
1010 1620 1042 1646 et
1064 1615 1196 1647 additur

217 1655 301 1687 haec
324 1655 515 1687 dulcissima
527 1658 709 1689 sententiat
730 1658 796 1696 Qut·
809 1662 950 1699 propter
971 1667 1031 1690 nos
1043 1657 1195 1696 homines,

217 1702 246 1729 et
269 1703 407 1740 propter
430 1703 575 1743 nostram
596 1701 730 1732 salntem
753 1701 916 1733 ‹lescmzch't
939 1701 980 1732 dc
1002 1702 1108 1733 coelis.
1220 1683 1224 1724 i

305 1741 400 1773 Hanc
420 1743 615 1774 sententiam
647 1745 829 1785 cogitemus
857 1745 888 1775 in
920 1745 1143 1783 invocatione,
1166 1750 1198 1775 et
1221 1726 1225 1783 1

241 1790 367 1816 etamus
390 1795 477 1816 nunc
501 1795 649 1826 quoque,
672 1793 707 1818 ut
735 1785 821 1818 filius
845 1786 909 1819 Dei
937 1793 1098 1829 perpetuo
1129 1786 1196 1819 col-

231 1827 297 1870 igat
321 1834 351 1859 et
376 1828 529 1859 desen-‘lat
551 1827 748 1868 Ecclesiam,
779 1837 811 1862 et
833 1841 895 1861 nos
923 1831 956 1862 in
976 1841 1026 1862 ea.
1071 1829 1197 1862 Tenea-

217 1880 290 1902 mus
314 1871 410 1902 etiam
434 1871 519 1903 hanc
545 1871 815 1911 consolationem,
844 1874 933 1915 quod
956 1875 1043 1906 sicut
1064 1879 1196 1905 susten-

215 1919 266 1944 tat
288 1924 382 1945 suam
405 1923 561 1952 massam,
583 1915 633 1946 sic
655 1915 733 1947 velit
758 1926 818 1947 nos
838 1927 970 1959 quoqne
994 1922 1196 1949 sustentare.

220 1955 315 1991 Quae
338 1963 390 1989 est
402 1955 490 1988 haud
504 1957 600 1989 dubie
614 1969 680 1990 una
692 1969 732 1990 ex
755 1959 1040 1991 consolationibus
1054 1960 1196 1991 omnium

218 2000 357 2031 maxima
379 2006 411 2031 et
433 1999 674 2032 efficacissima.

1219 2038 1223 2101 ἶ

547 2162 621 2194 nn:
645 2163 875 2196 srtzmmm.
1220 2141 1222 2147 ’

871 2250 901 2280 7.

511 2250 667 2281 Actor.
708 2249 738 2281 6.
790 2257 831 2281 et

304 2342 390 2377 Quid
415 2342 577 2383 significat
609 2354 727 2375 nomen
763 2343 942 2386 Stephani?
986 2344 1045 2376 Est
1075 2346 1195 2377 usitata
1219 2337 1223 2369 ⁴¹

218 2386 389 2416 barbaries
411 2385 599 2425 multorum,
622 2394 657 2418 nt
681 2387 789 2419 dicant
809 2387 998 2428 Stephanus
1019 2387 1196 2429 penultima
1219 2374 1221 2414 i

217 2427 334 2469 longa,
380 2439 453 2460 cum
497 2428 694 2462 vocabulum
731 2431 871 2462 (it-accis
910 2431 951 2462 sit
990 2422 1221 2462 notissimum¹

217 2476 370 2510 στέφανος.
429 2473 603 2512 Significat
636 2479 743 2505 autem
778 2474 883 2511 idem,
924 2474 1013 2516 quod
1049 2473 1220 2522 (Toronn.{

217 2513 341 2545 Dicunt
366 2517 466 2546 veteri
492 2515 605 2559 lingua
618 2515 800 2548 Vandalica
824 2516 961 2548 Lubeck
975 2517 1069 2548 etiam
1093 2517 1194 2558 signi-

216 2558 319 2588 ficare
349 2568 516 2590 coronam.
581 2559 690 2591 Lucas
726 2560 803 2592 dicit
841 2560 1044 2602 Stephanum
1090 2554 1220 2594 fuisse!

217 2599 415 2633 Diaconum.
463 2602 523 2634 llic
544 2601 777 2635 adolescentes
801 2603 932 2635 discant
954 2601 1194 2644 appellationes
1215 2601 1220 2646 ,⁸

859 147 971 179 Pl-uL.
999 146 1104 179 MEL.
1132 144 1317 178 SCRIPTA
1342 143 1604 177 EXEGETICA.

1219 1439 1565 1471 .administrati0nem
1599 1441 1746 1473 muneris
1780 1441 1915 1482 publici.

1220 2251 1223 2261 ’
1247 2258 1356 2295 nidos,
1381 2257 1565 2288 adimebant
1600 2259 1728 2290 civibus
1762 2259 1995 2290 immunitates.

2195 150 2240 184 84

1258 237 1430 270 distinctas
1453 239 1706 281 praecipuorum
1736 240 1916 282 graduum,
1951 242 2007 283 qui
2039 241 2172 274 fuerunt
2204 244 2238 276 in

1256 278 1411 312 Ecclesia
1445 282 1573 314 veteri:
1620 282 1745 318 Quales
1788 288 1867 315 sunt
1902 285 2102 326 Epoecopus,
2144 296 2238 326 pres-

1256 325 1358 363 byter,
1380 325 1542 366 diaconus,
1566 328 1740 361 acoluthus,
1759 331 1816 358 etc.
1861 325 1940 358 Item
1962 328 2095 359 nomina
2117 329 2237 368 vicina,

1256 367 1396 439 ξὶενὶοἰ,
1440 368 1586 408 Lituryz',
1632 378 1772 411 quorum
1806 370 1931 410 passim
1965 369 2002 401 fit
2041 372 2164 403 mentio
2203 373 2236 404 in

1279 409 1414 441 istoriis.

1254 574 1318 614 De
1360 575 1589 617 nominibus
1637 578 1823 617 ordinum
1867 577 2235 620 Ecclesiasticorum

1585 646 1695 700 apud
1732 653 1902 687 veteres.

1340 749 1424 782 Puto
1443 760 1564 783 nomen
1587 750 1805 792 clericorum,
1835 764 1900 796 quo
1931 754 2236 797 complectebantur

1252 799 1356 825 totum
1396 793 1546 826 ordinem
1581 794 1857 829 Ecclesiasticum
1872 821 1881 836 ‚
1920 804 2116 839 usurpatum
2157 809 2235 831 esse

1252 837 1433 868 imitatione
1456 836 1658 870 Levitarum.
1711 839 1752 871 Hi
1775 840 1971 873 dicebantur
1993 851 2068 874 sors
2089 841 2235 881 Domini,

1253 880 1349 921 quasi
1380 880 1489 920 dicas,
1523 879 1705 921 peculiaris
1738 892 1818 924 pars
1852 883 1965 926 populi
1988 891 2169 928 segregata
2190 887 2235 918 ad

1252 923 1478 954 ministerium.
1523 922 1607 955 Nam
1630 925 1739 966 κλῆρος
1761 927 1927 968 significat
1948 935 2092 968 sortem,
2113 929 2146 960 id
2170 933 2236 968 est,

1251 967 1437 1007 portionem
1460 964 1672 1007 peculiariter
1695 967 1870 1001 delectum.
1915 970 2134 1003 Retinuerunt
2152 981 2235 1014 ergo

1250 1010 1283 1040 in
1307 1009 1409 1041 veteri
1431 1007 1587 1041 Ecclesia
1608 1020 1728 1042 nomen
1747 1010 1950 1045 clericorum
1973 1015 2015 1046 de
2036 1015 2088 1053 iis,
2111 1015 2167 1056 qui
2190 1015 2235 1047 ad

1250 1052 1465 1084 ministerium
1488 1053 1599 1084 vocati
1623 1060 1728 1085 erant.
1774 1053 1815 1086 Et
1838 1054 1892 1088 hic
1914 1057 1947 1088 in
1970 1057 2043 1088 Iure
2063 1057 2234 1090 Canonico

1250 1095 1386 1127 dicitur:
1426 1097 1487 1133 Qui
1519 1097 1658 1128 alteram
1692 1107 1827 1130 uxorem
1849 1100 1995 1137 duxerit,
2029 1109 2093 1132 non
2126 1103 2171 1132 sic
2199 1101 2235 1132 in

1248 1141 1351 1177 clero,
1392 1138 1425 1169 id
1448 1144 1517 1177 est,
1556 1149 1623 1171 non
1657 1140 1805 1172 obtineat
1838 1140 1980 1183 amplius
2008 1141 2120 1175 locum
2148 1143 2235 1175 inter

1248 1181 1418 1213 ministros
1435 1180 1621 1214 Ecclesiae.
1666 1183 1742 1215 Non
1766 1185 2027 1217 condemnarunt
2051 1192 2119 1218 tum
2131 1185 2233 1229 Diga-

1247 1234 1338 1263 mos,
1371 1233 1479 1267 neque
1503 1227 1832 1259 excommunicarunt
1863 1238 2004 1269 prorsus
2027 1239 2047 1260 a
2069 1230 2232 1261 societate

1246 1266 1433 1306 Ecclesiae,
1455 1268 1516 1299 sed
1539 1274 1737 1309 separarunt
1759 1280 1779 1301 a
1803 1271 1995 1303 ministerio.

1333 1310 1490 1352 Liturgus
1525 1312 1622 1343 etiam
1658 1312 1816 1355 generale
1851 1324 1972 1346 nomen
2008 1320 2067 1346 est.
2122 1313 2231 1358 Signi-

1247 1354 1326 1385 ficat
1347 1354 1548 1393 ministrum,
1579 1354 1633 1395 qui
1657 1361 1709 1387 est
1732 1356 1766 1387 in
1788 1356 1900 1399 aliquo
1923 1356 2060 1398 publico
2084 1367 2232 1397 munere,

1248 1399 1292 1430 ein
1315 1397 1400 1435 jebet,
1423 1397 1472 1428 bet
1496 1397 1540 1429 cin
1564 1403 1644 1437 amm
1667 1399 1726 1437 bat.
1779 1399 1864 1431 Nam
1893 1399 2045 1442 Liturgia
2063 1400 2232 1443 significat

1980 1443 2023 1474 Et
2057 1445 2231 1487 λειτουργίαν

1246 1483 1333 1514 idem
1356 1488 1418 1521 est,
1443 1483 1532 1524 quod
1555 1482 1678 1526 fungor
1688 1484 1871 1517 ministerio
1894 1484 2040 1527 publico.
2074 1486 2231 1528 Papistae

1246 1525 1387 1557 Missam
1410 1526 1524 1558 dicunt
1555 1527 1718 1558 nominari
1740 1527 1923 1570 Liturgiam
1956 1539 1977 1560 a
2011 1529 2087 1568 λιτὴ,
2110 1530 2144 1561 id
2167 1535 2232 1568 est,

1245 1569 1403 1610 precatio.
1450 1569 1517 1601 Sed
1540 1570 1590 1601 sic
1612 1570 1700 1602 dicta
1723 1576 1774 1602 est
1793 1569 1871 1602 olim
1894 1571 2082 1602 distributio
2096 1570 2232 1603 Coenae

1246 1612 1403 1650 Domini,
1448 1612 1525 1653 quia
1566 1618 1618 1644 est
1651 1614 1795 1644 muneris
1833 1612 1958 1655 publici
1981 1614 2230 1646 administratio.

1246 1654 1458 1698 Etymologia
1477 1661 1588 1686 autem
1622 1656 1718 1687 vocis
1742 1656 1923 1698 λειτούργίας
1946 1662 1997 1688 est
2019 1667 2040 1687 a
2064 1656 2175 1696 ληϊτόν,
2197 1657 2231 1689 id

1247 1706 1311 1737 est,
1337 1699 1459 1730 bonum
1471 1696 1647 1739 publicum,
1666 1704 1697 1730 et
1720 1700 1812 1741 ἔργον.
1854 1699 1914 1731 Est
1940 1699 2039 1741 igitur
2062 1699 2230 1742 λειτουργὸς

1247 1741 1481 1773 administrans
1505 1741 1537 1771 in
1562 1742 1657 1772 bonis
1680 1741 1832 1783 publicis.

1334 1783 1492 1825 Episcopi
1532 1794 1651 1815 nomen
1682 1785 1847 1827 significat
1882 1786 2114 1826 inspectorem.
2173 1785 2230 1819 Sic

1249 1827 1281 1858 in
1306 1826 1377 1858 lure
1400 1825 1496 1857 Civili
1527 1827 1739 1859 nominantur
1762 1827 1917 1870 Episcopi
1937 1839 2077 1870 panum,
2111 1829 2142 1861 id
2160 1835 2230 1869 est,

1248 1871 1468 1911 inspectores.
1526 1869 1677 1901 Ecclesia
1711 1869 1874 1902 delectata
1908 1878 1960 1902 cst
1990 1870 2054 1903 hoc
2085 1872 2230 1911 nomine,

1249 1914 1338 1955 quod
1361 1923 1427 1944 non
1451 1918 1502 1944 est
1519 1911 1736 1954 Tyrannidis,
1765 1914 1826 1945 sed
1852 1913 2043 1957 diligentiae
2071 1913 2125 1946 vel
2148 1915 2229 1957 vigi-

1249 1955 1369 1987 lantiae
1402 1957 1434 1987 in
1465 1957 1714 1998 gubernatione.
1771 1956 1811 1988 Et
1850 1955 1908 1989 fuit
1948 1957 2045 1989 huius
2086 1959 2228 1990 nominis

1248 2009 1329 2031 usus
1354 1997 1440 2038 olim,
1463 1999 1667 2039 potissimum
1692 2000 1723 2030 in
1753 1999 1867 2041 politia
1896 2000 2017 2031 Attica.
2063 2000 2227 2032 Lacedae-

1247 2042 1345 2074 monii
1369 2042 1577 2073 nominarunt
1590 2042 1806 2084 Magistratus
1818 2042 2042 2084 provinciales
2063 2042 2227 2085 ἁρμοστάς,

1247 2086 1280 2117 id
1309 2091 1378 2123 est,
1412 2083 1667 2123 reformatores,
1703 2085 1786 2121 Quia
1819 2087 1989 2128 imperium
2024 2085 2227 2118 Laconicum

1248 2135 1319 2160 erat
1342 2129 1466 2160 durius.
1512 2127 1731 2160 Collocabant
1754 2129 1786 2160 in
1809 2130 1910 2161 urbes
1938 2129 2128 2161 harmostas
2152 2140 2226 2162 cum

1220 2175 1222 2187 ¹
1248 2171 1426 2213 praesidio,
1461 2171 1514 2212 qui
1548 2172 1718 2203 mutabant
1752 2171 1854 2204 multa
1887 2173 1920 2203 in
1955 2171 2106 2214 legibus,
2139 2173 2228 2204 etin

1248 2215 1356 2247 formo
1380 2213 1604 2255 Reipublicae,
1628 2214 1794 2247 faciebant
1817 2213 2029 2257 oligarchiaS,
2052 2221 2084 2247 et
2101 2214 2227 2250 Tvran·

2053 2257 2100 2290 ltu
2129 2251 2227 2290 bodie

1247 2300 1372 2332 faciunt
1389 2299 1501 2336 'fut-ei,
1521 2303 1691 2341 imponunt
1715 2301 1856 2343 singulis
1879 2301 2068 2333 civitatibus
2096 2300 2227 2333 harmo-

1247 2350 1342 2381 sten,
1376 2353 1471 2385 quem
1496 2350 1616 2375 vocant
1639 2344 1789 2383 Chadan‚
1823 2345 1855 2376 id
1878 2350 1942 2382 est,
1971 2344 2121 2376 iudicem.
2167 2343 2228 2377 Eat

1246 2388 1332 2419 enim
1355 2397 1375 2418 a
1399 2385 1484 2424 Dan,
1508 2388 1595 2428 quod
1619 2388 1785 2430 significat
1807 2387 1957 2419 iudicem.

1334 2429 1556 2461 Athenienses
1580 2441 1659 2462 vero
1673 2432 1881 2463 nominarunt
1907 2430 2121 2471 magistratus
2145 2439 2226 2462 suos

1247 2473 1279 2504 in
1303 2474 1498 2514 provincii&
1528 2480 1558 2505 et
1589 2473 1706 2506 insulis
1737 2474 1797 2506 sihi
1829 2474 2006 2506 subiectis.
2037 2473 2226 2516 Episcopus

1248 2517 1405 2554 unfficbct:
1441 2515 1635 2548 mollissimo
1659 2518 1802 2554 nomine,
1828 2522 1859 2548 et
1884 2517 2126 2559 significarent,
2158 2525 2226 2547 non

1247 2560 1328 2591 mitti
1363 2570 1421 2590 eos
1452 2570 1524 2591 cum
1561 2561 1698 2602 imperio
1732 2559 1844 2602 aliquo
1874 2559 2082 2602 Tyrannico,
2117 2569 2138 2591 n
2183 2569 2227 2592 ue

1247 2603 1343 2634 adlini
1368 2602 1484 2634 insulis
1508 2602 1703 2642 αὐτονομίαν,
1738 2603 1770 2635 id
1793 2609 1862 2642 est,
1896 2601 1990 2645 leges
2007 2612 2097 2635 suas.
2204 2602 2226 2633 't
