2324 2958
47 188 111 222 513

729 181 946 216 POSTILLA
966 181 1362 214 nOELANTHONlANA.

1977 184 2041 217 514

134 281 216 314 Vult
237 281 334 323 igitur
352 278 502 312 Christus
525 286 587 309 nos
610 276 753 308 retinere
775 277 924 307 timorem
943 275 1018 314 Dei,
1043 279 1047 301 ¹
1071 281 1123 307 est
1146 275 1231 307 enim
1254 274 1354 313 aliud,
1379 285 1476 316 quam
1498 275 1718 315 parricidium,
1752 277 1842 317 quod
1864 275 1964 308 vultis
1987 287 2041 309 so-

48 336 111 359 nec
141 325 212 357 fieri
244 332 382 354 securos
415 328 448 354 et
470 321 614 358 otiosoS,
648 319 733 350 sicut
766 320 954 350 nominatim
986 319 1019 349 in

49 368 217 401 Matthaeo
241 367 358 398 dicitur
380 365 420 396 de
444 365 523 395 otio:
553 365 678 394 Invenit
695 363 822 393 domum
845 366 1017 393 rac-antem.

50 412 173 444 Otium.
192 419 272 441 vero
306 407 364 439 alit
404 417 445 438 ac
477 405 620 437 incendit
651 414 772 446 pravas
810 404 1045 445 cupiditatesN

94 455 135 485 rit
162 451 392 494 negligentiam
427 449 613 486 doctrinae,
646 452 744 488 auget
777 447 1016 478 confidentiam.

50 465 142 529 ἥξει)
162 492 308 537 pericula
331 494 396 524 sint
418 493 514 523 nobis
538 492 569 522 in
593 495 784 530 conspectu,
808 495 841 520 et
858 490 1018 520 addamus

73 540 292 573 recafionem,
336 536 378 567 ad
421 533 605 576 pellendam
649 532 857 564 securitatem
875 554 884 569 ‚
929 532 1019 563 iuxta

50 550 188 615 dictum:
223 579 348 618 Vigilate
371 581 402 610 et
424 582 523 618 orate,
541 586 581 608 ne
603 579 732 607 meretis
755 579 787 606 in
804 578 1018 607 tentationem.

134 622 304 654 Adhortor
342 627 450 652 autem
482 629 544 651 vos
577 617 826 656 adolescentes,
864 623 899 648 ut
933 616 1019 648 hanc

49 671 151 697 totam
197 665 389 696 concionem
440 661 616 704 praecipue
666 661 762 692 vobis
812 660 1017 701 proponatis.

49 708 178 739 videtis
226 707 266 739 de
310 705 530 747 magnitudine
572 709 786 744 peccatorum
829 708 1018 734 nostrorum

49 760 182 783 monere
206 748 334 781 coelum
357 750 473 789 ipsum,
498 747 586 788 quod
609 752 661 777 est
682 744 841 784 ferreum,
875 751 908 776 et
929 744 1017 775 haud

49 794 148 826 dubie
188 792 353 824 denuntiat
392 789 617 821 sterilitatem:
657 788 698 819 Et
737 795 844 819 tamen
886 788 1018 829 quidam

50 838 135 869 inter
156 846 229 872 voa,
253 840 285 865 et
307 834 436 875 quidem
458 831 605 870 nobiles,
635 841 700 862 non
725 832 878 862 desinunt
901 828 1018 861 tumul-

51 879 152 912 tuari:
193 877 347 909 dimicant
376 876 477 907 ebrii:
510 875 698 906 accendunt
731 875 806 906 odia
839 873 1015 904 nationum.

50 921 131 953 Cum
153 926 252 951 noctu
275 919 445 960 quiescere
467 919 643 955 deberent,
675 915 925 949 commonefacti
947 915 1017 946 suis

49 962 257 1000 vulneribus,
291 968 399 993 tamen
435 967 612 1002 vagantur,
646 966 679 991 et
714 958 952 998 vociferantur,
986 963 1017 988 et

48 1006 180 1038 turbant
204 1005 312 1036 onmia
333 1005 366 1036 in
389 1003 518 1046 plateis.

135 1048 171 1079 Si
205 1048 260 1089 qui
292 1057 372 1089 ergo
405 1053 482 1078 sunt
504 1046 735 1082 modestiores,
764 1053 823 1075 eos
845 1042 1017 1080 adhortor,

49 1097 84 1124 ut
107 1096 303 1131 componant
336 1090 464 1120 animos
498 1090 540 1120 ad
575 1088 802 1130 cogitationem
836 1086 1017 1117 doctrinae.

50 1134 124 1166 Non
157 1133 294 1174 fingant,
327 1132 438 1163 Fidem
460 1142 501 1163 ex
534 1131 645 1162 auditu
675 1140 767 1167 esse,
800 1129 872 1160 sine
894 1129 1018 1170 cogitas

50 1177 148 1209 tione.
194 1174 298 1207 Simul
322 1175 417 1206 etiam
446 1175 589 1215 cogitate
611 1173 651 1203 de
675 1172 898 1214 magnitudine
924 1172 1018 1202 mise-

49 1220 169 1251 riarum
192 1224 224 1249 et
247 1216 463 1249 calamitatum
484 1217 708 1247 humanarum.
753 1214 850 1250 Quod
871 1216 905 1246 in
928 1220 1019 1245 textu

49 1262 153 1302 inquit
179 1260 350 1298 Christus,
391 1260 542 1290 Diabolus
570 1263 737 1299 postquam
776 1260 930 1298 expulsus
962 1261 1018 1297 est,

49 1313 214 1336 assumere
236 1307 358 1343 septem
380 1303 568 1342 nequiores:
601 1308 652 1332 est
674 1301 762 1332 haud
790 1301 887 1332 dubie
909 1301 1018 1342 imago

48 1346 271 1387 praesentium
283 1351 473 1386 temporum.
506 1343 600 1375 Deus
613 1344 700 1375 dedit
718 1341 823 1376 lucem
835 1344 1018 1375 doctrinae:

49 1389 109 1420 sed
132 1389 268 1426 videtis,
301 1398 398 1429 quam
430 1385 606 1418 horribiles
639 1385 769 1417 furores
800 1387 918 1417 excitet
941 1385 1019 1416 Dia-

49 1430 166 1470 bolus,
207 1430 326 1472 quibus
360 1429 570 1461 confirmatur
602 1427 782 1470 petulantia
821 1434 854 1460 et
886 1428 1020 1460 licentia

50 1474 121 1505 sine
144 1473 208 1504 fine
231 1478 263 1503 et
286 1472 393 1503 modo.

137 1515 197 1547 Est
219 1515 366 1546 immanis
389 1512 570 1554 petulantia
591 1514 623 1544 in
647 1514 856 1554 opinionibus
885 1519 917 1544 et
939 1514 1019 1555 dog-

50 1558 145 1590 matis
169 1557 342 1598 fingendis.
387 1556 562 1588 Praeterea
590 1555 724 1588 licentia
752 1556 884 1588 effrenis
914 1557 1019 1587 estin

49 1601 116 1632 vita
137 1605 170 1631 et
191 1599 348 1631 moribus.

134 1642 205 1674 Nos
229 1642 377 1682 cogimur
398 1651 466 1672 non
494 1642 566 1672 sine
589 1640 705 1672 dolore
737 1642 898 1682 patienter
918 1639 1020 1672 multa

51 1685 139 1717 ferre
161 1695 201 1717 ac
224 1683 379 1716 tolerare.
423 1684 459 1715 Si
482 1684 678 1716 haberemus
702 1684 878 1725 praesidia,
905 1693 1019 1725 posse-

50 1737 124 1760 mus
149 1737 361 1768 compescere
392 1725 469 1758 illos
502 1726 699 1758 nebulones.
755 1726 822 1758 Sed
855 1732 964 1757 tamen
987 1731 1019 1757 et

50 1769 175 1802 Rector
207 1779 340 1810 operam
373 1770 473 1807 dabit,
507 1769 580 1801 Deo
613 1770 763 1807 iuvante,
794 1775 830 1801 ut
863 1768 1019 1800 Centauri

52 1813 106 1844 isti
129 1811 304 1853 pellantur,
327 1812 380 1853 qui
402 1823 468 1843 non
491 1811 610 1844 suerint
633 1812 812 1844 sanabiles.
861 1811 933 1844 vos
954 1812 1018 1852 ipsi

51 1865 184 1897 quoque
216 1855 333 1886 videtis
367 1864 426 1885 eos
459 1856 513 1896 qui
535 1861 611 1887 sunt
642 1861 796 1887 auctores
823 1865 1019 1897 pugnarum,

51 1897 244 1940 plerumque
267 1896 376 1938 plecti.

138 1941 215 1972 Non
245 1941 311 1971 sint
343 1940 439 1971 vobis
473 1941 568 1971 iocus
601 1946 632 1972 et
655 1939 751 1972 ludus
774 1941 876 1972 verba
899 1939 1020 1971 Christi

52 1984 94 2016 de
117 1983 288 2015 mentibus
311 1983 342 2013 in
366 1981 495 2013 scelera
516 1990 592 2023 post
609 1984 869 2021 conversionem,
894 1989 926 2014 et
945 1989 1021 2023 post

52 2027 162 2058 datam
194 2024 312 2056 lucem.
366 2025 441 2056 Non
476 2023 684 2057 blandiamini
717 2027 812 2058 vobis
851 2027 931 2067 ipsis
965 2024 1021 2057 illa

52 2069 250 2100 immanitate
296 2069 504 2109 dogmatum:
549 2067 621 2110 Ego
667 2079 736 2100 sum
780 2068 1021 2111 Evangelicus:

52 2111 144 2153 Ergo
183 2109 263 2141 nihil
301 2110 376 2141 mali
420 2109 497 2142 mihi
531 2110 670 2152 amplius
703 2112 911 2144 metuendum
957 2118 1021 2142 est:

53 2154 146 2196 quasi
170 2152 249 2184 nihil
272 2154 314 2184 sit
336 2152 509 2184 Diabolus.

138 2195 312 2228 Musculus
345 2197 446 2227 audet
478 2196 645 2227 scribere:
689 2199 781 2228 Bona
819 2207 921 2238 opera
959 2206 1021 2228 non

53 2244 129 2271 eunt
148 2242 344 2271 necessaria.
377 2238 443 2270 Alii
467 2237 624 2270 clamant:
648 2240 748 2271 Homo
769 2250 805 2271 xe
826 2240 919 2271 habet
941 2250 1023 2280 pure

112 2285 178 2314 sive
200 2285 233 2313 in
256 2283 346 2314 bonis
368 2286 399 2313 et
421 2283 515 2313 malis
547 2282 731 2313 actionibus.
787 2282 869 2314 Sunt
900 2282 1022 2314 Diabo-

67 2325 139 2357 'cae
162 2334 275 2356 voces.
331 2325 371 2355 Et
405 2325 460 2355 ubi
495 2330 571 2355 sunt
604 2325 706 2355 verba
728 2323 954 2363 Diabolorum‚
979 2326 1023 2356 ibi

53 2372 106 2398 est
128 2367 222 2398 etiam
246 2368 313 2398 vita
337 2366 511 2399 diabolica.
551 2366 644 2398 Sicut
667 2365 790 2398 Paulus
813 2368 900 2406 dicit,
921 2370 1023 2400 Deum

49 2410 169 2482 ffatim
205 2413 347 2441 amentia
385 2420 439 2441 eos
452 2433 460 2448 ,
505 2410 560 2449 qui
605 2410 804 2441 delectantur
847 2412 1022 2443 erroribus.

85 2461 145 2483 aec
179 2451 451 2484 commonefactio
487 2458 538 2484 est
576 2461 715 2483 una.ex
773 2454 948 2493 raecipuis:
988 2459 1023 2484 ut

54 2500 193 2535 accepta
214 2495 301 2525 dona
324 2496 432 2526 divina
466 2505 538 2526 cum
563 2504 682 2535 magna
709 2505 747 2526 so
763 2496 915 2527 icitudine
938 2496 1023 2538 grati

55 2537 262 2568 retineamus.
328 2539 383 2569 mn·
414 2538 571 2569 habitabit
603 2537 783 2570 Dominus?
837 2540 874 2570 1η
907 2542 1024 2578 spiritu

53 2581 190 2610 contrito
222 2583 254 2611 et
275 2581 450 2619 humiliato,
484 2586 517 2612 et
548 2584 704 2612 tremente
736 2590 902 2612 sermones
928 2591 1022 2613 meos.

55 2620 131 2652 Non
165 2619 290 2654 habitat
322 2625 354 2654 in
383 2624 454 2654 istis
490 2621 672 2654 furentibus
706 2623 887 2664 parricidis.
938 2623 1024 2659 Quid

205 2688 342 2709 ΙΙῙΛΠῚΙΙ
365 2690 443 2709 OPER.
459 2689 520 2709 VOL·
538 2689 618 2710 xm.

1070 317 1190 350 dalium
1212 324 1410 355 vestrorum,
1434 317 1645 350 honestorum
1657 318 1824 350 hominum
1847 320 2041 363 sanguinem

1069 361 1222 393 haurire?
1263 360 1333 391 Hae
1355 370 1420 391 non
1440 366 1517 391 sunt
1539 359 1700 393 humanae
1722 361 1945 402 infirmitates,
1981 362 2041 395 sed

1069 402 1246 436 horribiles
1268 401 1398 435 furores
1420 401 1564 435 Diaboli.

1321 571 1543 604 DOMINICA
1564 571 1783 605 LAETARE.

1375 626 1572 708 &angeL
1603 665 1682 698 loh.
1705 666 1736 697 6.

1118 761 1196 793 Post
1216 761 1295 792 haee
1317 762 1397 792 abiit
1414 762 1488 793 Iesu
1510 764 1602 792 trans
1624 769 1715 792 mare
1740 760 1909 799 Galilaeae,
1937 766 1994 793 ecc.

1181 889 1291 940 Quid
1320 891 1503 930 nominat
1534 904 1644 930 mare
1677 889 1930 931 Galilaeum?

1154 997 1277 1030 Lacum
1301 997 1519 1030 Genesareth.

1228 1162 1338 1213 Quid
1368 1163 1566 1218 significat
1598 1162 1877 1204 Genesareth?

1157 1253 1303 1286 Gnereth
1325 1254 1489 1298 significat
1511 1253 1692 1296 cytharam.
1732 1253 1842 1286 Lacus
1865 1261 1916 1286 est
1938 1254 2043 1296 figura

1072 1294 1248 1338 cytharae,
1282 1298 1358 1329 inde
1391 1298 1493 1329 credo
1527 1307 1606 1329 esse
1639 1296 1856 1329 Genesareth.
1915 1299 1960 1330 Ge
1993 1303 2044 1329 est

1071 1340 1168 1378 idem,
1192 1341 1280 1382 quod
1303 1347 1403 1379 terra,
1437 1350 1497 1372 seu
1520 1339 1630 1378 vallis,
1663 1346 1697 1371 ut
1721 1346 1753 1371 et
1775 1344 1843 1379 γαῖα
1867 1339 2042 1372 Graecum.

1072 1382 1106 1413 ln
1129 1390 1245 1414 nostra
1269 1383 1446 1415 Germania
1468 1383 1565 1414 etiam
1588 1392 1669 1414 usus
1694 1389 1744 1414 est
1761 1382 1857 1414 huius
1877 1382 2043 1422 vocabuli,

1044 1427 1048 1459 Ι
1072 1429 1124 1457 ein
1142 1427 1232 1463 Awe,
1256 1427 1337 1458 oder
1355 1430 1429 1465 yai:
1450 1427 1526 1457 inde
1548 1426 1644 1457 etiam
1668 1426 1786 1457 dicitur
1808 1424 1906 1457 vallis
1921 1426 2043 1459 Geloen-

1071 1477 1142 1508 non,
1165 1468 1198 1500 id
1220 1475 1283 1507 est,
1305 1467 1402 1501 vallis
1425 1467 1600 1507 latronum,
1623 1478 1682 1500 seu
1706 1469 1920 1510 praedonum.

1073 1631 1181 1682 Quid
1226 1633 1415 1674 differunt
1459 1634 1534 1674 iste
1565 1633 1673 1674 lacus
1706 1633 1969 1685 Genesareth,
2002 1640 2044 1673 et

1069 1709 1176 1750 lacus
1207 1709 1475 1765 Asphaltites,
1507 1711 1604 1752 item
1641 1711 1748 1750 lacus
1787 1710 2044 1752 Gerasenus'?

1158 1808 1368 1841 Genesareth
1396 1808 1455 1841 fuit
1477 1810 1510 1841 in
1534 1808 1694 1847 Galilaea,
1716 1808 1810 1841 lacus
1836 1810 1988 1851 limpidus
2011 1815 2043 1841 et

1072 1852 1239 1893 piscosus:
1292 1853 1359 1884 Sed
1389 1853 1493 1884 tribus
1527 1851 1706 1884 miliaribus
1739 1863 1760 1883 a
1784 1852 1951 1891 Galilaea,
1983 1851 2043 1884 suit

1072 1905 1162 1927 mare
1190 1901 1368 1933 mortuum,
1407 1894 1461 1927 vel
1495 1894 1590 1927 lacus
1624 1894 1837 1936 Asphaltites.
1893 1895 2044 1936 ἄσφαλτος

1073 1936 1239 1980 significat
1261 1939 1421 1969 bitumen:
1446 1938 1487 1970 Et
1506 1939 1605 1970 eredo
1629 1948 1704 1969 esse
1723 1939 1764 1969 ab
1776 1940 1889 1975 Aesch,
1913 1945 1945 1970 et
1956 1941 2044 1978 Pale,

1073 1987 1107 2012 ut
1129 1981 1170 2011 sit
1193 1981 1279 2023 ignis
1303 1980 1466 2019 occultus,
1490 1991 1550 2013 seu
1573 1982 1823 2012 subterraneus.
1868 1980 1929 2012 Est
1950 1981 2043 2014 foeti-

1074 2024 1134 2055 dus
1158 2022 1264 2061 laem,
1287 2025 1340 2065 qui
1365 2030 1417 2055 est
1450 2024 1622 2065 vestigium
1658 2024 1904 2065 dellagrationis
1938 2024 2044 2056 Sodo-

1074 2076 1146 2097 mae
1169 2072 1201 2097 et
1224 2065 1419 2098 Gomorrae.
1455 2066 1502 2098 lbi
1525 2067 1609 2098 enim
1634 2067 1805 2098 demersae
1839 2072 1915 2098 sunt
1942 2067 2043 2099 urbes

1074 2108 1150 2140 illae
1173 2110 1204 2140 in
1228 2114 1367 2147 terram,
1399 2116 1576 2151 postquam
1608 2110 1684 2151 igne
1719 2108 1856 2140 coelesti
1889 2110 2045 2141 incensae

1073 2152 1213 2190 fuerant,
1236 2158 1268 2183 et
1290 2151 1370 2183 illud
1393 2151 1569 2190 foetidum,
1603 2159 1635 2183 et
1657 2152 1876 2183 abominabile
1900 2152 2044 2183 bitumen

1074 2193 1182 2226 adhuc
1214 2194 1374 2236 reliquum
1407 2202 1459 2226 est
1489 2206 1529 2226 ex
1558 2196 1709 2228 incendio
1732 2196 1813 2226 isto:
1847 2195 1922 2236 quia
1950 2194 2044 2225 Deus

1074 2236 1177 2269 voluit
1218 2244 1351 2269 exstare
1384 2239 1605 2269 testimonium
1646 2239 1696 2269 sui
1735 2238 1842 2268 iudicii
1882 2238 2044 2269 adversus

1075 2279 1245 2312 horribilia
1281 2287 1427 2320 peccata.
1486 2280 1599 2312 Voluit
1634 2287 1815 2321 conspectu
1849 2285 1881 2311 et
1913 2278 2044 2311 foetore

1074 2324 1168 2355 istius
1191 2322 1284 2354 lacus
1307 2322 1456 2355 homines
1478 2334 1624 2362 monere,
1658 2329 1692 2354 ut
1724 2323 1972 2354 considerarent
1999 2323 2044 2354 iu·

1076 2367 1194 2397 dicium
1216 2366 1298 2405 Dei,
1332 2368 1426 2398 cuius
1450 2373 1606 2398 executor
1629 2366 1783 2397 scribitur
1816 2365 1919 2397 fuisse
1941 2364 2044 2396 Filius

1074 2408 1147 2441 Dei.
1202 2408 1250 2440 lta
1277 2409 1361 2440 enin:
1385 2409 1502 2440 dicitur
1530 2409 1613 2440 Gen.
1641 2408 1691 2439 19.
1741 2410 1895 2440 Dominus
1921 2410 2005 2448 pluit
2024 2418 2044 2439 a

1075 2454 1211 2484 Domino
1240 2453 1378 2492 sulphur
1411 2457 1444 2483 et
1470 2456 1573 2490 {onem
1603 2461 1701 2491 super
1729 2452 1899 2482 Sodomam
1926 2455 1958 2482 et
1987 2452 2044 2483 Go-

1076 2505 1241 2527 morram:
1284 2496 1317 2525 id
1351 2500 1412 2535 est,
1444 2494 1545 2525 Filius
1575 2493 1638 2524 Dei
1672 2494 1801 2534 accepit
1833 2494 1875 2525 ab
1909 2499 2044 2524 aeterno

1075 2543 1169 2578 patre
1191 2537 1417 2569 auctoritatem
1452 2538 1546 2568 huius
1577 2536 1623 2568 rei
1648 2535 1827 2568 faciendae.
1872 2536 1966 2568 Sicut
1987 2546 2044 2577 po·

1075 2587 1148 2612 stea
1167 2581 1323 2622 scriptum
1346 2586 1412 2610 est:
1439 2581 1538 2611 Omne
1560 2581 1709 2611 iudicium
1730 2580 1819 2611 dedit
1839 2581 1929 2611 Filio.
1971 2578 2045 2609 Fuit

1075 2622 1240 2654 horribilis
1264 2632 1381 2663 poena.

1637 2681 1670 2706 3³
