2324 2958
109 169 150 199 77

109 265 265 295 hominem
305 263 502 292 venientem:
542 258 609 290 Sed
643 258 786 289 debebat
819 267 913 295 esse,
946 260 1083 289 renierus.

109 306 195 337 Nam
219 304 336 336 dicitur
358 303 400 333 de
420 301 504 333 Filio
527 300 602 340 Dei,
624 310 692 332 non
715 301 757 332 de
780 298 852 331 aliis
882 299 1084 331 hominibus:

110 347 170 379 llle
191 346 293 379 Filius
315 345 379 378 Dei
401 345 537 376 veniens
561 345 593 375 in
616 343 784 381 mundum,
813 349 883 374 erat
905 341 961 374 lux
985 342 1086 374 omni—

111 391 174 423 bus
197 387 391 421 hominibus.

197 431 358 474 Repetitio
381 437 431 462 est
452 434 562 461 autem
583 429 748 470 priorum,
777 439 851 460 cum
881 428 969 459 addit
993 427 1086 459 loan-

111 485 187 508 nes:
221 475 263 507 In
296 474 413 506 mundo
445 477 525 512 erat,
559 477 593 504 et
611 473 749 504 mundus
766 482 830 512 per
853 474 956 512 ipsum
978 473 1087 511 fuctus

111 524 169 551 esc.
214 517 305 549 Haec
326 516 474 558 repetitio
507 514 681 547 confirmat
703 515 845 555 priorem
867 514 1087 545 asseveratio-

111 571 205 599 nem,
240 561 328 601 quod
349 559 435 599 λόγος
456 559 499 590 sit
521 558 673 589 conditor
690 567 801 589 rerum
824 567 898 588 cum
921 562 1031 597 patre,
1055 562 1087 587 et

111 604 332 644 omnipotens,
350 608 384 634 et
405 611 483 633 vere
505 611 545 632 ac
567 599 787 632 essentialiter
809 599 914 632 Deus.

198 646 371 676 Postremo
405 644 488 676 haec
510 644 693 685 propositio
727 643 914 674 subiicitur:
958 641 1114 687 Verbum!

115 690 198 722 Caro
218 691 342 728 sactum
364 692 422 725 est,
456 697 521 729 qua
544 687 695 724 docetur,
725 687 814 727 quod
837 684 924 716 filius
949 683 1012 716 Dei
1035 694 1087 715 as-

112 731 291 772 sumpserit
313 730 489 761 humanum
512 735 680 767 naturam,
709 739 766 760 seu
791 728 899 759 iactus
922 729 963 759 sit
987 736 1087 758 verus

111 773 221 806 homo.
288 773 362 805 Non
384 773 469 804 enim
492 782 570 804 caro
593 778 718 803 tantum
741 781 877 812 corpus,
905 770 965 802 sed
983 777 1087 802 totum

110 817 275 849 hominem
293 814 468 858 significat.
497 815 566 846 Sed
588 817 728 847 loannes
750 820 884 856 propter
905 813 1087 854 Emphasin

110 869 192 892 usus
215 864 266 890 est
288 856 507 899 appellatione
531 859 659 895 carnis,
694 858 737 889 ad
765 856 1017 899 significandam
1040 856 1087 886 in-

110 901 295 933 firmitatem
316 906 452 932 naturae
475 907 676 942 assumptae,
711 910 795 942 quae
823 899 884 932 suit
917 900 989 930 sine
1011 907 1087 939 pec-

111 950 198 982 cato,
220 944 279 975 sed
298 949 407 975 tamen
429 944 581 976 subiecta
603 944 709 975 morti.
836 974 839 975 γ

198 986 250 1018 Ac
276 985 399 1018 sactum
428 996 517 1025 esse,
550 996 617 1018 non
650 985 851 1028 intelligatur
880 985 922 1016 de
953 993 1089 1016 conver-

112 1030 226 1068 sione,
261 1036 316 1061 aut
349 1030 620 1068 commutatione,
648 1035 705 1061 aut
739 1029 917 1060 amissione
951 1032 1089 1058 naturae

111 1073 165 1104 τοῦ
185 1072 284 1111 λόγου,
307 1072 368 1104 sed
391 1072 432 1103 (18
450 1071 669 1114 copulatione,
693 1081 755 1103 seu
771 1071 1008 1111 assumptione,
1029 1078 1090 1100 seu
1113 1094 1117 1142 Ι

113 1116 245 1147 111110118.
291 1114 374 1146 Cum
397 1115 486 1146 dico:
510 1125 597 1156 aqua
618 1120 669 1146 est
690 1113 779 1145 facta
791 1114 912 1151 vinum,
935 1112 1089 1155 significo

112 1167 231 1199 aquam
255 1167 452 1189 conversam
476 1167 554 1188 esse
577 1159 608 1188 in
632 1158 754 1195 vinum,
778 1162 811 1188 et
833 1162 989 1187 mutatam
1013 1164 1090 1186 esse
1113 1146 1117 1166 ¹

111 1206 261 1232 naturam
283 1205 405 1241 aquae?
429 1200 493 1231 Sed
515 1200 698 1241 propositio
720 1199 853 1231 loannis
876 1209 942 1230 non
969 1204 1022 1229 cst
1043 1199 1090 1229 in-

111 1241 290 1284 telligenda
312 1243 353 1273 de
383 1242 583 1274 extinctione
615 1241 668 1274 vel
691 1243 871 1274 mutatione
900 1240 1090 1274 altemtrius

110 1290 262 1323 naturae,
296 1285 358 1316 sed
391 1285 479 1326 quod
508 1285 595 1317 duae
615 1291 754 1317 naturae
777 1285 887 1317 unitae
909 1295 971 1316 seu
989 1294 1090 1325 copu-

109 1326 199 1359 latae
231 1328 297 1359 sint
313 1333 442 1359 retenta
471 1329 641 1370 utriusque
664 1328 810 1360 essentia
833 1335 866 1359 et
883 1327 1089 1370 proprietati-

110 1371 185 1402 bus.
252 1369 401 1402 Verbum
423 1376 475 1402 est
498 1371 622 1403 iactum
645 1381 744 1409 caro,
768 1371 802 1402 id
826 1376 890 1410 est,
912 1370 1002 1402 filius
1025 1369 1090 1402 Dei

111 1419 165 1445 est
186 1410 296 1444 factus
318 1412 430 1451 homo,
453 1420 606 1445 manente
629 1419 747 1445 natura
764 1414 885 1445 divina.
930 1413 1005 1445 Huc
1015 1424 1089 1454 per-

111 1456 193 1487 tinet
227 1461 298 1487 tota
331 1455 482 1487 doctrina
515 1456 557 1488 de
575 1455 706 1487 Unione
732 1455 960 1498 hypostatica,
994 1461 1028 1488 et
1049 1457 1090 1487 (18

111 1498 274 1529 distinctis
297 1498 404 1530 modis
426 1499 634 1539 praesentiae
655 1498 719 1531 Dei
742 1499 775 1530 in
798 1500 970 1531 creaturis.

124 1545 132 1549 ’
196 1539 321 1572 Postea
343 1539 466 1582 allegat
488 1541 628 1573 loannes
650 1542 856 1580 testimonia,
887 1551 972 1583 quae
990 1542 1090 1573 mani-

110 1581 198 1614 feste
221 1583 399 1614 ostendunt
422 1585 455 1615 in
478 1581 612 1616 Christo
632 1594 708 1616 esse
730 1591 867 1616 naturas
897 1586 998 1616 duas:
1024 1587 1089 1616 lla-

111 1628 221 1658 bitam't
236 1626 270 1657 in
293 1626 391 1663 nobis,
419 1626 451 1657 id
470 1633 531 1664 est,
566 1634 786 1659 conversatus
811 1633 861 1658 est
884 1628 968 1659 inter
986 1627 1089 1659 homi-

110 1678 183 1707 nes,
202 1674 234 1700 et
257 1669 439 1700 secundum
457 1668 691 1701 humanitatem
720 1668 797 1701 fecit
820 1676 851 1700 et
880 1679 1003 1711 passus
1027 1676 1088 1708 est,
1112 1686 1117 1720 ι

111 1721 195 1754 quae
228 1709 340 1742 facere
373 1717 405 1742 et·
437 1712 505 1752 pati
534 1711 643 1743 solent
677 1712 838 1743 1101111085.
906 1713 987 1744 Nam
1024 1723 1089 1744 vox

111 1754 259 1792 ἐσκήνωσε
287 1753 455 1795 significat
480 1761 761 1786 commoratonem
784 1756 816 1786 in
847 1755 962 1786 eodem
982 1758 1089 1787 taber-

110 1797 243 1835 naculo,
267 1795 372 1838 qualis
392 1803 444 1828 est
472 1798 558 1829 inter
587 1797 827 1829 commilitones
858 1808 918 1830 seu
942 1799 1090 1830 eiusdem

110 1838 243 1871 militiae
266 1841 389 1870 socios.
435 1839 526 1878 Item,
550 1842 685 1872 fidimus
697 1843 835 1880 ‚olor-inm
854 1845 934 1879 eills,
954 1844 1091 1879 ,olm-mm

111 1886 204 1923 quasi
226 1884 388 1921 numenite',
412 1881 476 1914 hoc
499 1890 561 1921 est,
585 1884 772 1916 testimonia
785 1883 926 1915 coelitus
950 1885 979 1915 ei
1003 1885 1089 1915 data.

112 1932 145 1956 et
167 1926 315 1956 miranda
338 1925 409 1956 eius
433 1936 546 1967 opera,
579 1927 864 1958 resuscitationem
887 1933 1089 1958 mortuorum

113 1974 144 1999 et
167 1966 243 2005 alia,
266 1967 386 2008 quihus
410 1968 670 2001 demonstratum
695 1976 758 2007 est,
791 1980 864 2000 eum
888 1979 965 2001 esse
987 1969 1089 2001 filium

112 2009 188 2048 Dei,
209 2016 241 2041 et
265 2009 371 2042 Deum
394 2011 657 2052 omnipotentem.
1112 2011 1118 2080 1

114 2175 283 2220 Causae,
318 2189 387 2214 cur
418 2175 617 2216 mediator
648 2177 698 2216 sit
731 2178 843 2218 Deus
882 2187 924 2218 et
955 2171 1115 2219 homa!

197 2268 262 2298 Iam
286 2266 535 2298 consideremus
559 2276 690 2305 causas,
724 2279 782 2300 cur
795 2268 882 2300 filius
901 2279 1089 2310 assumpse-

111 2310 151 2340 rit
173 2309 352 2339 humanam
375 2315 537 2347 naturam,
557 2319 622 2340 non
645 2315 740 2351 pater
762 2318 819 2342 aut
850 2312 991 2352 Spiritus
1015 2322 1089 2343 san-

111 2358 194 2384 ctus,
238 2350 288 2382 Ex
311 2351 363 2382 his
385 2353 563 2393 praecipue
585 2358 673 2390 sunt,
697 2354 772 2394 quia
796 2355 824 2385 si
836 2361 931 2396 pater
942 2365 1088 2386 assume-

110 2400 161 2426 ret
182 2393 356 2426 hmnanam
378 2401 539 2432 naturam,
566 2401 632 2426 tum
654 2402 746 2427 esset
768 2402 800 2428 et
825 2404 919 2438 pater
943 2404 975 2429 et
987 2397 1087 2436 filius,

111 2437 144 2469 Si
167 2436 311 2478 Spiritus
335 2439 487 2474 Sanctus,
523 2443 636 2468 essent
658 2438 723 2470 duo
746 2438 813 2470 filii.
859 2439 903 2471 Ut
925 2440 1025 2482 igitur
1048 2442 1090 2472 sit

110 2489 196 2511 unus
220 2478 321 2517 filius,
344 2481 482 2511 assumit
506 2479 679 2511 humanam
709 2488 876 2521 naturam,
899 2481 965 2524 'qui
988 2484 1021 2514 111
1044 2484 1089 2514 di-

111 2523 187 2553 vina
215 2532 347 2564 quoque
369 2529 483 2554 natura
508 2530 557 2554 est
583 2521 678 2554 filius.
731 2523 825 2557 Hanc
849 2535 983 2557 causam
1007 2527 1088 2558 reci-

111 2570 159 2596 tat
181 2564 397 2606 Augustinus.
422 2565 550 2597 Deinde
572 2565 775 2598 Athanasius
797 2566 936 2608 pulchre
965 2570 1088 2610 inquit:
1111 2551 1115 2602 Ι

111 2606 336 2649 Congruebat,
371 2614 404 2639 ut
437 2606 493 2640 illa
527 2618 670 2649 persona
700 2617 884 2642 assumeret
911 2611 1085 2643 humanam
1111 2606 1116 2650 Ι

790 163 1008 196 POSTlLLA
1030 160 1427 194 MELANTHOMANA.

2074 159 2114 191 78

1137 262 1298 293 naturam,
1321 264 1405 296 quae
1428 260 1479 284 est
1503 254 1727 295 propriissime
1751 261 1783 285 et
1813 253 1943 295 quidem
1961 254 2114 284 substan-

1138 298 1224 330 tialis
1258 298 1367 339 imago
1402 295 1477 335 Dei,
1510 302 1545 327 ut
1578 297 1610 327 in
1644 297 1740 328 nobis
1768 306 1901 338 quoque
1924 296 2113 327 restitueret

1138 341 1202 373 Dei
1225 341 1411 382 imaginem.

1224 383 1269 415 Ut
1291 389 1399 415 autem
1420 380 1635 423 intelligatur,
1668 383 1832 422 quomodo
1865 383 2054 413 restituatur
2082 380 2116 412 in

1139 428 1238 459 nobis
1253 427 1362 467 imago
1386 425 1462 463 Dei,
1485 433 1587 456 causa
1609 423 1730 462 finalis,
1764 431 1796 456 et
1819 423 2014 466 impulsivae
2037 434 2115 455 cau-

1139 480 1199 502 sae
1221 468 1485 502 considerandae
1507 472 1594 505 sunt,
1619 477 1677 498 cur
1698 467 1730 497 in
1759 466 1943 499 Mediatore
1972 476 2115 499 necesse

1139 511 1237 545 fuerit
1259 518 1395 543 naturas
1420 511 1502 542 duas
1525 519 1614 541 esse.

1226 553 1349 587 Finalis
1371 554 1472 596 igitur
1495 563 1596 585 causa
1618 552 1853 584 incarnationis
1876 552 1947 584 Filii
1970 559 2043 590 est,
2081 556 2117 583 ut

1140 600 1180 630 sit
1213 599 1356 636 victima,
1391 595 1540 638 placator
1574 596 1642 626 irae
1676 594 1796 633 Patris,
1827 602 1858 626 et
1882 596 1997 627 reddat
2019 595 2116 626 nobis

1139 641 1293 674 iustitiam
1315 647 1348 672 et
1368 641 1468 672 vitam
1492 645 1670 670 aeternam.

1225 685 1292 716 Sed
1316 692 1440 716 causae
1473 680 1680 723 impulsivae,
1715 692 1774 712 cur
1797 680 1910 712 fecerit
1933 680 2028 712 Deus
2051 680 2116 711 hoc

1139 726 1288 759 mirabile
1311 727 1492 764 decretum,
1520 732 1556 756 ut
1579 723 1659 755 velit
1682 725 1830 764 recipere
1853 731 1883 755 et
1905 723 2038 754 salvare
2061 734 2116 764 ge-

1139 780 1202 802 nus
1226 770 1414 806 humanum,
1436 769 1502 800 hoc
1516 768 1625 804 modo,
1649 765 1842 798 noxialiter:
1867 767 2031 798 deducunt
2055 775 2117 796 nos

1139 813 1182 844 ad
1218 812 1518 844 considerationem
1562 810 1705 842 iustitiae
1741 816 1772 841 et
1806 809 2052 841 misericordiae
2085 809 2117 839 in

1140 855 1226 894 Deo,
1250 861 1283 887 et
1305 855 1348 886 ad
1371 854 1521 885 actiones
1545 853 1720 886 distinctas
1750 858 1940 884 naturarum
1969 853 2002 882 in
2026 850 2119 882 Chri-

1141 904 1204 936 sto,
1229 908 1315 940 quae
1338 902 1539 929 concurrunt
1561 897 1595 927 in
1618 906 1719 937 opere
1742 895 1975 936 redemptionis
1999 900 2031 926 et
2054 892 2119 924 sal—

1124 963 1127 966 <
1140 941 1291 973 vationis.

1228 983 1279 1015 Ac
1313 984 1457 1015 continet
1491 982 1574 1014 hacc
1602 988 1672 1014 tota
1695 982 1845 1013 doctrina
1868 981 1909 1012 de
1931 980 2041 1012 causis
2066 989 2119 1011 co-

1140 1025 1320 1067 pulationis
1343 1027 1481 1058 duarum
1499 1032 1688 1057 naturarum
1718 1026 1751 1056 in
1779 1022 1930 1061 Christo,
1953 1024 2120 1054 inenarra—

1141 1069 1240 1101 bilem
1258 1069 1463 1110 sapientiam.

1207 1112 1317 1143 Prima
1329 1121 1432 1144 causa
1445 1117 1511 1142 est:
1535 1111 1632 1147 Quia,
1645 1111 1707 1142 nisi
1720 1111 1888 1142 decretum
1901 1115 2001 1147 esset,
2026 1109 2120 1140 111λὸ-

1142 1167 1190 1195 γος
1213 1158 1286 1197 (per
1309 1165 1406 1196 quem
1429 1160 1576 1186 creatum
1596 1152 1704 1185 fuerat
1727 1163 1833 1195 genus
1857 1152 2048 1189 humanum)
2071 1161 2121 1182 as-

1141 1204 1288 1230 sumeret
1308 1204 1458 1229 naturam
1482 1202 1640 1235 nostram,
1662 1195 1810 1228 funditus
1829 1195 1999 1236 periisset,
2035 1200 2067 1225 et
2090 1195 2122 1225 in

1141 1240 1278 1273 nihilum
1312 1241 1448 1272 redacta
1481 1239 1601 1272 fuisset
1623 1245 1693 1271 tota
1715 1249 1826 1271 massa
1854 1244 1992 1269 naturae
2013 1236 2124 1268 huma-

1141 1294 1218 1316 nae:
1253 1283 1372 1315 Totum
1395 1284 1492 1315 etiam
1511 1293 1595 1323 opus
1618 1283 1730 1314 mundi
1751 1281 1877 1313 frustra
1905 1279 2024 1312 fuisset
2046 1290 2123 1312 con-

1141 1327 1254 1359 ditum.
1321 1325 1432 1358 Adam
1465 1332 1500 1357 et
1531 1325 1604 1357 Eva
1637 1326 1790 1367 oppressi
1823 1324 1966 1356 fuissent
1987 1328 2121 1355 aeterna

1141 1376 1258 1409 morte,
1282 1379 1346 1401 nec
1370 1375 1591 1412 generassent
1612 1374 1768 1410 posteros
1786 1366 1887 1401 ullos.
1932 1366 2024 1399 Haec
2048 1376 2123 1398 cau-

1141 1423 1180 1445 sa
1201 1413 1314 1487 maglni
1347 1413 1504 1445 momenti
1537 1417 1601 1451 est,
1635 1411 1677 1443 de
1710 1421 1776 1453 qua
1795 1420 1895 1452 saepe
1918 1410 2020 1442 recito
2043 1407 2121 1441 illos

1141 1466 1276 1489 vet-sicu
1292 1465 1347 1487 os:

1227 1518 1282 1548 Nil
1301 1525 1381 1555 sum,
1404 1518 1494 1547 nulla
1514 1516 1616 1547 miser
1638 1518 1713 1546 nore·
1733 1515 1849 1546 solatia
1871 1523 2016 1546 massam

1228 1561 1411 1591 Humanam
1434 1562 1500 1590 nise·
1520 1560 1604 1598 qnod
1623 1563 1658 1590 tu
1680 1567 1799 1598 quoque
1832 1558 1958 1590 Christe
1977 1561 2076 1597 yere's.

1227 1626 1304 1658 Ideo
1339 1637 1401 1659 nos
1437 1636 1568 1659 sumus:
1603 1627 1680 1658 Ideo
1715 1626 1897 1664 salvamur,
1933 1626 2008 1667 quia
2032 1624 2121 1657 filius

1140 1671 1321 1711 assumpsit
1344 1680 1491 1701 massam
1513 1675 1648 1701 nostrae
1671 1670 1792 1701 carnis.
1837 1669 1911 1700 Non
1925 1675 2033 1701 autem
2056 1667 2123 1700 sru-

1141 1720 1211 1744 stra
1246 1713 1436 1753 assumpsit,
1470 1713 1530 1744 sed
1563 1719 1596 1744 ut
1631 1712 1692 1744 sibi
1723 1713 1847 1743 inserat
1877 1722 1939 1743 nos
1968 1718 2122 1752 tanquam

1142 1754 1309 1793 surculos,
1345 1762 1378 1786 ut
1403 1756 1474 1796 ipse
1496 1756 1539 1786 sit
1560 1756 1653 1792 vitis,
1689 1765 1751 1786 nos
1774 1753 1936 1796 palmites.
2008 1754 2120 1790 Quare

1142 1797 1314 1830 versiculis
1337 1797 1404 1829 illis
1428 1798 1550 1829 addere
1569 1797 1680 1829 soleo:

1214 1859 1281 1889 Hoc
1303 1862 1418 1889 mirum
1439 1860 1557 1897 foedus
1580 1868 1669 1889 mens
1691 1868 1819 1898 semper
1837 1862 1958 1897 coquet.
1984 1859 2050 1889 I'no

1275 1902 1338 1931 Hoc
1361 1906 1411 1932 est
1431 1912 1471 1932 ην
1493 1902 1602 1932 dechila
1621 1903 1754 1940 foedere
1774 1906 1871 1941 parm
1893 1904 1992 1932 salus.

1588 1970 1682 2000 Item:

1215 2029 1257 2060 Tu
1281 2039 1328 2060 me
1350 2034 1494 2061 stt-eleum
1514 2032 1675 2069 s'raye‘lem.
1699 2034 1732 2061 tn
1759 2031 1885 2061 (Ἰιιίζςίν
1904 2029 2056 2068 yuberna,

1272 2074 1344 2110 Fac,
1368 2077 1402 2103 n!
1422 2075 1482 2103 sim
1502 2082 1629 2103 massae
1651 2073 1799 2103 surculus
1822 2076 1891 2112 ipse
1909 2077 1991 2103 Imm.

1228 2139 1324 2171 Haud
1348 2141 1445 2171 dubie
1468 2140 1550 2171 haec
1573 2146 1622 2171 est
1652 2150 1779 2172 summa
1803 2142 1942 2172 omnium
1968 2138 2120 2171 consola-

1141 2184 1277 2220 tionum,
1300 2183 1341 2214 de
1365 2184 1458 2215 cuius
1481 2184 1705 2226 magnitudine
1728 2194 1794 2214 non
1817 2190 1924 2224 potest
1950 2183 2032 2214 satis
2056 2183 2118 2214 dici

1142 2225 1197 2258 vel
1219 2226 1370 2268 cogitari.

1227 2268 1344 2300 Altera
1368 2279 1482 2307 causa,
1506 2279 1609 2310 quare
1633 2270 1835 2310 congruebat
1856 2268 2019 2299 Christum
2044 2278 2120 2300 esse

1141 2311 1314 2347 hominem,
1339 2318 1402 2349 est,
1436 2311 1520 2347 Quia
1545 2311 1642 2343 homo
1667 2318 1880 2352 peccaverat,
1917 2312 2120 2352 congruebat

1141 2355 1259 2387 111-511118
1271 2354 1347 2393 Β81,
1369 2362 1401 2385 ut
1427 2353 1544 2396 aliquis
1564 2365 1603 2386 ex
1627 2364 1749 2396 genere
1772 2354 1914 2385 humano
1938 2355 2118 2385 sustineret

1141 2408 1297 2440 poenam,
1332 2398 1408 2439 quia
1430 2396 1524 2429 Deus
1548 2407 1611 2429 non
1636 2398 1767 2428 remittit
1797 2402 1935 2437 peccata
1959 2407 1998 2427 ex
2022 2395 2119 2428 futili-

1140 2447 1219 2478 tate,
1254 2441 1326 2472 sine
1361 2441 1651 2481 compensatione,
1685 2440 1743 2471 sed
1771 2439 1839 2471 vult
1861 2439 2014 2471 satisfieri
2037 2448 2117 2471 suae

1140 2484 1294 2516 iustitiae.
1361 2483 1403 2514 Et
1426 2484 1579 2524 quoniam
1604 2484 1634 2513 in
1658 2483 1769 2523 specie
1798 2482 1855 2514 illa
1878 2481 2019 2514 humana
2043 2492 2118 2524 pec-

1142 2532 1251 2558 catum
1286 2532 1357 2557 erat
1385 2527 1584 2563 admissum,
1618 2526 1852 2563 conveniebat,
1886 2532 1919 2557 111
1943 2525 2061 2567 aliquis
2084 2526 2116 2556 in

1141 2569 1254 2601 eadem
1278 2570 1391 2610 specie
1413 2574 1503 2600 essct
1528 2569 1668 2601 victima.
1726 2568 1785 2599 Est
1806 2575 1912 2600 autem
1937 2570 2117 2600 immensae

1140 2612 1396 2649 misericordiae,
1417 2612 1504 2652 quod
1528 2622 1602 2643 cum
1625 2621 1721 2642 nemo
1745 2610 1910 2644 hominum
1934 2618 2022 2644 esset
2045 2611 2116 2643 sine
