2324 2958
52 172 116 206 ‘281

55 266 191 303 mundo,
222 263 374 294 omnibus
405 262 608 302 temporibus
631 267 768 303 propter
791 260 1025 300 idololatriam,

58 309 186 346 caedes,
208 312 241 337 et
263 304 424 336 libidines.

139 348 477 382 lam-considerentur
509 347 606 378 etiam
629 355 767 382 causae,
802 355 904 387 quare
932 344 1024 376 Deus

58 400 121 428 tam
142 401 258 424 severe
277 390 388 431 puniat
418 390 659 421 contaminatos
687 387 889 427 libidinibus,
913 394 946 420 et
966 399 1026 420 cur

57 435 133 470 velit
154 432 218 465 coli
241 433 438 470 castitatem,
462 438 493 463 et
515 432 571 464 ubi
590 431 746 463 manserit
763 431 797 461 in
820 441 943 473 genere
967 430 1026 461 hu-

56 487 149 512 mano
171 476 268 507 huius
290 476 419 506 virtutis
449 473 635 506 intellectus
669 480 700 505 et
723 475 920 505 reverentia.
965 473 1026 504 Est

54 522 149 564 igitur
165 517 355 560 principalis
378 527 490 555 causa,
521 528 580 548 cur
601 516 695 549 Deus
716 515 795 548 velit
816 523 927 547 notam
950 525 1027 547 esse

55 563 254 599 castitatem,
284 568 319 592 ut
342 561 505 598 sciamus,
540 561 648 591 Deum
676 568 754 590 esse
774 560 950 590 essentiam
974 569 1027 589 ca-

53 611 156 642 stam,
186 610 216 635 et
249 605 479 635 discernamus
512 613 585 634 eum
608 613 629 634 a
659 600 810 633 Diabolis
840 601 1026 639 immundis,

52 648 128 680 Ideo
151 647 235 678 enini
257 645 326 678 vult
350 645 486 688 intelligi
509 646 707 682 castitatem,
735 652 767 676 et
791 651 941 675 caeteras
964 645 1027 674 vir-

51 697 155 722 tutes:
189 689 265 721 ldeo
301 689 395 720 etiam
433 689 523 730 punit
558 687 758 719 horribiliter
786 685 958 725 libidines,
991 692 1028 717 ut

51 739 165 765 extent
192 732 397 769 testimonia,
432 731 520 773 quod
555 732 598 761 sit
625 729 738 768 Deus,
767 737 800 760 et
833 729 941 771 qualis
971 729 1026 767 sit,

51 776 130 808 Item
152 782 187 807 ut
210 775 294 806 ordo
317 775 472 805 virtutum
485 775 527 805 sit
544 773 765 804 testimonium
788 772 1026 814 providentiae,

50 824 83 851 et
104 827 231 860 poenae
254 823 417 849 testentur
441 818 481 848 de
503 816 625 848 iudicio
649 816 770 847 divino.

137 860 245 901 Saepe
267 860 370 891 recito
395 858 482 890 hunc
510 869 661 890 versum:
685 856 792 890 'Casta
820 859 909 889 Deus
937 866 1027 888 mens

50 909 107 944 esc,
129 908 221 935 casta
242 905 307 934 ruit
327 907 433 934 mente
456 905 572 934 vocari.
607 901 689 932 Cum
702 902 907 938 invocamus,
930 908 1026 940 opor-

49 952 95 978 tet
118 946 272 988 cogitari,
304 946 380 987 quid
403 946 607 976 invocemus.
663 943 803 984 Oportet
832 943 864 973 in
892 943 1026 973 iuvoca-

49 989 139 1020 tione
156 989 332 1030 seiungere
346 988 453 1019 Deum
476 989 518 1018 ab
537 986 611 1018 aliis
635 986 807 1018 creaturis.
841 985 917 1016 Non
940 984 1026 1015 enim

49 1030 326 1073 apprehendimus
364 1041 461 1062 manu
494 1029 624 1067 Deum,
665 1039 727 1060 nec
755 1030 917 1059 intuemur
952 1037 1027 1058 eum

50 1073 157 1106 oculis
187 1072 416 1114 corporalibus
445 1075 477 1104 in
501 1072 563 1104 hac
593 1073 670 1103 vita.
722 1071 889 1102 Intuemur
917 1076 1026 1100 autem

49 1127 126 1149 eum
148 1123 267 1155 mente,
290 1123 321 1148 et
345 1116 544 1158 cogitatione
568 1115 785 1146 discernimus
809 1123 882 1144 euni
905 1123 924 1144 a
947 1111 1026 1143 Dia-

50 1158 149 1198 bolis,
172 1160 233 1191 etsi
258 1167 408 1190 neutrum
423 1158 583 1196 videmus,
606 1167 667 1188 nec
680 1155 852 1198 palpamus
865 1156 1026 1186 manibus.

136 1202 267 1233 Etlinici
300 1201 449 1233 fecerunt
485 1199 714 1232 confusionem
749 1199 830 1236 Dei,
866 1200 1027 1229 bonorum

49 1244 255 1287 angelorum,
279 1250 311 1275 et
328 1243 556 1275 Diabolorum.
603 1243 729 1274 Omnes
759 1242 843 1272 istos
867 1246 1028 1272 vocarunt

49 1287 154 1319 Deos.
198 1290 244 1319 lta
267 1297 333 1318 non
357 1287 455 1318 debet
478 1286 549 1318 fieri
567 1296 587 1316 a
610 1286 707 1316 nobis
730 1285 763 1315 in
787 1282 951 1315 Ecclesia.

136 1330 345 1372 Cogitemus,
379 1330 466 1360 hanc
497 1338 576 1360 esse
608 1328 771 1369 insignem
804 1326 1029 1364 differentiam,

51 1379 86 1405 et
106 1373 190 1404 inter
211 1373 412 1414 precandum
434 1377 540 1402 mente
563 1377 596 1402 et
619 1371 730 1401 verbis
753 1370 929 1400 discrimen
948 1368 1029 1399 illud

51 1416 282 1456 exprimamus,
317 1414 404 1455 quod
427 1413 521 1445 Deus
553 1413 596 1444 sit
619 1423 739 1450 verax,
771 1413 896 1449 iustus,
936 1413 1030 1442 bene—

52 1458 147 1496 ficus,
170 1457 371 1495 misericors,
394 1462 530 1497 propter
553 1454 666 1493 filium,
690 1461 723 1485 et
746 1460 870 1485 castus.
905 1453 1030 1484 Contra

53 1501 142 1542 quod
164 1498 328 1532 Diabolus
352 1501 395 1530 sit
417 1499 551 1539 spiritus
574 1498 776 1534 immundus,
805 1497 859 1538 qui
887 1495 1029 1527 delecte-

52 1549 104 1574 tur
127 1543 307 1574 mendaciis
338 1548 371 1573 et
404 1542 630 1574 destructione
665 1540 796 1582 generis
819 1540 964 1577 humani,
999 1544 1030 1569 et

50 1585 163 1616 incitet
198 1585 337 1616 miseros
370 1584 521 1615 homines
555 1584 596 1614 ad
615 1582 768 1614 libidines
798 1589 920 1619 tetras,
954 1581 1029 1612 odio

50 1627 124 1659 Dei.
179 1627 263 1659 Nam
296 1627 357 1667 ipsi
393 1624 473 1657 nihil
505 1632 642 1666 prosunt
666 1624 835 1663 libidines,
870 1635 944 1655 cum
963 1634 1029 1654 non

52 1671 95 1702 sit
118 1681 252 1712 corpus,
275 1679 337 1701 nec
358 1668 480 1700 habeat
502 1678 646 1705 carnem,
669 1668 802 1698 mixtam
825 1677 866 1698 ex
880 1666 1031 1697 Elemen-

51 1715 106 1746 tiS.
163 1715 290 1745 Interim
325 1718 434 1743 tamen
471 1712 634 1753 cupiditas
668 1711 835 1741 vindictae
868 1710 1030 1740 adversus

51 1756 175 1794 Deum,
209 1763 240 1787 et
260 1754 399 1794 malitia,
432 1763 498 1796 qua
531 1755 641 1785 studet
675 1763 797 1785 nocere
832 1752 1030 1790 hominibus,

53 1798 195 1832 delectat
219 1809 303 1830 eum.

139 1842 250 1874 Manet
273 1846 382 1872 autem
400 1841 432 1870 in
455 1838 528 1872 sola
545 1838 700 1871 Ecclesia
721 1836 908 1869 intellectus
933 1837 1031 1868 casti—

52 1886 150 1924 tatis,
179 1891 211 1916 et
234 1883 346 1925 aliqua
375 1883 445 1914 eius
475 1882 670 1914 reverentia.
717 1880 843 1912 Gentes
867 1890 933 1911 non
956 1879 1030 1910 reti-

52 1934 195 1960 nuerunt
221 1925 421 1958 intellectum
452 1926 632 1963 castitatis,
660 1925 888 1965 approbarunt
910 1923 1031 1954 abomi-

53 1971 181 2002 nandas
216 1969 431 2002 confusiones
464 1966 642 1999 libidinum.
700 1967 791 2009 Papa
825 1967 922 1998 etiam
957 1976 1030 1997 cum

54 2024 117 2046 suo
144 2014 270 2054 impuro
305 2010 470 2044 coelibatu
504 2010 567 2043 hac
601 2009 676 2041 labe
710 2010 853 2051 aspersit
884 2009 1030 2040 ordinem

53 2055 312 2088 sacerdotalem:
337 2054 377 2085 Et
390 2053 569 2095 pleraeque
581 2060 694 2085 sectae
716 2060 749 2085 et
771 2052 929 2084 haereses
953 2061 1031 2083 con·
1054 2038 1060 2089 l

52 2098 228 2131 timinatae
251 2097 378 2130 fuerunt
398 2095 597 2135 libidinibus,
621 2102 657 2127 ut
669 2095 1030 2136 hodieAnabaptistae.
1055 2093 1060 2165 Ι

140 2141 213 2173 Hoc
249 2139 424 2182 diligenter
458 2139 648 2170 consideret
683 2140 852 2177 iuventuS,
887 2145 923 2170 ut
956 2139 1031 2179 quia

52 2190 166 2216 sumus
190 2184 339 2215 membra
368 2181 561 2219 Ecclesiae,
595 2191 708 2212 amore
742 2183 906 2213 castitatis
935 2191 1031 2213 orne-

51 2237 124 2258 mus
134 2225 331 2262 Ecclesiam,
345 2235 411 2255 non
425 2224 657 2256 deformemus.
680 2225 854 2266 Nunquam
866 2235 908 2255 ex
922 2225 1030 2255 animo

51 2270 256 2310 deponamus
276 2274 456 2310 praecepta
474 2268 567 2298 vocis
595 2267 724 2298 divinae
747 2268 787 2298 de
812 2268 976 2304 castitate,
1000 2274 1031 2299 et

53 2310 201 2353 exempla
215 2321 404 2353 poenarum.
431 2308 585 2340 Profecto
605 2311 690 2341 enim
706 2320 859 2352 magnum
877 2310 1030 2352 quiddam

53 2361 116 2394 est,
135 2356 223 2397 quod
236 2352 401 2394 scriptura
414 2353 534 2394 inquit:
560 2353 637 2384 Sine
647 2357 793 2385 castitate
805 2363 897 2385 nemo
917 2354 1034 2385 ridebit

52 2399 164 2430 Deum.
199 2397 240 2428 Et
250 2397 278 2428 si
292 2397 397 2428 maior
415 2405 493 2426 cura
511 2396 672 2426 castitatis
684 2402 787 2434 esset,
810 2398 918 2427 minus
941 2403 1031 2428 esset

75 2450 232 2472 oenarum
256 2445 288 2470 et
299 2437 551 2470 dissolutionum
563 2439 595 2468 in
609 2439 759 2470 omnibus
773 2439 932 2481 gradibus
945 2439 1030 2472 vitae

51 2451 223 2514 gumanae.

139 2525 215 2556 Non
234 2529 346 2566 potest
367 2523 450 2554 satis
474 2523 537 2554 dici
561 2523 603 2555 de
624 2524 829 2564 praestantia
857 2525 1028 2564 castitatis,

53 2573 88 2599 et
110 2568 152 2599 de
186 2567 374 2609 ingentibus
402 2566 565 2604 miseriis,
599 2575 686 2607 quae
721 2567 918 2598 comitantur
952 2578 1030 2600 con-

50 2610 183 2641 trariam
218 2609 461 2650 turpitudinem.
518 2607 762 2640 Adulescentes
797 2608 875 2642 huic
905 2610 1029 2653 cogita·

1047 449 1056 1057 ——————.—-—-———a

738 167 955 201 POSTILLA
973 166 1370 201 MELANTHONIANA.

1989 172 2055 205 282

1077 263 1158 294 tioni
1185 262 1309 293 addant
1338 270 1455 303 preces
1485 269 1517 293 et
1552 264 1710 305 gemitus,
1745 264 1864 306 quibus
1899 271 2012 305 petant
2034 276 2056 297 a

1077 304 1151 336 Deo
1174 305 1370 342 castitatem,
1395 310 1427 335 et
1445 305 1688 344 continentiam,
1718 315 1750 338 et
1775 313 1867 338 orent
1891 307 2010 348 depelli
2034 318 2056 339 a

1077 358 1115 379 se
1137 346 1327 385 Diabolum,
1359 348 1415 388 qui
1449 348 1584 378 mirifice
1623 350 1757 380 insidias
1793 351 1887 381 struit
1922 349 2054 381 iuvenili

1077 391 1188 428 aetati,
1217 396 1251 421 ut
1270 390 1398 420 sauciet
1421 391 1658 429 conscientias,
1693 399 1723 422 et
1758 391 1901 433 implicet
1932 391 2054 424 multos

1076 432 1290 464 horribilibus
1311 433 1440 473 poenis.

1164 476 1242 507 Erat
1281 475 1411 516 quidam
1445 481 1560 516 pastor
1589 476 1622 506 in
1657 477 1777 516 oppido
1801 476 1930 515 weida,
1966 478 2055 518 qnod

1079 529 1144 549 non
1169 519 1242 549 dico
1265 518 1308 549 ad
1331 518 1524 559 cuiusquam
1548 519 1796 557 contumeliam,
1827 521 1884 551 sed
1914 527 1948 551 ut
1979 521 2056 551 ado-

1078 561 1245 593 lescentes
1270 561 1399 592 discant
1418 559 1614 602 intelligere,
1644 568 1676 592 et
1695 563 1797 591 vitare
1821 563 1955 594 insidias
1975 561 2055 593 Dia-

1080 603 1156 635 boli.
1207 603 1274 634 lstc
1306 603 1450 634 habebat
1483 603 1658 634 honestam
1694 605 1882 642 coniugem,
1917 615 1955 635 ex
1991 616 2057 646 qua

1079 648 1175 678 etiam
1201 645 1322 677 liberos
1335 652 1543 685 susceperat,
1567 647 1626 677 sed
1645 647 1751 688 attigit
1769 646 1893 687 aliquot.
1917 647 2056 685 alienas,

1080 699 1119 720 ac
1137 689 1269 720 tandem
1294 689 1421 719 carceri
1445 686 1594 719 inclusus
1617 695 1678 720 est.
1732 688 1807 720 Dux
1832 689 1992 726 loannes,
2024 695 2057 720 ut

1080 733 1212 762 amabat
1228 732 1426 769 castitatem,
1450 731 1495 761 ita
1518 731 1613 762 iussit
1636 741 1708 762 eum
1734 730 1901 763 decollari.
1937 732 2058 762 Pastor

1080 776 1111 805 in
1130 775 1203 815 ipso
1226 772 1388 814 supplicio
1418 773 1542 814 gratias
1576 775 1697 814 agebat
1719 773 1809 811 Deo,
1841 775 1928 815 quod
1961 785 2056 805 revo-

1080 825 1171 848 caret
1203 817 1309 857 ipsum
1343 816 1386 846 ad
1419 816 1668 855 poenitentiam,
1702 827 1743 847 ac
1776 817 1989 858 profitebatur
2019 827 2056 848 se

1079 866 1188 897 antea,
1210 869 1284 890 cum
1303 868 1404 899 saepe
1417 858 1590 889 habuisset
1613 860 1644 889 in
1661 861 1770 890 animo
1790 866 1914 891 mutare
1933 870 2054 897 mores,

1079 908 1186 933 tamen
1210 901 1386 942 aliquoties
1409 899 1574 942 relapsum
1595 911 1680 932 esse.
1735 901 1811 932 ltem
1841 912 1877 933 se
1902 903 2056 943 coegisse

1079 943 1217 975 ancillas
1248 944 1407 985 quasdam
1430 944 1472 975 ad
1505 942 1672 975 libidinem
1706 946 1859 985 apposito
1885 943 1990 976 cultro
2014 945 2057 976 ad

1078 994 1194 1028 pectus
1218 986 1357 1018 illarum.
1403 986 1477 1017 Hoc
1507 993 1597 1017 certe
1626 986 1724 1027 plane
1753 994 1803 1018 est
1834 986 2056 1026 Diabolicum,

1078 1031 1201 1061 addere
1224 1030 1358 1071 flagitiis
1382 1029 1570 1060 molitiones
1592 1030 1739 1061 caedium
1754 1031 2056 1071 perpetrandarnm.

1080 1073 1174 1104 Adeo
1197 1072 1275 1104 furit
1309 1078 1340 1103 et
1375 1073 1479 1103 saevit
1503 1071 1667 1103 Diabolus
1697 1073 1730 1103 in
1763 1074 1919 1104 miserum
1949 1083 2055 1114 genus

1079 1116 1265 1147 humanum.

1165 1157 1275 1189 Debet
1297 1163 1406 1189 autem
1429 1158 1472 1189 ad
1489 1167 1608 1199 preces
1627 1157 1776 1188 adhiberi
1800 1159 1895 1188 ctiam
1919 1158 2056 1189 circum·

1079 1202 1206 1242 spectio
1241 1200 1403 1242 quaedam
1437 1202 1469 1232 in
1506 1201 1648 1232 vitandis
1683 1201 1936 1238 occasionibus,
1977 1201 2052 1241 quia

1080 1244 1286 1275 verissimum
1321 1248 1373 1275 est
1405 1244 1494 1285 quod
1529 1244 1663 1275 dicitur:
1717 1245 1818 1274 l'e'tare
1848 1249 1980 1283 peccata
2011 1247 2061 1275 esc

1081 1290 1181 1318 citare
1203 1290 1387 1318 occasiones
1407 1289 1542 1327 peccati.
1597 1285 1721 1317 Contra
1755 1297 1853 1324 vero,
1893 1288 1953 1324 Qui
1973 1291 2061 1317 amat

1078 1332 1256 1370 periculum
1273 1330 1396 1369 peribic
1416 1333 1449 1360 in
1472 1332 1544 1361 illo:
1576 1328 1618 1359 Et
1653 1328 1718 1360 hoc
1751 1328 1866 1360 volunt
1891 1328 1948 1360 illa
1972 1329 2059 1360 dicta

1080 1378 1269 1414 poetarum:
1295 1372 1372 1413 Ipse
1384 1375 1536 1403 alimenta
1557 1373 1620 1404 sibi
1641 1376 1782 1403 maxima
1800 1374 1936 1412 praebet
1956 1382 2058 1403 amor.

1081 1415 1176 1446 item:
1201 1417 1308 1446 Intrat
1321 1425 1413 1446 amor
1434 1419 1559 1447 mentes
1582 1425 1652 1452 usu,
1676 1416 1852 1446 dediscitur
1871 1425 1937 1446 asu.

1365 1579 1428 1619 De
1461 1580 1639 1619 secundo
1671 1580 1767 1619 loco.

1169 1668 1344 1701 Secundus
1356 1668 1452 1701 locus
1476 1675 1529 1700 est
1553 1669 1593 1700 de
1605 1669 1781 1711 Coniugio,
1800 1670 1887 1711 quod
1912 1676 2060 1710 estpars

1083 1712 1243 1753 quaedam
1275 1712 1447 1743 castitatis.
1503 1712 1777 1753 Quandocumque
1811 1719 1918 1744 autem
1953 1713 2062 1743 dicen·

1083 1756 1158 1786 dum
1182 1761 1233 1785 est
1257 1755 1297 1786 de
1321 1755 1492 1796 coniugio,
1522 1754 1776 1795 pulcherrimum
1801 1762 1867 1793 est,
1899 1755 1998 1786 ordiri
2020 1755 2062 1786 ab

1083 1797 1141 1828 illa
1164 1798 1326 1829 concione
1354 1798 1386 1828 in
1411 1798 1551 1829 Genesi:
1586 1800 1681 1829 Βιζιτῖί
1708 1800 1877 1837 Dama-us,
1911 1800 1980 1830 Non
2015 1802 2066 1829 est

1083 1842 1206 1880 bonum,
1228 1842 1386 1872 hominem
1420 1851 1492 1872 esse
1524 1843 1633 1872 solum.
1691 1841 1737 1871 lta
1768 1841 1852 1871 enim
1876 1841 2020 1872 ordimur
2043 1850 2063 1871 a

1082 1881 1184 1913 fontc.
1230 1883 1281 1914 Ac
1295 1889 1419 1914 certum
1438 1884 1534 1914 nobis
1559 1884 1612 1921 sit,
1636 1884 1725 1924 quod
1749 1882 1915 1924 singulare
1939 1882 2063 1923 aliquid

1083 1926 1289 1964 instituatur,
1327 1927 1456 1967 quoties
1479 1927 1511 1957 in
1535 1927 1700 1967 scriptura
1724 1925 1859 1968 legitur:
1884 1928 1978 1958 mut
2002 1926 2062 1957 Da-

1082 1974 1198 2000 minus.
1244 1968 1304 1999 Est
1327 1970 1412 2000 enim
1435 1970 1552 2008 (licere,
1578 1980 1651 2000 cum
1675 1968 1747 1999 Deo
1773 1969 1934 2007 tribuitur,
1967 1970 2064 2006 idem,

1083 2012 1172 2053 quod
1193 2012 1373 2043 decernere
1387 2018 1417 2042 et
1430 2013 1562 2043 sancire
1580 2012 1729 2043 mirando
1754 2010 1905 2049 consilio,
1928 2017 2062 2052 propter

1084 2064 1204 2085 causas
1227 2055 1455 2095 gravissimas,
1480 2064 1541 2086 nec
1561 2054 1668 2085 solum
1688 2065 1809 2085 arcana
1824 2053 2061 2086 deliberatione

1083 2103 1247 2135 statuere,
1283 2098 1343 2128 sed
1367 2098 1462 2128 etiam
1486 2096 1673 2138 patefacere
1697 2098 1809 2139 generi
1833 2097 1974 2128 hnmano
1997 2096 2063 2127 hoc

1084 2138 1268 2178 consilium,
1291 2150 1352 2171 seu
1375 2141 1542 2172 decretum
1566 2151 1627 2171 sua
1646 2150 1740 2171 voce.

1170 2182 1290 2214 Postea
1315 2184 1343 2214 si
1366 2183 1506 2214 addatur
1529 2182 1586 2214 illa
1610 2183 1791 2214 sententia:
1821 2184 1926 2214 Erunt
1943 2183 2006 2213 (lem
2029 2185 2064 2213 in

1083 2236 1213 2257 carnem
1232 2236 1338 2265 unam,
1362 2226 1394 2257 id
1418 2233 1481 2265 est,
1504 2235 1589 2257 unus
1613 2235 1684 2257 mas
1709 2232 1739 2256 et
1764 2236 1826 2256 una
1851 2225 1994 2255 foemina
2020 2225 2066 2255 in·

1084 2268 1312 2308 separabiliter
1330 2270 1442 2300 iuncti:
1477 2267 1574 2300 facile
1598 2275 1667 2307 est,
1698 2275 1851 2299 extruere
1883 2275 1985 2298 totam
2011 2268 2065 2298 de-

1083 2311 1264 2343 finitionem
1288 2312 1442 2353 coniugii.
1488 2311 1548 2343 Est
1579 2312 1663 2342 enim
1688 2310 1832 2352 legitima
1863 2316 1896 2341 et
1923 2310 2065 2341 indisso—

1082 2351 1193 2385 lubilis
1223 2355 1409 2386 coniunctio
1433 2356 1530 2386 unius
1560 2355 1660 2385 maris
1696 2359 1727 2384 et
1761 2354 1855 2383 unius
1886 2352 2061 2391 foeminae,

1082 2397 1230 2429 instituta
1253 2398 1424 2436 divinitus,
1448 2404 1484 2429 nt
1505 2406 1727 2439 agnoscamus
1747 2395 1853 2427 Deum
1876 2405 1953 2427 esse
1976 2406 2065 2427 men-

1083 2447 1148 2472 tem
1172 2446 1312 2480 castam,
1349 2446 1380 2472 et
1402 2441 1431 2472 ei
1456 2441 1488 2471 in
1512 2440 1665 2471 castitate
1700 2439 1903 2477 serviamus,
1933 2445 1965 2469 et
1999 2439 2064 2470 hoc

1082 2483 1181 2515 modo
1215 2490 1402 2525 propagato
1443 2493 1565 2525 genere
1599 2481 1741 2513 humano
1780 2480 1957 2524 colligatur
1990 2481 2064 2513 Deo

1055 2537 1057 2543 ·
1082 2531 1217 2557 aeterna
1240 2525 1404 2558 Ecclesia.

1169 2567 1205 2599 ln
1228 2569 1343 2600 eodem
1366 2568 1455 2610 quod
1478 2567 1541 2598 iam
1554 2567 1654 2598 citavi
1680 2567 1767 2598 dicto
1789 2567 2065 2609 comprehensum

1082 2617 1133 2643 est
1152 2617 1255 2643 totum
1277 2616 1504 2653 praeceptum:
1542 2611 1613 2642 Non
1637 2611 1862 2642 moechaberis.
1914 2609 1998 2641 Nam
2034 2609 2064 2641 si
