<?xml version="1.0" encoding="UTF-8"?>
<!DOCTYPE html PUBLIC "-//W3C//DTD XHTML 1.0 Transitional//EN"
    "http://www.w3.org/TR/xhtml1/DTD/xhtml1-transitional.dtd">
<html xmlns="http://www.w3.org/1999/xhtml" xml:lang="en" lang="en">
 <head>
  <title>
</title>
<meta http-equiv="Content-Type" content="text/html;charset=utf-8" />
  <meta name='ocr-system' content='tesseract 3.04.00' />
  <meta name='ocr-capabilities' content='ocr_page ocr_carea ocr_par ocr_line ocrx_word'/>
</head>
<body>
  <div class='ocr_page' id='page_1' title='image "./operaquaesupersu24melauoft/operaquaesupersu24melauoft_0486.png"; bbox 0 0 2324 2958; ppageno 0'>
   <div class='ocr_carea' id='block_1_1' title="bbox 114 148 180 181">
    <p class='ocr_par' dir='ltr' id='par_1_1' title="bbox 114 148 180 181">
     <span class='ocr_line' id='line_1_1' title="bbox 114 148 180 181; baseline 0 0"><span class='ocrx_word' id='word_1_1' title='bbox 114 148 180 181; x_wconf 79' lang='lat'><strong>919</strong></span> 
     </span>
    </p>
   </div>
   <div class='ocr_carea' id='block_1_2' title="bbox 111 238 1101 1571">
    <p class='ocr_par' dir='ltr' id='par_1_2' title="bbox 112 238 1094 489">
     <span class='ocr_line' id='line_1_2' title="bbox 114 238 1094 280; baseline -0.004 -5"><span class='ocrx_word' id='word_1_2' title='bbox 114 243 212 275; x_wconf 90' lang='lat' dir='ltr'><strong>etiam</strong></span> <span class='ocrx_word' id='word_1_3' title='bbox 235 251 273 273; x_wconf 85' lang='lat' dir='ltr'><strong>se</strong></span> <span class='ocrx_word' id='word_1_4' title='bbox 296 240 368 273; x_wconf 90' lang='lat' dir='ltr'><strong>aliis</strong></span> <span class='ocrx_word' id='word_1_5' title='bbox 393 240 497 271; x_wconf 85' lang='lat' dir='ltr'><strong>modis</strong></span> <span class='ocrx_word' id='word_1_6' title='bbox 521 238 684 280; x_wconf 72' lang='lat' dir='ltr'><strong>patefecit.</strong></span> <span class='ocrx_word' id='word_1_7' title='bbox 729 239 875 271; x_wconf 79' lang='lat' dir='ltr'><strong>Tradidit</strong></span> <span class='ocrx_word' id='word_1_8' title='bbox 902 241 1094 280; x_wconf 86' lang='lat' dir='ltr'><strong>promissio-</strong></span> 
     </span>
     <span class='ocr_line' id='line_1_3' title="bbox 113 281 1094 323; baseline -0.004 -6"><span class='ocrx_word' id='word_1_9' title='bbox 113 296 188 318; x_wconf 90' lang='lat' dir='ltr'><strong>nem</strong></span> <span class='ocrx_word' id='word_1_10' title='bbox 223 286 264 316; x_wconf 92' lang='lat' dir='ltr'><strong>de</strong></span> <span class='ocrx_word' id='word_1_11' title='bbox 298 282 381 315; x_wconf 83' lang='lat' dir='ltr'><strong>Filio</strong></span> <span class='ocrx_word' id='word_1_12' title='bbox 417 281 608 320; x_wconf 76' lang='lat' dir='ltr'><strong>salvatore,</strong></span> <span class='ocrx_word' id='word_1_13' title='bbox 647 282 734 313; x_wconf 81' lang='lat' dir='ltr'><strong>misit</strong></span> <span class='ocrx_word' id='word_1_14' title='bbox 766 281 904 314; x_wconf 85' lang='lat' dir='ltr'><strong>Filium:</strong></span> <span class='ocrx_word' id='word_1_15' title='bbox 939 281 1094 323; x_wconf 70' lang='lat' dir='ltr'><strong>patefecit</strong></span> 
     </span>
     <span class='ocr_line' id='line_1_4' title="bbox 115 325 1093 368; baseline -0.004 -8"><span class='ocrx_word' id='word_1_16' title='bbox 115 330 212 361; x_wconf 87' lang='lat' dir='ltr'><strong>etiam</strong></span> <span class='ocrx_word' id='word_1_17' title='bbox 245 336 422 368; x_wconf 82' lang='lat' dir='ltr'><strong>personam</strong></span> <span class='ocrx_word' id='word_1_18' title='bbox 457 325 598 366; x_wconf 80' lang='lat' dir='ltr'><strong>Spiritus</strong></span> <span class='ocrx_word' id='word_1_19' title='bbox 631 325 755 364; x_wconf 86' lang='lat' dir='ltr'><strong>sancti,</strong></span> <span class='ocrx_word' id='word_1_20' title='bbox 790 332 825 357; x_wconf 87' lang='lat' dir='ltr'><strong>ut</strong></span> <span class='ocrx_word' id='word_1_21' title='bbox 859 326 890 356; x_wconf 93' lang='lat' dir='ltr'><strong>in</strong></span> <span class='ocrx_word' id='word_1_22' title='bbox 931 326 1093 366; x_wconf 82' lang='lat' dir='ltr'><strong>baptismo</strong></span> 
     </span>
     <span class='ocr_line' id='line_1_5' title="bbox 114 367 693 403; baseline -0.009 0"><span class='ocrx_word' id='word_1_23' title='bbox 114 371 254 403; x_wconf 79' lang='lat' dir='ltr'><strong>Christi:</strong></span> <span class='ocrx_word' id='word_1_24' title='bbox 289 371 364 400; x_wconf 91' lang='lat' dir='ltr'><strong>item</strong></span> <span class='ocrx_word' id='word_1_25' title='bbox 392 369 423 399; x_wconf 93' lang='lat' dir='ltr'><strong>in</strong></span> <span class='ocrx_word' id='word_1_26' title='bbox 455 367 517 399; x_wconf 86' lang='lat' dir='ltr'><strong>hac</strong></span> <span class='ocrx_word' id='word_1_27' title='bbox 547 368 693 399; x_wconf 84' lang='lat' dir='ltr'><strong>historia.</strong></span> 
     </span>
     <span class='ocr_line' id='line_1_6' title="bbox 113 409 1092 452; baseline -0.005 -6"><span class='ocrx_word' id='word_1_28' title='bbox 113 415 285 446; x_wconf 81' lang='lat' dir='ltr'><strong>verissime</strong></span> <span class='ocrx_word' id='word_1_29' title='bbox 308 417 482 449; x_wconf 76' lang='lat' dir='ltr'><strong>testantur,</strong></span> <span class='ocrx_word' id='word_1_30' title='bbox 506 411 594 452; x_wconf 84' lang='lat' dir='ltr'><strong>quod</strong></span> <span class='ocrx_word' id='word_1_31' title='bbox 618 410 711 442; x_wconf 81' lang='lat' dir='ltr'><strong>Deus</strong></span> <span class='ocrx_word' id='word_1_32' title='bbox 740 410 819 442; x_wconf 83' lang='lat' dir='ltr'><strong>velit</strong></span> <span class='ocrx_word' id='word_1_33' title='bbox 848 411 910 442; x_wconf 88' lang='lat' dir='ltr'><strong>sibi</strong></span> <span class='ocrx_word' id='word_1_34' title='bbox 935 409 1092 452; x_wconf 82' lang='lat' dir='ltr'><strong>colligere</strong></span> 
     </span>
     <span class='ocr_line' id='line_1_7' title="bbox 112 453 601 489; baseline -0.01 0"><span class='ocrx_word' id='word_1_35' title='bbox 112 456 299 489; x_wconf 81' lang='lat' dir='ltr'><strong>Ecclesiam</strong></span> <span class='ocrx_word' id='word_1_36' title='bbox 319 462 350 485; x_wconf 89' lang='lat' dir='ltr'><strong>et</strong></span> <span class='ocrx_word' id='word_1_37' title='bbox 374 464 436 485; x_wconf 90' lang='lat' dir='ltr'><strong>nos</strong></span> <span class='ocrx_word' id='word_1_38' title='bbox 459 453 601 485; x_wconf 81' lang='lat' dir='ltr'><strong>salvare.</strong></span> 
     </span>
    </p>

    <p class='ocr_par' dir='ltr' id='par_1_3' title="bbox 113 494 1095 628">
     <span class='ocr_line' id='line_1_8' title="bbox 200 494 1092 541; baseline -0.004 -11"><span class='ocrx_word' id='word_1_39' title='bbox 200 499 392 541; x_wconf 75' lang='lat' dir='ltr'><strong>Cogitemus</strong></span> <span class='ocrx_word' id='word_1_40' title='bbox 426 495 547 528; x_wconf 70' lang='lat' dir='ltr'><strong>visibili</strong></span> <span class='ocrx_word' id='word_1_41' title='bbox 591 497 704 538; x_wconf 86' lang='lat' dir='ltr'><strong>speeie</strong></span> <span class='ocrx_word' id='word_1_42' title='bbox 736 496 856 528; x_wconf 81' lang='lat' dir='ltr'><strong>factam</strong></span> <span class='ocrx_word' id='word_1_43' title='bbox 885 506 960 527; x_wconf 84' lang='lat' dir='ltr'><strong>esse</strong></span> <span class='ocrx_word' id='word_1_44' title='bbox 994 494 1092 533; x_wconf 89' lang='lat' dir='ltr'><strong>hanc,</strong></span> 
     </span>
     <span class='ocr_line' id='line_1_9' title="bbox 113 536 1094 582; baseline -0.007 -8"><span class='ocrx_word' id='word_1_45' title='bbox 113 550 145 575; x_wconf 88' lang='lat' dir='ltr'><strong>et</strong></span> <span class='ocrx_word' id='word_1_46' title='bbox 178 541 260 574; x_wconf 80' lang='lat' dir='ltr'><strong>alias</strong></span> <span class='ocrx_word' id='word_1_47' title='bbox 290 540 548 582; x_wconf 78' lang='lat' dir='ltr'><strong>patefactiones,</strong></span> <span class='ocrx_word' id='word_1_48' title='bbox 578 550 644 571; x_wconf 90' lang='lat' dir='ltr'><strong>nou</strong></span> <span class='ocrx_word' id='word_1_49' title='bbox 679 545 803 571; x_wconf 90' lang='lat' dir='ltr'><strong>tantum</strong></span> <span class='ocrx_word' id='word_1_50' title='bbox 839 545 973 580; x_wconf 87' lang='lat' dir='ltr'><strong>propter</strong></span> <span class='ocrx_word' id='word_1_51' title='bbox 1005 536 1094 575; x_wconf 80' lang='lat' dir='ltr'><strong>illos,</strong></span> 
     </span>
     <span class='ocr_line' id='line_1_10' title="bbox 113 580 1095 628; baseline -0.006 -11"><span class='ocrx_word' id='word_1_52' title='bbox 113 587 168 628; x_wconf 91' lang='lat' dir='ltr'><strong>qui</strong></span> <span class='ocrx_word' id='word_1_53' title='bbox 203 592 281 616; x_wconf 89' lang='lat' dir='ltr'><strong>tunc</strong></span> <span class='ocrx_word' id='word_1_54' title='bbox 313 585 482 620; x_wconf 72' lang='lat' dir='ltr'><strong>vixerunt,</strong></span> <span class='ocrx_word' id='word_1_55' title='bbox 518 583 578 614; x_wconf 88' lang='lat' dir='ltr'><strong>sed</strong></span> <span class='ocrx_word' id='word_1_56' title='bbox 613 583 708 614; x_wconf 89' lang='lat' dir='ltr'><strong>etiam</strong></span> <span class='ocrx_word' id='word_1_57' title='bbox 739 588 876 623; x_wconf 88' lang='lat' dir='ltr'><strong>propter</strong></span> <span class='ocrx_word' id='word_1_58' title='bbox 916 591 989 612; x_wconf 80' lang='lat' dir='ltr'><strong>nos.</strong></span> <span class='ocrx_word' id='word_1_59' title='bbox 1054 580 1095 611; x_wconf 87' lang='lat' dir='ltr'><strong>Et</strong></span> 
     </span>
    </p>

    <p class='ocr_par' dir='ltr' id='par_1_4' title="bbox 111 623 1097 1139">
     <span class='ocr_line' id='line_1_11' title="bbox 137 623 1094 669; baseline -0.007 -9"><span class='ocrx_word' id='word_1_60' title='bbox 137 638 310 669; x_wconf 89' lang='lat' dir='ltr'><strong>uamquam</strong></span> <span class='ocrx_word' id='word_1_61' title='bbox 333 625 379 657; x_wconf 91' lang='lat' dir='ltr'><strong>illi</strong></span> <span class='ocrx_word' id='word_1_62' title='bbox 398 625 583 657; x_wconf 84' lang='lat' dir='ltr'><strong>habuerunt</strong></span> <span class='ocrx_word' id='word_1_63' title='bbox 606 625 694 656; x_wconf 91' lang='lat' dir='ltr'><strong>hanc</strong></span> <span class='ocrx_word' id='word_1_64' title='bbox 706 625 980 666; x_wconf 77' lang='lat' dir='ltr'><strong>praerogativam,</strong></span> <span class='ocrx_word' id='word_1_65' title='bbox 1007 623 1094 664; x_wconf 89' lang='lat' dir='ltr'><strong>quod</strong></span> 
     </span>
     <span class='ocr_line' id='line_1_12' title="bbox 113 640 1094 710; baseline -0.006 -7"><span class='ocrx_word' id='word_1_66' title='bbox 113 640 177 703; x_wconf 81' lang='lat' dir='ltr'><strong>illis</strong></span> <span class='ocrx_word' id='word_1_67' title='bbox 197 668 334 702; x_wconf 76' lang='lat' dir='ltr'><strong>visibilis</strong></span> <span class='ocrx_word' id='word_1_68' title='bbox 368 668 425 700; x_wconf 91' lang='lat' dir='ltr'><strong>illa</strong></span> <span class='ocrx_word' id='word_1_69' title='bbox 448 670 577 710; x_wconf 85' lang='lat' dir='ltr'><strong>specics</strong></span> <span class='ocrx_word' id='word_1_70' title='bbox 602 668 749 699; x_wconf 77' lang='lat' dir='ltr'><strong>exhibita</strong></span> <span class='ocrx_word' id='word_1_71' title='bbox 772 675 835 705; x_wconf 80' lang='lat' dir='ltr'><strong>est,</strong></span> <span class='ocrx_word' id='word_1_72' title='bbox 869 674 976 697; x_wconf 89' lang='lat' dir='ltr'><strong>tamen</strong></span> <span class='ocrx_word' id='word_1_73' title='bbox 1000 665 1094 697; x_wconf 87' lang='lat' dir='ltr'><strong>Deus</strong></span> 
     </span>
     <span class='ocr_line' id='line_1_13' title="bbox 113 709 1095 752; baseline -0.007 -6"><span class='ocrx_word' id='word_1_74' title='bbox 113 725 152 747; x_wconf 83' lang='lat' dir='ltr'><strong>se</strong></span> <span class='ocrx_word' id='word_1_75' title='bbox 175 715 271 746; x_wconf 90' lang='lat' dir='ltr'><strong>nobis</strong></span> <span class='ocrx_word' id='word_1_76' title='bbox 295 713 392 744; x_wconf 90' lang='lat' dir='ltr'><strong>etiam</strong></span> <span class='ocrx_word' id='word_1_77' title='bbox 416 721 517 752; x_wconf 80' lang='lat' dir='ltr'><strong>saepe</strong></span> <span class='ocrx_word' id='word_1_78' title='bbox 540 712 584 742; x_wconf 90' lang='lat' dir='ltr'><strong>ita</strong></span> <span class='ocrx_word' id='word_1_79' title='bbox 607 711 750 748; x_wconf 71' lang='lat' dir='ltr'><strong>exhibet,</strong></span> <span class='ocrx_word' id='word_1_80' title='bbox 782 717 816 741; x_wconf 86' lang='lat' dir='ltr'><strong>ut</strong></span> <span class='ocrx_word' id='word_1_81' title='bbox 839 711 870 741; x_wconf 91' lang='lat' dir='ltr'><strong>in</strong></span> <span class='ocrx_word' id='word_1_82' title='bbox 895 709 997 740; x_wconf 86' lang='lat' dir='ltr'><strong>corde</strong></span> <span class='ocrx_word' id='word_1_83' title='bbox 1017 719 1095 740; x_wconf 90' lang='lat' dir='ltr'><strong>con-</strong></span> 
     </span>
     <span class='ocr_line' id='line_1_14' title="bbox 112 751 1096 792; baseline -0.007 -3"><span class='ocrx_word' id='word_1_84' title='bbox 112 759 284 790; x_wconf 87' lang='lat' dir='ltr'><strong>vincamur</strong></span> <span class='ocrx_word' id='word_1_85' title='bbox 317 765 396 787; x_wconf 88' lang='lat' dir='ltr'><strong>esse</strong></span> <span class='ocrx_word' id='word_1_86' title='bbox 424 754 548 792; x_wconf 93' lang='lat' dir='ltr'><strong>Deum,</strong></span> <span class='ocrx_word' id='word_1_87' title='bbox 582 764 649 785; x_wconf 92' lang='lat' dir='ltr'><strong>non</strong></span> <span class='ocrx_word' id='word_1_88' title='bbox 677 754 783 784; x_wconf 88' lang='lat' dir='ltr'><strong>minus</strong></span> <span class='ocrx_word' id='word_1_89' title='bbox 813 763 853 784; x_wconf 92' lang='lat' dir='ltr'><strong>ac</strong></span> <span class='ocrx_word' id='word_1_90' title='bbox 878 751 924 784; x_wconf 84' lang='lat' dir='ltr'><strong>illi</strong></span> <span class='ocrx_word' id='word_1_91' title='bbox 954 751 1096 783; x_wconf 89' lang='lat' dir='ltr'><strong>convicti</strong></span> 
     </span>
     <span class='ocr_line' id='line_1_15' title="bbox 113 793 1093 839; baseline -0.008 -6"><span class='ocrx_word' id='word_1_92' title='bbox 113 806 191 833; x_wconf 87' lang='lat' dir='ltr'><strong>sunt</strong></span> <span class='ocrx_word' id='word_1_93' title='bbox 224 799 290 831; x_wconf 92' lang='lat' dir='ltr'><strong>illis</strong></span> <span class='ocrx_word' id='word_1_94' title='bbox 320 797 507 830; x_wconf 77' lang='lat' dir='ltr'><strong>visibilibus</strong></span> <span class='ocrx_word' id='word_1_95' title='bbox 537 798 654 839; x_wconf 81' lang='lat' dir='ltr'><strong>siguis.</strong></span> <span class='ocrx_word' id='word_1_96' title='bbox 710 795 893 827; x_wconf 90' lang='lat' dir='ltr'><strong>Teneamus</strong></span> <span class='ocrx_word' id='word_1_97' title='bbox 928 793 1093 836; x_wconf 85' lang='lat' dir='ltr'><strong>regulam:</strong></span> 
     </span>
     <span class='ocr_line' id='line_1_16' title="bbox 112 836 1095 883; baseline -0.009 -7"><span class='ocrx_word' id='word_1_98' title='bbox 112 847 207 877; x_wconf 77' lang='grc' dir='ltr'><em>Βεαιι·</em></span> <span class='ocrx_word' id='word_1_99' title='bbox 227 844 283 883; x_wconf 77' lang='lat' dir='ltr'><strong>qui</strong></span> <span class='ocrx_word' id='word_1_100' title='bbox 303 852 365 874; x_wconf 80' lang='lat' dir='ltr'><strong>non</strong></span> <span class='ocrx_word' id='word_1_101' title='bbox 396 841 520 878; x_wconf 76' lang='lat' dir='ltr'><strong>rident,</strong></span> <span class='ocrx_word' id='word_1_102' title='bbox 549 845 580 872; x_wconf 77' lang='lat' dir='ltr'><strong>et</strong></span> <span class='ocrx_word' id='word_1_103' title='bbox 599 845 705 872; x_wconf 74' lang='lat' dir='ltr'><strong>{attten</strong></span> <span class='ocrx_word' id='word_1_104' title='bbox 726 840 870 871; x_wconf 72' lang='lat' dir='ltr'><strong>credunt.</strong></span> <span class='ocrx_word' id='word_1_105' title='bbox 922 837 997 869; x_wconf 91' lang='lat' dir='ltr'><strong>Deo</strong></span> <span class='ocrx_word' id='word_1_106' title='bbox 1025 836 1095 878; x_wconf 85' lang='lat' dir='ltr'><strong>pla-</strong></span> 
     </span>
     <span class='ocr_line' id='line_1_17' title="bbox 113 879 1095 924; baseline -0.009 -5"><span class='ocrx_word' id='word_1_107' title='bbox 113 888 180 919; x_wconf 90' lang='lat' dir='ltr'><strong>cuit</strong></span> <span class='ocrx_word' id='word_1_108' title='bbox 203 887 249 917; x_wconf 89' lang='lat' dir='ltr'><strong>ita</strong></span> <span class='ocrx_word' id='word_1_109' title='bbox 272 885 450 916; x_wconf 83' lang='lat' dir='ltr'><strong>ostendere</strong></span> <span class='ocrx_word' id='word_1_110' title='bbox 475 884 630 924; x_wconf 86' lang='lat' dir='ltr'><strong>Spiritum</strong></span> <span class='ocrx_word' id='word_1_111' title='bbox 653 889 823 920; x_wconf 89' lang='lat' dir='ltr'><strong>sanctum,</strong></span> <span class='ocrx_word' id='word_1_112' title='bbox 854 888 885 912; x_wconf 80' lang='lat' dir='ltr'><strong>ct</strong></span> <span class='ocrx_word' id='word_1_113' title='bbox 914 879 1010 911; x_wconf 85' lang='lat' dir='ltr'><strong>simul</strong></span> <span class='ocrx_word' id='word_1_114' title='bbox 1039 881 1095 911; x_wconf 88' lang='lat' dir='ltr'><strong>do-</strong></span> 
     </span>
     <span class='ocr_line' id='line_1_18' title="bbox 113 923 1095 970; baseline -0.008 -8"><span class='ocrx_word' id='word_1_115' title='bbox 113 940 209 968; x_wconf 86' lang='lat' dir='ltr'><strong>cere,</strong></span> <span class='ocrx_word' id='word_1_116' title='bbox 240 926 346 970; x_wconf 88' lang='lat' dir='ltr'><strong>qualis</strong></span> <span class='ocrx_word' id='word_1_117' title='bbox 377 927 419 958; x_wconf 88' lang='lat' dir='ltr'><strong>sit</strong></span> <span class='ocrx_word' id='word_1_118' title='bbox 450 927 656 968; x_wconf 82' lang='lat' dir='ltr'><strong>regeneratio</strong></span> <span class='ocrx_word' id='word_1_119' title='bbox 687 931 719 956; x_wconf 90' lang='lat' dir='ltr'><strong>et</strong></span> <span class='ocrx_word' id='word_1_120' title='bbox 746 925 952 956; x_wconf 81' lang='lat' dir='ltr'><strong>renonvatio.</strong></span> <span class='ocrx_word' id='word_1_121' title='bbox 997 923 1095 954; x_wconf 77' lang='lat' dir='ltr'><strong>Exhi-</strong></span> 
     </span>
     <span class='ocr_line' id='line_1_19' title="bbox 113 968 1097 1014; baseline -0.009 -9"><span class='ocrx_word' id='word_1_122' title='bbox 113 974 183 1006; x_wconf 89' lang='lat' dir='ltr'><strong>buit</strong></span> <span class='ocrx_word' id='word_1_123' title='bbox 206 973 305 1014; x_wconf 86' lang='lat' dir='ltr'><strong>igitur</strong></span> <span class='ocrx_word' id='word_1_124' title='bbox 334 971 365 1001; x_wconf 89' lang='lat' dir='ltr'><strong>in</strong></span> <span class='ocrx_word' id='word_1_125' title='bbox 395 979 515 1011; x_wconf 80' lang='lat' dir='ltr'><strong>inagna</strong></span> <span class='ocrx_word' id='word_1_126' title='bbox 550 968 756 1000; x_wconf 86' lang='lat' dir='ltr'><strong>multitudine</strong></span> <span class='ocrx_word' id='word_1_127' title='bbox 786 968 850 998; x_wconf 83' lang='lat' dir='ltr'><strong>hoc</strong></span> <span class='ocrx_word' id='word_1_128' title='bbox 880 968 1029 1008; x_wconf 88' lang='lat' dir='ltr'><strong>signum,</strong></span> <span class='ocrx_word' id='word_1_129' title='bbox 1065 970 1097 996; x_wconf 84' lang='lat' dir='ltr'><strong>et</strong></span> 
     </span>
     <span class='ocr_line' id='line_1_20' title="bbox 111 1007 1097 1054; baseline -0.009 -6"><span class='ocrx_word' id='word_1_130' title='bbox 111 1015 236 1048; x_wconf 78' lang='lat' dir='ltr'><strong>addidit</strong></span> <span class='ocrx_word' id='word_1_131' title='bbox 259 1014 483 1046; x_wconf 76' lang='lat' dir='ltr'><strong>diversitatem</strong></span> <span class='ocrx_word' id='word_1_132' title='bbox 514 1010 714 1054; x_wconf 82' lang='lat' dir='ltr'><strong>linguarum:</strong></span> <span class='ocrx_word' id='word_1_133' title='bbox 750 1009 876 1041; x_wconf 86' lang='lat' dir='ltr'><strong>Postea</strong></span> <span class='ocrx_word' id='word_1_134' title='bbox 904 1010 1002 1041; x_wconf 90' lang='lat' dir='ltr'><strong>etiam</strong></span> <span class='ocrx_word' id='word_1_135' title='bbox 1033 1007 1097 1039; x_wconf 87' lang='lat' dir='ltr'><strong>alia</strong></span> 
     </span>
     <span class='ocr_line' id='line_1_21' title="bbox 111 1053 1097 1095; baseline -0.009 -4"><span class='ocrx_word' id='word_1_136' title='bbox 111 1057 283 1095; x_wconf 85' lang='lat' dir='ltr'><strong>miracula,</strong></span> <span class='ocrx_word' id='word_1_137' title='bbox 311 1062 343 1088; x_wconf 89' lang='lat' dir='ltr'><strong>et</strong></span> <span class='ocrx_word' id='word_1_138' title='bbox 365 1056 569 1088; x_wconf 84' lang='lat' dir='ltr'><strong>sanationem</strong></span> <span class='ocrx_word' id='word_1_139' title='bbox 598 1054 727 1091; x_wconf 81' lang='lat' dir='ltr'><strong>claudi,</strong></span> <span class='ocrx_word' id='word_1_140' title='bbox 763 1060 795 1085; x_wconf 85' lang='lat' dir='ltr'><strong>et</strong></span> <span class='ocrx_word' id='word_1_141' title='bbox 824 1053 1097 1084; x_wconf 84' lang='lat' dir='ltr'><strong>resuscitationes</strong></span> 
     </span>
     <span class='ocr_line' id='line_1_22' title="bbox 111 1096 786 1139; baseline -0.01 -5"><span class='ocrx_word' id='word_1_142' title='bbox 111 1108 326 1134; x_wconf 87' lang='lat' dir='ltr'><strong>mortuorum.</strong></span> <span class='ocrx_word' id='word_1_143' title='bbox 371 1099 457 1130; x_wconf 89' lang='lat' dir='ltr'><strong>Vide</strong></span> <span class='ocrx_word' id='word_1_144' title='bbox 475 1105 595 1135; x_wconf 87' lang='lat' dir='ltr'><strong>autem,</strong></span> <span class='ocrx_word' id='word_1_145' title='bbox 620 1098 695 1139; x_wconf 88' lang='lat' dir='ltr'><strong>quid</strong></span> <span class='ocrx_word' id='word_1_146' title='bbox 721 1096 786 1127; x_wconf 83' lang='lat' dir='ltr'><strong>fiat.</strong></span> 
     </span>
    </p>

    <p class='ocr_par' dir='ltr' id='par_1_5' title="bbox 111 1137 1097 1392">
     <span class='ocr_line' id='line_1_23' title="bbox 199 1137 1096 1181; baseline -0.009 -6"><span class='ocrx_word' id='word_1_147' title='bbox 199 1143 283 1175; x_wconf 90' lang='lat' dir='ltr'><strong>Cum</strong></span> <span class='ocrx_word' id='word_1_148' title='bbox 304 1143 454 1174; x_wconf 85' lang='lat' dir='ltr'><strong>audirent</strong></span> <span class='ocrx_word' id='word_1_149' title='bbox 484 1140 529 1172; x_wconf 82' lang='lat' dir='ltr'><strong>illi</strong></span> <span class='ocrx_word' id='word_1_150' title='bbox 553 1142 704 1172; x_wconf 71' lang='lat' dir='ltr'><strong>diversas</strong></span> <span class='ocrx_word' id='word_1_151' title='bbox 733 1138 883 1181; x_wconf 82' lang='lat' dir='ltr'><strong>linguas,</strong></span> <span class='ocrx_word' id='word_1_152' title='bbox 914 1137 970 1169; x_wconf 91' lang='lat' dir='ltr'><strong>alii</strong></span> <span class='ocrx_word' id='word_1_153' title='bbox 993 1147 1096 1179; x_wconf 78' lang='lat' dir='ltr'><strong>agno-</strong></span> 
     </span>
     <span class='ocr_line' id='line_1_24' title="bbox 112 1181 1097 1222; baseline -0.009 -3"><span class='ocrx_word' id='word_1_154' title='bbox 112 1194 232 1220; x_wconf 87' lang='lat' dir='ltr'><strong>verunt</strong></span> <span class='ocrx_word' id='word_1_155' title='bbox 255 1196 332 1217; x_wconf 86' lang='lat' dir='ltr'><strong>esse</strong></span> <span class='ocrx_word' id='word_1_156' title='bbox 360 1183 570 1222; x_wconf 85' lang='lat' dir='ltr'><strong>miraculum,</strong></span> <span class='ocrx_word' id='word_1_157' title='bbox 605 1182 659 1214; x_wconf 91' lang='lat' dir='ltr'><strong>alii</strong></span> <span class='ocrx_word' id='word_1_158' title='bbox 683 1183 882 1214; x_wconf 74' lang='lat' dir='ltr'><strong>deriserunt:</strong></span> <span class='ocrx_word' id='word_1_159' title='bbox 915 1181 972 1212; x_wconf 86' lang='lat' dir='ltr'><strong>Sic</strong></span> <span class='ocrx_word' id='word_1_160' title='bbox 996 1181 1097 1211; x_wconf 85' lang='lat' dir='ltr'><strong>mani-</strong></span> 
     </span>
     <span class='ocr_line' id='line_1_25' title="bbox 111 1227 1094 1268; baseline -0.009 -6"><span class='ocrx_word' id='word_1_161' title='bbox 111 1230 198 1263; x_wconf 82' lang='lat' dir='ltr'><strong>festa</strong></span> <span class='ocrx_word' id='word_1_162' title='bbox 222 1230 318 1261; x_wconf 89' lang='lat' dir='ltr'><strong>etiam</strong></span> <span class='ocrx_word' id='word_1_163' title='bbox 342 1239 444 1268; x_wconf 88' lang='lat' dir='ltr'><strong>opera</strong></span> <span class='ocrx_word' id='word_1_164' title='bbox 468 1227 548 1263; x_wconf 83' lang='lat' dir='ltr'><strong>Dei,</strong></span> <span class='ocrx_word' id='word_1_165' title='bbox 579 1233 687 1257; x_wconf 88' lang='lat' dir='ltr'><strong>tamen</strong></span> <span class='ocrx_word' id='word_1_166' title='bbox 722 1236 788 1256; x_wconf 82' lang='lat' dir='ltr'><strong>non</strong></span> <span class='ocrx_word' id='word_1_167' title='bbox 812 1230 945 1255; x_wconf 82' lang='lat' dir='ltr'><strong>movent</strong></span> <span class='ocrx_word' id='word_1_168' title='bbox 970 1233 1094 1254; x_wconf 87' lang='lat' dir='ltr'><strong>omnes.</strong></span> 
     </span>
     <span class='ocr_line' id='line_1_26' title="bbox 112 1266 1097 1312; baseline -0.009 -7"><span class='ocrx_word' id='word_1_169' title='bbox 112 1273 219 1306; x_wconf 87' lang='lat' dir='ltr'><strong>Tanta</strong></span> <span class='ocrx_word' id='word_1_170' title='bbox 253 1278 304 1303; x_wconf 81' lang='lat' dir='ltr'><strong>est</strong></span> <span class='ocrx_word' id='word_1_171' title='bbox 326 1271 475 1312; x_wconf 79' lang='lat' dir='ltr'><strong>potentia</strong></span> <span class='ocrx_word' id='word_1_172' title='bbox 498 1268 632 1300; x_wconf 86' lang='lat' dir='ltr'><strong>Diaboli</strong></span> <span class='ocrx_word' id='word_1_173' title='bbox 667 1269 698 1299; x_wconf 89' lang='lat' dir='ltr'><strong>in</strong></span> <span class='ocrx_word' id='word_1_174' title='bbox 733 1267 890 1299; x_wconf 86' lang='lat' dir='ltr'><strong>cordibus</strong></span> <span class='ocrx_word' id='word_1_175' title='bbox 916 1266 1097 1303; x_wconf 90' lang='lat' dir='ltr'><strong>hominum,</strong></span> 
     </span>
     <span class='ocr_line' id='line_1_27' title="bbox 111 1309 1097 1349; baseline -0.01 0"><span class='ocrx_word' id='word_1_176' title='bbox 111 1323 149 1349; x_wconf 88' lang='lat' dir='ltr'><strong>ut</strong></span> <span class='ocrx_word' id='word_1_177' title='bbox 171 1313 353 1347; x_wconf 83' lang='lat' dir='ltr'><strong>manifestis</strong></span> <span class='ocrx_word' id='word_1_178' title='bbox 383 1311 551 1344; x_wconf 84' lang='lat' dir='ltr'><strong>miraculis</strong></span> <span class='ocrx_word' id='word_1_179' title='bbox 575 1318 684 1342; x_wconf 86' lang='lat' dir='ltr'><strong>tamen</strong></span> <span class='ocrx_word' id='word_1_180' title='bbox 713 1321 779 1342; x_wconf 90' lang='lat' dir='ltr'><strong>non</strong></span> <span class='ocrx_word' id='word_1_181' title='bbox 803 1315 1008 1346; x_wconf 88' lang='lat' dir='ltr'><strong>moveantur,</strong></span> <span class='ocrx_word' id='word_1_182' title='bbox 1031 1309 1097 1339; x_wconf 92' lang='lat' dir='ltr'><strong>imo</strong></span> 
     </span>
     <span class='ocr_line' id='line_1_28' title="bbox 112 1355 660 1392; baseline -0.015 0"><span class='ocrx_word' id='word_1_183' title='bbox 112 1358 261 1392; x_wconf 87' lang='lat' dir='ltr'><strong>horribili</strong></span> <span class='ocrx_word' id='word_1_184' title='bbox 283 1355 396 1388; x_wconf 85' lang='lat' dir='ltr'><strong>furore</strong></span> <span class='ocrx_word' id='word_1_185' title='bbox 420 1355 660 1387; x_wconf 86' lang='lat' dir='ltr'><strong>contradicant.</strong></span> 
     </span>
    </p>

    <p class='ocr_par' dir='ltr' id='par_1_6' title="bbox 113 1393 1101 1571">
     <span class='ocr_line' id='line_1_29' title="bbox 198 1393 1099 1441; baseline -0.01 -8"><span class='ocrx_word' id='word_1_186' title='bbox 198 1401 320 1433; x_wconf 72' lang='lat' dir='ltr'><strong>Petrus</strong></span> <span class='ocrx_word' id='word_1_187' title='bbox 342 1405 418 1441; x_wconf 87' lang='lat' dir='ltr'><strong>apte</strong></span> <span class='ocrx_word' id='word_1_188' title='bbox 437 1399 515 1430; x_wconf 90' lang='lat' dir='ltr'><strong>citat</strong></span> <span class='ocrx_word' id='word_1_189' title='bbox 539 1396 761 1429; x_wconf 89' lang='lat' dir='ltr'><strong>testimonium</strong></span> <span class='ocrx_word' id='word_1_190' title='bbox 784 1393 882 1426; x_wconf 86' lang='lat' dir='ltr'><strong>Ioelis</strong></span> <span class='ocrx_word' id='word_1_191' title='bbox 911 1395 952 1427; x_wconf 85' lang='lat' dir='ltr'><strong>de</strong></span> <span class='ocrx_word' id='word_1_192' title='bbox 975 1393 1099 1435; x_wconf 87' lang='lat' dir='ltr'><strong>Spiritu</strong></span> 
     </span>
     <span class='ocr_line' id='line_1_30' title="bbox 113 1437 1098 1483; baseline -0.01 -6"><span class='ocrx_word' id='word_1_193' title='bbox 113 1450 249 1483; x_wconf 88' lang='lat' dir='ltr'><strong>sancto,</strong></span> <span class='ocrx_word' id='word_1_194' title='bbox 283 1450 315 1475; x_wconf 90' lang='lat' dir='ltr'><strong>et</strong></span> <span class='ocrx_word' id='word_1_195' title='bbox 350 1444 526 1474; x_wconf 87' lang='lat' dir='ltr'><strong>observate</strong></span> <span class='ocrx_word' id='word_1_196' title='bbox 550 1440 823 1472; x_wconf 89' lang='lat' dir='ltr'><strong>consuetudinem</strong></span> <span class='ocrx_word' id='word_1_197' title='bbox 846 1437 1098 1480; x_wconf 82' lang='lat' dir='ltr'><strong>Prophetarum.</strong></span> 
     </span>
     <span class='ocr_line' id='line_1_31' title="bbox 114 1480 1100 1527; baseline -0.01 -6"><span class='ocrx_word' id='word_1_198' title='bbox 114 1488 190 1527; x_wconf 87' lang='lat' dir='ltr'><strong>Qui,</strong></span> <span class='ocrx_word' id='word_1_199' title='bbox 221 1488 283 1519; x_wconf 83' lang='lat' dir='ltr'><strong>etsi</strong></span> <span class='ocrx_word' id='word_1_200' title='bbox 313 1486 507 1518; x_wconf 87' lang='lat' dir='ltr'><strong>describunt</strong></span> <span class='ocrx_word' id='word_1_201' title='bbox 537 1484 621 1515; x_wconf 88' lang='lat' dir='ltr'><strong>duos</strong></span> <span class='ocrx_word' id='word_1_202' title='bbox 656 1483 836 1514; x_wconf 88' lang='lat' dir='ltr'><strong>adventus:</strong></span> <span class='ocrx_word' id='word_1_203' title='bbox 870 1481 1009 1513; x_wconf 86' lang='lat' dir='ltr'><strong>alterum</strong></span> <span class='ocrx_word' id='word_1_204' title='bbox 1043 1480 1100 1511; x_wconf 83' lang='lat' dir='ltr'><strong>ad-</strong></span> 
     </span>
     <span class='ocr_line' id='line_1_32' title="bbox 114 1526 1101 1571; baseline -0.01 -7"><span class='ocrx_word' id='word_1_205' title='bbox 114 1538 247 1564; x_wconf 82' lang='lat' dir='ltr'><strong>ventum</strong></span> <span class='ocrx_word' id='word_1_206' title='bbox 280 1530 323 1562; x_wconf 88' lang='lat' dir='ltr'><strong>ad</strong></span> <span class='ocrx_word' id='word_1_207' title='bbox 356 1527 648 1571; x_wconf 80' lang='lat' dir='ltr'><strong>praedicationem,</strong></span> <span class='ocrx_word' id='word_1_208' title='bbox 683 1526 890 1568; x_wconf 84' lang='lat' dir='ltr'><strong>passionem,</strong></span> <span class='ocrx_word' id='word_1_209' title='bbox 924 1531 956 1556; x_wconf 90' lang='lat' dir='ltr'><strong>et</strong></span> <span class='ocrx_word' id='word_1_210' title='bbox 989 1533 1101 1555; x_wconf 86' lang='lat' dir='ltr'><strong>resur-</strong></span> 
     </span>
    </p>
   </div>
   <div class='ocr_carea' id='block_1_3' title="bbox 114 1566 1130 1611">
    <p class='ocr_par' dir='ltr' id='par_1_7' title="bbox 114 1566 1130 1611">
     <span class='ocr_line' id='line_1_33' title="bbox 114 1566 1130 1611; baseline -0.01 -4"><span class='ocrx_word' id='word_1_211' title='bbox 114 1575 313 1607; x_wconf 87' lang='lat' dir='ltr'><strong>rectionem:</strong></span> <span class='ocrx_word' id='word_1_212' title='bbox 347 1571 487 1604; x_wconf 89' lang='lat' dir='ltr'><strong>alterum</strong></span> <span class='ocrx_word' id='word_1_213' title='bbox 521 1570 563 1602; x_wconf 87' lang='lat' dir='ltr'><strong>ad</strong></span> <span class='ocrx_word' id='word_1_214' title='bbox 598 1570 768 1607; x_wconf 85' lang='lat' dir='ltr'><strong>iudicium,</strong></span> <span class='ocrx_word' id='word_1_215' title='bbox 803 1577 865 1599; x_wconf 89' lang='lat' dir='ltr'><strong>seu</strong></span> <span class='ocrx_word' id='word_1_216' title='bbox 889 1566 1101 1611; x_wconf 80' lang='lat' dir='ltr'><strong>glorificatio·</strong></span> <span class='ocrx_word' id='word_1_217' title='bbox 1122 1587 1130 1598; x_wconf 70' lang='lat'>.</span> 
     </span>
    </p>
   </div>
   <div class='ocr_carea' id='block_1_4' title="bbox 114 1609 1102 1822">
    <p class='ocr_par' dir='ltr' id='par_1_8' title="bbox 114 1609 1102 1822">
     <span class='ocr_line' id='line_1_34' title="bbox 114 1609 1100 1658; baseline -0.01 -8"><span class='ocrx_word' id='word_1_218' title='bbox 114 1629 190 1651; x_wconf 88' lang='lat' dir='ltr'><strong>nem</strong></span> <span class='ocrx_word' id='word_1_219' title='bbox 220 1622 298 1658; x_wconf 89' lang='lat' dir='ltr'><strong>post</strong></span> <span class='ocrx_word' id='word_1_220' title='bbox 329 1614 626 1651; x_wconf 86' lang='lat' dir='ltr'><strong>resurrectionem,</strong></span> <span class='ocrx_word' id='word_1_221' title='bbox 662 1613 719 1644; x_wconf 92' lang='lat' dir='ltr'><strong>ubi</strong></span> <span class='ocrx_word' id='word_1_222' title='bbox 746 1609 902 1643; x_wconf 89' lang='lat' dir='ltr'><strong>Ecclesia</strong></span> <span class='ocrx_word' id='word_1_223' title='bbox 936 1609 1100 1653; x_wconf 85' lang='lat' dir='ltr'><strong>glorifica-</strong></span> 
     </span>
     <span class='ocr_line' id='line_1_35' title="bbox 114 1652 1101 1699; baseline -0.01 -6"><span class='ocrx_word' id='word_1_224' title='bbox 114 1662 222 1699; x_wconf 90' lang='lat' dir='ltr'><strong>bitur,</strong></span> <span class='ocrx_word' id='word_1_225' title='bbox 256 1670 314 1691; x_wconf 87' lang='lat' dir='ltr'><strong>seu</strong></span> <span class='ocrx_word' id='word_1_226' title='bbox 346 1659 519 1690; x_wconf 88' lang='lat' dir='ltr'><strong>ornabitur</strong></span> <span class='ocrx_word' id='word_1_227' title='bbox 546 1663 681 1688; x_wconf 87' lang='lat' dir='ltr'><strong>aeterna</strong></span> <span class='ocrx_word' id='word_1_228' title='bbox 715 1654 842 1698; x_wconf 82' lang='lat' dir='ltr'><strong>gloria3</strong></span> <span class='ocrx_word' id='word_1_229' title='bbox 874 1652 1038 1687; x_wconf 86' lang='lat' dir='ltr'><strong>Diabolus</strong></span> <span class='ocrx_word' id='word_1_230' title='bbox 1060 1663 1101 1684; x_wconf 88' lang='lat' dir='ltr'><strong>ac</strong></span> 
     </span>
     <span class='ocr_line' id='line_1_36' title="bbox 115 1696 1102 1736; baseline -0.01 0"><span class='ocrx_word' id='word_1_231' title='bbox 115 1705 233 1736; x_wconf 87' lang='lat' dir='ltr'><strong>hostes</strong></span> <span class='ocrx_word' id='word_1_232' title='bbox 267 1701 442 1734; x_wconf 86' lang='lat' dir='ltr'><strong>Ecclesiae</strong></span> <span class='ocrx_word' id='word_1_233' title='bbox 482 1701 699 1732; x_wconf 89' lang='lat' dir='ltr'><strong>abiicientur:</strong></span> <span class='ocrx_word' id='word_1_234' title='bbox 746 1705 855 1730; x_wconf 90' lang='lat' dir='ltr'><strong>tamen</strong></span> <span class='ocrx_word' id='word_1_235' title='bbox 899 1696 983 1730; x_wconf 90' lang='lat' dir='ltr'><strong>tales</strong></span> <span class='ocrx_word' id='word_1_236' title='bbox 1023 1701 1102 1727; x_wconf 85' lang='lat' dir='ltr'><strong>sunt</strong></span> 
     </span>
     <span class='ocr_line' id='line_1_37' title="bbox 117 1737 1101 1788; baseline -0.01 -9"><span class='ocrx_word' id='word_1_237' title='bbox 117 1758 218 1788; x_wconf 84' lang='lat' dir='ltr'><strong>saepe</strong></span> <span class='ocrx_word' id='word_1_238' title='bbox 242 1746 432 1778; x_wconf 86' lang='lat' dir='ltr'><strong>narratione</strong></span> <span class='ocrx_word' id='word_1_239' title='bbox 456 1745 487 1775; x_wconf 93' lang='lat' dir='ltr'><strong>in</strong></span> <span class='ocrx_word' id='word_1_240' title='bbox 512 1742 707 1784; x_wconf 88' lang='lat' dir='ltr'><strong>Prophetis,</strong></span> <span class='ocrx_word' id='word_1_241' title='bbox 741 1748 776 1773; x_wconf 90' lang='lat' dir='ltr'><strong>ut</strong></span> <span class='ocrx_word' id='word_1_242' title='bbox 800 1741 1002 1783; x_wconf 86' lang='lat' dir='ltr'><strong>coniungant</strong></span> <span class='ocrx_word' id='word_1_243' title='bbox 1025 1737 1101 1770; x_wconf 91' lang='lat' dir='ltr'><strong>illos</strong></span> 
     </span>
     <span class='ocr_line' id='line_1_38' title="bbox 116 1785 607 1822; baseline -0.012 0"><span class='ocrx_word' id='word_1_244' title='bbox 116 1791 280 1822; x_wconf 77' lang='lat' dir='ltr'><strong>adventus</strong></span> <span class='ocrx_word' id='word_1_245' title='bbox 305 1789 397 1820; x_wconf 81' lang='lat' dir='ltr'><strong>brevi</strong></span> <span class='ocrx_word' id='word_1_246' title='bbox 423 1785 607 1819; x_wconf 82' lang='lat' dir='ltr'><strong>intervallo.</strong></span> 
     </span>
    </p>
   </div>
   <div class='ocr_carea' id='block_1_5' title="bbox 116 1870 1105 2640">
    <p class='ocr_par' dir='ltr' id='par_1_9' title="bbox 116 1870 1103 2134">
     <span class='ocr_line' id='line_1_39' title="bbox 116 1870 1103 1919; baseline -0.009 -11"><span class='ocrx_word' id='word_1_247' title='bbox 116 1877 284 1919; x_wconf 88' lang='lat' dir='ltr'><strong>pertinere</strong></span> <span class='ocrx_word' id='word_1_248' title='bbox 302 1876 345 1906; x_wconf 83' lang='lat' dir='ltr'><strong>atl</strong></span> <span class='ocrx_word' id='word_1_249' title='bbox 380 1881 508 1915; x_wconf 87' lang='lat' dir='ltr'><strong>tempus</strong></span> <span class='ocrx_word' id='word_1_250' title='bbox 532 1873 622 1904; x_wconf 82' lang='lat' dir='ltr'><strong>missi</strong></span> <span class='ocrx_word' id='word_1_251' title='bbox 648 1871 783 1909; x_wconf 73' lang='lat' dir='ltr'><strong>Christi,</strong></span> <span class='ocrx_word' id='word_1_252' title='bbox 819 1871 860 1902; x_wconf 83' lang='lat' dir='ltr'><strong>ad</strong></span> <span class='ocrx_word' id='word_1_253' title='bbox 885 1870 1103 1911; x_wconf 82' lang='lat' dir='ltr'><strong>praedicatio-</strong></span> 
     </span>
     <span class='ocr_line' id='line_1_40' title="bbox 117 1911 1103 1960; baseline -0.009 -9"><span class='ocrx_word' id='word_1_254' title='bbox 117 1930 205 1957; x_wconf 88' lang='lat' dir='ltr'><strong>nem,</strong></span> <span class='ocrx_word' id='word_1_255' title='bbox 227 1919 436 1960; x_wconf 79' lang='lat' dir='ltr'><strong>passionem,</strong></span> <span class='ocrx_word' id='word_1_256' title='bbox 466 1923 497 1947; x_wconf 92' lang='lat' dir='ltr'><strong>et</strong></span> <span class='ocrx_word' id='word_1_257' title='bbox 522 1916 809 1947; x_wconf 64' lang='lat' dir='ltr'><strong>resurrectionem.</strong></span> <span class='ocrx_word' id='word_1_258' title='bbox 864 1913 906 1944; x_wconf 87' lang='lat' dir='ltr'><strong>Et</strong></span> <span class='ocrx_word' id='word_1_259' title='bbox 935 1911 1103 1953; x_wconf 87' lang='lat' dir='ltr'><strong>Propheta</strong></span> 
     </span>
     <span class='ocr_line' id='line_1_41' title="bbox 117 1955 1101 2000; baseline -0.009 -6"><span class='ocrx_word' id='word_1_260' title='bbox 117 1969 226 1994; x_wconf 83' lang='lat' dir='ltr'><strong>tamen</strong></span> <span class='ocrx_word' id='word_1_261' title='bbox 250 1962 358 1992; x_wconf 84' lang='lat' dir='ltr'><strong>statim</strong></span> <span class='ocrx_word' id='word_1_262' title='bbox 394 1960 469 1991; x_wconf 90' lang='lat' dir='ltr'><strong>dicit</strong></span> <span class='ocrx_word' id='word_1_263' title='bbox 505 1967 623 2000; x_wconf 83' lang='lat' dir='ltr'><strong>postea</strong></span> <span class='ocrx_word' id='word_1_264' title='bbox 659 1959 699 1989; x_wconf 90' lang='lat' dir='ltr'><strong>de</strong></span> <span class='ocrx_word' id='word_1_265' title='bbox 733 1957 839 1988; x_wconf 92' lang='lat' dir='ltr'><strong>altero</strong></span> <span class='ocrx_word' id='word_1_266' title='bbox 873 1957 1036 1993; x_wconf 86' lang='lat' dir='ltr'><strong>adventu,</strong></span> <span class='ocrx_word' id='word_1_267' title='bbox 1070 1955 1101 1985; x_wconf 93' lang='lat' dir='ltr'><strong>in</strong></span> 
     </span>
     <span class='ocr_line' id='line_1_42' title="bbox 118 1999 1103 2048; baseline -0.009 -10"><span class='ocrx_word' id='word_1_268' title='bbox 118 2016 183 2048; x_wconf 92' lang='lat' dir='ltr'><strong>quo</strong></span> <span class='ocrx_word' id='word_1_269' title='bbox 207 2004 371 2038; x_wconf 86' lang='lat' dir='ltr'><strong>Dominus</strong></span> <span class='ocrx_word' id='word_1_270' title='bbox 405 2003 515 2034; x_wconf 67' lang='lat' dir='ltr'><strong>veniet</strong></span> <span class='ocrx_word' id='word_1_271' title='bbox 549 2002 590 2033; x_wconf 78' lang='lat' dir='ltr'><strong>ad</strong></span> <span class='ocrx_word' id='word_1_272' title='bbox 619 2001 839 2032; x_wconf 78' lang='lat' dir='ltr'><strong>iudicandum.</strong></span> <span class='ocrx_word' id='word_1_273' title='bbox 896 1999 985 2030; x_wconf 87' lang='lat' dir='ltr'><strong>Dicit</strong></span> <span class='ocrx_word' id='word_1_274' title='bbox 1014 2001 1103 2030; x_wconf 86' lang='lat' dir='ltr'><strong>circa</strong></span> 
     </span>
     <span class='ocr_line' id='line_1_43' title="bbox 118 2043 1102 2089; baseline -0.008 -9"><span class='ocrx_word' id='word_1_275' title='bbox 118 2047 199 2081; x_wconf 90' lang='lat' dir='ltr'><strong>illud</strong></span> <span class='ocrx_word' id='word_1_276' title='bbox 234 2055 362 2089; x_wconf 84' lang='lat' dir='ltr'><strong>tempus</strong></span> <span class='ocrx_word' id='word_1_277' title='bbox 404 2044 476 2077; x_wconf 84' lang='lat' dir='ltr'><strong>fore</strong></span> <span class='ocrx_word' id='word_1_278' title='bbox 510 2043 677 2077; x_wconf 82' lang='lat' dir='ltr'><strong>mirabiles</strong></span> <span class='ocrx_word' id='word_1_279' title='bbox 719 2044 918 2075; x_wconf 82' lang='lat' dir='ltr'><strong>mutationes</strong></span> <span class='ocrx_word' id='word_1_280' title='bbox 952 2048 1102 2079; x_wconf 89' lang='lat' dir='ltr'><strong>naturae,</strong></span> 
     </span>
     <span class='ocr_line' id='line_1_44' title="bbox 118 2089 682 2134; baseline -0.011 -11"><span class='ocrx_word' id='word_1_281' title='bbox 118 2091 277 2134; x_wconf 76' lang='lat' dir='ltr'><strong>praedicit</strong></span> <span class='ocrx_word' id='word_1_282' title='bbox 304 2090 374 2121; x_wconf 86' lang='lat' dir='ltr'><strong>sore</strong></span> <span class='ocrx_word' id='word_1_283' title='bbox 395 2089 496 2120; x_wconf 84' lang='lat' dir='ltr'><strong>multa</strong></span> <span class='ocrx_word' id='word_1_284' title='bbox 520 2095 682 2130; x_wconf 70' lang='lat' dir='ltr'><strong>portenta.</strong></span> 
     </span>
    </p>

    <p class='ocr_par' dir='ltr' id='par_1_10' title="bbox 120 2127 1105 2640">
     <span class='ocr_line' id='line_1_45' title="bbox 206 2127 1103 2170; baseline -0.01 -5"><span class='ocrx_word' id='word_1_285' title='bbox 206 2134 305 2165; x_wconf 85' lang='lat' dir='ltr'><strong>Scitis</strong></span> <span class='ocrx_word' id='word_1_286' title='bbox 330 2132 405 2164; x_wconf 73' lang='lat' dir='ltr'><strong>alibi</strong></span> <span class='ocrx_word' id='word_1_287' title='bbox 431 2132 573 2163; x_wconf 59' lang='lat' dir='ltr'><strong>discerni</strong></span> <span class='ocrx_word' id='word_1_288' title='bbox 605 2131 666 2161; x_wconf 86' lang='lat' dir='ltr'><strong>tria</strong></span> <span class='ocrx_word' id='word_1_289' title='bbox 702 2136 850 2170; x_wconf 87' lang='lat' dir='ltr'><strong>tempora</strong></span> <span class='ocrx_word' id='word_1_290' title='bbox 873 2128 997 2159; x_wconf 88' lang='lat' dir='ltr'><strong>mnndi:</strong></span> <span class='ocrx_word' id='word_1_291' title='bbox 1034 2127 1103 2157; x_wconf 83' lang='lat' dir='ltr'><strong>Pri-</strong></span> 
     </span>
     <span class='ocr_line' id='line_1_46' title="bbox 120 2167 1102 2214; baseline -0.01 -5"><span class='ocrx_word' id='word_1_292' title='bbox 120 2189 207 2209; x_wconf 91' lang='lat' dir='ltr'><strong>mum</strong></span> <span class='ocrx_word' id='word_1_293' title='bbox 237 2184 287 2207; x_wconf 80' lang='lat' dir='ltr'><strong>est</strong></span> <span class='ocrx_word' id='word_1_294' title='bbox 322 2184 397 2207; x_wconf 85' lang='lat' dir='ltr'><strong>ante</strong></span> <span class='ocrx_word' id='word_1_295' title='bbox 431 2174 600 2211; x_wconf 66' lang='lat' dir='ltr'><strong>diluvium,</strong></span> <span class='ocrx_word' id='word_1_296' title='bbox 637 2173 722 2214; x_wconf 81' lang='lat' dir='ltr'><strong>quod</strong></span> <span class='ocrx_word' id='word_1_297' title='bbox 759 2173 861 2203; x_wconf 81' lang='lat' dir='ltr'><strong>credo</strong></span> <span class='ocrx_word' id='word_1_298' title='bbox 897 2171 1001 2202; x_wconf 75' lang='lat' dir='ltr'><strong>fuisse</strong></span> <span class='ocrx_word' id='word_1_299' title='bbox 1034 2167 1102 2211; x_wconf 90' lang='lat' dir='ltr'><strong>pul-</strong></span> 
     </span>
     <span class='ocr_line' id='line_1_47' title="bbox 120 2215 1102 2257; baseline -0.01 -5"><span class='ocrx_word' id='word_1_300' title='bbox 120 2221 245 2253; x_wconf 90' lang='lat' dir='ltr'><strong>chrum.</strong></span> <span class='ocrx_word' id='word_1_301' title='bbox 292 2220 396 2251; x_wconf 80' lang='lat' dir='ltr'><strong>Aetas</strong></span> <span class='ocrx_word' id='word_1_302' title='bbox 420 2218 586 2249; x_wconf 87' lang='lat' dir='ltr'><strong>hominum</strong></span> <span class='ocrx_word' id='word_1_303' title='bbox 613 2215 667 2247; x_wconf 83' lang='lat' dir='ltr'><strong>suit</strong></span> <span class='ocrx_word' id='word_1_304' title='bbox 690 2215 873 2257; x_wconf 69' lang='lat' dir='ltr'><strong>longaeva:</strong></span> <span class='ocrx_word' id='word_1_305' title='bbox 893 2215 967 2255; x_wconf 82' lang='lat' dir='ltr'><strong>qnia</strong></span> <span class='ocrx_word' id='word_1_306' title='bbox 986 2219 1102 2244; x_wconf 86' lang='lat' dir='ltr'><strong>natura</strong></span> 
     </span>
     <span class='ocr_line' id='line_1_48' title="bbox 121 2256 1103 2298; baseline -0.009 -3"><span class='ocrx_word' id='word_1_307' title='bbox 121 2263 179 2295; x_wconf 87' lang='lat' dir='ltr'><strong>suit</strong></span> <span class='ocrx_word' id='word_1_308' title='bbox 205 2264 338 2294; x_wconf 78' lang='lat' dir='ltr'><strong>firmior.</strong></span> <span class='ocrx_word' id='word_1_309' title='bbox 399 2261 511 2292; x_wconf 81' lang='lat' dir='ltr'><strong>Altera</strong></span> <span class='ocrx_word' id='word_1_310' title='bbox 546 2267 638 2291; x_wconf 56' lang='lat' dir='ltr'><strong>:totns</strong></span> <span class='ocrx_word' id='word_1_311' title='bbox 670 2260 710 2289; x_wconf 87' lang='lat' dir='ltr'><strong>nb</strong></span> <span class='ocrx_word' id='word_1_312' title='bbox 746 2258 835 2290; x_wconf 88' lang='lat' dir='ltr'><strong>initio</strong></span> <span class='ocrx_word' id='word_1_313' title='bbox 871 2263 1010 2298; x_wconf 79' lang='lat' dir='ltr'><strong>quatuor</strong></span> <span class='ocrx_word' id='word_1_314' title='bbox 1035 2256 1103 2287; x_wconf 74' lang='grc' dir='ltr'><strong>Μο-</strong></span> 
     </span>
     <span class='ocr_line' id='line_1_49' title="bbox 121 2301 1102 2343; baseline -0.01 -5"><span class='ocrx_word' id='word_1_315' title='bbox 121 2306 348 2343; x_wconf 72' lang='lat' dir='ltr'><strong>nan-bimum,</strong></span> <span class='ocrx_word' id='word_1_316' title='bbox 386 2305 442 2336; x_wconf 89' lang='lat' dir='ltr'><strong>snit</strong></span> <span class='ocrx_word' id='word_1_317' title='bbox 467 2311 559 2335; x_wconf 71' lang='lat' dir='ltr'><strong>actas</strong></span> <span class='ocrx_word' id='word_1_318' title='bbox 585 2303 823 2343; x_wconf 62' lang='lat' dir='ltr'><strong>gladiatorium</strong></span> <span class='ocrx_word' id='word_1_319' title='bbox 855 2301 966 2332; x_wconf 85' lang='lat' dir='ltr'><strong>hahuit</strong></span> <span class='ocrx_word' id='word_1_320' title='bbox 996 2306 1102 2329; x_wconf 77' lang='lat' dir='ltr'><strong>tamt-n</strong></span> 
     </span>
     <span class='ocr_line' id='line_1_50' title="bbox 120 2341 1102 2391; baseline -0.013 -7"><span class='ocrx_word' id='word_1_321' title='bbox 120 2350 327 2391; x_wconf 69' lang='lat' dir='ltr'><strong>Sapientiam.</strong></span> <span class='ocrx_word' id='word_1_322' title='bbox 362 2349 438 2391; x_wconf 79' lang='lat' dir='ltr'><strong>quia</strong></span> <span class='ocrx_word' id='word_1_323' title='bbox 473 2347 530 2379; x_wconf 87' lang='lat' dir='ltr'><strong>suit</strong></span> <span class='ocrx_word' id='word_1_324' title='bbox 568 2354 646 2377; x_wconf 82' lang='lat' dir='ltr'><strong>tunc</strong></span> <span class='ocrx_word' id='word_1_325' title='bbox 682 2343 832 2376; x_wconf 63' lang='lat' dir='ltr'><strong>lia-clesia</strong></span> <span class='ocrx_word' id='word_1_326' title='bbox 865 2341 1102 2384; x_wconf 77' lang='lat' dir='ltr'><strong>Prophetarum</strong></span> 
     </span>
     <span class='ocr_line' id='line_1_51' title="bbox 120 2387 1103 2434; baseline -0.01 -10"><span class='ocrx_word' id='word_1_327' title='bbox 120 2400 152 2424; x_wconf 82' lang='lat' dir='ltr'><strong>et</strong></span> <span class='ocrx_word' id='word_1_328' title='bbox 176 2392 286 2434; x_wconf 86' lang='lat' dir='ltr'><strong>populi</strong></span> <span class='ocrx_word' id='word_1_329' title='bbox 312 2390 421 2423; x_wconf 74' lang='lat' dir='ltr'><strong>lsrael.</strong></span> <span class='ocrx_word' id='word_1_330' title='bbox 470 2389 583 2422; x_wconf 80' lang='lat' dir='ltr'><strong>llelias</strong></span> <span class='ocrx_word' id='word_1_331' title='bbox 608 2389 718 2420; x_wconf 80' lang='lat' dir='ltr'><strong>inridit</strong></span> <span class='ocrx_word' id='word_1_332' title='bbox 751 2389 781 2419; x_wconf 91' lang='lat' dir='ltr'><strong>in</strong></span> <span class='ocrx_word' id='word_1_333' title='bbox 807 2387 943 2419; x_wconf 87' lang='lat' dir='ltr'><strong>mediam</strong></span> <span class='ocrx_word' id='word_1_334' title='bbox 963 2392 1103 2416; x_wconf 76' lang='lat' dir='ltr'><strong>aetutem</strong></span> 
     </span>
     <span class='ocr_line' id='line_1_52' title="bbox 121 2426 1103 2468; baseline -0.01 -1"><span class='ocrx_word' id='word_1_335' title='bbox 121 2437 248 2468; x_wconf 80' lang='lat' dir='ltr'><strong>mundi:</strong></span> <span class='ocrx_word' id='word_1_336' title='bbox 273 2434 454 2466; x_wconf 68' lang='lat' dir='ltr'><strong>translatus</strong></span> <span class='ocrx_word' id='word_1_337' title='bbox 479 2442 526 2465; x_wconf 72' lang='lat' dir='ltr'><strong>est</strong></span> <span class='ocrx_word' id='word_1_338' title='bbox 550 2435 579 2464; x_wconf 90' lang='lat' dir='ltr'><strong>in</strong></span> <span class='ocrx_word' id='word_1_339' title='bbox 605 2431 744 2465; x_wconf 70' lang='lat' dir='ltr'><strong>coelum.</strong></span> <span class='ocrx_word' id='word_1_340' title='bbox 769 2431 856 2462; x_wconf 83' lang='lat' dir='ltr'><strong>circa</strong></span> <span class='ocrx_word' id='word_1_341' title='bbox 881 2429 1010 2461; x_wconf 66' lang='lat' dir='ltr'><strong>tertium</strong></span> <span class='ocrx_word' id='word_1_342' title='bbox 1035 2426 1103 2458; x_wconf 84' lang='lat' dir='ltr'><strong>mil-</strong></span> 
     </span>
     <span class='ocr_line' id='line_1_53' title="bbox 122 2474 1105 2513; baseline -0.009 -3"><span class='ocrx_word' id='word_1_343' title='bbox 122 2478 293 2510; x_wconf 80' lang='lat' dir='ltr'><strong>lenarium.</strong></span> <span class='ocrx_word' id='word_1_344' title='bbox 338 2478 448 2509; x_wconf 75' lang='lat' dir='ltr'><strong>Tertia</strong></span> <span class='ocrx_word' id='word_1_345' title='bbox 483 2477 592 2508; x_wconf 81' lang='lat' dir='ltr'><strong>numdi</strong></span> <span class='ocrx_word' id='word_1_346' title='bbox 628 2483 741 2513; x_wconf 75' lang='lat' dir='ltr'><strong>actas,</strong></span> <span class='ocrx_word' id='word_1_347' title='bbox 775 2481 823 2505; x_wconf 77' lang='lat' dir='ltr'><strong>cst</strong></span> <span class='ocrx_word' id='word_1_348' title='bbox 850 2474 911 2504; x_wconf 79' lang='lat' dir='ltr'><strong>ista</strong></span> <span class='ocrx_word' id='word_1_349' title='bbox 937 2478 1105 2513; x_wconf 75' lang='lat' dir='ltr'><strong>postrema</strong></span> 
     </span>
     <span class='ocr_line' id='line_1_54' title="bbox 123 2515 1103 2560; baseline -0.009 -7"><span class='ocrx_word' id='word_1_350' title='bbox 123 2521 290 2560; x_wconf 68' lang='lat' dir='ltr'><strong>confusio,</strong></span> <span class='ocrx_word' id='word_1_351' title='bbox 315 2522 483 2552; x_wconf 75' lang='lat' dir='ltr'><strong>ruentibus</strong></span> <span class='ocrx_word' id='word_1_352' title='bbox 510 2519 722 2556; x_wconf 62' lang='lat' dir='ltr'><strong>binnan-hiis,</strong></span> <span class='ocrx_word' id='word_1_353' title='bbox 756 2519 810 2549; x_wconf 83' lang='lat' dir='ltr'><strong>nbi</strong></span> <span class='ocrx_word' id='word_1_354' title='bbox 846 2515 1006 2547; x_wconf 79' lang='lat' dir='ltr'><strong>debiliora</strong></span> <span class='ocrx_word' id='word_1_355' title='bbox 1030 2520 1103 2545; x_wconf 78' lang='lat' dir='ltr'><strong>sunt</strong></span> 
     </span>
     <span class='ocr_line' id='line_1_55' title="bbox 123 2558 1103 2607; baseline -0.011 -10"><span class='ocrx_word' id='word_1_356' title='bbox 123 2576 284 2607; x_wconf 83' lang='lat' dir='ltr'><strong>corpora,</strong></span> <span class='ocrx_word' id='word_1_357' title='bbox 320 2564 498 2596; x_wconf 72' lang='lat' dir='ltr'><strong>debiliores</strong></span> <span class='ocrx_word' id='word_1_358' title='bbox 523 2570 598 2594; x_wconf 76' lang='lat' dir='ltr'><strong>sunt</strong></span> <span class='ocrx_word' id='word_1_359' title='bbox 629 2563 726 2593; x_wconf 87' lang='lat' dir='ltr'><strong>etiam</strong></span> <span class='ocrx_word' id='word_1_360' title='bbox 761 2561 911 2593; x_wconf 84' lang='lat' dir='ltr'><strong>homines</strong></span> <span class='ocrx_word' id='word_1_361' title='bbox 937 2558 1053 2590; x_wconf 79' lang='lat' dir='ltr'><strong>animis</strong></span> <span class='ocrx_word' id='word_1_362' title='bbox 1074 2563 1103 2587; x_wconf 88' lang='lat' dir='ltr'><strong>et</strong></span> 
     </span>
     <span class='ocr_line' id='line_1_56' title="bbox 123 2607 262 2640; baseline 0 -1"><span class='ocrx_word' id='word_1_363' title='bbox 123 2607 262 2640; x_wconf 67' lang='lat' dir='ltr'><strong>consilii.</strong></span> 
     </span>
    </p>
   </div>
   <div class='ocr_carea' id='block_1_6' title="bbox 755 145 1494 179">
    <p class='ocr_par' dir='ltr' id='par_1_11' title="bbox 755 145 1494 179">
     <span class='ocr_line' id='line_1_57' title="bbox 755 145 1494 179; baseline 0 -2"><span class='ocrx_word' id='word_1_364' title='bbox 755 145 864 179; x_wconf 81' lang='lat' dir='ltr'>PfflL.</span> <span class='ocrx_word' id='word_1_365' title='bbox 888 145 991 178; x_wconf 84' lang='lat' dir='ltr'><strong>MEL.</strong></span> <span class='ocrx_word' id='word_1_366' title='bbox 1015 145 1201 179; x_wconf 78' lang='lat' dir='ltr'>SCRIPTA</span> <span class='ocrx_word' id='word_1_367' title='bbox 1222 145 1494 178; x_wconf 71' lang='lat' dir='ltr'><strong>EXEGEthA:</strong></span> 
     </span>
    </p>
   </div>
   <div class='ocr_carea' id='block_1_7' title="bbox 1118 490 2132 964">
    <p class='ocr_par' dir='ltr' id='par_1_12' title="bbox 1118 490 2132 1172">
     <span class='ocr_line' id='line_1_58' title="bbox 1118 490 1122 523; baseline 0 0"><span class='ocrx_word' id='word_1_368' title='bbox 1118 490 1122 523; x_wconf 79' lang='lat' dir='ltr'><strong>l</strong></span> 
     </span>
     <span class='ocr_line' id='line_1_59' title="bbox 1148 921 2132 964; baseline -0.001 -10.03"><span class='ocrx_word' id='word_1_369' title='bbox 1148 933 1346 964; x_wconf 68' lang='lat' dir='ltr'><strong>quamquam</strong></span> <span class='ocrx_word' id='word_1_370' title='bbox 1374 921 1510 954; x_wconf 90' lang='lat' dir='ltr'><strong>multum</strong></span> <span class='ocrx_word' id='word_1_371' title='bbox 1537 928 1589 953; x_wconf 83' lang='lat' dir='ltr'><strong>est</strong></span> <span class='ocrx_word' id='word_1_372' title='bbox 1617 923 1840 961; x_wconf 89' lang='lat' dir='ltr'><strong>miseriarum,</strong></span> <span class='ocrx_word' id='word_1_373' title='bbox 1875 921 2132 961; x_wconf 80' lang='lat' dir='ltr'><strong>deformitatum,</strong></span> 
     </span>
    </p>
   </div>
   <div class='ocr_carea' id='block_1_8' title="bbox 117 1783 1129 1874">
    <p class='ocr_par' dir='ltr' id='par_1_13' title="bbox 117 1783 1129 1874">
     <span class='ocr_line' id='line_1_60' title="bbox 648 1783 1128 1816; baseline -0.008 0"><span class='ocrx_word' id='word_1_374' title='bbox 648 1785 766 1816; x_wconf 80' lang='lat' dir='ltr'><strong>Petrus</strong></span> <span class='ocrx_word' id='word_1_375' title='bbox 791 1785 867 1815; x_wconf 88' lang='lat' dir='ltr'><strong>dicit</strong></span> <span class='ocrx_word' id='word_1_376' title='bbox 885 1783 1100 1815; x_wconf 84' lang='lat' dir='ltr'><strong>hocdictum:</strong></span> <span class='ocrx_word' id='word_1_377' title='bbox 1127 1808 1128 1811; x_wconf 70' lang='grc'>,</span> 
     </span>
     <span class='ocr_line' id='line_1_61' title="bbox 117 1832 1129 1874; baseline -0.008 -8"><span class='ocrx_word' id='word_1_378' title='bbox 117 1834 291 1874; x_wconf 78' lang='lat' dir='ltr'><strong>Effundam</strong></span> <span class='ocrx_word' id='word_1_379' title='bbox 329 1833 369 1863; x_wconf 74' lang='lat' dir='ltr'><strong>(Ie</strong></span> <span class='ocrx_word' id='word_1_380' title='bbox 400 1832 525 1872; x_wconf 69' lang='lat' dir='ltr'><strong>Spiritu</strong></span> <span class='ocrx_word' id='word_1_381' title='bbox 559 1840 628 1861; x_wconf 84' lang='lat' dir='ltr'><strong>meo</strong></span> <span class='ocrx_word' id='word_1_382' title='bbox 662 1838 761 1868; x_wconf 72' lang='lat' dir='ltr'><strong>super</strong></span> <span class='ocrx_word' id='word_1_383' title='bbox 797 1837 920 1859; x_wconf 84' lang='lat' dir='ltr'><strong>omnem</strong></span> <span class='ocrx_word' id='word_1_384' title='bbox 955 1836 1102 1865; x_wconf 82' lang='lat' dir='ltr'><strong>carnem;</strong></span> <span class='ocrx_word' id='word_1_385' title='bbox 1127 1834 1129 1858; x_wconf 75' lang='grc' dir='ltr'>ῑ</span> 
     </span>
    </p>
   </div>
   <div class='ocr_carea' id='block_1_9' title="bbox 2063 146 2130 180">
    <p class='ocr_par' dir='ltr' id='par_1_14' title="bbox 2063 146 2130 180">
     <span class='ocr_line' id='line_1_62' title="bbox 2063 146 2130 180; baseline 0 0"><span class='ocrx_word' id='word_1_386' title='bbox 2063 146 2130 180; x_wconf 81' lang='grc'><strong>920</strong></span> 
     </span>
    </p>
   </div>
   <div class='ocr_carea' id='block_1_10' title="bbox 1146 237 2130 364">
    <p class='ocr_par' dir='ltr' id='par_1_15' title="bbox 1146 237 2130 364">
     <span class='ocr_line' id='line_1_63' title="bbox 1234 237 2130 280; baseline 0.002 -10"><span class='ocrx_word' id='word_1_387' title='bbox 1234 239 1270 270; x_wconf 87' lang='lat' dir='ltr'><strong>ln</strong></span> <span class='ocrx_word' id='word_1_388' title='bbox 1303 240 1374 270; x_wconf 89' lang='lat' dir='ltr'><strong>istis</strong></span> <span class='ocrx_word' id='word_1_389' title='bbox 1409 239 1538 280; x_wconf 73' lang='lat' dir='ltr'><strong>magnis</strong></span> <span class='ocrx_word' id='word_1_390' title='bbox 1572 237 1823 270; x_wconf 84' lang='lat' dir='ltr'><strong>confusionibus</strong></span> <span class='ocrx_word' id='word_1_391' title='bbox 1864 245 1973 270; x_wconf 88' lang='lat' dir='ltr'><strong>tamen</strong></span> <span class='ocrx_word' id='word_1_392' title='bbox 2007 249 2130 273; x_wconf 87' lang='lat' dir='ltr'><strong>conso-</strong></span> 
     </span>
     <span class='ocr_line' id='line_1_64' title="bbox 1147 281 2129 324; baseline 0.002 -11"><span class='ocrx_word' id='word_1_393' title='bbox 1147 281 1226 313; x_wconf 90' lang='lat' dir='ltr'><strong>latio</strong></span> <span class='ocrx_word' id='word_1_394' title='bbox 1271 281 1494 323; x_wconf 87' lang='lat' dir='ltr'><strong>pulcherrima</strong></span> <span class='ocrx_word' id='word_1_395' title='bbox 1538 282 1695 313; x_wconf 84' lang='lat' dir='ltr'><strong>traditur:</strong></span> <span class='ocrx_word' id='word_1_396' title='bbox 1758 283 1932 322; x_wconf 69' lang='lat' dir='ltr'><strong>Effundam</strong></span> <span class='ocrx_word' id='word_1_397' title='bbox 1972 283 2013 314; x_wconf 86' lang='lat' dir='ltr'><strong>de</strong></span> <span class='ocrx_word' id='word_1_398' title='bbox 2056 283 2129 324; x_wconf 70' lang='lat' dir='ltr'><strong>Spa·-</strong></span> 
     </span>
     <span class='ocr_line' id='line_1_65' title="bbox 1146 324 2129 364; baseline 0.001 -8"><span class='ocrx_word' id='word_1_399' title='bbox 1146 326 1213 356; x_wconf 82' lang='lat' dir='ltr'><strong>ritu</strong></span> <span class='ocrx_word' id='word_1_400' title='bbox 1252 335 1329 356; x_wconf 85' lang='lat' dir='ltr'><strong>meo.</strong></span> <span class='ocrx_word' id='word_1_401' title='bbox 1398 324 1494 362; x_wconf 73' lang='lat' dir='ltr'><strong>item,</strong></span> <span class='ocrx_word' id='word_1_402' title='bbox 1545 325 1654 356; x_wconf 76' lang='lat' dir='ltr'><strong>Omnis</strong></span> <span class='ocrx_word' id='word_1_403' title='bbox 1687 328 1741 364; x_wconf 79' lang='lat' dir='ltr'><strong>qui</strong></span> <span class='ocrx_word' id='word_1_404' title='bbox 1781 327 1978 356; x_wconf 67' lang='lat' dir='ltr'><strong>invocaverit</strong></span> <span class='ocrx_word' id='word_1_405' title='bbox 2012 335 2129 358; x_wconf 82' lang='lat' dir='ltr'><strong>nomen</strong></span> 
     </span>
    </p>
   </div>
   <div class='ocr_carea' id='block_1_11' title="bbox 751 365 2128 409">
    <p class='ocr_par' dir='ltr' id='par_1_16' title="bbox 751 365 2128 409">
     <span class='ocr_line' id='line_1_66' title="bbox 751 365 2128 409; baseline 0.001 -10"><span class='ocrx_word' id='word_1_406' title='bbox 751 367 822 399; x_wconf 86' lang='lat' dir='ltr'><strong>Hae</strong></span> <span class='ocrx_word' id='word_1_407' title='bbox 855 366 1093 409; x_wconf 73' lang='lat' dir='ltr'><strong>patefac-tiones</strong></span> <span class='ocrx_word' id='word_1_408' title='bbox 1119 386 1122 396; x_wconf 84' lang='lat'>.</span> <span class='ocrx_word' id='word_1_409' title='bbox 1147 368 1283 401; x_wconf 82' lang='lat' dir='ltr'><strong>Domini,</strong></span> <span class='ocrx_word' id='word_1_410' title='bbox 1306 370 1414 399; x_wconf 73' lang='lat' dir='ltr'><strong>salim·</strong></span> <span class='ocrx_word' id='word_1_411' title='bbox 1436 371 1506 399; x_wconf 78' lang='lat' dir='ltr'><strong>erte.</strong></span> <span class='ocrx_word' id='word_1_412' title='bbox 1541 367 1577 398; x_wconf 93' lang='lat' dir='ltr'><strong>Si</strong></span> <span class='ocrx_word' id='word_1_413' title='bbox 1602 365 1816 398; x_wconf 87' lang='lat' dir='ltr'><strong>conferantur</strong></span> <span class='ocrx_word' id='word_1_414' title='bbox 1833 367 1915 399; x_wconf 88' lang='lat' dir='ltr'><strong>hacc</strong></span> <span class='ocrx_word' id='word_1_415' title='bbox 1935 367 2000 398; x_wconf 89' lang='lat' dir='ltr'><strong>duo</strong></span> <span class='ocrx_word' id='word_1_416' title='bbox 2023 368 2128 406; x_wconf 71' lang='lat' dir='ltr'><strong>dicta:</strong></span> 
     </span>
    </p>
   </div>
   <div class='ocr_carea' id='block_1_12' title="bbox 1146 410 2132 922">
    <p class='ocr_par' dir='ltr' id='par_1_17' title="bbox 1146 410 2132 922">
     <span class='ocr_line' id='line_1_67' title="bbox 1146 410 2128 451; baseline 0.002 -11"><span class='ocrx_word' id='word_1_417' title='bbox 1146 416 1285 451; x_wconf 86' lang='lat' dir='ltr'><strong>apparet</strong></span> <span class='ocrx_word' id='word_1_418' title='bbox 1319 411 1495 441; x_wconf 75' lang='lat' dir='ltr'><strong>discrimen</strong></span> <span class='ocrx_word' id='word_1_419' title='bbox 1530 410 1627 441; x_wconf 90' lang='lat' dir='ltr'><strong>trium</strong></span> <span class='ocrx_word' id='word_1_420' title='bbox 1661 420 1895 450; x_wconf 85' lang='lat' dir='ltr'><strong>personarum:</strong></span> <span class='ocrx_word' id='word_1_421' title='bbox 1941 411 2128 450; x_wconf 78' lang='lat' dir='ltr'><strong>Effundam,</strong></span> 
     </span>
     <span class='ocr_line' id='line_1_68' title="bbox 1147 451 2130 493; baseline 0.002 -10"><span class='ocrx_word' id='word_1_422' title='bbox 1147 453 1225 483; x_wconf 83' lang='lat' dir='ltr'><strong>dicit</strong></span> <span class='ocrx_word' id='word_1_423' title='bbox 1258 458 1413 483; x_wconf 85' lang='lat' dir='ltr'><strong>aeternus</strong></span> <span class='ocrx_word' id='word_1_424' title='bbox 1449 451 1562 483; x_wconf 87' lang='lat' dir='ltr'><strong>Pater:</strong></span> <span class='ocrx_word' id='word_1_425' title='bbox 1608 453 1725 484; x_wconf 83' lang='lat' dir='ltr'><strong>deinde</strong></span> <span class='ocrx_word' id='word_1_426' title='bbox 1762 454 1949 484; x_wconf 87' lang='lat' dir='ltr'><strong>nominatur</strong></span> <span class='ocrx_word' id='word_1_427' title='bbox 1983 463 2130 493; x_wconf 83' lang='lat' dir='ltr'><strong>persona</strong></span> 
     </span>
     <span class='ocr_line' id='line_1_69' title="bbox 1147 495 2131 536; baseline 0.003 -11"><span class='ocrx_word' id='word_1_428' title='bbox 1147 495 1289 535; x_wconf 80' lang='lat' dir='ltr'><strong>Spiritus</strong></span> <span class='ocrx_word' id='word_1_429' title='bbox 1311 495 1438 533; x_wconf 78' lang='lat' dir='ltr'><strong>sancti,</strong></span> <span class='ocrx_word' id='word_1_430' title='bbox 1472 495 1514 527; x_wconf 84' lang='lat' dir='ltr'><strong>de</strong></span> <span class='ocrx_word' id='word_1_431' title='bbox 1547 496 1671 536; x_wconf 48' lang='lat' dir='ltr'><strong>Spiritu</strong></span> <span class='ocrx_word' id='word_1_432' title='bbox 1700 505 1788 527; x_wconf 87' lang='lat' dir='ltr'><strong>meo:</strong></span> <span class='ocrx_word' id='word_1_433' title='bbox 1816 496 1912 527; x_wconf 87' lang='lat' dir='ltr'><strong>tertio</strong></span> <span class='ocrx_word' id='word_1_434' title='bbox 1944 496 2131 528; x_wconf 86' lang='lat' dir='ltr'><strong>nominatur</strong></span> 
     </span>
     <span class='ocr_line' id='line_1_70' title="bbox 1146 537 2130 578; baseline 0.001 -10"><span class='ocrx_word' id='word_1_435' title='bbox 1146 537 1264 569; x_wconf 87' lang='lat' dir='ltr'><strong>Filius:</strong></span> <span class='ocrx_word' id='word_1_436' title='bbox 1292 539 1403 570; x_wconf 72' lang='lat' dir='ltr'><strong>Omnis</strong></span> <span class='ocrx_word' id='word_1_437' title='bbox 1424 539 1480 578; x_wconf 81' lang='lat' dir='ltr'><strong>qui</strong></span> <span class='ocrx_word' id='word_1_438' title='bbox 1500 539 1693 570; x_wconf 61' lang='lat' dir='ltr'><strong>invocaverit</strong></span> <span class='ocrx_word' id='word_1_439' title='bbox 1713 548 1828 570; x_wconf 80' lang='lat' dir='ltr'><strong>nomen</strong></span> <span class='ocrx_word' id='word_1_440' title='bbox 1851 540 1988 570; x_wconf 68' lang='lat' dir='ltr'><strong>Domini.</strong></span> <span class='ocrx_word' id='word_1_441' title='bbox 2032 537 2130 570; x_wconf 89' lang='lat' dir='ltr'><strong>Com-</strong></span> 
     </span>
     <span class='ocr_line' id='line_1_71' title="bbox 1147 580 2129 622; baseline 0.001 -11"><span class='ocrx_word' id='word_1_442' title='bbox 1147 580 1402 622; x_wconf 91' lang='lat' dir='ltr'><strong>prehendendae</strong></span> <span class='ocrx_word' id='word_1_443' title='bbox 1435 587 1512 611; x_wconf 82' lang='lat' dir='ltr'><strong>sunt</strong></span> <span class='ocrx_word' id='word_1_444' title='bbox 1545 588 1653 612; x_wconf 86' lang='lat' dir='ltr'><strong>autem</strong></span> <span class='ocrx_word' id='word_1_445' title='bbox 1693 581 1790 612; x_wconf 85' lang='lat' dir='ltr'><strong>etiam</strong></span> <span class='ocrx_word' id='word_1_446' title='bbox 1832 589 1963 612; x_wconf 86' lang='lat' dir='ltr'><strong>ceterae</strong></span> <span class='ocrx_word' id='word_1_447' title='bbox 2000 581 2129 622; x_wconf 86' lang='lat' dir='ltr'><strong>praedi-</strong></span> 
     </span>
     <span class='ocr_line' id='line_1_72' title="bbox 1148 622 2129 666; baseline -0.001 -11"><span class='ocrx_word' id='word_1_448' title='bbox 1148 624 1276 655; x_wconf 89' lang='lat' dir='ltr'><strong>ctiones</strong></span> <span class='ocrx_word' id='word_1_449' title='bbox 1311 622 1572 663; x_wconf 65' lang='lat' dir='ltr'><strong>Prophetarum,</strong></span> <span class='ocrx_word' id='word_1_450' title='bbox 1617 624 1694 666; x_wconf 84' lang='lat' dir='ltr'><strong>quia</strong></span> <span class='ocrx_word' id='word_1_451' title='bbox 1733 623 1799 654; x_wconf 90' lang='lat' dir='ltr'><strong>hoc</strong></span> <span class='ocrx_word' id='word_1_452' title='bbox 1839 624 1915 655; x_wconf 85' lang='lat' dir='ltr'><strong>dicit</strong></span> <span class='ocrx_word' id='word_1_453' title='bbox 1950 623 2129 655; x_wconf 86' lang='lat' dir='ltr'><strong>Dominus:</strong></span> 
     </span>
     <span class='ocr_line' id='line_1_73' title="bbox 1148 665 2129 708; baseline 0.001 -11"><span class='ocrx_word' id='word_1_454' title='bbox 1148 666 1329 698; x_wconf 85' lang='lat' dir='ltr'><strong>Postremis</strong></span> <span class='ocrx_word' id='word_1_455' title='bbox 1352 667 1555 707; x_wconf 83' lang='lat' dir='ltr'><strong>temporibus</strong></span> <span class='ocrx_word' id='word_1_456' title='bbox 1578 668 1701 698; x_wconf 83' lang='lat' dir='ltr'><strong>mittam</strong></span> <span class='ocrx_word' id='word_1_457' title='bbox 1725 665 1851 704; x_wconf 84' lang='lat' dir='ltr'><strong>Filium,</strong></span> <span class='ocrx_word' id='word_1_458' title='bbox 1875 672 1907 697; x_wconf 89' lang='lat' dir='ltr'><strong>et</strong></span> <span class='ocrx_word' id='word_1_459' title='bbox 1930 673 2048 708; x_wconf 82' lang='lat' dir='ltr'><strong>gentes</strong></span> <span class='ocrx_word' id='word_1_460' title='bbox 2071 676 2129 698; x_wconf 83' lang='lat' dir='ltr'><strong>vo-</strong></span> 
     </span>
     <span class='ocr_line' id='line_1_74' title="bbox 1148 708 2131 741; baseline 0 0"><span class='ocrx_word' id='word_1_461' title='bbox 1148 710 1310 741; x_wconf 85' lang='lat' dir='ltr'><strong>cabuntur</strong></span> <span class='ocrx_word' id='word_1_462' title='bbox 1343 708 1386 739; x_wconf 85' lang='lat' dir='ltr'><strong>ad</strong></span> <span class='ocrx_word' id='word_1_463' title='bbox 1414 710 1607 740; x_wconf 83' lang='lat' dir='ltr'><strong>societatem</strong></span> <span class='ocrx_word' id='word_1_464' title='bbox 1631 717 1787 741; x_wconf 85' lang='lat' dir='ltr'><strong>aeternae</strong></span> <span class='ocrx_word' id='word_1_465' title='bbox 1818 708 2001 740; x_wconf 75' lang='lat' dir='ltr'><strong>Ecclesiae.</strong></span> <span class='ocrx_word' id='word_1_466' title='bbox 2057 708 2131 741; x_wconf 77' lang='lat' dir='ltr'><strong>floo</strong></span> 
     </span>
     <span class='ocr_line' id='line_1_75' title="bbox 1148 751 2130 794; baseline 0 -11"><span class='ocrx_word' id='word_1_467' title='bbox 1148 758 1200 783; x_wconf 86' lang='lat' dir='ltr'><strong>est</strong></span> <span class='ocrx_word' id='word_1_468' title='bbox 1223 751 1414 794; x_wconf 78' lang='lat' dir='ltr'><strong>mysterium</strong></span> <span class='ocrx_word' id='word_1_469' title='bbox 1442 752 1695 790; x_wconf 87' lang='lat' dir='ltr'><strong>absconditum,</strong></span> <span class='ocrx_word' id='word_1_470' title='bbox 1729 752 1925 793; x_wconf 85' lang='lat' dir='ltr'><strong>praesertim</strong></span> <span class='ocrx_word' id='word_1_471' title='bbox 1954 752 1982 782; x_wconf 76' lang='lat' dir='ltr'><strong>si</strong></span> <span class='ocrx_word' id='word_1_472' title='bbox 2006 752 2130 793; x_wconf 83' lang='lat' dir='ltr'><strong>cogite-</strong></span> 
     </span>
     <span class='ocr_line' id='line_1_76' title="bbox 1148 792 2130 836; baseline 0.001 -11"><span class='ocrx_word' id='word_1_473' title='bbox 1148 805 1233 832; x_wconf 85' lang='lat' dir='ltr'><strong>mus,</strong></span> <span class='ocrx_word' id='word_1_474' title='bbox 1263 792 1361 835; x_wconf 87' lang='lat' dir='ltr'><strong>quale</strong></span> <span class='ocrx_word' id='word_1_475' title='bbox 1394 800 1523 835; x_wconf 80' lang='lat' dir='ltr'><strong>tenipus</strong></span> <span class='ocrx_word' id='word_1_476' title='bbox 1557 795 1812 836; x_wconf 83' lang='lat' dir='ltr'><strong>praedicationis</strong></span> <span class='ocrx_word' id='word_1_477' title='bbox 1842 793 2016 825; x_wconf 85' lang='lat' dir='ltr'><strong>habuerint</strong></span> <span class='ocrx_word' id='word_1_478' title='bbox 2040 795 2130 835; x_wconf 87' lang='lat' dir='ltr'><strong>Apo-</strong></span> 
     </span>
     <span class='ocr_line' id='line_1_77' title="bbox 1147 835 2130 877; baseline -0.001 -10"><span class='ocrx_word' id='word_1_479' title='bbox 1147 837 1240 873; x_wconf 73' lang='lat' dir='ltr'><strong>stoli·y</strong></span> <span class='ocrx_word' id='word_1_480' title='bbox 1264 836 1417 868; x_wconf 87' lang='lat' dir='ltr'><strong>videlicet</strong></span> <span class='ocrx_word' id='word_1_481' title='bbox 1431 835 1696 877; x_wconf 72' lang='lat' dir='ltr'><strong>pollutissimam,</strong></span> <span class='ocrx_word' id='word_1_482' title='bbox 1720 844 1751 869; x_wconf 90' lang='lat' dir='ltr'><strong>et</strong></span> <span class='ocrx_word' id='word_1_483' title='bbox 1765 837 2130 869; x_wconf 70' lang='lat' dir='ltr'><strong>contaminatissimum:</strong></span> 
     </span>
     <span class='ocr_line' id='line_1_78' title="bbox 1148 879 2132 922; baseline 0 -11"><span class='ocrx_word' id='word_1_484' title='bbox 1148 879 1246 922; x_wconf 87' lang='lat' dir='ltr'><strong>quale</strong></span> <span class='ocrx_word' id='word_1_485' title='bbox 1273 890 1360 911; x_wconf 85' lang='lat' dir='ltr'><strong>nunc</strong></span> <span class='ocrx_word' id='word_1_486' title='bbox 1394 881 1426 910; x_wconf 93' lang='lat' dir='ltr'><strong>in</strong></span> <span class='ocrx_word' id='word_1_487' title='bbox 1450 890 1572 921; x_wconf 85' lang='lat' dir='ltr'><strong>genere</strong></span> <span class='ocrx_word' id='word_1_488' title='bbox 1599 879 1742 911; x_wconf 87' lang='lat' dir='ltr'><strong>humano</strong></span> <span class='ocrx_word' id='word_1_489' title='bbox 1771 890 1836 912; x_wconf 92' lang='lat' dir='ltr'><strong>non</strong></span> <span class='ocrx_word' id='word_1_490' title='bbox 1868 881 2018 911; x_wconf 77' lang='lat' dir='ltr'><strong>existimo</strong></span> <span class='ocrx_word' id='word_1_491' title='bbox 2043 889 2132 918; x_wconf 85' lang='lat' dir='ltr'><strong>esse,</strong></span> 
     </span>
    </p>
   </div>
   <div class='ocr_carea' id='block_1_13' title="bbox 1129 964 2142 2636">
    <p class='ocr_par' dir='ltr' id='par_1_18' title="bbox 1149 964 2132 1093">
     <span class='ocr_line' id='line_1_79' title="bbox 1149 964 2132 1007; baseline -0.001 -10"><span class='ocrx_word' id='word_1_492' title='bbox 1149 972 1180 997; x_wconf 84' lang='lat' dir='ltr'><strong>et</strong></span> <span class='ocrx_word' id='word_1_493' title='bbox 1204 964 1448 1003; x_wconf 87' lang='lat' dir='ltr'><strong>confusionum,</strong></span> <span class='ocrx_word' id='word_1_494' title='bbox 1472 964 1608 996; x_wconf 89' lang='lat' dir='ltr'><strong>multum</strong></span> <span class='ocrx_word' id='word_1_495' title='bbox 1632 966 1727 996; x_wconf 85' lang='lat' dir='ltr'><strong>etiam</strong></span> <span class='ocrx_word' id='word_1_496' title='bbox 1750 966 1909 997; x_wconf 89' lang='lat' dir='ltr'><strong>insaniae.</strong></span> <span class='ocrx_word' id='word_1_497' title='bbox 1945 965 2012 997; x_wconf 79' lang='lat' dir='ltr'><strong>ista</strong></span> <span class='ocrx_word' id='word_1_498' title='bbox 2034 975 2132 1007; x_wconf 85' lang='lat' dir='ltr'><strong>epor-</strong></span> 
     </span>
     <span class='ocr_line' id='line_1_80' title="bbox 1150 1005 2131 1048; baseline 0 -9"><span class='ocrx_word' id='word_1_499' title='bbox 1150 1014 1196 1040; x_wconf 89' lang='lat' dir='ltr'><strong>tet</strong></span> <span class='ocrx_word' id='word_1_500' title='bbox 1218 1019 1284 1039; x_wconf 93' lang='lat' dir='ltr'><strong>non</strong></span> <span class='ocrx_word' id='word_1_501' title='bbox 1304 1007 1402 1046; x_wconf 87' lang='lat' dir='ltr'><strong>ferre,</strong></span> <span class='ocrx_word' id='word_1_502' title='bbox 1425 1013 1456 1039; x_wconf 87' lang='lat' dir='ltr'><strong>et</strong></span> <span class='ocrx_word' id='word_1_503' title='bbox 1480 1014 1604 1048; x_wconf 84' lang='lat' dir='ltr'><strong>petere,</strong></span> <span class='ocrx_word' id='word_1_504' title='bbox 1627 1014 1659 1040; x_wconf 88' lang='lat' dir='ltr'><strong>nt</strong></span> <span class='ocrx_word' id='word_1_505' title='bbox 1687 1007 1852 1039; x_wconf 84' lang='lat' dir='ltr'><strong>Dominus</strong></span> <span class='ocrx_word' id='word_1_506' title='bbox 1882 1014 1995 1039; x_wconf 86' lang='lat' dir='ltr'><strong>servet</strong></span> <span class='ocrx_word' id='word_1_507' title='bbox 2017 1005 2131 1039; x_wconf 83' lang='lat' dir='ltr'><strong>Eccle-</strong></span> 
     </span>
     <span class='ocr_line' id='line_1_81' title="bbox 1150 1051 1609 1093; baseline -0.002 -11"><span class='ocrx_word' id='word_1_508' title='bbox 1150 1052 1245 1089; x_wconf 86' lang='lat' dir='ltr'><strong>siam,</strong></span> <span class='ocrx_word' id='word_1_509' title='bbox 1268 1058 1300 1082; x_wconf 91' lang='lat' dir='ltr'><strong>et</strong></span> <span class='ocrx_word' id='word_1_510' title='bbox 1323 1051 1449 1093; x_wconf 85' lang='lat' dir='ltr'><strong>mitiget</strong></span> <span class='ocrx_word' id='word_1_511' title='bbox 1472 1060 1609 1092; x_wconf 88' lang='lat' dir='ltr'><strong>poenas.</strong></span> 
     </span>
    </p>

    <p class='ocr_par' dir='ltr' id='par_1_19' title="bbox 1148 1091 2140 1599">
     <span class='ocr_line' id='line_1_82' title="bbox 1235 1091 2132 1135; baseline -0.002 -10"><span class='ocrx_word' id='word_1_512' title='bbox 1235 1094 1270 1126; x_wconf 89' lang='lat' dir='ltr'><strong>Si</strong></span> <span class='ocrx_word' id='word_1_513' title='bbox 1302 1093 1402 1125; x_wconf 89' lang='lat' dir='ltr'><strong>vultis</strong></span> <span class='ocrx_word' id='word_1_514' title='bbox 1428 1094 1623 1135; x_wconf 74' lang='lat' dir='ltr'><strong>praecipuos</strong></span> <span class='ocrx_word' id='word_1_515' title='bbox 1657 1091 1754 1125; x_wconf 82' lang='lat' dir='ltr'><strong>locos</strong></span> <span class='ocrx_word' id='word_1_516' title='bbox 1788 1093 1958 1124; x_wconf 84' lang='lat' dir='ltr'><strong>doctrinae</strong></span> <span class='ocrx_word' id='word_1_517' title='bbox 1992 1103 2033 1124; x_wconf 76' lang='lat' dir='ltr'><strong>ex</strong></span> <span class='ocrx_word' id='word_1_518' title='bbox 2066 1091 2132 1123; x_wconf 86' lang='lat' dir='ltr'><strong>hac</strong></span> 
     </span>
     <span class='ocr_line' id='line_1_83' title="bbox 1148 1135 2135 1177; baseline -0.002 -9"><span class='ocrx_word' id='word_1_519' title='bbox 1148 1137 1290 1168; x_wconf 82' lang='lat' dir='ltr'><strong>historia</strong></span> <span class='ocrx_word' id='word_1_520' title='bbox 1311 1147 1508 1177; x_wconf 73' lang='lat' dir='ltr'><strong>excerpere:</strong></span> <span class='ocrx_word' id='word_1_521' title='bbox 1544 1143 1610 1167; x_wconf 91' lang='lat' dir='ltr'><strong>tum</strong></span> <span class='ocrx_word' id='word_1_522' title='bbox 1640 1137 1787 1176; x_wconf 88' lang='lat' dir='ltr'><strong>inprimis</strong></span> <span class='ocrx_word' id='word_1_523' title='bbox 1812 1136 2023 1168; x_wconf 82' lang='lat' dir='ltr'><strong>considerate</strong></span> <span class='ocrx_word' id='word_1_524' title='bbox 2045 1135 2135 1166; x_wconf 74' lang='lat' dir='ltr'><strong>lianc</strong></span> 
     </span>
     <span class='ocr_line' id='line_1_84' title="bbox 1149 1178 2134 1220; baseline -0.004 -9"><span class='ocrx_word' id='word_1_525' title='bbox 1149 1180 1372 1217; x_wconf 88' lang='lat' dir='ltr'><strong>sententiam,</strong></span> <span class='ocrx_word' id='word_1_526' title='bbox 1418 1189 1502 1220; x_wconf 89' lang='lat' dir='ltr'><strong>quae</strong></span> <span class='ocrx_word' id='word_1_527' title='bbox 1542 1178 1640 1210; x_wconf 85' lang='lat' dir='ltr'><strong>simul</strong></span> <span class='ocrx_word' id='word_1_528' title='bbox 1682 1180 1825 1210; x_wconf 85' lang='lat' dir='ltr'><strong>continet</strong></span> <span class='ocrx_word' id='word_1_529' title='bbox 1863 1179 2134 1220; x_wconf 81' lang='lat' dir='ltr'><strong>promissionem:</strong></span> 
     </span>
     <span class='ocr_line' id='line_1_85' title="bbox 1155 1219 2135 1262; baseline -0.003 -8"><span class='ocrx_word' id='word_1_530' title='bbox 1155 1224 1265 1255; x_wconf 72' lang='lat' dir='ltr'><strong>Omnis</strong></span> <span class='ocrx_word' id='word_1_531' title='bbox 1287 1226 1341 1262; x_wconf 76' lang='lat' dir='ltr'><strong>qni</strong></span> <span class='ocrx_word' id='word_1_532' title='bbox 1363 1223 1558 1253; x_wconf 79' lang='lat' dir='ltr'><strong>inrocarert&#39;t</strong></span> <span class='ocrx_word' id='word_1_533' title='bbox 1574 1232 1688 1253; x_wconf 81' lang='lat' dir='ltr'><strong>nomen</strong></span> <span class='ocrx_word' id='word_1_534' title='bbox 1709 1222 1845 1255; x_wconf 78' lang='lat' dir='ltr'><strong>Domini.</strong></span> <span class='ocrx_word' id='word_1_535' title='bbox 1869 1224 1979 1252; x_wconf 72' lang='lat' dir='ltr'><strong>salt-us</strong></span> <span class='ocrx_word' id='word_1_536' title='bbox 1997 1224 2069 1252; x_wconf 79' lang='lat' dir='ltr'><strong>erit.</strong></span> <span class='ocrx_word' id='word_1_537' title='bbox 2102 1219 2135 1250; x_wconf 73' lang='grc'><strong>2.</strong></span> 
     </span>
     <span class='ocr_line' id='line_1_86' title="bbox 1150 1261 2135 1304; baseline -0.002 -8"><span class='ocrx_word' id='word_1_538' title='bbox 1150 1265 1371 1297; x_wconf 88' lang='lat' dir='ltr'><strong>Considerate</strong></span> <span class='ocrx_word' id='word_1_539' title='bbox 1401 1265 1542 1295; x_wconf 85' lang='lat' dir='ltr'><strong>dictum:</strong></span> <span class='ocrx_word' id='word_1_540' title='bbox 1577 1266 1750 1304; x_wconf 72' lang='lat' dir='ltr'><strong>Ess&#39;undam</strong></span> <span class='ocrx_word' id='word_1_541' title='bbox 1780 1266 1820 1296; x_wconf 78' lang='lat' dir='ltr'><strong>(le</strong></span> <span class='ocrx_word' id='word_1_542' title='bbox 1843 1265 1967 1304; x_wconf 67' lang='lat' dir='ltr'><strong>Spiritu</strong></span> <span class='ocrx_word' id='word_1_543' title='bbox 1996 1274 2071 1295; x_wconf 75' lang='lat' dir='ltr'><strong>uteo.</strong></span> <span class='ocrx_word' id='word_1_544' title='bbox 2103 1261 2135 1294; x_wconf 90' lang='grc'><strong>3.</strong></span> 
     </span>
     <span class='ocr_line' id='line_1_87' title="bbox 1149 1305 2136 1349; baseline -0.002 -11"><span class='ocrx_word' id='word_1_545' title='bbox 1149 1307 1347 1349; x_wconf 81' lang='lat' dir='ltr'><strong>Exemplum</strong></span> <span class='ocrx_word' id='word_1_546' title='bbox 1381 1308 1470 1349; x_wconf 86' lang='lat' dir='ltr'><strong>quod</strong></span> <span class='ocrx_word' id='word_1_547' title='bbox 1504 1305 1550 1338; x_wconf 90' lang='lat' dir='ltr'><strong>illi</strong></span> <span class='ocrx_word' id='word_1_548' title='bbox 1584 1315 1661 1337; x_wconf 89' lang='lat' dir='ltr'><strong>sunt</strong></span> <span class='ocrx_word' id='word_1_549' title='bbox 1700 1308 1812 1338; x_wconf 82' lang='lat' dir='ltr'><strong>donati</strong></span> <span class='ocrx_word' id='word_1_550' title='bbox 1846 1306 1970 1347; x_wconf 85' lang='lat' dir='ltr'><strong>Spiritu</strong></span> <span class='ocrx_word' id='word_1_551' title='bbox 2004 1312 2136 1337; x_wconf 88' lang='lat' dir='ltr'><strong>sancto.</strong></span> 
     </span>
     <span class='ocr_line' id='line_1_88' title="bbox 1151 1348 2139 1390; baseline -0.002 -9"><span class='ocrx_word' id='word_1_552' title='bbox 1151 1350 1217 1381; x_wconf 91' lang='lat' dir='ltr'><strong>Ubi</strong></span> <span class='ocrx_word' id='word_1_553' title='bbox 1239 1350 1371 1381; x_wconf 88' lang='lat' dir='ltr'><strong>habetis</strong></span> <span class='ocrx_word' id='word_1_554' title='bbox 1409 1349 1548 1380; x_wconf 86' lang='lat' dir='ltr'><strong>sormam</strong></span> <span class='ocrx_word' id='word_1_555' title='bbox 1582 1360 1690 1381; x_wconf 88' lang='lat' dir='ltr'><strong>novae</strong></span> <span class='ocrx_word' id='word_1_556' title='bbox 1725 1349 1915 1387; x_wconf 83' lang='lat' dir='ltr'><strong>Ecclesiae,</strong></span> <span class='ocrx_word' id='word_1_557' title='bbox 1948 1359 2010 1380; x_wconf 90' lang='lat' dir='ltr'><strong>seu</strong></span> <span class='ocrx_word' id='word_1_558' title='bbox 2043 1348 2139 1390; x_wconf 83' lang='lat' dir='ltr'><strong>regni</strong></span> 
     </span>
     <span class='ocr_line' id='line_1_89' title="bbox 1151 1389 2137 1434; baseline -0.003 -10"><span class='ocrx_word' id='word_1_559' title='bbox 1151 1394 1241 1432; x_wconf 89' lang='lat' dir='ltr'><strong>novi,</strong></span> <span class='ocrx_word' id='word_1_560' title='bbox 1275 1393 1364 1434; x_wconf 88' lang='lat' dir='ltr'><strong>quod</strong></span> <span class='ocrx_word' id='word_1_561' title='bbox 1398 1391 1574 1423; x_wconf 86' lang='lat' dir='ltr'><strong>inchoatur</strong></span> <span class='ocrx_word' id='word_1_562' title='bbox 1606 1402 1666 1433; x_wconf 88' lang='lat' dir='ltr'><strong>per</strong></span> <span class='ocrx_word' id='word_1_563' title='bbox 1699 1389 1904 1433; x_wconf 80' lang='lat' dir='ltr'><strong>Apostolos,</strong></span> <span class='ocrx_word' id='word_1_564' title='bbox 1939 1389 1994 1422; x_wconf 84' lang='lat' dir='ltr'><strong>vel</strong></span> <span class='ocrx_word' id='word_1_565' title='bbox 2026 1391 2137 1432; x_wconf 83' lang='lat' dir='ltr'><strong>potius</strong></span> 
     </span>
     <span class='ocr_line' id='line_1_90' title="bbox 1151 1433 2140 1478; baseline -0.003 -11"><span class='ocrx_word' id='word_1_566' title='bbox 1151 1447 1211 1478; x_wconf 89' lang='lat' dir='ltr'><strong>per</strong></span> <span class='ocrx_word' id='word_1_567' title='bbox 1250 1435 1359 1477; x_wconf 85' lang='lat' dir='ltr'><strong>ipsum</strong></span> <span class='ocrx_word' id='word_1_568' title='bbox 1399 1435 1577 1467; x_wconf 90' lang='lat' dir='ltr'><strong>Dominum</strong></span> <span class='ocrx_word' id='word_1_569' title='bbox 1622 1435 1730 1466; x_wconf 89' lang='lat' dir='ltr'><strong>lesum</strong></span> <span class='ocrx_word' id='word_1_570' title='bbox 1771 1433 1959 1472; x_wconf 86' lang='lat' dir='ltr'><strong>Christum,</strong></span> <span class='ocrx_word' id='word_1_571' title='bbox 2003 1433 2140 1465; x_wconf 76' lang='lat' dir='ltr'><strong>dantem</strong></span> 
     </span>
     <span class='ocr_line' id='line_1_91' title="bbox 1152 1475 2140 1521; baseline -0.004 -10"><span class='ocrx_word' id='word_1_572' title='bbox 1152 1479 1307 1521; x_wconf 86' lang='lat' dir='ltr'><strong>Spiritum</strong></span> <span class='ocrx_word' id='word_1_573' title='bbox 1347 1485 1517 1516; x_wconf 88' lang='lat' dir='ltr'><strong>sanctum,</strong></span> <span class='ocrx_word' id='word_1_574' title='bbox 1563 1479 1624 1509; x_wconf 89' lang='lat' dir='ltr'><strong>sed</strong></span> <span class='ocrx_word' id='word_1_575' title='bbox 1668 1478 1849 1509; x_wconf 86' lang='lat' dir='ltr'><strong>ministerio</strong></span> <span class='ocrx_word' id='word_1_576' title='bbox 1889 1475 2140 1518; x_wconf 85' lang='lat' dir='ltr'><strong>Apostolorum.</strong></span> 
     </span>
     <span class='ocr_line' id='line_1_92' title="bbox 1152 1519 2138 1564; baseline -0.004 -10"><span class='ocrx_word' id='word_1_577' title='bbox 1152 1522 1263 1554; x_wconf 85' lang='lat' dir='ltr'><strong>Antea</strong></span> <span class='ocrx_word' id='word_1_578' title='bbox 1284 1522 1532 1553; x_wconf 78' lang='lat' dir='ltr'><strong>somniaverant</strong></span> <span class='ocrx_word' id='word_1_579' title='bbox 1554 1521 1737 1563; x_wconf 87' lang='lat' dir='ltr'><strong>imperium,</strong></span> <span class='ocrx_word' id='word_1_580' title='bbox 1765 1519 1863 1564; x_wconf 84' lang='lat' dir='ltr'><strong>quale</strong></span> <span class='ocrx_word' id='word_1_581' title='bbox 1891 1526 1961 1552; x_wconf 88' lang='lat' dir='ltr'><strong>erat</strong></span> <span class='ocrx_word' id='word_1_582' title='bbox 1983 1519 2138 1562; x_wconf 82' lang='lat' dir='ltr'><strong>Augusti.</strong></span> 
     </span>
     <span class='ocr_line' id='line_1_93' title="bbox 1153 1566 1623 1599; baseline -0.009 0"><span class='ocrx_word' id='word_1_583' title='bbox 1153 1568 1213 1599; x_wconf 78' lang='lat' dir='ltr'><strong>Itze</strong></span> <span class='ocrx_word' id='word_1_584' title='bbox 1232 1567 1334 1598; x_wconf 75' lang='lat' dir='ltr'><strong>salzeu</strong></span> <span class='ocrx_word' id='word_1_585' title='bbox 1352 1568 1400 1597; x_wconf 76' lang='lat' dir='ltr'><strong>sie</strong></span> <span class='ocrx_word' id='word_1_586' title='bbox 1422 1575 1459 1597; x_wconf 77' lang='lat' dir='ltr'><strong>es</strong></span> <span class='ocrx_word' id='word_1_587' title='bbox 1481 1566 1623 1597; x_wconf 81' lang='lat' dir='ltr'><strong>amlerst.</strong></span> 
     </span>
    </p>

    <p class='ocr_par' dir='ltr' id='par_1_20' title="bbox 1246 1605 2139 1648">
     <span class='ocr_line' id='line_1_94' title="bbox 1246 1605 2139 1648; baseline -0.002 -8"><span class='ocrx_word' id='word_1_588' title='bbox 1246 1610 1355 1641; x_wconf 77' lang='lat' dir='ltr'><strong>Omnis</strong></span> <span class='ocrx_word' id='word_1_589' title='bbox 1373 1612 1427 1648; x_wconf 72' lang='lat' dir='ltr'><strong>qm·</strong></span> <span class='ocrx_word' id='word_1_590' title='bbox 1449 1612 1643 1640; x_wconf 66' lang='lat' dir='ltr'><strong>invocaverit</strong></span> <span class='ocrx_word' id='word_1_591' title='bbox 1659 1617 1774 1640; x_wconf 82' lang='lat' dir='ltr'><strong>nomen</strong></span> <span class='ocrx_word' id='word_1_592' title='bbox 1787 1607 1925 1645; x_wconf 74' lang='lat' dir='ltr'><strong>Domini,</strong></span> <span class='ocrx_word' id='word_1_593' title='bbox 1947 1605 2139 1638; x_wconf 63' lang='lat' dir='ltr'><strong>solemnit.</strong></span> 
     </span>
    </p>

    <p class='ocr_par' dir='ltr' id='par_1_21' title="bbox 1154 1647 2142 2254">
     <span class='ocr_line' id='line_1_95' title="bbox 1242 1647 2140 1683; baseline -0.002 -1"><span class='ocrx_word' id='word_1_594' title='bbox 1242 1651 1461 1683; x_wconf 82' lang='lat' dir='ltr'><strong>Considerate</strong></span> <span class='ocrx_word' id='word_1_595' title='bbox 1497 1650 1685 1683; x_wconf 86' lang='lat' dir='ltr'><strong>Antithesin</strong></span> <span class='ocrx_word' id='word_1_596' title='bbox 1725 1649 1869 1682; x_wconf 91' lang='lat' dir='ltr'><strong>cultuum</strong></span> <span class='ocrx_word' id='word_1_597' title='bbox 1904 1649 1990 1681; x_wconf 72' lang='lat' dir='ltr'><strong>Novi</strong></span> <span class='ocrx_word' id='word_1_598' title='bbox 2025 1647 2140 1681; x_wconf 74' lang='lat' dir='ltr'><strong>Testa-</strong></span> 
     </span>
     <span class='ocr_line' id='line_1_96' title="bbox 1154 1691 2140 1733; baseline -0.004 -7"><span class='ocrx_word' id='word_1_599' title='bbox 1154 1695 1267 1733; x_wconf 89' lang='lat' dir='ltr'><strong>menti,</strong></span> <span class='ocrx_word' id='word_1_600' title='bbox 1300 1701 1333 1726; x_wconf 91' lang='lat' dir='ltr'><strong>et</strong></span> <span class='ocrx_word' id='word_1_601' title='bbox 1355 1695 1627 1731; x_wconf 83' lang='lat' dir='ltr'><strong>ceremoniarum,</strong></span> <span class='ocrx_word' id='word_1_602' title='bbox 1662 1694 1907 1729; x_wconf 76' lang='lat' dir='ltr'><strong>mactationum,</strong></span> <span class='ocrx_word' id='word_1_603' title='bbox 1936 1699 1967 1723; x_wconf 91' lang='lat' dir='ltr'><strong>et</strong></span> <span class='ocrx_word' id='word_1_604' title='bbox 1990 1691 2140 1723; x_wconf 88' lang='lat' dir='ltr'><strong>cultuum</strong></span> 
     </span>
     <span class='ocr_line' id='line_1_97' title="bbox 1154 1735 2141 1781; baseline -0.005 -12"><span class='ocrx_word' id='word_1_605' title='bbox 1154 1737 1321 1781; x_wconf 82' lang='lat' dir='ltr'><strong>legalium.</strong></span> <span class='ocrx_word' id='word_1_606' title='bbox 1384 1737 1419 1768; x_wconf 89' lang='lat' dir='ltr'><strong>ln</strong></span> <span class='ocrx_word' id='word_1_607' title='bbox 1442 1738 1539 1769; x_wconf 76' lang='lat' dir='ltr'><strong>Novo</strong></span> <span class='ocrx_word' id='word_1_608' title='bbox 1562 1737 1772 1769; x_wconf 79' lang='lat' dir='ltr'><strong>Testamento</strong></span> <span class='ocrx_word' id='word_1_609' title='bbox 1807 1736 2019 1777; x_wconf 86' lang='lat' dir='ltr'><strong>praedicatur</strong></span> <span class='ocrx_word' id='word_1_610' title='bbox 2049 1735 2141 1765; x_wconf 80' lang='lat' dir='ltr'><strong>invo-</strong></span> 
     </span>
     <span class='ocr_line' id='line_1_98' title="bbox 1156 1775 2142 1819; baseline -0.005 -6"><span class='ocrx_word' id='word_1_611' title='bbox 1156 1783 1243 1813; x_wconf 85' lang='lat' dir='ltr'><strong>catio</strong></span> <span class='ocrx_word' id='word_1_612' title='bbox 1277 1781 1418 1813; x_wconf 90' lang='lat' dir='ltr'><strong>nominis</strong></span> <span class='ocrx_word' id='word_1_613' title='bbox 1443 1780 1592 1812; x_wconf 88' lang='lat' dir='ltr'><strong>Domini:</strong></span> <span class='ocrx_word' id='word_1_614' title='bbox 1629 1781 1660 1812; x_wconf 88' lang='lat' dir='ltr'><strong>id</strong></span> <span class='ocrx_word' id='word_1_615' title='bbox 1684 1786 1752 1813; x_wconf 78' lang='lat' dir='ltr'><strong>est,</strong></span> <span class='ocrx_word' id='word_1_616' title='bbox 1786 1781 1871 1810; x_wconf 86' lang='lat' dir='ltr'><strong>sicut</strong></span> <span class='ocrx_word' id='word_1_617' title='bbox 1902 1789 1939 1809; x_wconf 78' lang='lat' dir='ltr'><strong>se</strong></span> <span class='ocrx_word' id='word_1_618' title='bbox 1965 1775 2142 1819; x_wconf 83' lang='lat' dir='ltr'><strong>patefecit;</strong></span> 
     </span>
     <span class='ocr_line' id='line_1_99' title="bbox 1155 1821 2142 1867; baseline -0.005 -11"><span class='ocrx_word' id='word_1_619' title='bbox 1155 1825 1231 1867; x_wconf 78' lang='lat' dir='ltr'><strong>quia</strong></span> <span class='ocrx_word' id='word_1_620' title='bbox 1253 1835 1365 1856; x_wconf 78' lang='lat' dir='ltr'><strong>nomen</strong></span> <span class='ocrx_word' id='word_1_621' title='bbox 1389 1823 1553 1865; x_wconf 81' lang='lat' dir='ltr'><strong>significat</strong></span> <span class='ocrx_word' id='word_1_622' title='bbox 1577 1823 1725 1854; x_wconf 87' lang='lat' dir='ltr'><strong>notitiam</strong></span> <span class='ocrx_word' id='word_1_623' title='bbox 1749 1821 1836 1854; x_wconf 83' lang='lat' dir='ltr'><strong>illius</strong></span> <span class='ocrx_word' id='word_1_624' title='bbox 1869 1821 2021 1859; x_wconf 89' lang='lat' dir='ltr'><strong>Domini,</strong></span> <span class='ocrx_word' id='word_1_625' title='bbox 2054 1821 2142 1852; x_wconf 80' lang='lat' dir='ltr'><strong>sicut</strong></span> 
     </span>
     <span class='ocr_line' id='line_1_100' title="bbox 1154 1864 2140 1909; baseline -0.005 -10"><span class='ocrx_word' id='word_1_626' title='bbox 1154 1869 1252 1899; x_wconf 89' lang='lat' dir='ltr'><strong>nobis</strong></span> <span class='ocrx_word' id='word_1_627' title='bbox 1274 1866 1460 1909; x_wconf 67' lang='lat' dir='ltr'><strong>patefactus</strong></span> <span class='ocrx_word' id='word_1_628' title='bbox 1485 1873 1546 1904; x_wconf 86' lang='lat' dir='ltr'><strong>est,</strong></span> <span class='ocrx_word' id='word_1_629' title='bbox 1577 1865 1729 1898; x_wconf 79' lang='lat' dir='ltr'><strong>videlicet</strong></span> <span class='ocrx_word' id='word_1_630' title='bbox 1757 1865 1846 1907; x_wconf 87' lang='lat' dir='ltr'><strong>quod</strong></span> <span class='ocrx_word' id='word_1_631' title='bbox 1875 1875 1933 1906; x_wconf 91' lang='lat' dir='ltr'><strong>per</strong></span> <span class='ocrx_word' id='word_1_632' title='bbox 1957 1864 2140 1895; x_wconf 51' lang='lat' dir='ltr'><strong>misericor*</strong></span> 
     </span>
     <span class='ocr_line' id='line_1_101' title="bbox 1155 1908 2141 1952; baseline -0.005 -10"><span class='ocrx_word' id='word_1_633' title='bbox 1155 1912 1240 1943; x_wconf 87' lang='lat' dir='ltr'><strong>diam</strong></span> <span class='ocrx_word' id='word_1_634' title='bbox 1274 1916 1410 1952; x_wconf 86' lang='lat' dir='ltr'><strong>propter</strong></span> <span class='ocrx_word' id='word_1_635' title='bbox 1445 1908 1558 1941; x_wconf 69' lang='lat' dir='ltr'><strong>filium</strong></span> <span class='ocrx_word' id='word_1_636' title='bbox 1595 1910 1656 1940; x_wconf 77' lang='lat' dir='ltr'><strong>Dei</strong></span> <span class='ocrx_word' id='word_1_637' title='bbox 1694 1910 1900 1940; x_wconf 84' lang='lat' dir='ltr'><strong>remittantur</strong></span> <span class='ocrx_word' id='word_1_638' title='bbox 1935 1908 2033 1938; x_wconf 82' lang='lat' dir='ltr'><strong>nobis</strong></span> <span class='ocrx_word' id='word_1_639' title='bbox 2066 1916 2141 1948; x_wconf 86' lang='lat' dir='ltr'><strong>pec-</strong></span> 
     </span>
     <span class='ocr_line' id='line_1_102' title="bbox 1155 1949 2140 1994; baseline -0.006 -9"><span class='ocrx_word' id='word_1_640' title='bbox 1155 1960 1240 1991; x_wconf 78' lang='lat' dir='ltr'><strong>cata,</strong></span> <span class='ocrx_word' id='word_1_641' title='bbox 1264 1960 1388 1985; x_wconf 87' lang='lat' dir='ltr'><strong>tantum</strong></span> <span class='ocrx_word' id='word_1_642' title='bbox 1412 1951 1512 1989; x_wconf 76' lang='lat' dir='ltr'><strong>valet,</strong></span> <span class='ocrx_word' id='word_1_643' title='bbox 1542 1960 1699 1994; x_wconf 80' lang='lat' dir='ltr'><strong>quamam</strong></span> <span class='ocrx_word' id='word_1_644' title='bbox 1728 1950 1784 1983; x_wconf 84' lang='lat' dir='ltr'><strong>illa</strong></span> <span class='ocrx_word' id='word_1_645' title='bbox 1810 1949 1932 1982; x_wconf 85' lang='lat' dir='ltr'><strong>Psalmi</strong></span> <span class='ocrx_word' id='word_1_646' title='bbox 1961 1949 2140 1981; x_wconf 81' lang='lat' dir='ltr'><strong>sententia:</strong></span> 
     </span>
     <span class='ocr_line' id='line_1_103' title="bbox 1155 1991 2141 2036; baseline -0.006 -7"><span class='ocrx_word' id='word_1_647' title='bbox 1155 2001 1260 2029; x_wconf 73' lang='lat' dir='ltr'><strong>Omnis</strong></span> <span class='ocrx_word' id='word_1_648' title='bbox 1282 2000 1336 2036; x_wconf 73' lang='lat' dir='ltr'><strong>qm*</strong></span> <span class='ocrx_word' id='word_1_649' title='bbox 1367 1997 1497 2035; x_wconf 80' lang='lat' dir='ltr'><strong>confidi!</strong></span> <span class='ocrx_word' id='word_1_650' title='bbox 1524 1999 1556 2026; x_wconf 81' lang='lat' dir='ltr'><strong>in</strong></span> <span class='ocrx_word' id='word_1_651' title='bbox 1580 2006 1632 2034; x_wconf 69' lang='lat' dir='ltr'><strong>eo,</strong></span> <span class='ocrx_word' id='word_1_652' title='bbox 1668 2006 1728 2027; x_wconf 82' lang='lat' dir='ltr'><strong>non</strong></span> <span class='ocrx_word' id='word_1_653' title='bbox 1762 1994 1991 2034; x_wconf 77' lang='lat' dir='ltr'><strong>confundetur.</strong></span> <span class='ocrx_word' id='word_1_654' title='bbox 2049 1991 2141 2023; x_wconf 84' lang='lat' dir='ltr'><strong>llaec</strong></span> 
     </span>
     <span class='ocr_line' id='line_1_104' title="bbox 1155 2033 2141 2079; baseline -0.005 -9"><span class='ocrx_word' id='word_1_655' title='bbox 1155 2047 1207 2071; x_wconf 79' lang='lat' dir='ltr'><strong>est</strong></span> <span class='ocrx_word' id='word_1_656' title='bbox 1231 2040 1379 2070; x_wconf 86' lang='lat' dir='ltr'><strong>doctrina</strong></span> <span class='ocrx_word' id='word_1_657' title='bbox 1399 2039 1483 2069; x_wconf 68' lang='lat' dir='ltr'><strong>Novi</strong></span> <span class='ocrx_word' id='word_1_658' title='bbox 1502 2038 1714 2076; x_wconf 84' lang='lat' dir='ltr'><strong>Testamenti,</strong></span> <span class='ocrx_word' id='word_1_659' title='bbox 1737 2048 1822 2079; x_wconf 86' lang='lat' dir='ltr'><strong>quae</strong></span> <span class='ocrx_word' id='word_1_660' title='bbox 1847 2037 1923 2068; x_wconf 88' lang='lat' dir='ltr'><strong>dicit</strong></span> <span class='ocrx_word' id='word_1_661' title='bbox 1947 2045 2006 2077; x_wconf 87' lang='lat' dir='ltr'><strong>per</strong></span> <span class='ocrx_word' id='word_1_662' title='bbox 2024 2033 2141 2067; x_wconf 78' lang='lat' dir='ltr'><strong>Filium</strong></span> 
     </span>
     <span class='ocr_line' id='line_1_105' title="bbox 1156 2080 2139 2122; baseline -0.005 -8"><span class='ocrx_word' id='word_1_663' title='bbox 1156 2083 1217 2114; x_wconf 89' lang='lat' dir='ltr'><strong>Dei</strong></span> <span class='ocrx_word' id='word_1_664' title='bbox 1242 2083 1360 2113; x_wconf 83' lang='lat' dir='ltr'><strong>remitti</strong></span> <span class='ocrx_word' id='word_1_665' title='bbox 1390 2089 1581 2122; x_wconf 78' lang='lat' dir='ltr'><strong>peccatum:</strong></span> <span class='ocrx_word' id='word_1_666' title='bbox 1615 2088 1647 2113; x_wconf 89' lang='lat' dir='ltr'><strong>et</strong></span> <span class='ocrx_word' id='word_1_667' title='bbox 1681 2080 1767 2112; x_wconf 79' lang='lat' dir='ltr'><strong>hanc</strong></span> <span class='ocrx_word' id='word_1_668' title='bbox 1801 2080 2028 2111; x_wconf 77' lang='lat' dir='ltr'><strong>remissionem</strong></span> <span class='ocrx_word' id='word_1_669' title='bbox 2063 2088 2139 2119; x_wconf 84' lang='lat' dir='ltr'><strong>pec-</strong></span> 
     </span>
     <span class='ocr_line' id='line_1_106' title="bbox 1156 2121 2140 2166; baseline -0.006 -9"><span class='ocrx_word' id='word_1_670' title='bbox 1156 2132 1305 2157; x_wconf 71' lang='lat' dir='ltr'><strong>catorum</strong></span> <span class='ocrx_word' id='word_1_671' title='bbox 1330 2125 1392 2156; x_wconf 81' lang='lat' dir='ltr'><strong>fide</strong></span> <span class='ocrx_word' id='word_1_672' title='bbox 1415 2126 1642 2166; x_wconf 72' lang='lat' dir='ltr'><strong>arripiendam</strong></span> <span class='ocrx_word' id='word_1_673' title='bbox 1666 2134 1760 2161; x_wconf 84' lang='lat' dir='ltr'><strong>esse,</strong></span> <span class='ocrx_word' id='word_1_674' title='bbox 1794 2130 1826 2155; x_wconf 89' lang='lat' dir='ltr'><strong>et</strong></span> <span class='ocrx_word' id='word_1_675' title='bbox 1855 2121 2058 2154; x_wconf 68' lang='lat' dir='ltr'><strong>sainctitivmi</strong></span> <span class='ocrx_word' id='word_1_676' title='bbox 2082 2121 2140 2152; x_wconf 87' lang='lat' dir='ltr'><strong>ho·</strong></span> 
     </span>
     <span class='ocr_line' id='line_1_107' title="bbox 1156 2162 2140 2210; baseline -0.005 -11"><span class='ocrx_word' id='word_1_677' title='bbox 1156 2170 1277 2207; x_wconf 78' lang='lat' dir='ltr'><strong>mines,</strong></span> <span class='ocrx_word' id='word_1_678' title='bbox 1317 2176 1416 2210; x_wconf 74' lang='lat' dir='ltr'><strong>atque</strong></span> <span class='ocrx_word' id='word_1_679' title='bbox 1451 2169 1494 2199; x_wconf 83' lang='lat' dir='ltr'><strong>ita</strong></span> <span class='ocrx_word' id='word_1_680' title='bbox 1529 2168 1691 2210; x_wconf 79' lang='lat' dir='ltr'><strong>praestari</strong></span> <span class='ocrx_word' id='word_1_681' title='bbox 1725 2167 1798 2198; x_wconf 91' lang='lat' dir='ltr'><strong>Deo</strong></span> <span class='ocrx_word' id='word_1_682' title='bbox 1833 2176 1932 2197; x_wconf 65' lang='lat' dir='ltr'><strong>veros</strong></span> <span class='ocrx_word' id='word_1_683' title='bbox 1963 2162 2072 2196; x_wconf 88' lang='lat' dir='ltr'><strong>cultus</strong></span> <span class='ocrx_word' id='word_1_684' title='bbox 2106 2163 2140 2195; x_wconf 88' lang='lat' dir='ltr'><strong>in</strong></span> 
     </span>
     <span class='ocr_line' id='line_1_108' title="bbox 1155 2210 1429 2254; baseline -0.004 -11"><span class='ocrx_word' id='word_1_685' title='bbox 1155 2213 1322 2254; x_wconf 81' lang='lat' dir='ltr'><strong>agnitione</strong></span> <span class='ocrx_word' id='word_1_686' title='bbox 1347 2210 1429 2242; x_wconf 72' lang='lat' dir='ltr'><strong>Filii.</strong></span> 
     </span>
    </p>

    <p class='ocr_par' dir='ltr' id='par_1_22' title="bbox 1129 2248 2140 2636">
     <span class='ocr_line' id='line_1_109' title="bbox 1243 2248 2140 2296; baseline -0.006 -11"><span class='ocrx_word' id='word_1_687' title='bbox 1243 2253 1418 2296; x_wconf 58' lang='lat' dir='ltr'><strong>limplmsis</strong></span> <span class='ocrx_word' id='word_1_688' title='bbox 1456 2260 1505 2285; x_wconf 70' lang='lat' dir='ltr'><strong>est</strong></span> <span class='ocrx_word' id='word_1_689' title='bbox 1542 2254 1572 2285; x_wconf 91' lang='lat' dir='ltr'><strong>in</strong></span> <span class='ocrx_word' id='word_1_690' title='bbox 1597 2254 1700 2284; x_wconf 75' lang='lat' dir='ltr'><strong>verbo</strong></span> <span class='ocrx_word' id='word_1_691' title='bbox 1724 2253 1899 2284; x_wconf 68' lang='lat' dir='ltr'><strong>inroranda:</strong></span> <span class='ocrx_word' id='word_1_692' title='bbox 1950 2250 2044 2282; x_wconf 79' lang='lat' dir='ltr'><strong>Deus</strong></span> <span class='ocrx_word' id='word_1_693' title='bbox 2069 2248 2140 2281; x_wconf 86' lang='lat' dir='ltr'><strong>mit-</strong></span> 
     </span>
     <span class='ocr_line' id='line_1_110' title="bbox 1157 2292 2140 2339; baseline -0.007 -10"><span class='ocrx_word' id='word_1_694' title='bbox 1157 2304 1199 2329; x_wconf 79' lang='lat' dir='ltr'><strong>tet</strong></span> <span class='ocrx_word' id='word_1_695' title='bbox 1225 2297 1360 2329; x_wconf 77' lang='lat' dir='ltr'><strong>Filium.</strong></span> <span class='ocrx_word' id='word_1_696' title='bbox 1397 2305 1427 2329; x_wconf 91' lang='lat' dir='ltr'><strong>et</strong></span> <span class='ocrx_word' id='word_1_697' title='bbox 1463 2298 1516 2339; x_wconf 86' lang='lat' dir='ltr'><strong>qui</strong></span> <span class='ocrx_word' id='word_1_698' title='bbox 1548 2297 1750 2327; x_wconf 66' lang='lat' dir='ltr'><strong>invocabunt</strong></span> <span class='ocrx_word' id='word_1_699' title='bbox 1784 2306 1857 2327; x_wconf 90' lang='lat' dir='ltr'><strong>eum</strong></span> <span class='ocrx_word' id='word_1_700' title='bbox 1893 2294 2011 2325; x_wconf 76' lang='lat' dir='ltr'><strong>fidncia</strong></span> <span class='ocrx_word' id='word_1_701' title='bbox 2042 2292 2140 2323; x_wconf 81' lang='lat' dir='ltr'><strong>huius</strong></span> 
     </span>
     <span class='ocr_line' id='line_1_111' title="bbox 1158 2336 2138 2382; baseline -0.006 -11"><span class='ocrx_word' id='word_1_702' title='bbox 1158 2341 1240 2377; x_wconf 71' lang='lat' dir='ltr'><strong>Filii,</strong></span> <span class='ocrx_word' id='word_1_703' title='bbox 1265 2341 1476 2382; x_wconf 71' lang='lat' dir='ltr'><strong>praest-&#39;ibunt</strong></span> <span class='ocrx_word' id='word_1_704' title='bbox 1511 2340 1539 2370; x_wconf 86' lang='lat' dir='ltr'><strong>ci</strong></span> <span class='ocrx_word' id='word_1_705' title='bbox 1565 2351 1664 2371; x_wconf 71' lang='lat' dir='ltr'><strong>veros</strong></span> <span class='ocrx_word' id='word_1_706' title='bbox 1696 2337 1815 2370; x_wconf 79' lang='lat' dir='ltr'><strong>cultus.</strong></span> <span class='ocrx_word' id='word_1_707' title='bbox 1862 2336 2003 2373; x_wconf 83' lang='lat' dir='ltr'><strong>Quando</strong></span> <span class='ocrx_word' id='word_1_708' title='bbox 2028 2342 2138 2366; x_wconf 86' lang='lat' dir='ltr'><strong>nutem</strong></span> 
     </span>
     <span class='ocr_line' id='line_1_112' title="bbox 1157 2377 2139 2423; baseline -0.005 -9"><span class='ocrx_word' id='word_1_709' title='bbox 1157 2385 1273 2414; x_wconf 76' lang='lat' dir='ltr'><strong>‹lit-itur</strong></span> <span class='ocrx_word' id='word_1_710' title='bbox 1297 2384 1336 2414; x_wconf 81' lang='lat' dir='ltr'><strong>dc</strong></span> <span class='ocrx_word' id='word_1_711' title='bbox 1361 2384 1581 2420; x_wconf 71' lang='lat' dir='ltr'><strong>invocatione,</strong></span> <span class='ocrx_word' id='word_1_712' title='bbox 1616 2389 1748 2423; x_wconf 75' lang='lat' dir='ltr'><strong>oportet</strong></span> <span class='ocrx_word' id='word_1_713' title='bbox 1781 2379 1877 2412; x_wconf 82' lang='lat' dir='ltr'><strong>simul</strong></span> <span class='ocrx_word' id='word_1_714' title='bbox 1903 2377 2139 2420; x_wconf 79' lang='lat' dir='ltr'><strong>comprehendi</strong></span> 
     </span>
     <span class='ocr_line' id='line_1_113' title="bbox 1159 2422 2140 2467; baseline -0.005 -10"><span class='ocrx_word' id='word_1_715' title='bbox 1159 2428 1268 2457; x_wconf 79' lang='lat' dir='ltr'><strong>iidem:</strong></span> <span class='ocrx_word' id='word_1_716' title='bbox 1300 2435 1328 2458; x_wconf 79' lang='lat' dir='ltr'><strong>ct</strong></span> <span class='ocrx_word' id='word_1_717' title='bbox 1355 2427 1513 2461; x_wconf 74' lang='lat' dir='ltr'><strong>vicissim,</strong></span> <span class='ocrx_word' id='word_1_718' title='bbox 1549 2426 1681 2467; x_wconf 80' lang='lat' dir='ltr'><strong>quando</strong></span> <span class='ocrx_word' id='word_1_719' title='bbox 1705 2425 1821 2456; x_wconf 77' lang='lat' dir='ltr'><strong>dicitur</strong></span> <span class='ocrx_word' id='word_1_720' title='bbox 1844 2424 1885 2454; x_wconf 85' lang='lat' dir='ltr'><strong>de</strong></span> <span class='ocrx_word' id='word_1_721' title='bbox 1910 2422 1985 2457; x_wconf 74' lang='lat' dir='ltr'><strong>tide,</strong></span> <span class='ocrx_word' id='word_1_722' title='bbox 2009 2427 2140 2462; x_wconf 78' lang='lat' dir='ltr'><strong>oportet</strong></span> 
     </span>
     <span class='ocr_line' id='line_1_114' title="bbox 1158 2467 2140 2511; baseline -0.005 -10"><span class='ocrx_word' id='word_1_723' title='bbox 1158 2469 1254 2501; x_wconf 85' lang='lat' dir='ltr'><strong>simul</strong></span> <span class='ocrx_word' id='word_1_724' title='bbox 1279 2470 1515 2511; x_wconf 72' lang='lat' dir='ltr'><strong>wniiprt·lten‹li</strong></span> <span class='ocrx_word' id='word_1_725' title='bbox 1541 2468 1792 2500; x_wconf 61' lang='lat' dir='ltr'><strong>iux-ovationem.</strong></span> <span class='ocrx_word' id='word_1_726' title='bbox 1844 2467 1983 2507; x_wconf 61' lang='lat' dir='ltr'><strong>Semper</strong></span> <span class='ocrx_word' id='word_1_727' title='bbox 2007 2469 2140 2505; x_wconf 76' lang='lat' dir='ltr'><strong>oportet</strong></span> 
     </span>
     <span class='ocr_line' id='line_1_115' title="bbox 1158 2506 2138 2555; baseline -0.007 -11"><span class='ocrx_word' id='word_1_728' title='bbox 1158 2514 1356 2544; x_wconf 70' lang='lat' dir='ltr'><strong>invormioni</strong></span> <span class='ocrx_word' id='word_1_729' title='bbox 1399 2511 1591 2555; x_wconf 77' lang='lat' dir='ltr'><strong>prm-lucere</strong></span> <span class='ocrx_word' id='word_1_730' title='bbox 1631 2512 1830 2552; x_wconf 76' lang='lat' dir='ltr'><strong>agnitionem</strong></span> <span class='ocrx_word' id='word_1_731' title='bbox 1865 2510 1961 2540; x_wconf 85' lang='lat' dir='ltr'><strong>huius</strong></span> <span class='ocrx_word' id='word_1_732' title='bbox 1997 2506 2138 2538; x_wconf 87' lang='lat' dir='ltr'><strong>Domini.</strong></span> 
     </span>
     <span class='ocr_line' id='line_1_116' title="bbox 1159 2551 2139 2589; baseline -0.007 -1"><span class='ocrx_word' id='word_1_733' title='bbox 1159 2556 1249 2588; x_wconf 68' lang='lat' dir='ltr'><strong>lluvc</strong></span> <span class='ocrx_word' id='word_1_734' title='bbox 1284 2564 1331 2587; x_wconf 72' lang='lat' dir='ltr'><strong>cst</strong></span> <span class='ocrx_word' id='word_1_735' title='bbox 1367 2556 1540 2588; x_wconf 69' lang='lat' dir='ltr'><strong>antithesis</strong></span> <span class='ocrx_word' id='word_1_736' title='bbox 1575 2553 1684 2586; x_wconf 77' lang='lat' dir='ltr'><strong>cultus</strong></span> <span class='ocrx_word' id='word_1_737' title='bbox 1720 2553 1805 2585; x_wconf 80' lang='lat' dir='ltr'><strong>Novi</strong></span> <span class='ocrx_word' id='word_1_738' title='bbox 1839 2551 2064 2589; x_wconf 85' lang='lat' dir='ltr'><strong>Testamenti,</strong></span> <span class='ocrx_word' id='word_1_739' title='bbox 2107 2554 2139 2581; x_wconf 73' lang='lat' dir='ltr'><strong>et</strong></span> 
     </span>
     <span class='ocr_line' id='line_1_117' title="bbox 1129 2598 1657 2636; baseline -0.004 -5"><span class='ocrx_word' id='word_1_740' title='bbox 1129 2608 1133 2636; x_wconf 60' lang='grc' dir='ltr'><strong><em>ὴ</em></strong></span> <span class='ocrx_word' id='word_1_741' title='bbox 1159 2598 1267 2632; x_wconf 73' lang='lat' dir='ltr'><strong>cultus</strong></span> <span class='ocrx_word' id='word_1_742' title='bbox 1292 2599 1422 2631; x_wconf 79' lang='lat' dir='ltr'><strong>Veteris</strong></span> <span class='ocrx_word' id='word_1_743' title='bbox 1446 2598 1657 2631; x_wconf 84' lang='lat' dir='ltr'><strong>Testamenti.</strong></span> 
     </span>
    </p>
   </div>
   <div class='ocr_carea' id='block_1_14' title="bbox 2224 0 2324 2958">
    <p class='ocr_par' dir='ltr' id='par_1_23' title="bbox 2224 0 2324 2958">
     <span class='ocr_line' id='line_1_118' title="bbox 2224 0 2324 2958; baseline 0 0"><span class='ocrx_word' id='word_1_744' title='bbox 2224 0 2324 2958; x_wconf 95' lang='lat' dir='ltr'><strong> </strong></span> 
     </span>
    </p>
   </div>
  </div>
 </body>
</html>
