2324 2958
132 192 292 226 XXXVII
818 186 1037 220 POSTILLA
1059 185 1459 218 MELANTHONIANA.
1957 184 2130 216 XXXVIII

134 288 278 318 statuunt
300 295 357 315 non
380 294 454 314 casu
477 283 567 313 obiici
590 283 684 316 bona,
709 281 767 311 sed
789 291 859 310 vere
877 291 895 310 a
917 279 984 309 Deo
1008 280 1083 310 dari:
1108 279 1326 319 Obtemperant
1349 279 1493 309 voluntati
1516 278 1593 313 Dei,
1618 280 1667 318 qui
1692 279 1775 309 iubet
1798 289 1930 318 sperare,
1956 289 2013 308 non
2037 279 2065 307 in
2091 280 2132 308 in-

133 335 216 360 certo
240 329 426 363 divitiarum,
450 326 507 356 sed
530 327 559 355 in
581 325 649 355 Deo
673 325 756 358 vivo,
780 325 831 362 qui
854 327 988 362 praestat
1008 323 1096 352 nobis
1119 323 1217 352 omnia
1240 322 1358 351 abunde
1382 322 1420 351 ad
1443 321 1614 357 fruendum,
1645 323 1722 351 bene
1746 332 1849 361 agere,
1881 321 1991 350 divites
2015 321 2078 350 fieri
2104 322 2132 350 in

133 373 222 402 bonis
246 371 406 410 operibuS‚
430 372 567 409 prompte
585 368 728 404 tribuere,
752 370 782 395 et
805 366 1024 394 communicare
1048 365 1134 400 aliis,
1164 365 1366 395 thesaurizare
1396 365 1455 393 sibi
1484 363 1706 393 tundamentum
1736 366 1845 394 bonum
1876 365 1904 393 in
1934 364 2078 399 futurum,
2102 367 2135 392 ut

133 413 372 454 apprehendatur
390 422 459 441 vera
482 412 556 441 vita:
580 409 721 448 Denique
744 412 849 448 petunt
872 412 902 437 et
925 411 1083 446 expectant
1103 418 1120 437 a
1137 408 1204 438 Deo
1223 408 1356 447 praemia
1374 410 1404 436 et
1423 408 1698 446 compensationem
1722 407 1888 436 secundum
1912 407 2133 446 promissiones

134 458 218 487 eius:
240 456 424 486 Foeneratur
445 453 594 487 Domino,
616 453 667 491 qui
691 452 772 481 iuvat
794 460 956 490 pauperem
981 451 1102 479 iustum.

339 540 455 579 Accipe
474 548 545 577 ergo
564 538 608 566 vir
625 536 795 566 clarissime
819 535 898 565 hunc
920 534 1053 564 laborem
1084 539 1217 564 nostrum
1237 535 1293 564 iam
1318 534 1431 573 pridem
1451 534 1549 563 animo
1579 544 1646 563 meo
1675 534 1729 563 tibi
1760 533 1958 567 destinatum,
1982 537 2133 571 tamquam

135 584 346 615 observantiae
369 593 440 621 erga
457 585 487 611 te
510 590 596 609 meae
619 579 842 616 testimonium,
862 582 892 607 et
914 578 1054 607 virtutum
1074 581 1206 611 tuarum,
1237 578 1349 616 quibus
1374 577 1412 606 de
1435 577 1523 606 bonis
1544 577 1620 605 bene
1644 577 1750 605 mereri
1770 577 1898 605 assidue
1921 576 2045 609 studes,
2073 586 2133 604 mo-

133 630 305 656 numentum
329 629 522 664 perpetuum3
545 626 576 652 et
594 621 737 661 quicquid
756 620 895 651 utilitatis
915 630 952 649 ex
975 619 1034 648 hoc
1057 621 1169 659 scripto
1193 620 1231 649 ad
1255 621 1438 649 iuventutem
1457 619 1624 648 studiosam
1644 619 1740 648 redire
1763 619 1888 658 poterit.
1917 621 1976 649 sub
2001 622 2132 657 augusto

134 673 186 698 tuo
210 669 328 698 nomine
351 667 390 697 ad
413 667 491 696 alios
514 665 689 705 promanare
712 665 788 693 sine.

338 751 449 781 Filium
472 751 532 781 Dei
550 749 712 779 Dominum
736 752 870 778 nostrum
892 746 995 776 Iesum
1019 746 1184 781 Christum,
1209 748 1380 777 crucifixum
1400 750 1430 776 et
1452 747 1665 776 resuscitatum
1689 756 1740 785 pro
1760 746 1864 780 nobis,
1884 749 1914 775 et
1936 745 2068 784 gloriose
2092 755 2134 774 re-

134 800 274 835 gnantem
298 795 336 824 ad
355 795 507 824 dexteram
530 794 624 833 patris
647 796 710 822 toto
734 795 856 830 pectore
880 800 944 827 oro,
968 793 1000 818 ut
1021 789 1182 819 Ecclesias
1206 789 1386 824 Pannonias,
1411 799 1535 828 quarum
1559 793 1590 818 tu
1614 789 1709 818 decus
1733 799 1768 818 es
1793 793 1823 818 et
1852 789 2051 827 praesidium,
2076 787 2135 817 cle-

133 843 251 868 menter
269 841 387 868 tueatur
410 836 552 876 depulsis
575 836 664 865 armis
688 834 841 863 Turcicis:
866 833 910 862 Te
933 833 1022 861 etiam
1046 837 1177 871 tuosque
1201 834 1229 862 in
1253 833 1423 871 praesentis
1446 832 1520 861 belli
1543 832 1686 871 periculis
1718 832 1822 861 salvos
1849 835 1878 860 et
1909 831 2044 870 sospites
2074 841 2136 859 ser-

135 885 200 917 vet,
224 885 255 910 et
277 881 355 909 omni
379 880 602 909 benedictionis
626 887 736 916 genere
759 877 787 905 in
810 878 986 916 perpetuum
1011 875 1158 909 cumulet,
1183 879 1212 904 et
1235 879 1352 914 augeat.
1396 874 1482 903 Bene
1505 878 1534 904 et
1555 874 1680 904 feliciter
1698 874 1774 908 vale,
1799 875 1842 903 vir
1865 874 2135 913 praestantissime,

136 927 167 953 et
185 927 330 962 perpetua
353 923 544 952 observantia
568 921 640 950 mihi
663 919 798 949 colende.
843 918 989 951 Brome,
1008 927 1113 947 mense
1136 917 1261 951 Martio,
1285 919 1374 947 Anno
1398 916 1511 948 Christi
1540 920 1629 947 1594.

819 1114 1130 1156 Praefatio
1169 1115 1365 1155 Partis
1406 1115 1454 1155 Π.

138 1234 344 1267 Reverendis
366 1239 397 1265 et
419 1232 630 1274 amplissimis
654 1231 846 1264 clarissimis
870 1232 969 1269 viris,
991 1232 1131 1272 pietate,
1159 1231 1358 1269 eruditione,
1380 1231 1543 1272 sapientia
1565 1237 1597 1261 et
1620 1230 1707 1261 omni
1726 1230 1880 1261 virtutum
1903 1239 2026 1271 genere
2048 1239 2140 1270 prae-

223 1294 387 1325 stantibus
409 1292 559 1324 Dominis
582 1293 790 1334 pastoribus:
814 1292 976 1323 iudicibus
999 1292 1118 1334 regiis:
1144 1289 1338 1322 consulibus
1363 1296 1394 1322 et
1417 1291 1634 1322 Senatoribus
1658 1290 1785 1321 urbium
1810 1288 1999 1320 Pannoniae
2022 1295 2055 1320 et

290 1351 585 1394 TranssylvanIae‚
609 1361 693 1393 quae
715 1352 880 1392 puriorem
904 1351 1088 1382 doctrinam
1110 1349 1283 1394 Evangelii
1306 1350 1516 1392 prementum
1539 1349 1690 1381 Dominis
1713 1354 1746 1380 et
1768 1349 1881 1379 amicis
1905 1350 1976 1380 suis

544 1417 736 1442 reverenter
755 1410 921 1448 colendis,
945 1410 980 1440 S.
1000 1411 1036 1441 P.
1056 1409 1099 1441 D.
1123 1409 1454 1451 christophorus
1477 1408 1670 1440 Pezelius
1694 1408 1737 1439 D.

344 1521 542 1551 Memorabile
566 1524 615 1550 est
638 1520 695 1550 hoc
722 1519 934 1558 Xenophontis
964 1520 1092 1549 dictum:
1128 1519 1174 1550 Οὐ
1202 1520 1278 1550 πάνυ
1307 1532 1338 1559 γε
1369 1520 1475 1564 ῥᾴδιόν
1504 1522 1581 1550 ἐστιν
1604 1518 1695 1560 εὑρεῖν
1718 1520 1817 1559 ἔργον,
1848 1518 1894 1559 ἐφ’
1916 1514 1943 1561 (ᾗ
1967 1518 2017 1549 οὐκ
2039 1518 2076 1550 ἅν
2097 1531 2141 1556 τις

137 1566 236 1596 αἰτίαν
259 1565 330 1604 ἔχει.
363 1563 509 1594 Χαλεπόν
527 1562 592 1604 γὰρ,
616 1562 693 1593 οὕτω
712 1575 739 1593 τι
761 1564 884 1599 ποιῆσαι
906 1561 983 1592 ὥστε
1005 1562 1097 1601 μηδὲν
1120 1562 1268 1602 ὁμαρτεῖν.
1304 1562 1446 1593 Χαλεπὸν
1469 1561 1509 1597 δὲ,
1528 1565 1578 1592 καὶ
1597 1561 1806 1603 ἀναμαρτήτως
1829 1574 1856 1591 τι
1879 1562 2076 1599 ποιήσαντας,
2099 1562 2140 1601 μή

137 1607 289 1647 ἀγνώμονι
311 1607 397 1648 κριτῇ
418 1609 606 1646 περιτυχεΐνε
629 1605 686 1634 boc
710 1610 773 1639 est,
796 1605 864 1634 Non
889 1605 977 1634 t'acile
1001 1613 1047 1634 est
1071 1606 1204 1634 invenire
1227 1616 1322 1644 opum,
1347 1606 1374 1634 in
1399 1616 1458 1643 quo
1483 1606 1552 1644 quis
1576 1615 1633 1634 non
1659 1605 1767 1634 habeat
1793 1605 1873 1643 quod
1896 1605 2006 1643 culpet.
2057 1605 2142 1635 Diffi-

139 1651 197 1680 cile
221 1651 298 1679 enim
322 1653 385 1683 est,
410 1648 524 1687 aliquid
548 1649 587 1677 ita
611 1647 726 1682 faeere,
750 1651 783 1676 ut
806 1657 862 1676 non
887 1648 1027 1677 aberres:
1052 1647 1185 1676 Difficile
1209 1652 1256 1677 est
1279 1658 1400 1686 quoque
1424 1658 1495 1681 ρος,
1521 1648 1570 1685 qui
1594 1649 1662 1676 sine
1685 1658 1782 1676 errore
1806 1648 1921 1686 aliquid
1944 1648 2084 1688 fecerint,
2112 1649 2141 1677 in

138 1693 300 1731 malignum
313 1692 441 1721 iudicem
455 1701 512 1720 non
537 1691 676 1719 incidere.
711 1689 778 1719 Non
803 1691 891 1727 igitur
914 1690 941 1718 in
966 1690 1024 1719 hoc
1048 1690 1150 1719 labore
1173 1691 1217 1724 (in
1237 1701 1296 1728 quo
1320 1690 1464 1728 reliquias
1483 1689 1984 1719 ScholarumMelanchthoniarum
2005 1691 2032 1719 in
2046 1691 2142 1720 Evan-

139 1736 220 1775 gelia
241 1733 442 1764 DominicaIIa
465 1733 627 1771 colligere,
658 1737 689 1761 et
717 1734 754 1761 ab
784 1733 903 1761 interitu
934 1733 1085 1762 vindicare
1116 1736 1242 1762 conatus
1271 1736 1353 1771 sum)
1376 1733 1565 1771 praecipuam
1594 1732 1725 1771 aliquam
1748 1733 1892 1763 fortunam
1915 1733 1987 1761 mihi
2006 1733 2141 1772 polliceri

139 1779 254 1814 debeo,
277 1787 376 1816 neque
398 1776 448 1806 vel
470 1776 673 1805 diversitatem
697 1775 890 1811 iudiciorum,
913 1775 962 1804 vel
985 1776 1075 1804 etiam
1098 1775 1257 1805 multorum
1280 1774 1534 1814 reprehensiones
1559 1775 1746 1814 effugiturum
1770 1786 1818 1804 me
1841 1785 1963 1814 sperare
1986 1785 2120 1814 possum.

345 1861 388 1891 Ut
411 1865 509 1891 autem
534 1872 581 1890 me
604 1862 702 1901 ipsum
726 1861 819 1899 erigo,
842 1864 933 1899 atque
956 1864 1097 1890 sustento
1119 1861 1224 1900 partim
1247 1861 1421 1890 testimonio
1447 1861 1653 1890 conscientiae
1675 1862 1821 1900 propriae,
1844 1862 1949 1900 partim
1973 1871 2030 1900 spe
2050 1865 2145 1890 recto-

141 1917 205 1935 rum
235 1905 427 1945 iudidorum,
459 1906 486 1933 in
517 1904 583 1939 his,
615 1905 664 1943 qui
689 1903 831 1939 candide,
861 1908 891 1932 et
919 1904 986 1932 sine
1017 1903 1229 1933 malevolentia
1255 1904 1412 1933 iudicaturi
1436 1907 1520 1934 sunt:
1552 1904 1598 1932 sic
1621 1913 1750 1942 aequum
1774 1903 1916 1933 lectorem
1938 1904 2018 1933 haud
2042 1904 2143 1943 inique

142 1949 268 1978 laturum
293 1947 426 1985 confido,
451 1949 478 1976 si
501 1947 653 1986 aliquibus
672 1946 781 1975 saltem
802 1947 1001 1985 improborum
1021 1946 1197 1981 calumniis,
1222 1951 1273 1976 aut
1296 1957 1353 1975 non
1378 1956 1503 1986 prorsus
1526 1945 1689 1977 malorum.
1719 1948 1821 1985 pravis
1841 1947 2032 1985 opinionibus
2051 1951 2143 1986 atque

142 1991 336 2030 praeiudiciis
359 1990 460 2030 aliquo
479 1990 568 2019 modo
593 1999 749 2019 occurrere
772 1989 921 2018 studeam.

348 2074 369 2104 1.
415 2075 492 2104 Sunt
514 2076 592 2104 enim
612 2074 716 2113 aliqui,
742 2076 792 2114 qui
816 2075 906 2103 etiarn
930 2075 1104 2103 memoriam
1128 2075 1258 2103 nominis
1282 2078 1311 2103 et
1335 2075 1513 2113 scriptorum
1538 2073 1671 2113 Philippi
1691 2079 1876 2109 aversantur,
1902 2075 1971 2103 odio
1992 2085 2062 2113 erga
2080 2085 2143 2113 per-

144 2128 252 2148 sonam
270 2119 342 2147 tanti
366 2118 418 2146 viri
442 2122 500 2146 tam
524 2118 715 2156 pertinaciter
737 2122 899 2156 concepto,
925 2121 956 2146 ut
980 2128 1017 2146 ne
1042 2117 1162 2156 quidem
1182 2121 1251 2157 post
1270 2121 1396 2146 mortem
1420 2117 1488 2145 eius
1507 2127 1618 2147 exuere
1642 2117 1731 2152 illud,
1755 2122 1845 2156 atque
1870 2117 2022 2156 deponere
2045 2127 2142 2156 posse

145 2161 309 2190 videantur.
364 2160 401 2188 Hi
432 2170 503 2189 vero
531 2171 597 2189 cum
628 2162 715 2190 animi
745 2162 791 2189 sni
822 2161 955 2189 morbum
985 2161 1043 2199 ipsi
1063 2161 1190 2199 prodant
1214 2164 1244 2189 et
1267 2160 1524 2198 ingratitudinem,
1563 2160 1683 2189 curandi
1713 2160 1785 2189 mibi
1817 2170 1873 2189 non
1902 2171 1973 2189 csse
1996 2161 2143 2189 videntur.

146 2203 187 2233 Ut
206 2205 284 2232 enim
303 2202 433 2241 Moyses
457 2203 628 2233 surrexisse
658 2205 687 2238 in
711 2204 852 2243 Aegypto
876 2203 996 2237 scribit,
1022 2204 1072 2242 qui
1096 2204 1267 2241 ignorarunt
1290 2202 1417 2241 Ioseph:
1443 2203 1482 2231 ita
1508 2203 1556 2232 isti
1577 2203 1708 2232 horribili
1733 2213 1799 2232 cum
1824 2203 2034 2241 ingratitudine
2059 2203 2142 2232 obliti

146 2247 277 2275 omnium
297 2246 466 2274 meritorum
490 2245 750 2283 Melanchthonis,
774 2247 862 2275 etiam
886 2247 1059 2275 memoriam
1083 2246 1259 2285 scriptorum
1284 2246 1351 2274 eius
1375 2245 1516 2274 abolitam
1541 2255 1615 2274 esse
1643 2250 1796 2285 cuperent.
1828 2244 1904 2274 Illud
1920 2249 2019 2275 autem
2043 2245 2144 2274 dolen·

145 2289 215 2318 dum
240 2292 305 2326 est,
328 2298 365 2317 eo
389 2298 449 2316 rem
474 2287 651 2323 devenisse,
670 2293 703 2317 ut
726 2299 782 2318 nec
806 2289 833 2318 in
861 2288 979 2317 scholis
1006 2289 1138 2318 serantur
1160 2289 1307 2328 amplius,
1340 2298 1397 2317 nec
1423 2289 1544 2327 impune
1573 2288 1698 2318 edantur
1727 2293 1777 2317 aut
1805 2287 2005 2318 distrabantur
2033 2290 2144 2328 scripta

143 2330 391 2361 Melanchtbonis
415 2331 452 2359 iis
471 2331 548 2369 ipsis
568 2331 595 2360 in
615 2331 711 2366 Iocis,
733 2333 784 2361 ubi
808 2331 860 2360 ille
883 2331 921 2360 ad
943 2341 1039 2360 annos
1059 2332 1254 2371 quadraginta
1277 2331 1404 2361 fideliter
1427 2331 1543 2365 docuit,
1567 2336 1597 2361 et
1620 2335 1652 2361 ut
1675 2327 1770 2361 est'in
1790 2331 1857 2360 eius
1880 2329 2059 2371 Epitaphio:

710 2389 810 2423 Vitam
829 2389 1046 2432 fortunasque.
1066 2401 1144 2422 Suo-s·
1165 2391 1366 2431 studiumque
1387 2390 1521 2428 laboris,

746 2434 852 2474 Atque
874 2443 1005 2474 operam
1027 2438 1172 2465 sanctam
1195 2435 1379 2474 consiliique
1400 2433 1492 2474 fidem

705 2477 879 2516 Impendit,
903 2478 1013 2507 (lit-ina
1035 2477 1109 2514 Ιτιιὶς,
1135 2477 1295 2513 Ecclesia,
1319 2477 1431 2507 rebus.-

750 2518 855 2560 Teque
875 2521 948 2559 pius
970 2521 1067 2551 varia
1088 2520 1167 2550 iuvit
1190 2524 1219 2550 et
1242 2521 1333 2550 ararit
1357 2529 1425 2559 ope.

147 2577 246 2607 Multo
270 2586 340 2606 vero
364 2577 462 2615 magis
487 2578 568 2606 serio
591 2581 672 2607 motu
691 2579 826 2619 pectoris
850 2579 1034 2618 deploranda
1057 2583 1105 2608 est
1128 2579 1204 2608 haec
1226 2579 1388 2609 Ecclesiae
1418 2578 1589 2611 calamitas,
1619 2577 1699 2616 quod
1729 2576 1821 2606 isthic
1850 2576 1998 2609 Iocorum,
2028 2577 2078 2606 ubi
2107 2586 2145 2605 ex

145 2621 270 2650 immota
298 2620 380 2649 verbi
407 2620 497 2649 divini
525 2622 702 2650 auctoritate
730 2621 885 2651 veritatem
916 2621 1111 2651 orthodoxam
1141 2622 1179 2651 de
1210 2623 1349 2652 omnibus
1378 2620 1570 2651 Christianae
1595 2620 1750 2659 religionis
1782 2620 1930 2660 capitibus
1961 2620 2078 2648 sincere
2104 2618 2144 2648 D.

1895 2677 1941 2705 (Β.
