2324 2958
69 207 133 240 585
752 198 967 233 POS'HLLA
989 198 1385 232 MELANTHONJANA.
2001 200 2064 233 586

73 318 76 319 ⁷
156 299 334 341 Proponite
355 297 451 329 vobis
473 295 531 328 illa
551 294 748 332 testimonia,
770 303 857 336 quae
877 292 1042 326 affirmant
1181 294 1302 330 Gnade,
1331 297 1382 323 est
1403 301 1423 322 a
1443 301 1581 333 yonam,
1615 299 1647 324 et
1680 294 1818 325 sumitur
1841 304 1881 325 ex
1911 291 2063 325 Hebraea

72 352 149 376 esse
160 342 276 373 Filium
291 340 354 372 Dei
376 346 454 372 ante
465 338 666 379 assumptam
683 337 857 369 humanam
880 343 1040 368 naturam.
1093 336 1231 378 origine,
1255 336 1350 367 Chen.
1393 333 1435 365 Et
1457 334 1654 367 vocabulum
1678 336 1863 367 Hebraeum
1886 335 1968 367 alias
1992 347 2064 368 ver—

73 386 251 426 Antequam
274 384 438 415 Abraham
460 387 541 420 erat,
569 390 626 420 eqo
646 390 726 412 sum.
770 379 811 410 Et
836 379 959 411 Paulus
988 390 1043 411 ex·
1094 379 1169 410 titur
1202 378 1442 415 misericordia,
1484 376 1566 408 alias
1603 382 1721 417 qratia.
1785 379 1923 420 Oportet
1957 385 2063 410 autem

94 437 190 459 resse
202 426 299 464 dicit,
325 427 484 457 ChrIstum
505 426 653 464 adfuisse
679 424 827 462 patribus
849 426 883 453 in
905 424 1041 454 deserto.
1095 422 1217 459 videre,
1243 420 1373 463 quando
1398 418 1594 450 vocabulum
1617 422 1741 461 gratiae
1759 421 1921 462 significet
1945 423 2064 459 active,

101 477 113 502 t
135 470 247 501 Iacob:
270 469 447 500 Benedicat
467 469 618 500 Dominus
636 469 751 505 pueris
772 467 831 504 Ιιίε,
859 469 893 496 et
911 467 1044 504 anyelus
1094 464 1225 506 quando
1248 463 1394 505 passive.
1440 462 1578 498 Quando
1603 462 1718 493 Latine
1748 462 1925 505 loquimur,
1958 465 2063 505 gratia

73 517 128 555 qm*
147 522 198 544 me
219 511 337 551 en'puit
357 521 395 541 em
417 511 560 542 omnibus
577 510 679 540 malis.
714 507 886 538 lrenaeusz
910 509 1044 547 Semper
1094 506 1259 549 significat
1283 511 1405 537 tantum
1428 505 1572 546 passive.
1609 505 1677 536 ista
1699 505 1806 546 puella
1830 513 1880 537 est
1905 508 2064 548 gratiosa,

72 557 178 595 misni!
194 556 308 593 yeneri
328 555 466 585 humano
498 552 582 591 λόγος
604 551 705 582 nlius
728 552 804 589 Dei,
837 559 962 589 reyens,
992 559 1043 581 su-
1094 550 1127 580 id
1150 555 1218 587 est,
1251 546 1417 586 amabilis,
1453 549 1587 588 passive
1617 548 1791 588 significat.
1844 549 1904 580 Hic
1933 559 2064 591 quoque

72 602 223 630 stentans.
279 594 339 626 llla
373 595 559 626 testimonia
593 594 736 634 cogitate
770 594 802 624 in
825 593 1043 624 invocatione.
1095 592 1211 624 dicitur
1235 592 1319 629 Ave,
1341 594 1572 631 κεχαριτωμένη,
1602 590 1631 621 id
1655 597 1725 628 est,
1758 592 1872 622 dilecta
1890 602 1950 631 per
1973 596 2063 623 mise-

72 639 165 671 ltem:
199 639 244 670 Ab
277 641 366 670 initio
405 647 554 677 eyresmts
593 639 661 667 eius
705 640 779 667 ante
811 637 879 667 dies
923 637 1042 666 mundi.
1067 643 1071 659 ¹
1095 635 1278 667 ricordi'am.

71 679 175 713 Multa
197 679 273 713 talia
292 681 475 712 testimonia
493 679 669 710 recitamus
692 679 724 709 in
748 677 845 716 festo,
870 688 935 719 quo
959 676 1043 708 cele·
1182 678 1318 718 Semper
1352 682 1459 707 autem
1495 686 1567 706 cuni
1603 674 1717 706 favore
1750 674 1806 706 illo
1842 675 1933 707 Deus
1969 678 2063 707 etium

73 725 186 754 bratur
209 724 394 754 recordatio
427 722 606 754 nativitatis
630 720 773 758 Christi,
808 730 892 762 quae
925 721 1044 751 debent
1094 719 1257 750 hominem
1281 724 1376 750 ornat.
1397 717 1507 749 multis
1531 718 1637 748 donis.

71 775 148 797 esse
171 766 267 797 nobis
290 766 321 797 in
346 770 537 806 conspectu.
1182 762 1214 792 ln
1240 761 1399 803 Syracide
1422 762 1551 801 ponitur
1574 759 1639 790 hoc
1662 761 1798 791 verbum
1821 767 2063 801 κεχαριηημένος,

159 808 280 839 Postea
303 808 420 839 sumite
442 807 645 843 testimonia,
679 807 766 847 quod
791 804 892 837 Filius
916 804 977 835 Dei
1002 805 1044 834 sit
1095 803 1214 845 alioqui
1237 814 1302 834 non
1326 813 1427 845 saepe
1450 804 1619 844 reperitur.
1665 803 1697 834 si
1728 804 1979 841 observassem,
2008 816 2064 846 po-

71 856 188 882 natura
201 851 305 881 Deus.
340 850 452 881 [ohan.
473 850 501 884 l,
533 850 661 880 Verbum
684 853 756 880 erat
765 848 867 880 Deus.
891 847 985 878 Rom.
1009 847 1042 884 9,
1095 847 1230 878 tuissent
1254 845 1339 877 forte
1362 846 1509 877 invenire
1532 844 1651 876 alicubi
1670 846 1701 876 in
1716 845 1901 887 Prophetis,
1921 848 2066 887 Κρήσσων

75 894 136 931 Qui
156 897 206 925 est
225 893 316 925 Deus
349 894 531 925 benedictus
559 895 592 923 in
621 894 758 923 saec-ula.
804 891 881 922 ltem
907 890 1042 922 sumatis
1096 888 1111 919 ὁ
1133 889 1216 928 λόγος
1240 886 1256 927 ἢ
1279 889 1373 926 δόσις,
1408 889 1440 919 id
1464 895 1525 926 est,
1553 888 1684 929 quando
1708 887 1825 930 aliquis
1850 890 1904 920 dat
1927 889 2066 921 eleemo-

71 933 152 967 illud
173 936 438 968 usitatissimum:
460 938 561 975 χριστέ
584 937 708 972 ἐλέησον.
1066 863 1071 947 l
1094 942 1210 973 synam
1235 942 1307 963 oum
1331 933 1418 962 bono
1454 941 1618 968 sermone,
1652 942 1725 962 cum
1748 932 1922 969 suavitate,
1957 942 2066 964 serino

1095 976 1219 1016 gratior
1241 981 1303 1012 est,
1327 985 1424 1015 quam
1443 984 1498 1005 res
1522 974 1655 1005 donata:
1678 980 1712 1005 ut
1732 975 1862 1015 quando
1877 973 2067 1006 Alexander

1093 1018 1255 1057 praebibit
1276 1016 1378 1048 militi.
1424 1016 1505 1048 Cum
1528 1015 1622 1047 miles
1645 1015 1809 1048 attulisset
1841 1024 1940 1058 caput
1971 1018 2065 1049 inter-

1096 1059 1175 1090 fecti
1198 1060 1316 1097 hostis,
1347 1066 1379 1091 et
1402 1059 1556 1090 dixisset:
1589 1061 1676 1097 Bes,
1711 1061 1796 1100 aprus
1826 1069 1884 1092 7²08
1916 1066 1967 1092 es!
1996 1071 2068 1092 con-

1095 1103 1245 1139 suetudo,
1278 1106 1314 1133 u!
1344 1103 1389 1139 is,
1427 1107 1482 1143 (μα’
1514 1103 1629 1142 adfert
1657 1108 1752 1143 capu!
1772 1105 1874 1134 hostia·
1896 1105 2069 1144 interfecti.

1095 1146 1232 1176 donetur
1265 1154 1366 1177 aureo
1400 1147 1538 1185 poculo:
1577 1144 1768 1176 Alexander
1802 1146 1935 1184 videns,
1980 1148 2068 1178 iubet

1095 1186 1221 1218 infundi
1246 1189 1354 1218 vinum
1378 1188 1410 1218 in
1433 1186 1587 1228 poculum
1611 1198 1760 1219 aureum:
1785 1190 1849 1220 Sed
1870 1189 1930 1229 illi,
1954 1190 2068 1231 inquit,

1096 1240 1226 1262 vacuum
1249 1232 1343 1267 dant,
1375 1233 1503 1270 plenum
1529 1240 1592 1269 eqo.
1649 1231 1721 1262 Fuit
1755 1230 1867 1272 lepoS‚
1902 1238 1932 1262 et
1968 1231 2068 1263 midto

1096 1274 1223 1314 gratius
1246 1271 1305 1304 fuit
1328 1272 1432 1310 militi,
1458 1274 1545 1314 quod
1568 1274 1729 1314 praebibit
1753 1275 1793 1311 ei,
1821 1284 1917 1316 quani
1941 1285 2066 1306 amum.

1096 1316 1236 1351 Quando
1259 1315 1377 1357 aliquis
1402 1316 1457 1346 dat
1481 1326 1554 1347 cuin
1578 1317 1846 1356 exprobratione.
1877 1323 1926 1348 est
1951 1328 2065 1359 grave,

1094 1363 1225 1400 χαρίτων
1255 1358 1289 1390 δέ
1319 1371 1348 1389 τε
1382 1357 1483 1397 θυμός
1517 1358 1644 1399 ἄριστος.
1703 1359 1774 1391 Hoc
1809 1360 1897 1401 quod
1930 1361 2067 1391 datura

133 1101 324 1141 Potestne
364 1101 501 1140 videre
542 1100 680 1149 corda,
727 1099 758 1138 si
804 1112 884 1138 non
923 1104 984 1137 est.

420 1175 699 1229 omnipotens?

156 1275 239 1306 Non.
280 1274 338 1306 llla
361 1275 525 1305 invocatio
550 1279 599 1305 est
623 1273 853 1311 testimonium,
877 1274 965 1314 quod
988 1271 1044 1304 ille

71 1317 223 1348 Christus
265 1318 305 1348 sit
340 1317 442 1348 Deus.
508 1316 574 1348 iste
607 1322 658 1348 est
699 1326 838 1357 magnus
873 1315 1043 1347 articulus.

71 1360 145 1392 Non
170 1365 228 1390 esti
242 1360 420 1401 disputatio
443 1359 485 1390 de
506 1358 593 1390 linea
616 1366 720 1390 veste.
766 1358 889 1389 Munite
912 1368 974 1389 vos
992 1358 1043 1389 his

71 1403 278 1434 testimoniis.
325 1403 442 1433 Omnia
466 1402 552 1432 dicta
576 1402 616 1432 de
639 1401 873 1442 omnipotentia
899 1407 930 1432 et
953 1402 1043 1431 invo-

73 1445 202 1476 catione
224 1444 291 1476 huc
319 1445 495 1485 pertinent:
526 1445 592 1483 Eoo
615 1445 710 1475 ritum
731 1448 899 1475 aeternam
922 1444 964 1475 do
986 1447 1042 1475 eis·

71 1487 165 1518 ltem:
193 1489 276 1525 Quae
288 1489 384 1519 Pater
404 1489 497 1526 facit,
521 1496 576 1525 eqo
595 1490 692 1527 facio.
725 1485 801 1516 Ideo
815 1492 891 1517 sunt
903 1487 1042 1517 tenenda

70 1529 156 1561 haec
178 1530 375 1570 testimonia,
399 1534 433 1560 ut
450 1530 616 1569 possimus
644 1527 788 1560 alacrIus
816 1529 978 1560 accedere
1000 1529 1043 1559 ad

69 1571 176 1603 Deum
200 1572 232 1602 in
254 1572 476 1609 invocatione,
501 1578 684 1602 statuentes
707 1580 784 1602 vere
807 1581 869 1602 nos
887 1572 1043 1609 exaudiri,

69 1619 100 1645 et
140 1612 227 1644 hanc
260 1623 337 1645 esse
375 1615 446 1644 eius
481 1613 768 1654 omnipotentiam,
813 1614 901 1655 quod
934 1615 1043 1645 videat

70 1656 190 1693 corda,
221 1657 305 1688 sicut
329 1656 421 1687 dicit:
463 1658 568 1688 Venite
590 1658 636 1687 ad
655 1666 704 1687 me
726 1666 854 1694 omnes,
882 1661 936 1695 que·
957 1656 1042 1687 labo-

69 1700 151 1738 mtv'e
172 1703 205 1730 et
231 1700 360 1732 onerati
384 1702 477 1739 mehr,
512 1708 569 1740 eqo
591 1701 734 1738 reficiam
756 1708 820 1730 1³08.
867 1698 940 1731 Hoc
962 1709 1042 1740 quo—

71 1751 135 1782 que
157 1747 206 1773 est
229 1740 494 1783 omnipotentiae.

1097 1400 1271 1439 benevolo,
1294 1407 1345 1432 est
1368 1401 1468 1432 multo
1488 1402 1630 1442 gratius,
1665 1412 1760 1443 quam
1791 1403 1879 1443 quod
1910 1403 2004 1434 (latur
2026 1414 2066 1435 ex

1095 1445 1246 1482 tristitia,
1280 1443 1334 1475 vel
1368 1443 1608 1485 significatione
1642 1445 1737 1476 animi
1771 1445 1913 1476 alienati.
1973 1448 2066 1477 Wenn

1095 1490 1158 1518 mir
1180 1488 1271 1518 einer
1293 1488 1379 1517 nicht
1396 1496 1479 1525 yern
1502 1490 1554 1518 ein
1579 1489 1833 1527 freundcschafft
1852 1491 1978 1528 erzee'yt.
2008 1491 2067 1520 der

1095 1530 1162 1561 lass
1185 1540 1220 1561 es
1243 1539 1305 1560 um·
1327 1530 1489 1560 austelzen.

1183 1572 1303 1603 Postea
1337 1572 1426 1602 addit
1459 1571 1660 1613 Syracides,
1699 1571 1869 1614 ἀμφότερον
1898 1573 1929 1604 δὲ
1963 1576 1991 1604 ἐν
2024 1575 2066 1616 τῷ

1094 1618 1330 1656 κεχαριτωμένη),
1349 1615 1381 1644 id
1406 1619 1466 1651 est,
1498 1614 1528 1644 in
1553 1623 1604 1652 eo,
1635 1615 1688 1655 qui
1724 1622 1774 1646 est
1799 1622 1934 1647 ornatus
1958 1619 2065 1647 suavi·

1096 1663 1172 1688 tate.
1218 1657 1278 1689 Hic
1311 1655 1503 1697 intelligitur
1537 1657 1577 1687 de
1601 1658 1716 1695 dante,
1745 1659 1799 1699 qui
1832 1658 1933 1690 habet
1956 1660 2064 1690 suavi—

1094 1705 1202 1731 tatem.
1248 1698 1308 1737 1111,
1331 1700 1448 1740 quibus
1472 1705 1521 1729 est
1553 1700 1665 1737 otium,
1692 1707 1850 1741 quaerant
1874 1700 1937 1732 alia
1960 1712 2065 1733 exeni—

1093 1741 1160 1784 pla,
1180 1748 1211 1773 et
1225 1742 1301 1773 mihi
1315 1747 1510 1780 monstrent,
1533 1742 1593 1773 erit
1615 1741 1691 1774 mibi
1711 1750 1838 1785 gratum
1860 1744 2063 1778 beneficium.

113 1905 198 1946 Iam
232 1907 431 1959 quaedam
470 1907 509 1946 in
540 1914 657 1947 textu
689 1908 995 1947 consideremus.
1250 1907 1357 1957 Quid
1391 1914 1452 1947 est
1481 1911 1586 1953 χαῖρε
1624 1906 1863 1954 ἐῠλθγημὲνηῗ

154 1996 242 2028 Ante
267 1997 438 2028 triennium
472 1997 503 2028 in
527 1997 646 2038 oppido
669 1997 876 2035 Northusen,
910 1998 1040 2040 quidam
1178 1998 1370 2037 Benedicta,
1390 2004 1569 2038 yeseynete.
1615 2000 1758 2039 Seyenen
1780 1999 1942 2042 significat
1962 2003 2062 2041 yaben

69 2040 245 2070 retinuerat
269 2039 354 2070 haec
377 2040 495 2071 verba:
517 2041 580 2071 Are
593 2046 700 2079 qratia
720 2044 824 2081 plena.
858 2040 917 2071 Est
930 2050 1040 2081 repre·
1088 2043 1203 2081 ychen:
1225 2042 1300 2083 quia
1323 2043 1377 2073 dat
1401 2041 1495 2072 Deus
1524 2042 1673 2079 dicendo,
1705 2052 1725 2073 a
1746 2053 1853 2083 sayen.
1905 2044 1967 2075 Sed
1997 2054 2061 2075 vox

68 2081 193 2113 hensus
235 2083 277 2113 ab
324 2081 430 2113 altero
473 2083 729 2121 concionatore,
773 2084 827 2125 qui
867 2090 917 2114 est
963 2093 1040 2114 vere
1093 2085 1175 2125 ipsa,
1198 2094 1304 2124 suffen,
1328 2091 1378 2116 est
1402 2084 1568 2116 Hebraea:
1591 2090 1626 2116 ut
1649 2084 1771 2123 Sacae,
1799 2086 1885 2117 unde
1909 2086 2061 2118 Saxones

67 2124 251 2165 μωρόκακος.
309 2125 424 2156 Statim
461 2126 638 2167 exagitavit
672 2136 763 2164 eum,
798 2133 829 2158 et
862 2126 1040 2157 nominavit
1093 2128 1262 2165 dicuntur,
1293 2126 1481 2169 significant
1513 2125 1565 2159 vel
1599 2128 1774 2166 vafidicos,
1809 2128 1861 2160 vel
1894 2128 2061 2171 aequales,

67 2166 159 2199 illum
180 2166 336 2205 alterum,
368 2169 431 2199 den
464 2169 528 2199 Ave
548 2170 673 2200 Marien
701 2171 863 2209 predtyer.
919 2168 1040 2209 Dispu-
1088 2173 1173 2210 frete
1191 2172 1276 2202 leuet.
1333 2171 1456 2209 Seqnen
1489 2169 1654 2213 intelligas
1683 2169 1830 2202 favorem
1855 2182 1928 2204 cum
1951 2173 2059 2210 doniS,

68 2210 162 2241 tavit:
186 2209 292 2241 Maria
311 2220 376 2241 non
401 2217 449 2241 est
475 2209 570 2251 plena
594 2212 715 2252 gratia,
744 2214 803 2243 sed
826 2211 918 2244 solus
944 2211 1037 2242 Chri·
1091 2214 1177 2243 sicut
1216 2212 1412 2244 vocabulum
1443 2217 1552 2253 yratc'a
1590 2220 1790 2254 usurpatum
1829 2220 1863 2245 ut
1897 2214 2059 2256 significet

67 2257 139 2284 stus
163 2258 213 2284 est
236 2252 354 2294 plenus
384 2253 500 2295 gratia.
551 2253 667 2295 Neque
697 2253 755 2285 ille
785 2255 923 2286 candide
949 2253 1038 2292 fecit,
1090 2254 1238 2287 favorem
1262 2266 1335 2286 cum
1355 2256 1462 2287 donis.
1500 2259 1570 2288 Non
1593 2266 1648 2296 eqo
1667 2259 1745 2296 [2¹3
1767 2259 1824 2288 sed
1840 2261 1958 2296 yralm,
1981 2268 2060 2297 quae

68 2296 157 2337 quod
180 2294 270 2327 illum
298 2296 348 2327 sic
382 2296 646 2336 reprehenderim
679 2307 785 2338 neque
818 2296 916 2336 alter,
951 2298 1038 2339 quod
1091 2302 1123 2330 in
1146 2309 1195 2330 me
1218 2303 1275 2337 est,
1299 2299 1401 2340 inquit
1424 2298 1557 2330 Paulas.

67 2347 134 2369 non
167 2338 353 2370 adbibuerit
386 2338 601 2380 diligentiam,
636 2349 700 2380 qua
732 2341 927 2381 inquireret,
961 2341 1038 2382 quid
1177 2341 1315 2383 Oportet
1339 2342 1562 2380 considerare,
1597 2342 1650 2373 ubi
1673 2341 1837 2374 vocabula
1872 2342 2058 2385 significent

68 2380 267 2413 vocabulum
291 2381 506 2423 significaret.
1090 2383 1237 2422 relative,
1260 2385 1315 2416 ubi
1339 2395 1393 2416 res
1416 2385 1528 2422 datas,
1562 2385 1614 2415 ubi
1638 2391 1821 2426 utrumque.
1866 2385 1938 2416 Hoc
1960 2387 2058 2428 igitur

152 2423 382 2455 Germanicum
405 2422 602 2456 vocabulum
627 2425 738 2456 Gnade
759 2425 925 2466 significat
946 2424 1037 2457 savo·
1092 2427 1210 2458 dicitur
1231 2428 1274 2458 ab
1296 2426 1445 2469 Angelo:
1476 2429 1568 2459 Salve
1589 2428 1764 2458 benedicta:
1795 2428 1826 2459 id
1851 2434 1913 2466 est,
1942 2436 2058 2460 ornata

67 2474 146 2503 mm,
164 2472 198 2497 et
220 2467 349 2508 quidem
373 2468 548 2507 gratuitum
572 2466 728 2498 savorem.
786 2469 828 2499 Es
857 2471 900 2500 iel
922 2471 1036 2509 quade,
1089 2468 1198 2502 multis
1221 2470 1408 2511 ingentibus
1433 2471 1537 2501 donis.
1573 2469 1670 2501 lacob
1687 2475 1856 2511 precatur:
1885 2471 2060 2504 Benedicat

67 2517 103 2538 ee
125 2511 164 2539 2291
184 2510 273 2541 nicht
290 2511 416 2541 schalde
441 2511 519 2541 oder
536 2512 658 2550 pfliclaet.
703 2513 750 2542 Zu
772 2509 844 2550 hoff
859 2516 933 2551 saqt
951 2522 1036 2549 man,
1088 2512 1179 2544 Deus
1193 2517 1323 2553 pueris:
1345 2514 1376 2544 id
1401 2520 1463 2550 est,
1482 2513 1535 2543 det
1559 2513 1606 2543 eis
1631 2512 1717 2544 dona
1740 2523 1811 2545 sua.
1846 2513 1934 2545 ldem
1957 2514 2057 2546 Iacob

66 2551 151 2581 Mein
168 2553 325 2591 quediqer
347 2553 445 2592 Herr,
470 2553 522 2584 wil
543 2554 596 2584 dir
618 2554 708 2584 die-se
727 2555 834 2592 quade
855 2553 949 2595 than,
971 2557 1039 2586 und
1088 2561 1159 2587 orat
1181 2554 1314 2587 fratrem
1338 2565 1432 2586 suum
1455 2555 1556 2593 Esau,
1584 2560 1619 2587 ut
1639 2558 1775 2597 accipiat
1796 2557 1835 2588 de
1857 2557 1912 2589 illa
1933 2558 2058 2590 bencdi-

67 2593 122 2624 ωἰὶ
151 2595 206 2625 dir
236 2595 297 2627 das
328 2597 522 2635 scineae-ken,
556 2596 587 2627 id
611 2602 679 2634 est,
711 2597 758 2628 Er
781 2599 824 2628 ist
853 2598 924 2629 αξη
951 2599 1039 2630 nicus
1086 2601 1202 2630 ctione:
1226 2599 1257 2630 id
1281 2604 1345 2636 est,
1368 2598 1475 2629 donis.
1526 2596 1696 2630 Salomon:
1735 2600 1832 2632 oculo
1857 2600 2056 2640 benedicenti,

65 2636 218 2678 schuldiy.
1086 2641 1304 2673 benedicetur:
1327 2641 1356 2672 id
1381 2646 1443 2678 est,
1467 2639 1574 2673 Oculo
1593 2640 1732 2674 liberali.
1766 2642 1858 2675 Deus
1878 2644 1937 2675 dat
1959 2645 2054 2675 danti.
