2324 2958
102 162 142 194 41

101 265 159 288 rae
181 255 361 291 doctrinae,
384 253 439 284 ubi
461 249 583 294 singuli
605 250 728 282 faciunt
750 259 845 281 suum
868 249 1024 289 officium,
1045 251 1076 282 in

102 299 264 336 docendo,
299 298 330 328 in
353 294 582 338 gubernando,
603 294 637 325 in
659 293 844 335 puniendis,
869 299 901 324 et
923 303 1076 325 amoven-

102 342 153 373 ‹lis
176 338 352 372 scandalis.
397 336 642 369 Adolesceutes
665 337 845 368 observent
867 335 932 366 hoc
955 336 1076 367 dictum

102 385 199 416 etiam
221 384 356 425 propter
379 379 646 412 Grammaticam.
691 378 765 409 Non
793 383 845 408 est
866 377 983 409 Latina
1002 389 1075 409 ora-

103 428 164 458 tio:
211 426 247 458 ln
269 424 481 458 conveniendo
499 423 683 463 principes,
718 421 779 452 sed
801 421 851 453 sic
874 419 1074 452 resolvenda

102 475 164 507 est,
187 479 260 500 cum
284 467 481 500 conveniunt
505 465 615 507 Reges
638 469 670 494 et
692 462 815 505 populi.

188 509 278 543 Talis
300 516 406 548 status
429 509 461 540 in
484 507 548 539 hac
571 506 687 544 delira,
710 512 742 538 et
763 504 928 548 squalida,
952 511 984 536 et
1006 504 1075 536 lan-

102 554 201 597 guida
226 559 361 584 senecta
383 551 492 583 mundi
519 559 615 581 rarus
639 555 705 580 est:
752 548 793 580 Et
815 549 844 579 si
867 555 919 579 est
941 547 1075 585 alicubi,

100 601 209 627 tamen
233 605 293 627 sua
316 595 478 636 quaedam
501 591 587 624 mala
610 591 721 630 habet,
745 598 778 623 et
800 590 876 623 alibi
899 591 1004 633 magis
1024 596 1076 622 est

99 637 260 680 placidus,
293 636 370 668 alibi
393 637 508 668 minus.
553 635 732 676 Loquimur
755 641 864 666 autem
887 634 941 665 hic
964 634 996 664 in
1020 643 1075 676 ge-

99 690 180 712 nere
203 681 243 712 de
266 679 363 712 aulis.
390 679 473 711 Nam
496 679 594 710 etiam
614 679 721 709 bonae
743 676 839 709 aulae
862 676 984 708 habent
1008 675 1075 707 col·

100 722 222 756 luviem
246 733 398 765 magnam
421 720 580 753 malorum
599 719 776 752 hominum.
821 720 863 751 Et
885 729 963 751 vere
986 721 1075 751 luve-

99 765 186 798 nalis
209 766 302 797 dicit:
342 767 486 797 Maxima
507 773 649 804 quaeque
671 765 783 795 domus
815 767 919 795 sert-225·
941 767 992 794 est
1005 764 1074 808 ple-

99 819 143 840 na
165 809 321 849 superbis.
376 808 471 840 ffssenn
496 810 569 838 tinet
594 808 637 838 ein
660 806 806 847 &tttljtutg
829 816 861 846 gu
881 805 944 848 &joi
965 806 1012 843 ist,
1049 812 1074 841 to

101 852 131 888 n}
155 862 182 883 et
205 853 314 891 stoleer,
338 851 410 882 bemt
435 850 478 882 ein
502 851 627 882 (11111111.

185 893 220 925 111
255 894 343 925 dicto
366 892 539 924 Menandri
573 897 789 923 recensentur
812 890 977 931 praecipui
1000 900 1075 931 gra-

99 937 161 969 dus
194 936 361 968 hominum
383 936 416 967 in
440 933 533 966 aulis.
579 934 671 965 Haec
700 934 765 965 vita
787 932 952 964 hominum
975 932 1075 963 maxi-

99 989 151 1010 me
185 979 307 1022 gaudet
336 979 505 1020 improbis,
541 978 626 1008 inter
658 986 743 1018 quos
766 977 889 1017 primas
922 974 1076 1007 adulator

99 1028 200 1054 tenet.
245 1021 419 1053 Secundas
441 1019 542 1052 habet
563 1019 786 1062 Sycophanta.
821 1018 951 1050 Tertius
968 1016 1075 1056 κακοή-

100 1067 171 1103 θης,
196 1064 227 1095 id
251 1070 312 1102 est,
335 1064 477 1101 invidus,
501 1063 555 1105 qui
578 1068 666 1093 artes
690 1062 831 1093 nocendi
855 1062 919 1093 scit
940 1061 1075 1093 astutis·

100 1108 192 1145 sime,
215 1106 307 1138 Talia
331 1106 513 1139 communia
536 1106 624 1136 dicta
642 1105 762 1136 debent
785 1105 999 1142 considerari,
1011 1103 1075 1135 Ha·

101 1151 179 1181 bent
213 1150 298 1181 enim
322 1148 657 1180 commonefactiones
686 1147 728 1178 de
751 1146 861 1179 multis
890 1148 1008 1185 rebus,
1042 1152 1075 1178 et

100 1200 233 1224 monent
256 1201 331 1230 nos,
354 1198 389 1222 ut
412 1192 514 1223 simus
534 1190 700 1222 cautiores
724 1196 756 1221 et
779 1190 1009 1222 modestiores.

185 1233 326 1265 loannes
360 1234 459 1275 igitur
481 1234 597 1275 (inquit
628 1231 797 1273 Christus)
821 1243 887 1264 non
910 1240 962 1264 est
985 1231 1073 1264 talis.

97 1276 171 1308 Non
195 1274 253 1308 fuit
277 1278 415 1308 vestitus
438 1275 591 1314 molliter,
615 1275 675 1307 sed
699 1274 758 1307 fuit
769 1275 916 1307 hirsutus
929 1286 991 1308 suo
1004 1276 1075 1318 regi

97 1318 231 1358 Herodi,
254 1326 285 1351 et
308 1319 509 1351 pharisaeis.

182 1361 235 1394 De
257 1363 380 1400 verbis,
410 1361 506 1397 Quod
532 1362 575 1392 sit
597 1361 702 1392 maior
724 1360 903 1402 Propheta,
928 1361 1074 1393 dicemus

97 1410 214 1445 postea
247 1405 281 1436 in
315 1404 533 1446 explicatione
566 1402 726 1435 locorum.
772 1403 832 1435 Est
865 1405 951 1435 enim
983 1405 1075 1445 prius

98 1447 293 1488 exponenda
306 1447 527 1478 Grammatice
551 1445 634 1478 haec
657 1457 789 1488 quoque
812 1448 990 1478 sententia:
1014 1449 1075 1478 Re-

94 1500 193 1529 ynum
215 1493 373 1522 coelorum
396 1493 457 1521 cim
488 1493 620 1529 pamur.
666 1490 711 1520 lta
733 1490 818 1520 enim
842 1489 942 1520 habet
964 1489 1074 1520 versio

96 1533 228 1563 usitata.
259 1532 389 1563 Graece
413 1537 477 1563 est:
501 1532 517 1570 ἡ
538 1534 674 1571 βαςιλεία
696 1531 910 1573 τῶνούρανῶν
931 1532 1074 1572 βιάζεται.

96 1574 132 1605 ld
154 1572 211 1605 alii
234 1572 440 1616 explicarunt
462 1575 599 1615 passive
622 1575 663 1606 de
687 1575 939 1615 persecutione,
975 1585 1075 1616 quam

95 1627 116 1648 a
149 1615 259 1648 multis
294 1617 415 1657 patitur
437 1615 603 1648 Ecclesia.
649 1616 714 1648 Alii
738 1618 845 1649 stoice
867 1627 928 1648 seu
952 1617 1076 1648 Enthu-

96 1660 232 1691 siastice
244 1659 509 1701 interpretantur,
530 1660 624 1701 quasi
637 1658 788 1691 homines
807 1659 959 1691 salvandi
972 1660 1076 1691 hosti-

95 1701 171 1734 liter
193 1709 226 1733 et
249 1703 464 1744 repugnative
487 1701 631 1733 habeant
653 1712 691 1734 se
714 1703 744 1733 in
759 1703 990 1740 conversione,
1016 1712 1076 1734 seu
1098 1679 1103 1754 Ι

96 1752 260 1788 cogantur
280 1755 300 1776 a
322 1745 406 1777 Deo.

182 1788 248 1819 Sed
272 1789 408 1819 verbum
426 1787 559 1828 βιάζεται
581 1798 647 1819 11011
667 1788 813 1829 passive,
839 1788 898 1819 sed
921 1786 1076 1818 absolute

96 1841 157 1862 seu
180 1829 373 1862 neutraliter
394 1829 448 1862 1118
472 1837 523 1862 est
545 1831 787 1872 exponendum.
833 1830 984 1873 Regnum
1000 1840 1075 1862 coe-

96 1873 204 1905 lorum
228 1874 258 1904 11
282 1874 439 1915 erumpit,
472 1874 502 1905 vi
527 1874 695 1914 procedit,
729 1884 790 1905 seu
813 1874 844 1905 vi
867 1874 1016 1911 enititur,
1042 1880 1073 1904 et
1098 1859 1102 1934 Ι

96 1916 225 1958 quidem
249 1916 282 1946 vi
304 1926 370 1947 non
395 1915 571 1958 corporali,
595 1923 652 1948 aut
674 1916 820 1958 politica,
842 1917 902 1948 sed
915 1915 1074 1957 spirituali

96 1969 137 1990 ac
160 1959 279 1990 divina.
326 1959 371 1991 Ge
401 1960 510 2001 bringct
539 1960 589 1991 mit
617 1962 706 2000 matht
735 1963 799 1991 orer
822 1960 956 2001 gemultig
979 1960 1072 1998 bin-d),

97 2005 152 2033 1αό
176 2006 261 2033 mana
285 2002 356 2034 nicht
375 2003 490 2041 [ymberti
515 2002 579 2036 iun,
602 2003 635 2033 id
658 2009 727 2040 est,
751 2013 815 2033 non
839 2008 951 2043 potest
972 2002 1072 2043 impe-

97 2044 156 2075 diri
180 2054 199 2074 a
223 2043 352 2075 Diaboli
378 2051 408 2076 et
433 2045 542 2075 mundi
564 2046 720 2086 potentia.
765 2044 826 2076 Est
849 2046 932 2076 enim
953 2055 1072 2076 conso-

96 2085 174 2118 latio
197 2087 237 2118 de
260 2085 456 2119 collectione
479 2094 511 2118 et
535 2089 788 2120 conservatione
800 2087 984 2126 Ecclesiae,
1008 2087 1071 2119 sre-

94 2130 258 2161 mentibus
293 2136 332 2169 81Ι
347 2130 472 2162 frustra
495 2132 754 2173 repugnantibus
779 2131 926 2173 Imperiis
950 2131 1071 2168 mundi,

95 2180 125 2203 et
145 2173 252 2213 portis
276 2171 466 2204 inferorum.

180 2214 271 2246 llaec
293 2221 345 2246 est
366 2214 607 2256 simplicissima
629 2217 791 2248 sententia
813 2215 929 2248 horum
953 2217 1070 2248 verbo-

94 2268 184 2289 rum:
230 2257 383 2289 Ecclesia
407 2256 572 2300 colligitur
595 2264 628 2289 et
649 2266 804 2291 servatur
821 2260 967 2301 potentia
990 2260 1070 2291 divi-

94 2311 144 2332 na.
199 2299 351 2342 Excerpit
386 2301 478 2332 Deus
503 2300 685 2333 Ecclesiam
709 2313 750 2334 ex
774 2308 842 2334 toto
865 2313 987 2344 genere
1011 2301 1069 2333 1111-

94 2353 207 2380 mano.
242 2345 325 2385 regit
350 2351 381 2375 et
406 2343 550 2375 defendit
573 2353 644 2375 eam
667 2345 750 2376 inter
772 2344 902 2377 furores
927 2348 1069 2378 Satanae

93 2393 125 2418 et
147 2387 271 2425 mundi,
294 2393 326 2418 et
349 2397 504 2418 mansura
527 2392 578 2417 est
601 2385 770 2426 Ecclesia,
795 2389 920 2420 etiamsi
944 2388 1068 2420 Diabo-

94 2428 146 2460 lus
181 2439 219 2460 se
253 2436 397 2471 opponat
420 2437 450 2461 et
476 2430 639 2468 mundus,
674 2440 799 2463 Summa
823 2441 896 2462 811111
919 2431 1069 2473 potentia
1091 2438 1096 2500 Ι

95 2478 127 2503 81
149 2470 281 2503 malitia.

181 2515 322 2546 Additur
353 2522 477 2547 autem:
515 2515 645 2546 violenti
671 2517 805 2557 rapiunt
834 2518 923 2548 iuml.
980 2517 1068 2548 Ante

94 2558 173 2589 dixit
198 2558 239 2589 de
263 2567 367 2600 regno
393 2557 571 2596 coelorum,
596 2559 627 2589 id
651 2564 714 2596 est,
737 2559 778 2590 de
801 2559 874 2600 ipso
900 2559 967 2591 tilio
991 2558 1066 2598 Dei,

94 2608 124 2631 et
149 2600 189 2631 de
214 2610 297 2633 voce
321 2599 508 2643 Evangelii,
544 2611 601 2642 per
632 2611 727 2643 quam
757 2600 923 2646 colligitur
950 2601 1066 2634 Eccle-

781 156 997 189 POSTILLA
1020 156 1421 192 MELANTHONJANA.

2065 161 2107 194 42

1128 252 1189 292 sia,
1213 252 1298 284 sicut
1321 251 1405 284 filius
1428 251 1492 283 Dei
1511 253 1582 293 ipse
1605 260 1655 285 est
1677 260 1774 295 caput
1798 253 1982 293 Ecclesiae,
2015 253 2106 288 colli·

1128 305 1211 337 gens
1235 301 1267 326 et
1296 304 1436 326 servans
1465 295 1572 326 divina
1603 298 1748 337 potentia
1770 295 1966 328 Ecclesiam.
2010 297 2105 329 Nunc

1129 339 1169 369 de
1181 338 1386 370 auditoribus
1403 347 1463 369 seu
1471 338 1556 369 vivis
1567 340 1721 370 membris
1734 337 1905 371 Ecclesiae
1914 340 2003 378 dicit,
2016 341 2105 378 Quod

1129 381 1258 412 violenti
1283 381 1421 420 rapiant
1452 389 1583 421 reynum
1612 382 1779 420 coelorum,
1809 384 1931 422 βιασταὶ
1957 382 2105 424 ἁρπάζου-

1128 434 1175 454 σιν
1197 423 1246 462 τήν
1267 424 1432 463 βασιλείαν,
1455 423 1487 454 111
1510 430 1573 461 851,
1598 433 1713 455 omnes
1736 425 1790 466 qui
1821 435 1886 456 non
1908 425 2106 467 franguntur

1127 466 1309 497 terroribus
1333 465 1456 504 mundi,
1478 465 1657 503 scandalis,
1681 467 1890 507 opinionibus
1920 469 2105 507 contrariis,

1127 515 1159 541 et
1183 509 1434 550 quibuscunque
1456 506 1529 540 aliis
1551 509 1800 550 impedimentis.

1212 550 1311 582 Tales
1335 550 1570 582 confirmantur
1599 562 1618 582 a
1642 550 1709 582 filio
1733 551 1806 589 Dei,
1829 559 1862 584 81
1888 554 2030 591 vincant,
2059 561 2105 584 at-

1128 604 1190 635 que
1214 594 1288 625 ideo
1313 594 1408 625 etiam
1434 599 1596 625 vocantur
1618 596 1740 634 βιασταὶ
1764 604 1824 626 seu
1848 594 1992 633 violenti,
2017 594 2105 627 scili-

1129 643 1180 667 cet
1214 643 1368 678 respectu
1399 635 1559 674 hostium,
1589 639 1641 678 qui
1678 638 1872 677 reprimendi
1895 648 1935 669 ac
1955 638 2104 670 vincendi

1127 687 1220 717 sunt,
1250 680 1327 710 item
1356 686 1509 720 respectu
1540 680 1845 720 impedimentorum
1868 690 1928 712 seu
1951 682 2105 713 obstacu-

1126 720 1243 759 lorum,
1269 732 1352 763 quae
1375 722 1593 764 undecunque
1615 721 1780 753 Diabolus
1804 723 1926 754 obiicit.

1211 764 1285 795 Non
1308 763 1532 806 intelligantur
1555 763 1688 796 violenti
1708 788 1717 802 ,
1759 765 1812 806 qui
1837 765 1902 796 sint
1925 766 2031 796 coacti
2055 776 2105 797 ra·

1127 807 1235 848 ptibus
1264 806 1511 838 enthusiasticis
1548 813 1605 839 aut
1638 806 1794 838 fatalibus
1819 808 2105 849 impressionibus,

1126 859 1187 880 nec
1211 850 1446 891 detorqueatur
1474 850 1559 881 haec
1593 848 1749 881 violentia
1783 851 1824 881 ad
1856 857 2008 882 conatum
2031 861 2105 892 pro-

1126 892 1313 934 pagationis
1344 892 1513 923 doctrinae
1543 902 1602 933 per
1626 894 1688 924 vim
1713 891 1945 936 corporalem,
1978 894 2035 924 sed
2065 893 2105 925 de

1127 935 1292 966 exercitiis
1334 945 1433 966 verae
1473 936 1710 976 poenitentiae,
1743 935 1838 973 fidei,
1874 936 2104 976 invocationis,

1128 977 1359 1009 consessionis
1408 976 1500 1009 Haec
1519 983 1569 1009 est
1588 978 1673 1009 enim
1697 976 1754 1009 illa
1776 979 1838 1016 vis,
1862 989 1947 1019 quae
1970 978 2104 1010 assidue

1127 1020 1331 1058 certandum,
1354 1030 1394 1051 ac
1405 1019 1632 1061 praeliandum
1655 1027 1717 1059 est,
1743 1027 1859 1052 contra
1871 1020 2050 1053 Diabolum
2073 1027 2106 1052 et

1125 1063 1304 1104 potentiam
1327 1063 1446 1094 mundi.

1212 1105 1338 1147 Estque
1361 1105 1549 1137 adhortatio
1574 1104 1701 1137 inclusa
1726 1105 1777 1137 his
1801 1106 1925 1143 verbis,
1952 1105 2105 1138 videlicet

1125 1153 1160 1179 ut
1184 1148 1227 1189 pii
1250 1146 1378 1180 fortiter
1400 1159 1440 1180 ac
1465 1155 1658 1180 constanter
1687 1155 1829 1191 pergant
1848 1150 2000 1187 retinere,
2030 1159 2105 1190 pur-

1127 1200 1217 1233 gare,
1240 1192 1324 1222 tueri
1360 1191 1532 1222 veritatem
1554 1190 1746 1232 Evangelii,
1774 1201 1840 1222 non
1871 1192 1991 1223 cedant
2010 1192 2104 1223 minis

1127 1239 1183 1265 aut
1216 1234 1400 1265 terroribus
1430 1233 1592 1272 hostium,
1627 1244 1693 1265 non
1726 1232 1895 1276 defugiant
1926 1234 2106 1266 certamina

1127 1282 1158 1307 et
1177 1275 1341 1318 pericula,
1365 1286 1450 1318 quae
1472 1276 1566 1308 affert
1599 1277 1631 1307 in
1659 1277 1836 1308 vocatione
1859 1275 2027 1308 confessio
2050 1287 2105 1308 ne-

1126 1320 1284 1351 cessaria.
1330 1318 1403 1350 Hoc
1426 1320 1481 1361 qui
1504 1318 1647 1357 faciunt,
1676 1318 1741 1350 illis
1765 1319 1940 1361 promissio
1965 1326 2016 1351 est
2030 1326 2105 1351 ·tra-

1127 1363 1212 1400 dita,
1271 1362 1336 1393 uod
1370 1363 1435 1393 sint
1468 1360 1570 1394 futuri
1599 1363 1745 1404 perpetui
1788 1363 1879 1394 cives
1914 1363 2007 1404 regni
2029 1362 2104 1399 Dei,

1126 1405 1211 1436 sicut
1269 1405 1311 1436 ibi
1331 1404 1465 1436 dicitur:
1491 1406 1579 1437 Deus
1601 1406 1657 1445 qm·
1676 1406 1765 1438 dedit
1785 1407 1871 1445 rene,
1899 1406 1988 1437 dabit
2007 1407 2105 1437 etiam

1123 1449 1290 1488 perficere.

1212 1489 1286 1521 Hoc
1316 1489 1414 1521 modo
1444 1488 1605 1531 explicata
1629 1489 1758 1531 phrasi,
1795 1490 1857 1522 dici
1893 1501 1958 1521 non
1983 1496 2104 1531 potest,

1126 1542 1224 1574 quam
1246 1530 1352 1564 dulcis
1371 1532 1413 1563 sit
1436 1529 1597 1563 sententia
1620 1533 1807 1574 utriusque:
1831 1533 1966 1564 membri
1985 1534 2018 1564 in
2040 1532 2104 1564 hoc

1127 1576 1226 1606 dicto.
1272 1574 1348 1616 lpse
1370 1573 1458 1606 filius
1481 1574 1563 1613 Dei,
1597 1582 1629 1607 et
1658 1585 1723 1606 vox
1748 1574 1919 1618 Evangelii
1949 1576 1980 1607 vi
2000 1586 2104 1607 erum-

1126 1624 1207 1658 punt
1240 1624 1272 1649 et
1306 1618 1482 1649 enituntur.
1545 1617 1638 1649 Sicut
1668 1616 1720 1649 sol
1753 1628 1855 1659 supra
1888 1618 2104 1650 Horizontem

1126 1661 1257 1692 enititur
1279 1670 1339 1701 per
1362 1661 1484 1698 1181185,
1515 1666 1546 1691 81
1577 1670 1643 1692 11011
1667 1667 1777 1701 potest
1802 1661 1947 1702 impediri
1971 1663 2012 1693 ab
2036 1660 2104 1692 ulla

1127 1713 1178 1733 re:
1198 1703 1248 1734 sic
1261 1713 1398 1745 regnum
1417 1701 1586 1734 coelorum
1605 1703 1746 1743 βιάζεται,
1770 1704 1802 1734 111
1827 1710 1889 1742 est,
1913 1705 2104 1745 perrumpit,

1126 1755 1188 1776 nec
1217 1751 1329 1786 potest
1356 1745 1506 1786 impediri
1535 1744 1604 1777 ulla
1633 1744 1789 1777 violentia
1819 1746 1963 1778 hostium
1987 1748 2104 1778 adver·

1126 1788 1279 1819 santium.
1324 1787 1425 1819 Venit
1448 1798 1536 1820 nunc
1564 1794 1710 1830 tempus,
1745 1789 1847 1830 inquit
1871 1788 2039 1828 Christus,
2070 1796 2103 1821 ut

1125 1830 1259 1862 afferam
1281 1840 1399 1862 vocem
1422 1829 1606 1874 Evangelii,
1635 1838 1667 1862 et
1690 1842 1846 1874 spargam
1875 1832 1906 1863 in
1930 1838 1999 1864 toto
2023 1833 2104 1864 orbe

1126 1880 1297 1905 terrarum.
1342 1873 1414 1905 Hoc
1432 1884 1529 1905 nemo
1552 1880 1663 1915 potest
1686 1875 1855 1916 impedire,
1891 1877 2103 1916 quantumvis

1124 1927 1191 1948 non
1221 1917 1320 1948 modo
1343 1915 1495 1955 Diaboli,
1523 1917 1584 1948 sed
1612 1917 1709 1948 etiam
1737 1918 1883 1959 potentia
1913 1919 2023 1950 mundi
2047 1919 2104 1950 ad-

1125 1960 1322 1997 versabitur,
1347 1959 1379 1990 id
1402 1960 1434 1990 in
1459 1959 1618 2000 exemplis
1649 1959 1772 1992 clarius
1797 1962 1950 1992 cernitur.
1996 1961 2103 2003 Syna-

1125 2013 1214 2044 goga
1236 2000 1436 2034 horribiliter
1463 2012 1500 2034 se
1522 2004 1661 2044 primum
1686 2004 1858 2044 opposuit,
1889 2004 1948 2034 sed
1973 2002 2103 2036 frustra.

1123 2045 1297 2076 Tollebant
1340 2044 1449 2076 ludaei
1490 2045 1681 2083 Christum,
1727 2057 1912 2088 quanquam
1952 2048 2103 2079 sciebant

1123 2088 1230 2128 ipsum
1254 2094 1402 2119 mortuos
1432 2089 1671 2126 resuscitasse,
1704 2095 1812 2120 tamen
1844 2096 1953 2120 tantus
1984 2089 2040 2121 suit
2072 2091 2102 2122 in

1123 2132 1204 2171 ipsis
1238 2129 1331 2162 fiiror
1367 2137 1398 2162 et
1439 2132 1640 2171 pertinacia,
1683 2138 1716 2162 ut
1756 2132 1977 2164 interficerent
2013 2143 2099 2164 eum.

1123 2174 1179 2205 Sic
1204 2175 1362 2215 putabant
1382 2174 1466 2205 bene
1488 2173 1665 2205 stabilitam
1689 2185 1764 2206 esse
1792 2185 1884 2206 suam
1907 2176 2098 2216 potentiam.

1123 2216 1191 2248 Sed
1217 2218 1361 2258 resurgit
1388 2215 1551 2255 Christus,
1576 2227 1638 2248 nec
1660 2224 1768 2259 potest
1789 2218 1923 2248 detineri
1952 2225 2100 2250 mortuus

1119 2260 1151 2290 in
1175 2258 1365 2301 sepulchro.
1410 2259 1534 2291 Postea
1556 2270 1629 2292 eum
1653 2261 1881 2291 resuscitatum
1905 2261 2099 2301 praedicant

1120 2301 1286 2344 Apostoli.
1346 2301 1415 2333 Hos
1439 2313 1570 2345 quoque
1606 2303 1714 2334 ludaei
1744 2303 1899 2343 incipiunt
1929 2304 2099 2345 persequi,

1122 2352 1152 2377 et
1177 2345 1286 2377 adhuc
1312 2345 1459 2387 cogitant
1488 2346 1528 2377 de
1559 2346 1727 2377 retinenda
1757 2344 1878 2386 politia.
1932 2345 2000 2378 Sed
2029 2356 2102 2388 per-

1120 2389 1238 2429 rumpit
1261 2389 1416 2420 doctrina
1441 2387 1691 2430 Apostolorum,
1715 2395 1746 2419 et
1770 2389 1949 2420 destruitur
1971 2390 2102 2421 tandem

1120 2430 1232 2472 politia
1255 2431 1397 2463 Iudaica.

1206 2472 1336 2505 Deinde
1382 2480 1569 2516 propagato
1617 2474 1700 2504 inter
1747 2482 1862 2516 gentes
1903 2473 2100 2517 Evangelio,

1120 2516 1224 2555 Nero,
1254 2515 1499 2554 Diocletianus,
1530 2515 1672 2547 lulianus
1698 2518 1845 2560 cogitant
1876 2527 1914 2548 se
1937 2516 2024 2549 velle
2047 2518 2100 2549 de-

1118 2558 1187 2591 lere
1210 2570 1329 2592 nomen
1353 2559 1637 2597 Christianorum,
1663 2559 1694 2590 id
1719 2566 1786 2598 est,
1823 2560 1955 2592 omnino
1980 2561 2100 2592 incum-

1120 2603 1199 2634 bunt
1234 2603 1265 2634 in
1301 2602 1383 2640 hoc,
1415 2609 1445 2634 et
1483 2602 1611 2643 quidvis
1649 2600 1846 2641 moliuntur,
1880 2609 1915 2635 ut
1950 2601 2094 2634 abolean
