2324 2958
211 207 270 238 291

299 298 485 330 Dolendum
509 304 560 329 est
583 303 703 331 autem,
727 297 875 329 homines
899 297 983 328 adeo
1006 298 1192 329 inordinate

211 344 340 380 vivere,
374 349 407 373 et
436 339 660 382 multipliciter
693 339 794 372 affere
833 340 898 371 vim
937 340 1027 381 operi
1069 340 1189 371 divino.

210 385 304 417 Talia
337 391 475 427 peccata
508 393 732 426 agnoscamus
757 388 788 414 et
811 381 1037 424 deploremus,
1072 390 1103 414 et
1127 381 1192 414 fre-

211 437 327 460 nemus
351 425 471 459 stultas
495 427 692 468 cupiditates
715 433 861 458 nostras.

328 593 390 633 De
423 593 571 648 phrasi:
619 588 663 635 Ιη
694 590 945 635 testimonium
977 589 1086 646 ipse's.

298 684 383 720 Quid
415 683 579 727 significa*
615 682 764 724 phrasis,
800 692 883 723 quae
918 680 972 712 hic
1005 680 1136 722 ponitur
1159 680 1191 711 in

212 733 320 759 textu:
355 727 395 759 In
424 728 639 759 tesst‘mmzimn
662 726 765 766 ipsas?
820 724 1032 765 Respondeo.
1089 721 1192 754 Multa

213 771 421 812 disputantur
444 771 485 801 de
508 769 572 801 hac
591 769 714 810 phrasi.
770 768 837 799 Sed
871 767 982 798 iudico
1010 764 1192 808 simplicem

212 823 290 845 esse
312 813 573 854 expositionem,
607 819 643 843 ut
672 812 713 842 sit
734 811 838 849 idem,
871 811 961 852 quod
984 811 1035 841 ius
1066 819 1191 840 eorum.

211 856 293 888 Nam
324 856 465 889 Hebraei
501 855 695 896 saepissime
734 861 868 886 utuntur
902 851 1066 885 vocabulo
1103 852 1192 883 testi-

211 900 320 937 monii,
339 910 398 940 pro
414 897 515 941 dege,
549 908 608 929 seu
632 908 692 938 pro
715 898 804 935 iure,
839 897 928 938 quod
947 906 1010 927 nos
1035 895 1191 926 Germani

211 942 365 974 dicimus:
390 942 436 975 δεῖ
460 943 489 978 'u't
514 941 583 974 t'c'mc
608 940 805 983 gercdytigieit.
857 939 912 971 Sic
942 939 1039 981 igitur
1061 944 1191 970 senten-

211 985 254 1016 tia
279 986 354 1016 erit:
378 985 528 1015 Ostende
551 989 583 1014 te
595 983 773 1014 sacerdoti.
798 988 831 1014 et
854 981 936 1013 offer
948 991 1079 1019 munus,
1102 982 1190 1023 quod

211 1028 381 1069 praecepit
418 1026 532 1058 Moses
566 1027 598 1057 in
623 1027 841 1057 testimonium
864 1024 948 1063 illis,
980 1026 1011 1055 id
1032 1031 1101 1062 est,
1134 1026 1190 1056 baa

213 1081 279 1103 matt
299 1077 350 1102 ben
374 1071 505 1106 urit-itera
529 1070 572 1107 ibt·
595 1069 782 1110 qetcdutgteit
805 1070 882 1110 gebe-

298 1115 362 1145 lam
396 1113 450 1144 hic
483 1112 585 1144 multa
618 1112 778 1143 discenda
808 1119 909 1149 sunt,
950 1111 1026 1152 quia
1060 1120 1192 1152 semper

213 1157 435 1188 Grammatica
455 1156 618 1197 expositio
643 1156 776 1187 deducit
800 1164 861 1185 nos
884 1154 927 1185 ad
951 1153 1125 1191 historias,
1159 1159 1191 1185 et

212 1201 244 1231 in
265 1199 412 1230 historiis
436 1197 607 1240 multiplex
631 1199 781 1230 doctrina
803 1203 854 1229 est
878 1196 1035 1228 involuta.

299 1243 440 1273 Primum
464 1241 659 1272 discendum
684 1247 753 1279 est,
786 1239 886 1282 quale
918 1239 1014 1271 fuerit
1044 1237 1191 1271 officium

213 1285 396 1318 sacerdotii
421 1284 554 1315 ludaici.
610 1284 754 1315 Fuerunt
778 1283 982 1314 Sacerdotes
1007 1282 1070 1321 illi,
1094 1281 1191 1314 simul

212 1335 243 1359 et
266 1327 395 1370 physici
417 1338 478 1359 seu
502 1328 630 1364 medici,
653 1333 683 1358 et
709 1325 866 1367 theologi.
906 1326 990 1357 Nam
1014 1326 1086 1357 sine
1108 1325 1191 1367 phy-

213 1372 295 1409 sica,
320 1378 348 1402 et
375 1372 525 1402 doctrina
548 1371 686 1407 medica,
712 1380 776 1401 non
801 1370 987 1410 potuissent
1012 1369 1192 1400 diiudicare

211 1413 337 1456 lepram
360 1422 390 1445 et
414 1413 499 1445 alios
523 1414 669 1444 morbos.
725 1412 786 1443 Est
814 1418 921 1443 autem
952 1411 1036 1443 haec
1065 1422 1191 1443 summa

212 1457 393 1498 sapientia,
427 1457 550 1488 habere
586 1455 808 1497 cognitionem
839 1455 1010 1486 doctrinae
1040 1455 1080 1486 de
1104 1454 1191 1492 Deo,

212 1508 243 1531 et
268 1500 392 1531 versari
416 1500 446 1530 in
472 1499 737 1530 consideratione
760 1504 906 1528 naturae.

298 1542 357 1573 llis
381 1543 480 1573 rebus
503 1543 576 1573 sine
610 1540 677 1572 ulla
711 1541 914 1572 dubitatione
937 1541 1088 1581 occupati
1122 1540 1192 1571 fue—

213 1593 286 1618 runt
310 1586 429 1623 Adam,
454 1585 538 1621 Noe,
563 1585 651 1623 Sem,
676 1583 859 1621 Abraham,
884 1590 916 1614 et
936 1583 1056 1614 caeteri
1080 1590 1191 1624 patres

211 1630 243 1661 in
267 1627 430 1660 Ecclesia.
489 1627 676 1668 Prophetae
711 1628 807 1658 etiam
831 1624 960 1658 suerunt
992 1627 1125 1664 medici,
1160 1631 1193 1657 et

213 1683 288 1704 cum
309 1673 418 1702 vocati
442 1670 571 1703 suerunt
585 1671 625 1702 ad
639 1681 785 1701 summos
800 1669 984 1711 Principes,
1007 1669 1193 1701 habuerunt

212 1716 422 1747 occasionem
453 1715 590 1748 docendi
627 1724 686 1745 eos
721 1713 761 1745 de
795 1712 880 1744 Deo.

212 1767 372 1799 exp-esse
396 1758 564 1795 scribitur,
589 1758 643 1798 qui
666 1757 814 1788 medetur
838 1755 1011 1787 Ezechiae.

298 1800 378 1832 Vult
399 1800 674 1832 autemChristus
697 1801 794 1831 istum
819 1798 986 1841 leprosum
1011 1799 1073 1829 iam
1097 1809 1194 1829 sana-

212 1853 278 1877 tum
297 1854 363 1875 non
377 1844 474 1875 modo
488 1844 664 1875 ostendere
687 1853 724 1874 se
747 1843 990 1879 sacerdotibus,
1013 1842 1072 1873 sed
1097 1843 1193 1873 etiam

212 1888 368 1920 exhibere
382 1897 500 1918 munus
525 1887 710 1918 ordinatum
734 1886 765 1916 in
790 1885 877 1927 lege.
912 1885 997 1921 Quid
1018 1884 1071 1917 hic
1093 1885 1194 1927 signi-

213 1931 344 1963 ficatura
368 1931 439 1961 est?

299 1973 512 2015 Respoudeo.
570 1971 723 2003 Christus
758 1982 823 2002 non
858 1970 925 2002 vult
957 1971 1102 2002 adimere
1126 1972 1195 2002 iura

212 2017 323 2049 debita
348 2017 540 2047 ministerio.
598 2015 666 2046 Etsi
700 2015 784 2046 enim
817 2022 895 2046 tunc
926 2013 1095 2054 multiplex
1125 2020 1196 2045 erat

211 2062 336 2092 abusus
372 2059 558 2096 ntittisterii,
603 2066 708 2090 tamen
745 2068 810 2088 non
842 2057 945 2089 voluit
980 2058 1107 2098 eripere
1143 2067 1194 2095 ea,

234 2112 296 2134 uae
315 2103 470 2133 attributa
506 2108 581 2133 sunt
616 2102 797 2133 ministerio
832 2102 996 2132 divinitus.
1047 2102 1092 2132 lta
1124 2099 1195 2131 vult.

246 2156 305 2177 eus
330 2156 418 2177 nunc
441 2155 573 2187 quoque
598 2145 665 2175 dari
687 2145 865 2176 ministerio
887 2144 1071 2181 mercedes,
1095 2144 1195 2185 ldque

212 2199 312 2230 saepe
337 2189 508 2220 retetituni
533 2194 581 2219 est
607 2189 636 2218 iu
661 2189 767 2218 sat-ris
791 2187 895 2219 libris.

298 2200 420 2263 Paullus
445 2232 563 2273 inquit:
599 2233 697 2263 Nemo
730 2235 799 2262 suis
832 2232 972 2262 nhmnt'is
1000 2233 1129 2267 ηιῘΙιἸιιΙ,
1164 2230 1194 2260 id

211 2282 279 2313 est,
321 2275 455 2316 proprio
495 2285 556 2306 suo
592 2274 767 2315 stipendio.

212 2317 332 2349 factum
354 2326 401 2347 est
434 2319 475 2349 ab
507 2318 585 2357 ὀψὸν
608 2325 637 2348 et
663 2318 804 2355 ω’νωῗμηι.

212 2362 363 2398 obsonia,
388 2362 511 2392 ribaria
536 2371 763 2403 quaecunque.

213 2405 399 2446 significan.
435 2405 613 2446 stipendia,
681 2405 733 2435 uia
771 2403 847 2435 olim
885 2404 1089 2435 coti-suetudo
1125 2402 1194 2437 tuit,

212 2449 295 2479 sicut
323 2458 408 2478 nunc
435 2459 566 2489 quoque
591 2448 621 2478 in
652 2447 819 2489 aiquibus
855 2446 949 2479 locis.
986 2453 1017 2478 ut
1040 2447 1196 2477 (ΙΝ-ωηατ

213 2491 391 2525 frumenta,
427 2499 479 2522 aut
512 2501 648 2528 carnes,
683 2491 835 2531 stipendii
870 2489 956 2521 loco.
1026 2489 1128 2521 Etiam
1164 2490 1194 2520 in

214 2534 402 2564 Academiis
443 2534 553 2565 multis
593 2534 711 2565 dantur
753 2532 1006 2565 professoribus
1048 2534 1122 2564 vina
1163 2539 1193 2563 et

213 2575 419 2608 frumentum.

300 2621 505 2651 Observatum·
528 2621 626 2661 igitur
650 2620 714 2651 huc
738 2621 979 2655 testimonium,
1015 2619 1103 2661 quod
1129 2629 1194 2650 ron

215 2662 356 2695 volut-rit
391 2663 478 2695 filius
514 2662 575 2694 Dei
617 2664 745 2705 eripere
787 2663 967 2695 ministerio
998 2663 1196 2700 mercedem,

825 2273 1032 2305 Vocabulum
1067 2273 1196 2305 obsonii

843 202 954 235 Pan..
977 201 1081 235 MEL.
1105 201 1292 236 SCRIPTA
1315 199 1580 234 EXEGETICA.

864 2317 1080 2349 Nominarunt
1111 2317 1195 2347 enim
1218 2328 1223 2341 ι
1249 2317 1382 2349 tirmiter
1405 2316 1577 2354 cont-ludi,
1607 2318 1633 2347 si
1664 2318 1738 2359 quis
1766 2317 1864 2349 nobis
1889 2317 1987 2347 dicat.

811 2360 887 2391 ideo
919 2368 1027 2392 autem
1057 2350 1223 2391 obsonia-¹

2163 203 2230 237 292

1244 300 1301 327 aut
1332 294 1455 337 aliquid
1489 295 1531 327 de
1564 305 1606 327 ea
1636 295 1792 327 imminui.
1837 294 1947 337 Atque
1980 296 2026 327 ita
2059 297 2229 330 debebant

1244 348 1332 370 nunc
1365 347 1499 380 quoque
1532 338 1663 370 attribui
1696 338 1786 370 iusta
1815 344 1847 369 et
1880 336 2029 370 liberalia
2062 339 2228 381 stipendia

1243 381 1462 413 servientibus
1484 381 1517 412 in
1540 379 1666 413 scholis
1689 387 1723 412 et
1744 379 1919 412 Ecclesiis.
1963 380 2144 414 Debebunt
2170 393 2227 415 cu·

1243 434 1318 456 rare
1342 423 1584 465 Respublicae,
1613 430 1649 455 ut
1677 429 1710 455 et
1740 424 1935 455 docentibus
1964 430 1997 455 et
2019 425 2226 458 discentibus

1243 465 1407 509 aliquibus
1430 467 1588 499 darentur
1611 466 1782 507 stipendia.
1826 466 1879 497 Ad
1902 465 1991 499 hunc
2012 466 2112 499 finem
2133 468 2225 500 initio

1243 508 1453 542 fundationes
1472 509 1698 542 Ecclesiamm
1717 510 1864 541 directae
1885 507 2028 542 fuerunt.
2058 510 2126 543 Sed
2146 517 2225 543 tem-

1242 562 1306 595 pus
1330 553 1490 595 depravat
1512 554 1608 585 etian.
1634 554 1717 584 bene
1740 552 1902 584 ordinata.

1328 594 1364 627 ln
1393 595 1484 637 Lege
1513 595 1608 627 Deus
1637 596 1729 627 varia
1759 595 1980 627 constituerat
2012 595 2055 627 ad
2084 594 2225 628 alendos

1243 638 1454 670 Sacerdotes.
1500 638 1624 670 lustum
1653 645 1704 670 est
1732 638 1847 680 igitur,
1876 648 1965 670 nunc
1993 648 2126 681 quoque
2154 639 2225 670 dari

1243 681 1400 712 ministris
1436 682 1633 712 docentibus
1667 681 1852 713 mercedes.
1909 681 2003 714 Hanc
2040 691 2225 714 commone-

1243 722 1423 755 factionem
1447 724 1551 766 gignit
1575 723 1823 766 simplicissima
1850 722 1908 755 illa
1937 725 2101 765 expositio
2125 734 2225 756 voca—

1243 765 1312 798 buli
1335 767 1525 798 testimonii.
1570 766 1630 798 Est
1652 773 1758 799 autem
1782 776 1920 808 prorsus
1943 766 2009 798 alia
2035 767 2226 809 disputatio,

1243 820 1341 852 quam
1364 815 1499 840 movent
1520 808 1638 851 aliqui,
1660 811 1749 852 quod
1772 809 1827 841 lev<
1849 810 1893 841 sit
1916 810 2154 848 testimonium,
2183 810 2226 842 de

1244 862 1309 894 qua
1332 853 1476 883 breviter
1497 851 1562 884 hoc
1585 863 1714 884 moneo.
1759 852 1830 884 Lex
1852 863 1919 884 non
1943 851 2026 885 tollit
2051 858 2226 894 peccatum

1243 901 1276 927 et
1299 902 1453 933 mortem,
1485 896 1545 926 sed
1576 902 1626 927 est
1649 905 1714 927 vox
1744 905 1888 938 arguens
1912 902 2104 938 peccatum,
2133 896 2225 929 testi·

1243 938 1348 970 ficans
1372 939 1413 969 de
1435 937 1605 970 voluntate
1624 937 1700 977 Dei,
1722 944 1754 969 et
1777 939 1956 971 ostendens
1979 939 2059 970 iram
2082 938 2146 971 Dei
2168 939 2224 971 ad-

1244 991 1363 1013 versus
1387 988 1526 1022 peccata
1554 987 1678 1013 nostra.
1723 981 1799 1012 Non
1827 983 1997 1014 annuntiat
2026 980 2079 1013 lex
2109 983 2223 1014 remis-

1244 1025 1372 1057 sionem
1396 1031 1620 1065 peecatorum,
1642 1034 1708 1056 non
1731 1024 1887 1056 vivificat.
1934 1025 2026 1056 Haec
2055 1034 2121 1057 suo·
2146 1024 2225 1057 loco

1244 1068 1412 1109 copiosius
1436 1067 1653 1108 explicantur.
1694 1067 1801 1099 Venio
1820 1068 1884 1099 iam
1902 1068 1944 1099 ad
1963 1065 2032 1106 illa,
2053 1077 2139 1109 quae
2156 1078 2224 1099 non

1243 1118 1319 1143 sunt
1345 1117 1467 1142 tantum
1493 1111 1721 1142 Grammatico.

1459 1277 1521 1316 De
1555 1277 1752 1317 miraculis
1786 1277 1826 1317 in
1857 1291 2017 1331 genere.

1330 1367 1489 1399 Videmus
1520 1368 1572 1399 hic
1606 1369 1670 1399 duo
1705 1367 1866 1400 miracula
1899 1368 2040 1399 recitari.
2085 1368 2228 1409 Semper

1243 1416 1351 1442 autem
1382 1418 1511 1451 oportet
1542 1421 1748 1442 communem
1776 1411 1960 1442 doctrinam
1990 1411 2031 1441 de
2059 1410 2226 1442 miraculis

1243 1455 1275 1485 in
1298 1459 1481 1494 conspectu
1505 1463 1593 1491 esse,
1617 1454 1811 1493 praesertim
1836 1453 1925 1494 quod
1948 1453 2064 1484 attinet
2085 1453 2128 1484 ad
2148 1463 2227 1485 cau-

1243 1506 1301 1527 sas
1326 1495 1442 1527 finales
1465 1495 1708 1528 miraculorum.

1331 1539 1426 1574 Quae
1448 1545 1525 1570 sunt
1548 1539 1633 1571 istae
1655 1539 1803 1571 causae?
2091 1557 2097 1563 ·

1330 1580 1544 1623 Respondeo.
1593 1582 1701 1613 Prima
1724 1589 1787 1620 est,
1809 1588 1845 1614 ut
1867 1583 1933 1613 sint
1958 1581 2146 1613 testimonia
2168 1582 2228 1613 do-

1245 1625 1388 1663 ctrinae,
1417 1632 1469 1663 ut,
1497 1624 1652 1657 Christus
1679 1625 1759 1657 facit
1786 1625 1839 1656 hic
1867 1624 2042 1663 miracula,
2074 1631 2109 1656 ut
2139 1630 2230 1658 extet

1246 1668 1483 1706 testimonium,
1515 1669 1603 1710 quod
1627 1670 1667 1700 sit
1693 1668 1848 1700 dixinitus
1871 1668 2014 1705 missus,
2045 1668 2133 1709 quod
2160 1678 2229 1700 uon

944 1713 978 1743 ld
1019 1713 1060 1744 de
1094 1712 1193 1743 Esaia
1246 1712 1287 1743 sit
1312 1711 1624 1753 Pseudopropheta,
1656 1712 1745 1753 quod
1769 1712 1919 1743 doctrina
1942 1711 2047 1752 ipsius
2070 1711 2115 1742 sit
2136 1721 2227 1744 vera.

1332 1754 1488 1786 Secunda
1512 1765 1613 1787 causa
1638 1762 1706 1793 est,
1736 1762 1769 1786 ut
1794 1753 1952 1786 miracula
1983 1754 2048 1785 sint
2076 1753 2230 1797 exempla

1247 1798 1512 1839 promissionum.
1567 1797 1725 1829 Christus
1762 1798 1794 1829 in
1828 1799 1932 1829 verbo
1973 1807 2034 1829 suo
2069 1798 2230 1838 promittit

1247 1839 1400 1873 auxilium
1434 1843 1466 1872 in
1500 1840 1595 1872 malis
1631 1840 1862 1881 corporalibus
1897 1847 1929 1872 et
1957 1841 2113 1872 aeternis.
2159 1841 2229 1873 Sed

1246 1884 1446 1916 miraculose
1469 1883 1581 1916 multis
1604 1883 1794 1925 opitulatur,
1819 1891 1853 1916 ut
1877 1891 2019 1921 constet,
2043 1893 2117 1916 eum
2140 1882 2228 1916 velle
2279 1900 2291 1909 ‚

1247 1926 1359 1959 facere
1382 1928 1556 1968 promissa.

1334 1971 1402 2003 Sed
1427 1970 1478 2001 hic
1502 1981 1622 2013 magna
1646 1971 1782 2002 tentatio
1806 1971 1910 2002 oritur
1933 1969 1974 2001 de
1995 1968 2231 2011 applicatione.
2276 2007 2287 2012 -

1248 2014 1304 2046 Sic
1327 2014 1412 2045 enim
1436 2014 1638 2055 cogitamus:
1672 2013 1720 2044 Ex
1743 2011 1999 2054 particularibus
2023 2011 2103 2044 nihil
2122 2014 2230 2056 sequi-

1248 2063 1311 2095 tur,
1335 2064 1369 2088 ut
1394 2067 1459 2088 non
1483 2055 1570 2088 valet
1595 2064 1836 2099 argumentum.
1883 2056 1948 2087 lste
1972 2057 2093 2088 ditatus
2123 2063 2175 2088 est
2198 2057 2231 2088 in

1249 2099 1336 2132 aula.
1382 2099 1420 2130 Et
1446 2098 1530 2131 alius
1555 2101 1630 2131 item
1662 2108 1711 2131 est
1743 2101 1876 2132 ditatus.
1923 2099 2013 2142 Ergo
2043 2109 2158 2132 omnes
2184 2100 2231 2132 di-

1250 2150 1358 2176 tantur
1382 2144 1412 2174 in
1437 2142 1530 2181 aula,
1559 2145 1622 2174 imo
1654 2144 1854 2175 contrarium
1882 2152 1983 2184 saepe.
2013 2142 2047 2173 fit
2077 2143 2109 2174 in
2131 2141 2230 2175 aulis.

1249 2187 1304 2218 Sic
1328 2187 1525 2228 cogitamus,
1551 2188 1647 2218 etiam
1672 2187 1712 2218 de
1736 2187 2012 2228 promissionibus
2036 2186 2173 2224 divinis,
2198 2192 2231 2218 et

1248 2229 1409 2271 exemplis
1442 2229 1670 2261 liberationum
1701 2231 1895 2262 divinarunt.
1942 2230 2099 2261 Putamus
2131 2239 2232 2271 argu·

1249 2279 1357 2305 menta
1381 2284 1458 2304 essu
1482 2285 1522 2304 ex
1546 2273 1814 2314 particularibus,
1836 2279 1869 2305 et
1892 2283 1932 2303 cx
1957 2273 2008 2304 his
2031 2270 2110 2303 nihil
2129 2281 2231 2313 posse

2033 2315 2099 2347 lste
2122 2313 2230 2357 lepro-

1247 2371 1305 2391 sus
1331 2367 1382 2391 est
1405 2368 1553 2391 sanatus.
1601 2361 1691 2398 ltem,
1715 2361 1777 2391 iste
1801 2358 2006 2401 paralyticus
2029 2359 2152 2400 recepit
2176 2368 2231 2390 sa·

1247 2403 1378 2434 nitatem
1403 2404 1565 2444 corporis.
1613 2403 1702 2445 Ergo
1733 2410 1762 2435 et
1788 2403 1863 2435 mihi
1889 2402 2103 2444 opitulabitur
2127 2401 2229 2433 Deus.

1334 2446 1383 2477 Ao
1408 2445 1492 2477 hanc
1516 2447 1729 2478 tentationem
1754 2446 1819 2478 hoc
1838 2446 1935 2478 modo
1955 2453 2005 2476 ost
2026 2445 2230 2486 responden-

1249 2490 1334 2521 dutn.
1383 2489 1540 2531 Exempla
1568 2490 1785 2531 congruentia
1815 2499 1889 2522 cum
1919 2487 2036 2531 regula
2066 2489 2150 2520 idem
2175 2496 2230 2519 va·

1249 2532 1316 2565 lent
1346 2534 1434 2575 quod
1459 2533 1575 2574 regula
1604 2534 1686 2575 ipsa.
1734 2533 1928 2583 Quanquam
1952 2532 2053 2575 igitur
2076 2540 2171 2563 exem
2197 2529 2230 2562 la

1248 2583 1322 2608 sunt
1349 2575 1578 2617 particularia,
1612 2583 1721 2608 tamen
1746 2576 1922 2618 promissio
1945 2581 1995 2607 est
2018 2575 2152 2606 univers
2188 2573 2229 2605 ts.

1249 2622 1388 2661 Oportet
1413 2630 1474 2650 nos
1494 2621 1593 2659 igitur
1611 2621 1814 2661 coniungere.
1833 2619 1970 2650 verbum
1988 2616 2052 2650 Det
2070 2624 2102 2649 et
2119 2626 2230 2649 exent-

1248 2662 1313 2704 pla,
1340 2664 1458 2704 quibus
1482 2662 1690 2695 illustrantur
1713 2662 1952 2705 promissiones
1978 2662 2070 2693 verbi
2095 2660 2166 2692 Det.

2309 2091 2324 2132 .,

2299 2205 2324 2296 l·
