2324 2958
173 155 237 187 543
806 154 916 186 Pflu„
938 154 1041 186 MEL.
1064 153 1248 187 SCRIPTA
1271 153 1534 188 EJOEGETICA.
2104 161 2168 194 544

174 248 325 284 Cannam
349 257 409 289 pro
433 253 566 279 servata
588 246 717 289 politia,
746 254 778 280 et
800 258 859 289 pro
884 248 1024 280 caeteris
1047 249 1143 279 bene·
1282 247 1388 281 Duxit
1407 249 1552 283 Nicanor
1584 260 1738 294 magnum
1772 253 1950 284 exercitum
1980 259 2096 286 contra
2117 254 2170 287 lu-

173 291 269 329 ficiis,
293 291 411 332 quibus
423 290 516 322 Deus
534 291 610 322 inde
631 301 738 332 usque
757 301 777 322 a
793 291 994 331 temporibus
1016 297 1145 331 patrum
1197 291 1271 323 dam
1283 290 1535 325 Maccabaenm:
1557 293 1714 326 Accessit
1730 294 1773 326 ad
1791 296 1904 327 urbem
1922 294 2167 339 lerosolymam,

173 334 367 366 ostenderat
389 334 576 365 testimonia
597 343 679 365 suae
701 335 908 375 praesentiae
938 334 970 364 in
1000 334 1063 364 isto
1086 343 1144 374 po·
1197 341 1230 366 et
1247 335 1387 367 minatus
1409 341 1463 368 est
1485 335 1615 368 sublata
1633 347 1732 368 manu
1753 346 1791 368 se
1811 336 1968 378 templum
1985 337 2167 371 deleturum

196 376 263 408 ulo.
326 376 430 414 Sicut,
467 377 599 418 quando
627 386 690 408 nos
722 377 955 414 convenimuS,
988 376 1144 407 debemus
1197 387 1291 414 esse3
1312 378 1372 409 sed
1394 379 1501 410 victus
1521 384 1572 411 est
1593 377 1692 420 paulo
1715 386 1791 420 post
1814 380 1845 411 in
1868 379 2005 422 proelio.
2044 381 2167 423 Ampu-

208 429 247 450 eo
284 428 384 461 agere
407 420 550 461 gratiaS,
583 420 670 461 quod
709 425 819 451 servet
853 418 981 460 aliquos
1017 424 1145 457 coetuS‚
1196 426 1300 452 tatum
1322 426 1373 452 est
1395 421 1465 453 eius
1489 427 1598 463 caput,
1625 427 1658 453 et
1680 422 1797 454 dextra
1818 433 1947 461 manus,
1970 429 2003 455 et
2024 424 2066 455 de
2088 431 2166 456 tem-

172 462 261 505 quod
284 472 350 493 non
372 462 415 493 sit
439 462 611 494 barbarica
635 464 788 494 vastitas:
823 460 986 493 Diabolus
1010 467 1145 502 cuperet
1195 461 1251 504 plo
1274 473 1492 504 suspensum,
1515 465 1678 496 adversus
1709 465 1796 506 quod
1826 463 1997 497 levaverat
2025 477 2165 498 manum.

173 505 327 546 dissipari
345 510 449 535 totum
484 515 589 549 genus
619 505 806 537 humanum.
865 504 931 535 Sed
960 505 1048 545 quod
1075 513 1145 535 ser-
1281 505 1348 537 lsta
1374 505 1512 539 historia
1541 507 1636 538 annis
1664 513 1742 539 ante
1769 505 1935 540 Christum
1964 515 2075 540 natum
2105 510 2166 540 cir-

173 553 291 579 vantur
312 546 412 589 aliqui
436 553 568 585 coetuS,
595 548 626 580 id
655 546 848 589 simpliciter
876 552 926 577 est
956 556 1041 588 opus
1070 546 1143 578 Dei.
1196 548 1278 579 citer
1300 554 1431 580 centum
1453 556 1485 581 et
1518 551 1728 592 septuaginta
1748 551 1890 587 accidit.
1941 551 2012 583 Nec
2034 551 2166 583 dubium

257 589 426 622 Encaenia
459 591 645 622 incidebant
675 591 706 621 in
741 589 863 621 initium
901 588 1039 631 hyemiS.
1107 588 1144 620 ld
1196 596 1260 628 est,
1292 591 1369 632 quin
1401 598 1556 633 parentes
1583 593 1727 631 Mariae,
1759 591 1948 631 Elizabeth,
1985 593 2166 626 Zachariae

172 631 293 664 festum
315 633 494 665 institutum
522 632 581 664 suit
612 644 631 664 a
655 632 865 664 Maccabaeis
898 633 930 663 in
953 631 1143 663 memoriam
1195 643 1256 664 sua
1278 640 1386 666 aetate
1397 635 1549 666 noverint
1561 634 1702 677 aliquos,
1723 636 1778 677 qui
1800 645 1931 678 pugnae
1947 636 2164 668 interfuerint.

172 674 284 718 templi
320 677 514 718 recuperati.
580 676 705 707 Nomen
747 675 988 706 Encaeniorum
1031 681 1082 706 est
1122 684 1143 706 a
1194 675 1438 708 Adulescentes
1450 678 1561 709 moniti
1573 677 1637 710 hac
1655 679 1822 710 notatione
1839 686 2031 720 temporum,
2053 678 2166 721 legant

171 720 397 757 renovatione,
421 720 515 760 quasi
540 719 643 756 dicas,
666 720 835 750 renat-alia.
887 717 1030 749 Historia
1054 717 1143 748 Mac-
1194 724 1295 750 totam
1319 718 1488 751 historiam
1500 719 1787 760 Maccahaeorum,
1811 731 1895 762 quae
1907 723 1950 753 ita
1961 728 2013 753 est
2029 723 2166 763 scripta,

171 761 370 794 cabaeorum
407 771 506 803 saepe
540 760 606 803 legi
637 762 798 796 debebat;
836 761 912 803 quia
947 767 998 791 est
1031 760 1141 801 imago
1194 767 1228 793 nt
1251 762 1355 802 possit
1379 762 1524 793 detinere
1546 761 1703 795 lectorem
1726 770 1894 795 attentum.

171 810 413 846 postremorum
457 812 639 845 temporum
655 827 662 837 ‚
708 810 740 835 et
785 802 970 835 consolatio
984 825 993 841 ,
1042 803 1142 844 quod,
1278 803 1328 835 Ex
1352 803 1564 847 Evangelicis
1584 807 1825 838 narrationibus
1844 814 1978 848 apparet
1997 814 2165 849 postremo

171 847 297 878 etiamsi
330 857 469 889 magnae
503 848 569 878 sint
606 845 811 878 calamitates
845 853 877 877 et
907 846 1076 884 miseriae,
1110 851 1142 877 et
1194 857 1281 878 anno
1312 846 1433 878 Christi
1466 846 1569 879 fuisse
1602 849 1759 880 maximas
1793 850 2054 881 concertationes
2082 850 2166 882 inter

169 888 322 921 Ecclesia
346 889 544 921 horribiliter
567 896 745 931 quassetur
780 895 813 920 et
843 887 1059 926 dilaceretur,
1095 894 1142 919 ta·
1193 890 1300 930 ipsum
1328 896 1359 920 et
1393 890 1545 922 ludaeos.
1602 891 1637 922 ld
1661 893 1751 924 cerni
1779 898 1893 933 posset
1926 891 2103 931 illustrius,
2136 894 2166 924 si

171 943 244 964 men
267 932 360 964 Deus
383 939 576 964 servatums
607 933 649 963 sit
685 931 812 974 aliquas
842 931 997 974 reliquias
1025 930 1141 963 Eccle-
1194 933 1426 974 praecedentia
1450 939 1704 965 contexerentur
1726 944 1799 966 cum
1823 936 1987 975 praesenti
2011 942 2110 967 textu.

170 976 250 1007 siae.
300 976 439 1017 Oportet
472 977 556 1006 enim
579 973 763 1007 Ecclesiam
799 984 931 1006 manere
967 984 1072 1016 usquc
1100 974 1141 1005 ad

170 1017 267 1050 finem
291 1018 408 1056 seculi,
432 1019 492 1050 etsi
515 1017 598 1050 alias
622 1018 735 1059 magis,
758 1017 840 1049 alias
859 1018 965 1049 minus
990 1023 1041 1049 est
1064 1027 1141 1048 con-

170 1061 299 1102 spicua:
324 1060 407 1096 Quia
430 1072 495 1093 non
525 1071 655 1103 semper
683 1061 797 1092 eodem
825 1061 922 1092 modo
946 1059 1038 1093 Deus
1071 1058 1142 1103 glo-

169 1103 275 1136 rificat
297 1103 492 1137 Ecclesiam.

255 1144 343 1178 Dicti
366 1154 443 1178 sunt
465 1146 657 1178 Maccabaei
681 1156 700 1177 a
724 1144 888 1188 symbolo,
913 1145 1000 1187 quod
1032 1151 1142 1185 gesta-

171 1195 244 1221 runt
268 1190 300 1221 in
322 1189 470 1227 vexillis,
499 1191 530 1221 in
561 1190 678 1231 quibus
707 1190 911 1229 scripserant
939 1189 1000 1220 has
1029 1187 1142 1220 literas

170 1232 301 1271 Macabt‘,
325 1233 356 1263 id
381 1240 442 1271 est,
466 1233 538 1274 quis
561 1233 644 1264 sicut
665 1231 758 1263 Deus
781 1233 812 1263 in
836 1231 948 1263 lsrael.
986 1230 1143 1273 Singulae

169 1273 296 1307 litterae
321 1275 550 1318 significarunt
571 1276 719 1318 integras
744 1276 916 1306 dictiones.

520 1336 568 1365 Mi
698 1335 779 1370 Quis

524 1379 618 1410 Cemo
698 1379 782 1409 sicut

1194 1097 1357 1139 Initium
1401 1099 1679 1154 disputationis
1729 1099 1832 1140 inter
1875 1098 2079 1141 Christum
2124 1108 2166 1140 et

1587 1176 1770 1216 Iudaeos.

1282 1273 1408 1306 lnitium
1442 1274 1673 1315 disputationis
1713 1281 1764 1306 est
1803 1275 1844 1307 de
1883 1274 2047 1308 libertate:
2093 1288 2167 1308 cum

1197 1315 1348 1348 Christus
1378 1317 1631 1348 concionaretur
1654 1318 1694 1348 de
1718 1318 1885 1348 beneficiis
1909 1319 1995 1356 suis,
2031 1325 2063 1350 et
2085 1319 2168 1351 inter

1195 1358 1279 1390 haec
1314 1366 1583 1390 commemoraret
1623 1359 1831 1391 donationem
1864 1369 1964 1391 verae
1996 1359 2168 1399 libertatis,

1197 1402 1352 1434 obiiciunt
1376 1401 1485 1433 ludaei
1508 1412 1547 1433 se
1570 1411 1646 1433 esse
1676 1400 1815 1440 liberos,
1844 1403 1983 1443 Nemini,
2009 1403 2170 1445 inquiunt,

1196 1445 1407 1477 Serm'vz'nms:
1429 1445 1544 1477 Sumus
1561 1455 1668 1477 semen
1690 1446 1847 1477 Abrahae.
1892 1445 1994 1476 Erant
2016 1446 2170 1488 oppressi

1195 1488 1382 1519 tristissima
1404 1487 1563 1519 servitute
1585 1497 1656 1519 sum
1679 1487 1849 1526 Romanis,
1874 1494 1907 1519 et
1928 1495 2034 1520 tamen
2058 1489 2170 1531 dispu-

1195 1531 1308 1562 tabant
1342 1530 1383 1562 de
1416 1529 1569 1562 libertate
1602 1540 1682 1568 sua,
1716 1537 1749 1562 et
1788 1531 1971 1563 miscebant
2006 1531 2095 1563 dicta
2126 1532 2168 1563 de

519 1422 561 1453 El
698 1420 791 1451 Deus

254 1575 327 1606 Hoc
340 1573 527 1617 symbolum
550 1581 761 1617 sumpserunt
780 1584 820 1606 ex
832 1573 939 1607 Moise
958 1575 1065 1607 Exod.
1091 1574 1140 1606 15.
1195 1572 1345 1607 libertate
1368 1572 1529 1614 spirituali
1552 1579 1584 1604 et
1608 1571 1792 1613 corporali:
1822 1573 1915 1605 Sicut
1943 1574 2048 1605 nostri
2071 1574 2168 1606 etiam

521 1466 568 1495 Be
697 1463 729 1493 in

518 1508 630 1539 lsrael.
695 1504 807 1537 lsrael.

169 1617 352 1650 Voluerunt
377 1619 526 1659 agnosci,
549 1617 638 1649 hunc
663 1617 771 1648 solum
794 1627 872 1649 esse
895 1629 1008 1650 verum
1021 1618 1142 1656 Deum,
1195 1616 1342 1648 homines
1381 1615 1549 1648 exsultant
1586 1616 1628 1647 de
1657 1625 1718 1646 sua
1752 1614 1920 1653 libertate,
1954 1617 2102 1648 iactitant
2129 1626 2169 1648 ae

169 1662 223 1704 qui
248 1672 285 1692 se
308 1662 457 1702 patefecit
483 1661 513 1691 in
538 1660 652 1699 lsrael,
675 1661 706 1691 id
731 1666 798 1699 est,
832 1661 863 1691 in
887 1660 1050 1693 Ecclesia.
1095 1660 1142 1692 lta
1195 1669 1270 1690 esse
1295 1659 1478 1691 Germanos
1502 1657 1635 1690 liberos,

168 1705 273 1736 nostri
298 1704 484 1745 Principes,
518 1714 590 1735 cum
625 1702 746 1735 vellent
777 1703 966 1747 significare
997 1715 1034 1736 se
1064 1714 1143 1735 con·
1282 1701 1435 1733 Christus
1471 1711 1550 1732 vero
1583 1700 1681 1732 aliam
1716 1701 1971 1742 descriptionem
2007 1699 2169 1733 libertatis

169 1754 296 1779 stanter
318 1748 458 1778 retinere
480 1745 708 1789 Evangelium,
733 1752 764 1777 et
788 1747 932 1779 iudicare
959 1747 1143 1778 doctrinam
1195 1745 1365 1787 proponit:
1390 1746 1428 1777 Si
1449 1745 1548 1776 Filius
1572 1755 1625 1775 ros
1646 1745 1839 1782 liberareris,
1862 1753 1936 1775 rere
1952 1744 2048 1775 liberi
2067 1745 2168 1782 en'tt's.

169 1789 339 1833 Evangelii
365 1800 439 1821 esse
463 1790 642 1821 doctrinam
667 1800 686 1821 a
705 1789 778 1820 Deo
801 1790 964 1828 traditam,
986 1797 1018 1821 et
1037 1789 1143 1821 Deum
1196 1788 1289 1829 quasi
1314 1788 1416 1818 dicat:
1440 1787 1511 1817 Vos
1532 1793 1653 1818 tantum
1678 1786 1807 1817 habetis
1830 1788 1980 1817 umbram
2003 1785 2168 1824 vocabuli,

168 1832 256 1865 hanc
288 1832 499 1865 defensurum
530 1843 625 1870 esse,
666 1833 845 1874 pingebant
878 1831 939 1864 has
969 1832 1081 1864 literas
1111 1832 1142 1863 in
1196 1831 1256 1861 sed
1276 1840 1354 1872 vera
1377 1829 1512 1861 libertas
1541 1836 1608 1867 est,
1639 1830 1727 1870 quod
1753 1827 1854 1860 Filius
1881 1828 1941 1859 Dei
1967 1827 2081 1861 liberat
2105 1828 2167 1862 Ec-

170 1875 300 1907 vexillis
325 1877 407 1913 suis,
430 1875 470 1905 V.
494 1875 536 1906 D.
561 1875 605 1906 Μ.
630 1875 653 1906 1.
678 1876 738 1906 Ae.
769 1875 799 1906 id
823 1882 886 1913 est,
929 1877 1059 1908 Verbum
1082 1877 1143 1907 Do·
1197 1872 1331 1906 clesiam
1366 1874 1408 1904 ab
1442 1873 1584 1904 aeternis
1619 1871 1729 1903 malis.
1766 1882 1786 1902 a
1812 1878 1950 1912 peccato
1985 1879 2015 1903 et
2047 1879 2167 1903 morte:

172 1923 253 1951 mini
273 1924 381 1950 memet
400 1923 571 1950 aeternum.
1196 1917 1290 1953 item,
1323 1916 1417 1946 adest
1447 1922 1478 1946 et
1512 1921 1676 1946 sustentat
1699 1913 1884 1945 Enetosiam
1920 1915 2004 1945 inter
2038 1913 2168 1946 furores

1196 1957 1339 1996 Diaboli,
1362 1968 1447 2000 quae
1471 1957 1671 1989 horribiliter
1694 1968 1855 1998 oppressa
1880 1965 1928 1987 cst
1955 1958 1986 1988 in
2010 1957 2167 1999 lmperiis.

1283 2001 1376 2032 llanc
1411 2000 1593 2031 libertatem
1629 2001 1830 2031 debebamus
1865 2010 1927 2030 nos
1959 2001 2055 2032 etiam
2078 2002 2168 2043 cogi-

1196 2050 1276 2081 tare,
1299 2045 1352 2085 qui
1377 2054 1417 2075 ne
1441 2044 1569 2085 quidem
1594 2043 1633 2074 de
1659 2042 1822 2084 corporali
1842 2041 1993 2073 libertate
2007 2042 2168 2074 habemns

1196 2088 1433 2128 promissiones
1468 2085 1593 2117 similes
1621 2087 1680 2124 iis,
1715 2096 1797 2127 (luas
1834 2085 1942 2117 ludaei
1972 2083 2169 2123 habuerunt,

1196 2131 1302 2161 donec
1339 2129 1450 2171 politia
1484 2127 1612 2162 illorum
1646 2139 1800 2160 mansura
1834 2135 1914 2160 erat.
1970 2128 2028 2160 Sic
2059 2135 2168 2160 autem

1197 2180 1424 2215 argumentor:
2091 2172 2094 2179 ’

256 1960 446 2003 Spalatinus
476 1960 654 2002 collegerat
687 1960 806 1992 multas
834 1962 894 1992 insi
923 1972 981 1993 nes
1011 1967 1143 1991 senten-

170 2006 247 2036 tias:
273 2015 312 2035 ex
336 2003 386 2035 his
411 2004 485 2036 Dux
510 2005 674 2036 Saxoniae
699 2004 762 2035 boc
785 1972 971 2046 symbolum
995 2004 1073 2038 sibi,
1108 2009 1144 2034 ut

169 2049 309 2079 maxime
333 2048 492 2089 insignem
517 2048 725 2078 sententiam.
750 2046 877 2089 ‹leh-git.

255 2091 398 2122 Fuerunt
447 2096 554 2121 autem
600 2097 672 2131 post
723 2090 988 2131 repurgationem
1032 2088 1143 2130 templi

170 2132 432 2176 lerosolyniitani
474 2143 574 2175 (qnae
607 2132 694 2164 sacta
724 2139 772 2163 est
795 2124 847 2163 25.
872 2132 996 2163 Mensis
1028 2133 1142 2166 (Ἐς-18η,

192 2178 224 2208 ui
248 2183 297 2208 est
321 2178 352 2208 in
377 2182 491 2207 nostro
516 2175 713 2207 Calcnclario
737 2175 1038 2214 (1185(’11111111-111118)
1063 2173 1141 2205 mul-

169 2225 211 2251 us
235 2219 343 2251 adhuc
368 2220 462 2250 annis
492 2219 689 2260 gravissima
718 2217 806 2250 bella
830 2218 1040 2249 maccabaeis
1065 2228 1142 2249 ron-

168 2268 219 2294 tra
252 2263 380 2294 hostes:
415 2262 539 2303 Estque
573 2263 717 2303 inprimis
752 2261 972 2293 memorabilis
1007 2261 1143 2292 historia

169 2304 226 2337 illa
259 2306 300 2337 dc
324 2316 433 2347 pugna
459 2316 531 2336 vum
550 2305 735 2343 Nicanore,
772 2312 856 2336 tuae
889 2304 978 2335 sacta
1012 2312 1062 2335 est
1095 2303 1141 2334 13.

170 2348 223 2380 die
247 2348 371 2380 Mensis
396 2349 492 2387 Adur,
522 2348 552 2379 id
577 2354 640 2385 cst,
676 2349 762 2379 circa
783 2317 850 2378 11118
874 2348 980 2389 ipsum
1004 2354 1141 2387 tempus

1326 2233 1498 2264 l'romissio
1521 2233 1628 2263 diu-ina
1651 2236 1700 2264 est
1720 2242 1814 2263 tera:

1326 2275 1457 2307 Iudaeis
1480 2280 1552 2306 erat
1570 2275 1730 2315 promissa
1751 2275 1898 2308 libertas:
1921 2279 1953 2305 et
1963 2275 2051 2305 Deus
2072 2274 2168 2305 nonti-

1368 2323 1422 2350 rm!
1446 2329 1500 2350 eos
1523 2320 1630 2358 reyalt’
1656 2318 1885 2353 sacerdotium,
1919 2322 1952 2348 ee
1971 2318 2169 2348 sacerdonis

1397 2372 1403 2382 ,
1512 2373 1518 2379 .

170 2392 253 2422 Nam
278 2393 366 2423 Adur
389 2392 474 2433 apud
505 2391 676 2422 Hebraeos
707 2398 756 2422 est
787 2398 974 2432 postremus
1007 2389 1142 2420 Mensis.
1326 2371 1528 2441 baffi-'2¹¹5-
1545 2403 1767 2445 yffomiset‘om's
1785 2403 1878 2433 istius
1897 2406 1983 2433 recu,
1996 2406 2168 2442 ’meum‘

170 2434 276 2466 {labet
300 2445 415 2465 nonu-n
441 2446 457 2464 a
484 2445 569 2465 nova
592 2434 739 2465 fossione
756 2442 787 2465 et
807 2434 954 2464 arationi¹
973 2443 1142 2473 agrorum:
1367 2438 1477 2479 Uspen,
1499 2447 1612 2479 ludam·
1632 2457 1668 2478 Μ,
1689 2456 1760 2477 a„
1781 2446 1909 2477 liberos·

170 2478 246 2519 quia
269 2484 345 2508 tunc
376 2477 523 2508 hominos
549 2478 703 2517 incipiunt
739 2487 833 2508 arare
867 2484 897 2506 ct
931 2487 1043 2506 scren-
1079 2474 1142 2506 sru-

170 2528 290 2551 mentn.
326 2520 437 2551 lncidit
455 2521 639 2562 ,hiarapud
661 2531 722 2550 nos
741 2521 854 2560 partim
875 2520 904 2550 in
920 2519 1142 2549 Februarium.
1263 2515 1459 2556 lit-spondeo
1472 2515 1512 2545 1111
1530 2514 1700 2546 ¹vitiorem:
1717 2512 1896 2544 Promissio
1909 2513 2007 2544 debet
2019 2510 2167 2554 intelligi,

171 2564 287 2603 partim
330 2565 360 2594 in
397 2563 556 2594 Martium.
626 2563 705 2594 Nam
748 2562 971 2594 Hebraeorum
1013 2571 1142 2592 :nense-s
1196 2560 1281 2590 sicut
1307 2559 1396 2590 neu.-
1420 2559 1491 2589 iisr
1515 2568 1585 2588 eam
1610 2563 1752 2589 enarrat.
1799 2555 1917 2587 Fuerat
1948 2561 2054 2587 autem
2078 2565 2169 2596 prat-

172 2614 262 2637 erant
290 2605 431 2637 lunares.
1197 2602 1338 2636 «lictum.
1373 2608 1404 2632 111
1444 2602 1566 2631 ibertus
1589 2601 1621 2631 in
1646 2600 1708 2631 tine
1732 2600 1931 2640 eriperetur,
1965 2599 2029 2629 imo
2052 2606 2085 2629 ut
2106 2598 2168 2629 Po-
