2324 2958
104 160 170 193 893

106 260 186 286 vant
214 261 399 284 sermonem
427 250 574 283 Christi:
608 249 661 289 Et,
696 250 725 282 si
757 250 862 282 habes
885 249 986 282 multa
1008 259 1084 290 pec-

107 303 194 333 cata,
217 295 449 338 ignorantiam,
467 294 600 332 sordes,
624 299 732 324 tamen
755 292 813 324 illa
835 298 992 335 teguntur
1012 303 1083 334 per,

106 345 141 371 et
162 344 298 379 propter
321 337 502 368 Christum.

192 380 263 412 Hac
286 378 518 411 consolatione
539 389 613 411 cum
636 384 669 409 te
698 383 890 416 sustentas,
923 387 1010 420 quae
1032 383 1084 409 est

105 423 192 454 fides
215 424 306 464 ipsa,
337 428 369 453 et
393 432 467 453 cum
490 422 522 452 in
545 420 609 452 hac
632 419 863 452 consolatione
897 427 929 452 et
952 420 1017 452 fide
1038 421 1084 451 in-

106 475 225 503 vocas,
260 474 341 496 vere
371 463 446 495 talis
470 473 518 501 es,
551 461 684 505 qualem
706 462 761 493 hic
779 463 936 494 describit
958 468 1084 494 textus:

107 508 175 547 Qua·
195 508 306 547 dihyet
325 516 388 544 me,
410 516 589 538 sermonem
611 515 715 537 meum
736 506 885 537 sert-abit.

194 550 285 581 Haec
319 555 370 580 est
399 547 539 590 simplex
572 549 736 579 enarratio
770 548 956 579 sententiae
988 539 1112 594 huius}

106 593 197 630 dicti,
215 592 305 634 quod
327 598 435 629 antea,
458 601 533 623 cum
555 600 622 621 non
644 595 811 621 teneretur
841 590 1017 621 discrimen
1039 588 1085 621 le-
1110 601 1112 620 ι

107 636 160 678 gis
183 642 214 667 et
238 633 412 676 Evangelii
426 656 435 671 ,
468 639 540 664 erat
561 633 758 669 obscurum,
780 642 842 663 nec
864 639 992 673 poterat
1016 642 1085 664 ser·
1109 624 1112 657 ἶ

105 679 176 709 vire
200 677 428 709 conscientiis:
450 676 534 707 Nam
556 675 611 716 qui
633 685 699 706 non
717 682 859 715 possunt
883 676 1086 717 distinguere
1109 661 1112 773 ᾗ

105 721 192 752 inter
215 720 304 751 dicta
325 717 445 761 legalia
467 724 500 749 et
521 716 737 759 Evangelica,
759 718 780 748 ii
804 718 952 759 cogitant
974 718 1085 749 liuius-

106 763 194 795 modi
221 763 320 800 dicta,
342 771 429 803 quae
452 761 493 791 de
515 761 683 791 servando
702 770 856 792 sermone
879 760 1019 799 Christi,
1044 761 1085 791 de
1110 780 1114 801 ,
1137 766 1225 797 runt,

108 805 337 838 custodiendis
369 803 533 834 mandatis
567 802 700 834 Domini
740 802 919 845 leguntur,
958 809 1084 834 tantum

106 858 186 880 esse
208 847 357 883 fulmina,
381 846 500 887 quibus
524 846 712 877 occidimur.
747 845 871 877 Contra
895 845 1085 877 dulcissima

106 897 160 922 est
178 890 331 921 doctrina
354 887 433 926 illis,
456 889 511 930 qui
533 894 647 919 tenent
669 889 911 919 distinctionem
944 887 1029 931 legis
1054 894 1086 919 et

107 931 293 974 Evangelii,
316 932 371 974 qui
396 932 504 962 sciunt
526 941 564 961 se
587 940 718 972 quoque
740 940 876 962 servare
899 940 1085 962 sermonem
1112 963 1114 972 ¹

108 974 249 1011 Christi3
271 984 338 1005 non
362 975 417 1015 qui
441 974 505 1005 sint
518 974 645 1014 absque
657 980 809 1014 peccato,
831 974 892 1004 sed
916 974 990 1014 quia
1015 983 1086 1004 cre-

108 1018 188 1049 dant
209 1018 242 1048 in
266 1015 381 1048 Filium
404 1015 479 1054 Dei,
501 1023 638 1057 propter
661 1026 757 1057 quem
780 1022 973 1057 reputentur
994 1017 1084 1053 iusti,

107 1065 142 1092 et
163 1062 299 1092 mililent
326 1061 440 1091 bonam
471 1061 633 1098 nzile'tiam,
666 1059 843 1090 retinentes
863 1060 959 1097 fidem
981 1063 1014 1090 et
1033 1060 1086 1090 bo-

107 1112 184 1134 nam
205 1105 439 1134 conscientiam.

195 1144 324 1176 Videtis
346 1145 458 1185 igitur,
482 1150 639 1185 quantum
662 1142 797 1180 reserat,
816 1143 947 1175 discere
970 1141 1085 1174 funda-

107 1194 219 1219 menta
241 1187 477 1224 doctrinarum,
502 1191 534 1217 et
556 1191 712 1226 quantum
734 1185 776 1215 sit
799 1187 895 1216 situm
919 1187 951 1216 in
975 1186 1086 1217 distin—
1111 1187 1113 1194 '

107 1231 219 1261 ctione
240 1228 325 1271 legis
348 1234 379 1259 et
400 1227 586 1269 Evangelii.

193 1272 260 1302 lam
294 1271 383 1312 quod
417 1269 570 1301 Christus
605 1270 774 1311 coniungit
808 1269 907 1301 haec:
937 1270 1086 1309 Diliyere

109 1314 282 1353 Christum,
316 1318 348 1345 et
366 1323 498 1344 serrare
520 1322 700 1344 sermonem
723 1316 808 1344 eius:
841 1318 952 1353 potest
975 1314 1085 1353 dispu-

105 1357 182 1394 tari,
214 1362 322 1387 utrum
345 1356 388 1386 sit
411 1356 608 1392 subiectum,
642 1353 695 1385 vel
717 1355 952 1395 praedicatum.
1018 1356 1085 1386 Sed

105 1399 171 1430 ista
194 1398 316 1429 habent
339 1407 377 1429 se
400 1395 674 1435 convertibiliter,
709 1406 770 1428 seu
793 1397 989 1438 aequaliter:
1027 1399 1087 1435 Qut
1110 1393 1113 1430 Ϊ

105 1441 213 1481 diliffl'c
231 1451 288 1480 me,
317 1449 498 1472 sermonem
519 1449 630 1479 meum,
653 1441 808 1471 servabit:
836 1441 878 1471 Et
904 1444 958 1480 qm·
977 1445 1088 1472 serrat

105 1493 286 1516 sermonem
303 1492 420 1523 meum,
440 1484 545 1522 dz'lz'yit
565 1492 630 1513 me:
651 1482 686 1513 id
708 1488 776 1520 est,
801 1483 855 1524 qui
877 1481 1086 1524 amplectitur

105 1525 336 1568 Evangelium,
360 1532 392 1556 et
415 1532 467 1556 est
489 1530 602 1556 custos
626 1525 796 1555 doctrinae
824 1525 856 1555 in
885 1525 949 1556 fide
972 1531 1005 1556 et
1027 1526 1086 1556 bo-

105 1579 149 1600 na
172 1569 388 1605 conscientia,
411 1566 468 1598 ille
491 1567 591 1598 habet
614 1567 704 1598 initia
725 1568 864 1605 timoris,
889 1567 1086 1605 dilectionis,

107 1617 143 1642 et
165 1609 305 1642 aliarum
328 1611 493 1641 virtutum.

191 1652 357 1684 Hebraeis
391 1653 546 1683 usitatum
577 1658 640 1683 est.
673 1659 709 1683 ut
732 1658 935 1693 anteponant
957 1654 1086 1693 praedi·
1110 1645 1113 1683 ῗ

106 1702 216 1727 catum
244 1696 406 1727 subiecto.
471 1695 519 1726 lta
552 1694 606 1726 hic
634 1693 795 1725 illustrior
827 1696 887 1726 erit
921 1696 1086 1726 sententia

106 1737 204 1769 huius
226 1737 316 1776 dicti,
339 1738 368 1768 si
390 1738 435 1768 ita
453 1743 643 1769 construas:
666 1738 811 1768 Ser-rans
828 1747 1013 1775 sermonem,
1037 1739 1085 1768 ‹ii-

107 1781 179 1821 1591}
211 1779 320 1810 Deum.
386 1779 453 1811 Ubi
486 1787 538 1811 est
560 1780 711 1810 assensio
735 1788 835 1811 verae
859 1781 1030 1811 doctrinae
1052 1781 1084 1811 iu

109 1820 223 1860 corde,
247 1823 290 1853 ibi
315 1828 365 1854 est
388 1823 485 1853 etiam
507 1823 630 1854 initium
655 1821 847 1854 dilectionis.
884 1822 1084 1864 Principium

108 1867 151 1897 ad
186 1865 440 1896 conversionem
475 1871 527 1896 est
567 1875 586 1896 a
619 1865 866 1906 praedicatione
899 1865 1085 1907 Evangelii,

107 1909 199 1939 iuxta
232 1908 372 1939 dictum:
411 1908 570 1945 Quomodo
602 1908 742 1946 credent,
777 1909 808 1939 si
838 1917 901 1939 non
925 1909 1113 1951 αμιίίαηιὶέξ

111 1951 272 1988 Quomodo
295 1951 438 1981 audient.
460 1951 491 1981 si
510 1959 572 1981 uon
593 1951 818 1990 praedicatum
837 1950 964 1990 fiterit?
1008 1951 1084 1983 ldeo

107 1993 258 2024 existimo
282 1994 332 2024 sic
354 1992 582 2033 explicandam
605 2002 682 2023 esse
705 1993 791 2024 hanc
810 1995 1084 2035 propositionem:
1110 2033 1111 2038 1

110 2037 172 2074 Qui
203 2036 311 2076 diligit
343 2047 401 2072 me,
435 2044 607 2066 sermonem
639 2045 736 2067 meum
757 2041 885 2072 servat;
913 2044 948 2068 ut
970 2036 1084 2068 Subie-
1108 2044 1111 2080 j

107 2086 196 2110 ctum
229 2079 289 2109 sit:
327 2078 484 2116 Audiens,
517 2076 731 2118 amplectens,
765 2080 910 2110 retinens
933 2079 1110 2123 Effinge-3

106 2120 186 2152 lium
209 2120 274 2152 fide
297 2128 329 2152 et
354 2123 440 2153 bona
463 2121 680 2158 conscientia,
702 2123 854 2162 agnoscit
876 2132 945 2160 me,
980 2121 1084 2164 diligit
1108 2133 1109 2137 ¹

105 2174 170 2202 me,
192 2163 349 2195 adhaeret
373 2164 461 2194 mihi.
508 2163 566 2193 Est
591 2169 699 2194 autem
724 2164 776 2194 hic
798 2163 934 2204 pulchra
959 2166 1083 2197 deseri-

130 2207 177 2237 tio
210 2205 397 2244 Ecclesiae,
431 2212 463 2236 et
486 2215 611 2241 eorum,
646 2206 799 2247 quisunt
829 2217 908 2238 vera
937 2209 1084 2239 membra

105 2217 290 2280 Ecclesiae.
335 2247 430 2279 Multi
454 2247 576 2279 habent
599 2249 695 2279 istam
719 2250 1000 2290 imaginationem:
1025 2250 1084 2282 Ec-

106 2290 209 2323 clesia
243 2297 294 2322 est
327 2292 560 2333 congregatio,
594 2300 679 2331 quae
713 2290 954 2332 comprehensa
976 2294 1082 2325 estin

105 2333 219 2375 politia
265 2334 447 2371 Pontificia,
492 2340 522 2365 et
563 2332 664 2364 habet
707 2335 845 2365 eandem
885 2335 1081 2375 doctrinam,

105 2377 241 2408 eosdem
265 2378 346 2408 ritus
370 2383 401 2408 et
425 2377 629 2408 ceremonias
659 2386 732 2407 cum
756 2376 905 2408 Romana
917 2377 1080 2417 Ecclesia,

105 2426 137 2450 et
161 2425 213 2450 est
236 2419 390 2451 adiuncta
412 2418 477 2450 illis
500 2419 674 2459 Episcopis
695 2425 726 2449 et
749 2421 981 2460 potestatibus.

193 2461 284 2492 Haec
296 2467 348 2493 est
366 2463 553 2503 imaginatio
572 2461 719 2502 politica,
741 2472 838 2503 quam
850 2462 1083 2496 circumferunt

105 2502 254 2535 homines
277 2503 418 2545 politici:
440 2506 499 2536 sed
519 2506 550 2535 in
569 2502 751 2536 Evanvelio
775 2505 945 2544 docemur,
967 2517 1081 2539 veram

105 2545 305 2585 Ecclesiam,
323 2546 376 2578 vel
401 2557 480 2578 vera
503 2548 648 2578 membra
661 2530 835 2579 Ecclesiae
859 2558 936 2579 esse
956 2549 1080 2590 ample-

105 2595 233 2621 ctentes
266 2589 482 2631 Evangelium
513 2591 714 2631 incorrupte.
780 2589 875 2622 Hanc
896 2590 1081 2625 Ecclesiam

784 152 1003 189 POS‘nLLA
1029 152 1429 190 MELANTHONJANA.

1109 475 1113 526 Ι

2046 155 2111 189 894

1136 248 1332 280 confitemur
1364 249 1396 280 in
1430 249 1591 291 Symbolo
1614 260 1691 282 esse
1715 250 1912 289 catholicam,
1943 251 2111 282 universa—

1135 290 1212 329 lem,
1236 300 1395 331 sponsam
1417 293 1552 334 ubique,
1574 292 1828 334 amplectentem
1850 303 1950 325 unum
1963 294 2111 331 verbum,

1136 343 1198 365 seu
1231 334 1492 365 consentientem
1521 335 1554 365 in
1584 346 1649 366 uno
1672 337 1778 367 verbo
1801 336 1956 366 divinitus
1979 336 2111 367 tradito.

1135 375 1330 407 Nominatur
1351 377 1556 414 universales,
1579 387 1643 408 non
1673 383 1798 409 tantum
1827 388 1847 409 a
1872 377 1955 409 locis
1979 385 2010 409 et
2033 385 2114 409 tem-

1135 419 1285 460 poribus,
1308 419 1368 449 sed
1381 418 1636 460 principalitera
1650 420 1814 451 doctrina:
1838 419 2002 457 videlicet,
2028 430 2111 461 quae

1135 471 1234 493 unam
1263 460 1487 493 universalem
1518 462 1700 493 doctrinam
1731 461 1938 503 amplectitur
1961 464 2113 494 traditam

1135 514 1195 545 per
1217 502 1410 545 prophetas,
1429 503 1608 542 Christum,
1632 504 1824 545 Apostolos.
1892 505 1963 537 Etsi
1996 504 2112 537 Eccle-

1137 547 1207 578 siae
1240 544 1458 587 particulares
1489 545 1641 578 differunt
1676 548 1888 585 ceremoniis,
1923 554 2031 579 tamen
2061 554 2114 579 est

1136 589 1233 620 unica
1256 588 1422 627 Ecclesia,
1440 588 1644 630 amplectens
1668 599 1767 621 unam
1786 596 1817 620 et
1842 590 1980 621 eandem
1993 591 2113 621 doctri-

1136 642 1212 663 nam
1245 630 1478 662 universalem.
1546 631 1699 662 Ecclesia
1732 632 1851 662 Latina
1888 633 1999 663 habuit
2033 642 2112 663 suas

1137 674 1298 716 quasdam
1322 675 1541 712 ceremonias,
1565 674 1742 705 dissimiles
1766 673 1938 706 Ecclesiae
1952 674 2113 706 Graecae.

1137 716 1249 758 Aliqui
1272 716 1459 748 habuerunt
1481 717 1643 758 quaedam
1665 717 1800 755 ieiunia,
1824 716 1877 748 alii
1901 727 1967 747 non
1990 717 2113 749 habue—

1247 765 1304 789 aut
1326 766 1419 791 certe
1441 769 1507 790 non
1531 759 1715 791 habuerunt
1738 758 1857 791 similia
1880 760 2016 796 ieiunia3
2039 761 2115 801 quia

1137 803 1203 833 ista
1226 800 1303 833 olim
1327 809 1421 833 erant
1444 801 1559 834 libera.
1609 804 1749 840 Quaero,
1772 813 1815 834 an
1838 803 2026 833 discrimina
2051 805 2115 834 isla

1133 843 1273 884 fecerint
1304 845 1550 883 distinctionem,
1578 855 1640 886 quo
1678 846 1781 876 minus
1808 849 1890 877 esset
1922 847 2115 877 unirer-salis

1139 888 1316 919 Ecclesia?
1386 888 1461 919 Non
1497 886 1630 919 fuerunt
1665 887 1899 920 substantialia
1928 887 2113 920 Ecclesiae·

1139 939 1223 971 quae
1247 936 1324 961 sunt
1347 940 1532 962 consensus
1554 932 1587 962 in
1610 932 1801 962 necessaria
1824 931 1986 968 doctrina,
2019 932 2115 971 perti-

1138 979 1236 1004 nente
1258 973 1301 1003 ad
1312 972 1577 1010 fundamentum3
1600 974 1677 1005 item
1695 975 1727 1004 in
1747 984 1827 1005 vero
1847 983 1910 1004 usu
1923 974 2116 1005 Sacramen-

1138 1022 1257 1046 torum.
1291 1015 1405 1047 Potest
1428 1017 1561 1058 adiungi
1584 1016 1770 1048 reverentia
1794 1017 1973 1047 ministerii.
2010 1016 2116 1047 Unus-

1139 1059 1281 1099 quisque
1304 1059 1401 1089 debet
1425 1068 1463 1090 se
1485 1059 1667 1101 adiungere
1689 1060 1731 1090 ad
1754 1069 1959 1090 communem
1974 1066 2115 1097 coetum,

1138 1109 1205 1130 non
1228 1099 1409 1131 schismata
1431 1099 1555 1139 facere,
1578 1109 1633 1133 aut
1654 1102 1804 1132 diversas
1818 1103 2115 1143 congregationes:

1138 1140 1361 1183 unusquilibet
1397 1144 1494 1174 etiam
1523 1145 1620 1176 debet
1649 1145 1802 1175 venerari
1837 1145 2050 1176 ministerium
2083 1146 2116 1175 in

1138 1183 1202 1222 his,
1225 1195 1310 1225 quae
1333 1191 1410 1216 sunt
1432 1187 1567 1227 propria
1589 1187 1770 1218 ministerii.

1224 1227 1396 1259 Articulus
1419 1227 1474 1259 ille
1497 1229 1574 1260 fidei
1596 1230 1669 1260 ideo
1692 1229 1884 1270 propositus
1907 1235 1957 1261 est
1975 1230 2007 1260 in
2021 1229 2115 1271 Sym-

1139 1268 1230 1306 bolo,
1252 1275 1288 1300 ut
1312 1271 1489 1302 credamus
1515 1271 1622 1303 Deum
1654 1278 1927 1303 conservaturum
1956 1282 2033 1303 esse
2055 1272 2115 1303 Ec·

1138 1310 1286 1349 slesiam,
1309 1318 1341 1343 et
1364 1314 1509 1345 sciamus
1533 1320 1687 1354 oportere
1710 1324 1772 1345 nos
1803 1325 1880 1345 esse
1909 1315 1999 1346 cives
2030 1314 2116 1346 illius

1138 1353 1313 1385 Ecclesiae
1343 1354 1538 1387 Catholicae
1570 1357 1744 1388 retinentis
1773 1357 1837 1387 ista
1871 1356 2114 1389 substantialia.

1138 1396 1280 1431 Quando
1313 1403 1364 1428 est
1399 1399 1575 1430 diversitas
1598 1400 1630 1430 in
1654 1399 1728 1437 hac,
1759 1398 1810 1430 vel
1834 1398 1889 1430 illa
1917 1401 2116 1439 ceremonia,

1138 1439 1171 1469 id
1189 1449 1255 1470 non
1282 1440 1423 1481 pertinet
1453 1442 1495 1471 ad
1525 1441 1765 1473 substantialia.
1833 1441 1940 1474 Hodie
1962 1442 2117 1474 Ecclesia

1110 1475 1114 1526 ἱ
1140 1481 1271 1512 Graeca
1301 1483 1357 1513 dat
1379 1493 1497 1524 panem
1524 1483 1754 1516 fermentatum
1782 1485 1814 1515 in
1839 1495 1943 1516 coena
1966 1485 2115 1521 Domini;

1111 1531 1114 1565 y
1137 1533 1201 1555 nos
1224 1534 1291 1555 non
1314 1526 1434 1556 utimur
1455 1537 1540 1567 pane
1563 1526 1769 1558 fermentato.
1836 1527 1894 1559 Sic
1915 1528 1949 1558 in
1973 1529 2115 1560 caeteris

1111 1607 1112 1611 Ἰ
1137 1567 1254 1597 ritibus
1277 1567 1434 1607 diversis,
1466 1579 1531 1600 non
1555 1568 1682 1600 tollitur
1704 1569 1876 1602 Ecclesiae
1899 1572 2016 1602 unitas
2071 1570 2115 1602 Et

1138 1610 1303 1649 pertinent
1336 1611 1401 1642 huc
1435 1611 1572 1653 regulae
1601 1611 1699 1643 illae:
1736 1613 1838 1644 Nemo
1860 1623 1918 1644 vos
1940 1618 2060 1654 aryuut
2083 1614 2117 1644 z‘n

1138 1652 1208 1683 cibo
1243 1656 1273 1683 et
1301 1657 1388 1695 potu.
1456 1654 1550 1685 item:
1587 1655 1728 1693 Reqnum
1760 1656 1828 1686 Dei
1856 1665 1917 1687 non
1939 1658 2024 1687 venit
2047 1666 2115 1687 cum

1110 1690 1114 1759 ξ
1138 1694 1371 1726 observatione.
1438 1696 1590 1728 Ecclesia
1614 1697 1788 1730 Catholica
1817 1699 2024 1740 amplectitur
2046 1700 2115 1731 uni-

1111 1762 1113 1774 ,
1137 1739 1304 1769 versalem
1328 1739 1628 1772 doctrinamaDco
1651 1742 1814 1779 traditam,
1838 1742 1879 1772 tle
1903 1740 2114 1773 fundamento

1138 1780 1263 1811 etiamsi
1288 1788 1364 1812 sunt
1388 1781 1597 1822 particularia
1621 1782 1941 1824 aliquavdiscrimina
1964 1786 1996 1815 in
2021 1785 2113 1815 dissi-

1110 1821 1113 1846 Ι
1140 1821 1272 1854 milibus
1295 1825 1421 1855 ritibus.
1490 1825 1630 1867 Semper
1660 1829 1809 1858 oriuntur
1830 1828 1863 1858 in
1886 1828 2006 1858 mundo
2029 1826 2113 1859 tales

1138 1867 1377 1904 contentiones,
1401 1873 1436 1898 ut
1454 1867 1606 1899 Ecclesia
1625 1867 1779 1911 alligetur
1801 1871 1855 1901 uni
1880 1869 1957 1901 loco
1980 1876 2114 1911 propter

1137 1907 1262 1939 similes
1286 1910 1479 1942 traditiones
1503 1911 1674 1942 humanas.
1742 1913 1810 1943 Sed
1840 1913 2006 1944 discamus
2036 1913 2114 1943 abii-

1138 1961 1212 1981 cere
1236 1952 1504 1994 imaginationem
1527 1952 1625 1985 illam.
1691 1953 1815 1986 Textus
1839 1956 1892 1988 hic
1917 1956 2027 1986 definit
2051 1955 2113 1986 Ec·

1110 2005 1111 2027 3
1138 1992 1290 2032 clesiam,
1317 1996 1403 2036 quod
1425 1997 1468 2027 sit
1491 2001 1600 2028 coetus
1622 2007 1759 2028 sert-ans
1780 2008 1955 2029 sermonem
1979 1998 2110 2030 Christi.

1137 2035 1379 2069 Removeamus
1402 2045 1510 2070 autem
1533 2038 1608 2070 illas
1632 2051 1764 2081 quoque
1795 2042 2047 2083 imaginationes
2071 2042 2112 2072 de

1136 2078 1222 2109 ldeis
1244 2079 1436 2112 Platonicis.
1459 2083 1760 2114 Accommodemus
1783 2083 1868 2114 hanc
1892 2084 2112 2116 definitionem

1136 2122 1177 2152 ad
1202 2122 1363 2154 visibilem
1376 2123 1574 2163 Ecclesiam,
1598 2136 1682 2167 qnae
1701 2127 1903 2167 conspicitur
1927 2134 1957 2157 et
1982 2128 2111 2158 exaudi-

1135 2169 1198 2197 tur.
1222 2165 1344 2208 Magna
1358 2167 1543 2199 consolatio
1557 2175 1607 2199 est
1622 2168 1816 2210 intelligere,
1839 2170 1958 2206 ubisit,
1984 2176 2014 2200 et
2028 2180 2112 2211 quae

1135 2208 1177 2238 sit
1201 2218 1281 2239 vera
1304 2208 1473 2245 Ecclesia;
1497 2212 1572 2252 qnia
1596 2211 1687 2242 Deus
1710 2211 1849 2242 mirabili
1879 2222 1920 2242 ac
1942 2213 2110 2243 inenarra-

1137 2249 1193 2281 bili
1228 2251 1368 2283 consilio
1403 2252 1527 2295 colligit
1563 2255 1624 2284 sibi
1659 2261 1827 2285 aeternam
1858 2254 2044 2286 Ecclesiam
2070 2266 2109 2285 ex

1135 2291 1198 2324 hac
1221 2295 1342 2326 misera
1364 2306 1477 2327 massa
1500 2297 1631 2338 generis
1656 2298 1798 2334 humani,
1822 2298 1873 2328 cui
1893 2298 2111 2329 communicet

1135 2346 1230 2367 suam
1264 2339 1457 2378 sapientiam
1493 2345 1524 2370 et
1559 2340 1734 2369 bonitatem
1758 2340 1789 2370 in
1813 2346 1880 2370 tota
1904 2341 2108 2372 aeternitate.

1134 2377 1228 2410 Haec
1261 2379 1415 2412 Ecclesia
1449 2388 1509 2415 est,
1544 2383 1729 2423 ubicunque
1763 2388 1839 2412 sunt
1873 2382 2022 2413 homines
2046 2394 2109 2414 am-

1133 2420 1318 2462 plectentes
1349 2423 1564 2465 Evangelium
1595 2425 1828 2465 incorruptum.
1874 2424 2028 2456 Tenenda
2058 2433 2110 2457 est

1134 2464 1269 2496 firmiter
1290 2465 1374 2497 haec
1397 2467 1575 2497 sententia:
1603 2468 1685 2504 Quos
1708 2468 1813 2508 eleye‘t,
1841 2467 1899 2499 hos
1921 2472 1951 2499 et
1974 2470 2106 2501 roravit.

1133 2506 1273 2539 Tantum
1296 2509 1328 2539 in
1358 2515 1454 2539 coetu
1485 2516 1676 2541 vocatorum
1706 2516 1782 2541 sunt
1810 2509 1917 2552 electi.
1984 2511 2107 2543 Coetus

1132 2557 1327 2582 vocatorum
1350 2552 1513 2592 significat
1536 2558 1665 2583 coetum
1688 2552 1954 2594 amplectentium
1989 2554 2107 2586 doctri-

1132 2603 1209 2625 num
1232 2594 1467 2635 incorruptam,
1491 2604 1556 2625 non
1579 2595 1789 2636 pertinaciter
1802 2595 2031 2628 defendentem
2055 2607 2103 2629 er-
