2324 2958
159 153 222 187 821

157 248 209 280 lo:
231 250 302 281 Non
319 256 369 279 me
389 247 491 288 pudet
509 245 684 285 Evanqeeit.
728 244 802 276 Hoc
823 245 925 278 robur
947 251 998 277 est
1019 255 1040 277 a
1061 245 1132 286 Spi-

156 292 220 323 ritu
243 296 372 328 sancto,
390 290 443 331 qui
457 294 509 321 est
530 288 678 321 Arrlaeabo
697 291 841 327 =oratioe:
862 289 895 319 id
911 294 974 327 est,
995 288 1132 330 pignus:

156 340 204 372 ut,
227 343 299 364 cum
323 342 468 373 sponsus
503 332 559 363 dat
591 340 737 372 sponsae
759 329 936 369 annulum,
969 337 1025 363 aut
1058 340 1132 362 cum

157 376 231 418 quis
255 375 332 406 emit
359 373 481 415 aliquid
516 380 549 406 et
582 375 637 405 dat
671 373 815 412 arrham,
849 384 914 415 qua
937 372 1133 406 testificatur

156 418 353 459 emptionem
376 423 468 448 certo
491 416 612 448 factam
635 426 722 448 esse.

846 149 1066 185 POSTILLA
1083 149 1437 184 MELANTHONJAN
1440 154 1480 185 A.

2095 159 2159 192 822

1185 245 1269 276 cium
1292 246 1378 287 ignis
1401 247 1433 277 in
1456 257 1536 279 vera
1560 249 1769 282 invocatione
1792 249 1863 282 Filii
1885 251 1958 283 Dei.
1989 251 2081 285 Talia
2093 263 2160 285 non

1184 294 1326 328 possunt
1360 288 1430 319 fieri
1464 290 1534 321 sine
1569 290 1726 333 singulari
1751 303 1851 334 opere
1875 293 2016 335 Spiritus
2040 296 2158 327 sancti.

1185 330 1281 405 {ilpnt
1313 336 1421 363 autem
1454 332 1486 363 in
1521 332 1583 372 his,
1619 335 1672 375 qui
1707 336 1847 368 retinent
1878 336 2094 380 Evangelium
2117 340 2159 371 de

1237 379 1330 404 msto.

242 461 390 493 Arrlzabo
413 465 465 491 est
498 459 692 500 simpliciter
713 458 899 490 Hebraeum
922 456 1133 497 vocabulum,
1157 485 1162 497 ,

156 503 245 545 quod
268 503 471 535 retinuerunt
493 501 613 533 Graeci
636 507 668 533 et
683 501 803 539 Latini,
826 511 866 532 ac
884 502 1037 543 congruit
1059 511 1133 532 cum

156 545 400 588 significatione
429 544 516 576 illius
551 543 704 576 vocabuli
738 543 856 575 Latina
878 554 954 583 νοΧ,
982 544 1132 584 spondeo,

154 598 303 629 sponsus,
336 594 367 619 et
401 591 542 628 sponsio,
566 593 599 618 et
621 587 751 628 quidem
773 587 972 627 sponsiones
1001 587 1134 628 proprie

156 637 234 662 sunt
257 631 415 662 eiusmodi
441 630 691 671 promissiones,
710 639 795 671 quae
818 631 934 661 ritibus
957 639 1017 661 seu
1041 639 1132 660 cere-

155 674 273 705 moniis
302 674 408 704 sacris
443 673 656 705 confirmatae
678 680 777 709 sunt3
800 673 887 705 sicut
909 672 1022 711 σπονδι)
1046 672 1132 712 apud

156 715 308 749 Graecos
342 716 508 758 significat
541 717 720 747 libationem
744 721 776 746 et
800 717 935 755 foedus,·
964 716 1040 757 quia
1062 714 1130 746 foe-

156 759 235 790 dera
268 758 391 790 fiebant
433 769 505 790 cum
548 757 772 789 libationibus.
839 758 887 789 lta
921 767 1066 800 sponsus
1099 763 1133 789 et

155 811 281 842 sponsa
305 802 468 837 dicuntur,
494 801 548 842 qui
573 801 823 842 spoponderunt
842 801 904 833 sibi
927 802 1066 833 invicem
1085 799 1132 831 le-

155 845 302 886 gitimum
325 850 358 875 et
380 854 512 876 sacrum
535 843 654 876 foedus
678 844 832 887 coniugii.

156 1009 239 1050 Cur
269 1009 419 1049 Paulus
451 1016 572 1049 vocat
611 1008 802 1063 Spiritum
834 1015 1018 1050 sanctum
1050 1007 1132 1048 Ar-

524 1087 746 1126 rhabonem
758 1085 777 1125 ἓ)

240 1185 450 1227 Respondeo.
497 1185 580 1220 Quia
611 1191 661 1216 est
690 1185 810 1225 pignus
838 1183 1052 1215 baereditatis
1075 1193 1131 1214 no-

154 1234 256 1266 strae,
279 1235 311 1259 et
333 1227 475 1265 laetitia,
509 1238 606 1268 quam
635 1227 789 1258 accendit
813 1226 955 1267 Spiritus
982 1232 1132 1264 sanctus,

153 1277 203 1302 est
227 1271 349 1301 initium
374 1271 461 1300 vitae
483 1276 648 1301 aeternae.
695 1269 836 1305 Quando
856 1268 901 1300 illi
931 1270 995 1300 duo
1019 1267 1131 1300 adole-

153 1319 287 1345 scentes
311 1313 473 1344 combusti
503 1320 579 1344 sunt
610 1314 641 1344 in
665 1312 794 1353 Belgio.
841 1311 920 1343 Item
943 1312 1130 1353 Episcopus

154 1355 405 1387 Cantuariensis
440 1356 471 1385 in
506 1354 638 1396 Anglia,
667 1354 853 1386 hahuerunt
877 1355 1031 1396 Spiritum
1055 1364 1130 1385 san-

154 1404 241 1429 ctum
265 1397 485 1429 arrhabonem
504 1398 535 1428 in
561 1398 674 1435 corde,
697 1397 945 1435 testificantem,
969 1398 1056 1438 quod
1080 1408 1130 1428 re-

155 1447 207 1472 cte
230 1439 389 1478 facerent,
423 1446 455 1471 et
479 1439 726 1471 confirmantem
750 1449 821 1478 eos,
854 1446 889 1471 ut
912 1441 944 1471 in
965 1441 1131 1471 constanti

154 1482 366 1514 confessione
390 1489 637 1514 contemnerent
662 1489 812 1521 mortem,
837 1489 869 1514 et
885 1481 1014 1514 fortiter
1032 1483 1130 1514 susti-

152 1531 270 1557 nerent
295 1524 502 1566 supplicium.
941 1555 946 1558 .

239 1567 356 1599 Potest
378 1568 460 1606 fieri,
484 1574 518 1599 ut
542 1567 641 1609 aliqui
659 1569 820 1599 interdum
832 1568 875 1609 pii
888 1567 1031 1599 habeant
1050 1577 1130 1599 suas

152 1609 410 1648 imbecillitates,
433 1611 492 1641 sed
516 1611 648 1652 quando
662 1617 774 1642 tenent
792 1609 1051 1649 fundamentum,
1074 1616 1131 1642 aut

152 1654 248 1685 etiam
267 1653 359 1693 prius
382 1652 468 1694 lapsi
491 1653 690 1691 infirmitate,
713 1654 844 1695 erigunt
877 1663 954 1684 sese
983 1660 1015 1684 et
1037 1663 1130 1695 prac-

153 1701 239 1728 stant
264 1701 381 1736 postea
405 1696 623 1727 constantiam
639 1707 647 1731 ;
671 1706 736 1726 non
750 1697 908 1728 debemus
927 1706 985 1727 eos
998 1697 1129 1727 damna-

153 1748 203 1769 re:
239 1738 324 1772 Quia
347 1743 418 1769 tota
439 1737 593 1770 Ecclesia
617 1744 668 1769 est
692 1739 836 1770 infirma:
871 1739 979 1780 Caput
1003 1746 1053 1770 est
1077 1740 1130 1769 iir-

156 1791 255 1818 mum,
280 1780 311 1810 id
334 1786 397 1818 est,
419 1780 580 1812 Christus.
623 1781 831 1823 Bambergae
853 1783 1131 1813 comburebantur

157 1824 241 1855 duae
265 1821 404 1864 puellae.
448 1823 519 1861 His,
541 1834 615 1855 cum
638 1825 837 1855 ducerentur
859 1825 901 1855 ad
924 1823 1130 1865 supplicium,

156 1866 409 1906 imponebantur
433 1876 576 1898 coronae
599 1868 805 1898 stramineae.
872 1867 919 1898 lbi
953 1867 1059 1899 altera
1088 1868 1129 1898 ad

155 1907 292 1939 alteram
317 1908 411 1939 dixit:
438 1910 516 1940 Cum
539 1919 682 1941 essemus
704 1915 801 1942 extra
820 1913 1009 1951 periculum,
1037 1921 1130 1949 =overe-

155 1953 267 1983 bamus
289 1961 426 1982 coronas
449 1962 492 1982 ez·
510 1953 655 1991 pulchris
669 1954 812 1993 flosculis
834 1957 1016 1985 cornea-tas:
1047 1964 1130 1985 mute

156 1995 322 2034 impositae
344 1999 417 2025 steni
439 1996 527 2026 nobis
548 1999 751 2027 sermne'neae.
797 1997 861 2028 Pro
883 1997 947 2028 illis
968 1998 1057 2029 dabit
1078 2006 1129 2027 no-

155 2038 204 2069 bis
226 2037 316 2068 Deus
338 2047 472 2068 coronas
494 2047 619 2069 aureus.
664 2038 791 2080 Ingenti
813 2045 903 2071 motu
926 2038 1130 2080 pertulerunt

154 2085 305 2111 mortem.
352 2080 525 2111 Irriserant
549 2079 636 2111 idola
661 2081 901 2121 Papistica,bet
919 2083 1067 2113 dixerant
1093 2093 1129 2113 se

156 2122 294 2154 credere
318 2121 394 2161 hoe,
418 2124 505 2164 quod
530 2129 619 2154 esset
644 2124 674 2154 in
689 2123 857 2165 Symbolo.
904 2125 1059 2165 Papistae
1083 2134 1129 2157 ta-

154 2175 228 2197 men
254 2165 406 2197 dixerunt
429 2176 505 2197 esse
529 2166 814 2207 Anabaptisticas3
843 2174 875 2198 et
896 2168 1051 2200 fortassis
1074 2169 1129 2200 ha-

155 2209 297 2239 buerunt
330 2207 450 2250 aliquid
486 2208 691 2249 stipularum,
725 2209 784 2240 sed
818 2216 993 2243 tenuerunt
1022 2218 1129 2243 tamen

153 2250 410 2283 fundamentum.

240 2293 352 2332 Tales,
377 2295 431 2335 qui
445 2295 581 2325 retinent
597 2293 854 2334 fundamentum,
877 2296 951 2328 (lico
970 2307 1034 2329 non
1054 2308 1131 2329 esse

155 2337 374 2375 damnandos,
398 2338 526 2368 etiamsi
550 2337 690 2368 habeant
705 2347 782 2369 suas
807 2340 966 2380 quasdam
979 2340 1127 2382 stipulas.

154 2378 244 2410 Sicut
280 2378 524 2411 Adolescentes
554 2381 585 2410 in
609 2379 726 2421 Belgio
750 2381 845 2412 etiam
868 2381 992 2414 habere
1016 2390 1129 2424 potue-

154 2428 230 2452 runt
253 2431 313 2453 sua
337 2424 498 2464 quaedam
523 2429 648 2460 errata,
683 2430 713 2454 et
743 2423 930 2466 Episcopus
964 2425 1128 2468 Anglicus

154 2474 257 2505 pasus
279 2462 385 2496 fuerat
410 2466 472 2497 sibi
494 2466 687 2507 persuaderi
699 2467 975 2508 subscriptionem
987 2471 1128 2511 quadam

154 2506 353 2580 {i'flrmi'aoe'
386 2515 504 2548 postea
539 2519 634 2540 manu
669 2509 786 2541 dextra
826 2511 962 2551 primum
997 2513 1128 2545 admota

180 2551 307 2582 ammis.
342 2551 435 2582 dixit:

154 2596 320 2624 ustionem.
387 2594 508 2626 Postea
536 2595 801 2627 constantissime
831 2597 984 2629 sustinuit
1005 2597 1126 2639 suppli-

476 2553 502 2582 T
500 2562 519 2582 α
538 2553 697 2592 peccasti:
727 2553 868 2592 primum
890 2554 987 2593 iyitur
1008 2560 1128 2588 senties
1152 2573 1153 2577 =

1303 534 1524 568 DOMlNlCA
1546 536 1702 570 VOCEM
1725 537 2045 573 IUCUNDITATIS.

1413 629 1682 673 Evangelium
1701 631 1870 664 loannis
1896 635 1945 665 16.

1216 725 1315 756 Amen
1348 734 1441 756 arpen
1474 725 1546 757 dico
1579 727 1672 765 cobis,
1710 727 1863 766 Quicquid
1888 731 2048 768 petieritis
2078 740 2133 770 pa-

1586 772 1681 806 trem,
1703 774 1762 801 etc.

1270 842 1415 875 Pertinet
1437 844 1536 876 lectio
1555 845 1619 877 ista
1641 846 1683 877 ad
1707 846 1889 878 doctrinam
1904 849 1945 880 de
1958 849 2161 888 precatione,

1185 885 1239 917 vel
1262 885 1485 925 Invocatione,
1508 895 1655 929 quaeest
1669 890 1817 920 doctrina
1834 891 1967 931 propria
1980 890 2162 931 Ecclesiae,

1187 929 1272 960 sicut
1308 930 1403 960 etiam
1438 929 1546 962 cultus
1570 931 1641 972 ipse
1664 931 1883 963 invocationis
1913 932 2087 965 Ecclesiae
2111 942 2162 966 est

1185 972 1349 1013 propriuS,
1372 978 1405 1003 et
1427 983 1493 1004 non
1517 980 1569 1005 est
1593 976 1774 1006 communis
1799 986 1872 1006 cum
1895 975 1966 1007 aliis
1997 978 2161 1018 gentibus.

1186 1013 1268 1045 Sola
1301 1014 1457 1047 Ecclesia
1490 1014 1554 1047 Dei
1592 1023 1625 1047 et
1648 1016 1810 1059 intelligit,
1846 1025 1878 1049 et
1902 1025 2050 1059 praestat
2075 1021 2161 1052 hunc

1187 1056 1310 1088 cultum
1333 1056 1420 1095 Deo,
1457 1058 1653 1101 confugiens
1687 1061 1728 1091 ad
1763 1060 1881 1099 Deum,
1906 1067 1938 1093 et
1957 1061 2161 1104 compellans

1157 1115 1161 1158 Ι
1186 1108 1272 1137 eum,
1296 1100 1424 1140 quoties
1448 1102 1609 1141 petendae
1633 1110 1707 1134 sunt
1732 1113 1787 1134 res
1815 1106 2037 1136 necessariae.
2085 1105 2161 1137 Eth-

1184 1141 1250 1172 nici
1278 1151 1341 1173 nec
1375 1153 1454 1175 vere
1476 1143 1674 1187 intelligunt,
1698 1155 1759 1177 nec
1781 1153 1950 1188 praestant
1983 1148 2071 1179 hunc
2095 1148 2162 1180 cnl-

1184 1190 1260 1216 tum.
1307 1184 1342 1215 ld
1366 1185 1464 1217 valde
1487 1189 1711 1219 necessarium
1735 1197 1785 1220 est
1808 1191 1895 1221 scire
1914 1191 2076 1222 iuniores:
2099 1193 2160 1223 etsi

1185 1237 1247 1258 nos
1271 1237 1371 1259 senes
1395 1239 1526 1271 quoque
1550 1231 1591 1262 de
1613 1230 1703 1262 nulla
1727 1243 1762 1264 re
1786 1231 1939 1264 libentius
1964 1240 1994 1265 et
2014 1235 2161 1266 crebrius

1185 1270 1333 1311 cogitare
1357 1271 1525 1303 debemus-

1270 1312 1428 1345 Videmus
1452 1314 1587 1346 multum
1617 1326 1693 1348 esse
1721 1316 1892 1359 religionis
1921 1325 1953 1351 et
1980 1321 2160 1352 invocatio-

1183 1365 1259 1387 num
1295 1356 1327 1386 in
1357 1358 1500 1399 antiquis
1535 1361 1760 1400 poematibus,
1795 1367 1829 1392 ut
1863 1362 1950 1402 apud
1982 1362 2159 1394 Homerum

1185 1399 1324 1440 [Odyss.
1348 1398 1401 1438 ΠΙ,
1426 1411 1457 1432 v.
1482 1400 1547 1440 484
1572 1403 1705 1434 dicitur:

1269 1458 1437 1497 Εὔχεσθαι·
1461 1461 1568 1496 πάντες
1591 1461 1622 1492 δὲ
1647 1463 1723 1493 θεοῦ
1745 1462 1873 1502 χατέους’
1898 1463 2071 1504 ἇὺθρωποι.

1273 1527 1382 1565 Orate,
1405 1537 1515 1560 omnes
1537 1533 1619 1561 enim
1642 1532 1786 1563 hommes
1808 1534 1952 1571 [mliyeni
1976 1533 2053 1565 Deo.
2099 1533 2160 1565 Est

1182 1567 1337 1610 legaliter
1359 1576 1391 1601 et
1413 1570 1662 1613 religiosissime
1681 1574 1817 1605 dictum:
1849 1575 1922 1605 Non
1948 1582 2072 1607 tantum
2096 1587 2159 1608 nos

1183 1622 1348 1653 pauperes
1373 1619 1405 1643 et
1433 1614 1562 1653 miseri,
1594 1616 1652 1647 sed
1677 1617 1775 1647 etiam
1798 1619 1908 1659 magni
1934 1617 2103 1659 Principes
2128 1626 2160 1651 et

1184 1654 1294 1696 Reges
1319 1665 1403 1694 opus
1424 1654 1548 1689 habent
1574 1657 1634 1689 Dei
1658 1659 1790 1690 auxilio.
1836 1659 1913 1691 ideo
1942 1661 2004 1701 ipsi
2028 1672 2159 1704 quoquc

1183 1698 1313 1747 precari
1337 1698 1467 1748 debent.
1512 1700 1613 1732 Sedet
1637 1702 1680 1732 ibi
1703 1702 1825 1733 Nestor
1849 1714 1921 1734 cum
1954 1703 2065 1735 liberis
2090 1705 2158 1735 suis

1183 1751 1214 1771 ln
1238 1750 1408 1772 convnwo:

1269 1783 1343 1814 Fuit
1362 1790 1470 1816 autem
1493 1787 1627 1827 antiqua
1651 1786 1732 1818 haec
1757 1789 1980 1827 consuetudo,
2012 1796 2045 1821 ut
2070 1791 2159 1821 initio

1183 1825 1323 1857 libarent
1348 1825 1433 1866 Diis,
1455 1827 1632 1863 fundentes
1656 1828 1778 1871 aliquid
1802 1831 1869 1862 vini
1892 1832 1924 1863 in
1946 1838 2078 1871 terram,
2102 1834 2158 1864 ad-

1184 1869 1258 1900 ditis
1281 1870 1451 1909 precibus:
1474 1873 1557 1903 sicut
1582 1873 1669 1904 finita
1682 1884 1808 1912 mensa,
1830 1876 2076 1917 spargebantur
2100 1875 2158 1907 lin-

1153 1881 1158 1957 ς
1949 1918 2042 1953 Quae
2061 1918 2159 1950 fuerit
2207 1951 2212 1954 .

1184 1922 1269 1954 guae
1299 1912 1504 1946 victimarum
1535 1915 1700 1948 dissectae
1722 1917 1753 1947 in
1782 1917 1901 1959 ignem.

1183 1954 1380 1997 significatio
1405 1955 1500 1988 huius
1519 1960 1642 1990 veteris
1665 1960 1759 1997 ritus,
1794 1961 1988 1991 commendo
2012 1960 2158 2003 singulo-

1181 2007 1253 2030 rum
1278 1998 1478 2039 cogitationi.

1269 2041 1438 2074 Fortassis
1460 2045 1634 2084 petebatur
1656 2045 1807 2076 remissio
1826 2051 1857 2076 et
1871 2045 2005 2083 oblivio,
2031 2048 2058 2077 si
2082 2047 2157 2088 quid

1183 2085 1304 2115 dictum
1328 2092 1433 2124 esset,
1467 2088 1555 2128 quod
1578 2086 1720 2129 aliquam
1749 2087 1962 2119 offensionem
1986 2089 2158 2121 videbatur

1156 2133 1157 2140 ¹
1182 2129 1360 2168 pariturum
1384 2138 1476 2161 esse:
1500 2129 1554 2162 vel
1577 2131 1673 2161 etiam
1686 2132 1947 2172 significabatur,
1971 2132 2156 2171 purificatio

1183 2169 1379 2212 linguarum,
1413 2182 1455 2203 ne
1490 2174 1566 2215 quid
1602 2173 1825 2214 loquerentur,
1854 2175 1941 2215 quod
1966 2174 2155 2206 offenderet.

1183 2213 1280 2245 Hunc
1302 2215 1397 2246 ritum
1420 2215 1583 2248 Homerus
1607 2215 1779 2257 aliquoties
1803 2217 1977 2254 describit,
2006 2228 2156 2258 praeser-

1156 2251 1159 2303 ’ᾗ
1184 2257 1238 2287 tim
1262 2258 1294 2288 in
1318 2257 1484 2299 Odyssea,
1508 2260 1607 2291 ubict
1619 2260 1735 2290 crebra
1749 2260 1868 2290 mentio
1883 2265 1931 2289 est
1952 2258 2155 2298 libationum,

1183 2300 1224 2331 ad
1248 2311 1332 2341 quas
1356 2301 1442 2333 filius
1465 2302 1617 2334 Nestoris
1652 2302 1844 2333 Pisistratus
1875 2301 2066 2333 exhortatus
2098 2303 2155 2333 lio-

1182 2343 1299 2384 spites,
1326 2344 1409 2376 inter
1438 2344 1501 2376 alia
1525 2346 1643 2387 inquit:
1675 2347 1716 2376 Se
1739 2348 1926 2375 existimare
1950 2349 2043 2376 etiam
2070 2347 2153 2377 Tele-

1182 2389 1336 2426 machum,
1370 2398 1458 2427 quem
1491 2390 1626 2428 hospitio
1659 2392 1834 2427 exceperat
1859 2390 1987 2419 Nestor:
2015 2399 2078 2419 non
2101 2391 2153 2420 ab·

1180 2431 1316 2462 lzorrere
1338 2440 1359 2461 u
1377 2431 1444 2470 piis
1468 2433 1725 2471 precationibus:
1762 2431 1842 2467 Quia
1875 2440 1983 2462 omnes
2010 2432 2155 2463 homines

1180 2474 1248 2505 Deo
1272 2474 1440 2513 inbiqccme.

1894 2662 1947 2686 52·
