2324 2958
152 166 213 199 491
839 160 952 195 mm
975 159 1077 192 mm..
1099 157 1286 193 semem
1309 156 1573 192 ExssenncA.
2084 164 2150 199 492

152 259 270 298 telate,
293 258 366 290 Der
386 257 476 296 herr,
493 257 575 290 oder
594 255 673 289 Gott
693 256 755 289 dar
771 256 825 288 die
841 259 909 288 stat
926 255 1007 287 oder
1028 254 1126 286 hauss

153 303 321 336 betoahret.

238 344 305 377 Alii
338 341 520 375 Beelzebul
550 343 824 384 interpretantur,
857 340 1034 372 Dominum
1063 344 1127 370 tur-

153 389 320 422 bationum
354 386 408 418 vel
437 384 686 423 confusionum,
719 395 739 416 a
768 384 858 416 Bual
886 383 1065 420 Dominus,
1093 386 1127 413 et

152 431 260 469 tsaek,
282 432 362 468 iste,
385 436 417 461 et
440 429 546 467 balal,
569 426 731 468 emefudz’t,
752 426 950 468 permiscuit,
972 424 1126 456 turbavit.

152 473 314 507 Diabolus
338 483 416 504 vere
439 479 491 504 est
519 472 683 507 turbator3
714 470 786 509 vel,
814 476 850 501 ut
871 467 996 500 Paulus
1023 465 1128 509 loqui-

153 523 224 554 tur,
258 523 354 548 autor
383 515 438 547 vel
467 515 629 546 Dominus
659 513 895 549 ἀκαταστασίας,
928 512 1128 552 depravator

153 566 185 592 et
207 561 398 593 destructor
419 558 563 595 ordinis,
597 563 629 588 et
659 566 792 598 operum
822 555 1026 590 divinorum
1060 559 1126 584 tur-

153 604 236 635 bans
260 601 471 644 religionem,
494 600 765 643 gubernationem
787 596 970 639 politicam,
990 596 1056 627 imo
1078 601 1127 628 to-

153 653 219 678 tam
242 646 341 677 vitam
364 650 523 676 nostram.

122 687 125 689 ’
238 686 429 729 Exemplum
459 687 503 717 sit
531 684 716 727 Tragoedia
742 683 1034 724 Anabaptistarum
1055 679 1127 713 Μο-

152 725 424 768 υεεῑεήεηείιιῐιιζ
464 730 518 760 ubi
552 728 622 759 Rex
656 727 845 758 nominabat
877 735 915 756 se
948 734 1060 766 regem
1094 725 1127 755 in

153 773 275 816 templo
310 773 396 809 Dei,
432 772 573 803 ducebat
607 769 719 812 plures
753 778 891 803 uxores,
933 777 974 798 ex
1008 767 1126 808 quibus

153 828 251 850 unam
274 815 456 852 interfecit,
479 814 625 856 {ingebat
647 813 813 850 visiones,
843 811 962 852 quibus
984 807 1127 841 fascina-

152 862 199 892 vit
229 858 368 900 vulgus,
396 867 439 889 ne
467 858 581 888 urbem
612 856 770 887 dederent
798 853 964 889 hostibus3
994 863 1035 884 ac
1058 859 1127 883 tan-

154 909 220 935 tam
248 901 367 933 famem
396 900 506 942 potius
533 905 739 941 paterentur,
772 903 807 929 ut
830 907 871 928 ex
895 897 985 928 corio
1010 905 1127 926 arroso

154 947 255 977 vitam
289 943 379 976 multi
413 948 649 974 sustentarent.
706 939 797 972 Haec
829 945 906 971 sunt
939 937 1128 976 Diabolica,

154 989 272 1031 quibus
296 987 440 1018 ostendit
462 983 624 1016 Diabolus
646 994 684 1015 se
707 993 784 1015 esse
807 984 1019 1014 turbatorem.
1050 979 1055 986 '

240 1030 307 1062 Sed
331 1030 419 1071 quod
443 1029 484 1060 ad
507 1037 625 1059 nomen
652 1026 823 1058 Beelzebub
850 1026 985 1062 attinet,
1013 1032 1128 1056 omnes

155 1073 376 1110 consentiunt,
400 1071 488 1113 quod
511 1071 596 1102 idem
618 1069 793 1112 significet,
816 1069 910 1111 quasi
934 1069 1038 1105 dicas,
1060 1066 1128 1097 Do-

153 1118 256 1148 minus
278 1124 475 1154 muscamm,
508 1113 579 1152 vel,
612 1123 731 1154 πιιιφια
755 1122 879 1150 musca,
912 1121 975 1142 seu
997 1109 1128 1141 crabro.

155 1159 225 1191 Rex
249 1157 352 1189 lsrael
376 1156 542 1189 ochozias
567 1157 660 1187 mittit
688 1157 719 1187 in
743 1155 854 1186 Ecron
882 1155 924 1185 ad
955 1151 1129 1184 consulen-

156 1202 232 1234 dum
255 1199 464 1237 Baalzebub,
483 1199 589 1230 Deum
613 1199 858 1236 Ecronitarum,
881 1208 922 1228 an
947 1194 1129 1228 convalitu-

155 1255 213 1276 rus
236 1244 278 1275 sit
301 1254 341 1274 ex
364 1243 490 1274 morbo.
538 1241 642 1277 Quam
666 1242 758 1272 triste
782 1247 831 1272 est
854 1241 938 1278 hoc,
960 1239 1050 1280 quod
1071 1247 1130 1268 rex

155 1287 251 1319 istius
283 1284 414 1327 populi,
449 1285 481 1315 in
515 1295 580 1326 quo
615 1289 706 1315 erant
740 1283 978 1325 promissiones
1009 1292 1029 1312 a
1057 1279 1130 1312 Deo

155 1330 278 1367 editae,
302 1329 397 1360 mittit
420 1327 625 1359 sciscitatum
649 1327 691 1358 ad
714 1325 836 1358 idolum
864 1325 961 1363 illud,
991 1333 1050 1355 seu
1072 1333 1130 1354 nu-

155 1383 229 1404 men
251 1371 436 1403 Ethnicum.

240 1414 469 1455 Undecunque
502 1418 610 1444 autem
643 1412 686 1442 sit
717 1411 793 1443 data
820 1410 955 1442 occasio
985 1407 1131 1450 fingendi

154 1459 249 1489 istius
282 1457 443 1495 nominis,
477 1456 659 1497 cogitemus
689 1453 753 1485 hac
785 1452 1008 1494 appellatione
1040 1451 1131 1493 pingi

154 1499 318 1533 Diabolos
341 1497 518 1531 volitantes
541 1499 571 1528 in
595 1507 692 1535 aere,
715 1497 820 1528 instar
842 1505 1049 1533 muscarum,
1071 1504 1132 1525 seu

155 1542 312 1581 culicum,
337 1552 396 1574 seu
420 1543 629 1573 crabronum.
675 1540 768 1571 zebub
795 1539 961 1581 significat
984 1547 1131 1569 muscam

154 1596 320 1629 magnam,
339 1586 387 1616 cin
404 1594 500 1626 yross
518 1583 693 1615 scheuslich
714 1581 904 1625 unyezieser,
923 1582 986 1613 das
1004 1579 1133 1612 umblaer

154 1630 263 1671 sleuyt,
284 1629 350 1659 und
374 1628 556 1660 besclnneist
578 1637 613 1658 es
636 1627 725 1658 alles.
772 1624 922 1656 Volitant
943 1622 1077 1655 Diaboli
1101 1623 1132 1654 in

156 1683 244 1711 aere,
267 1673 363 1714 quasi
387 1681 507 1713 magna
529 1671 660 1712 agmina
683 1662 882 1700 mus‘carum.
928 1665 1052 1699 Paulus
1074 1676 1133 1697 no·

156 1717 255 1747 minat
279 1725 338 1746 eos
362 1715 506 1755 *Spiritus
529 1714 626 1744 ueris.

242 1757 323 1789 Mihi
363 1757 510 1788 narravit
545 1756 694 1797 quidam,
734 1765 830 1796 quem
864 1755 919 1785 diu
953 1757 1133 1784 vexaverat

157 1799 338 1839 Diabolus,
372 1800 476 1841 quod,
511 1799 642 1840 quando
674 1799 801 1829 veniret
823 1797 863 1828 ad
889 1797 993 1837 ipsum
1017 1805 1132 1826 excru-

159 1843 322 1881 ciandum,
339 1843 556 1884 suspenderet
576 1852 612 1871 se
636 1841 749 1882 speeie
772 1849 908 1871 muscae
929 1839 971 1870 ad
995 1837 1132 1869 alteram

157 1897 251 1919 suam
276 1896 393 1927 genam
418 1887 479 1916 sub
504 1883 613 1922 oculo,
639 1890 670 1914 et
693 1883 781 1925 quod
805 1889 882 1913 tunc
905 1887 1029 1913 tantum
1053 1891 1132 1922 pon-

157 1931 220 1961 dus
242 1929 396 1966 sentiret,
421 1935 454 1959 ut
476 1938 559 1968 pene
584 1928 840 1963 exanimaretur,
870 1935 931 1956 nee
955 1931 1044 1955 stare
1067 1924 1132 1954 ani-

158 1972 243 2014 plius
267 1977 389 2013 posset.
439 1971 538 2001 istum
564 1971 716 2001 miserum
741 1968 904 1999 hominem
929 1969 983 1998 diu
1006 1968 1055 1997 sic
1080 1977 1132 1997 vc-

159 2017 259 2053 xavit,
275 2021 310 2046 ut
327 2024 429 2054 saepe
450 2012 589 2044 ioluerit
608 2011 662 2043 ille
681 2012 892 2042 consciscere
911 2011 972 2041 sibi
986 2015 1131 2040 mortem.

246 2058 365 2089 Petrus
406 2057 559 2087 atrociori
600 2056 729 2086 nomine
764 2054 909 2095 depingit
945 2051 1133 2084 Diabolum.

161 2101 249 2133 Dicit
271 2111 337 2131 cnm
362 2100 546 2138 circumire,
570 2103 603 2129 ut
627 2099 743 2129 leonem
768 2098 954 2137 rnffl‘entcm,
979 2105 1133 2137 quaeren-

160 2149 219 2176 tem
242 2153 331 2185 quem
354 2143 495 2173 dci-oret.
552 2141 621 2172 Etsi
652 2139 782 2172 Diaboli
812 2150 875 2170 non
907 2145 1045 2180 possunt
1078 2137 1134 2169 ali-

160 2188 236 2229 quid
261 2186 371 2218 facere
402 2187 473 2216 sine
503 2185 738 2226 promissionc3
768 2193 827 2213 nee
852 2181 944 2213 Deus
968 2181 1032 2213 illis
1057 2192 1135 2213 con-

160 2230 247 2263 cedit
277 2228 388 2261 faeere
413 2228 566 2270 quioquid
597 2227 693 2265 libet,
718 2233 825 2257 tumen
857 2225 1031 2256 credamus
1054 2225 1135 2255 scri-

160 2280 276 2315 pturae
300 2279 332 2304 ct
362 2271 598 2312 experientiae,
629 2277 657 2301 et
683 2270 825 2300 sciamus
849 2267 1010 2299 Diabolos
1033 2266 1136 2298 horri-

161 2315 266 2347 biliter
288 2316 422 2347 turbare
446 2321 547 2345 totum
571 2324 675 2355 genus
699 2312 890 2349 humanum,
914 2320 944 2342 et
970 2309 1137 2352 impellere

161 2359 312 2392 homines
336 2358 470 2389 assidue
493 2357 534 2388 ad
558 2355 658 2387 multa
681 2354 776 2387 mula.

248 2401 370 2433 Paulus
396 2401 495 2442 inquit
522 2400 690 2430 Diabolum
714 2409 781 2429 csso
804 2395 965 2439 efficacem
984 2398 1016 2427 in
1036 2398 1137 2427 incre-

161 2445 256 2476 dulis.
302 2444 341 2476 Et
365 2443 516 2475 Christus
541 2444 614 2474 dicit
647 2443 687 2474 dc
712 2441 804 2473 iuda:
836 2441 982 2471 Suionas
1005 2440 1139 2471 intrarit

162 2489 195 2519 in
218 2498 295 2519 cuni.
353 2486 419 2518 lstu
450 2493 523 2517 sunt
555 2485 651 2518 valde
674 2483 862 2519 lim-tibilim
897 2491 924 2513 ct
952 2484 1058 2525 ipsum
1082 2494 1138 2513 no-

163 2542 235 2562 inen
261 2532 405 2561 maranae
428 2529 591 2571 significat
615 2529 852 2560 adven-sarium.
900 2525 1062 2557 Diabolus
1087 2532 1135 2555 est

164 2574 374 2605 adversariu-
399 2571 453 2604 tilii
480 2572 538 2604 Dei
562 2579 591 2603 et
617 2571 749 2613 generis
773 2570 914 2602 humani.

250 2615 377 2647 Deinde
400 2614 549 2656 exemplo
572 2614 746 2646 ostendunt
773 2614 803 2645 in
827 2613 1018 2656 quotidiana
1041 2622 1136 2652 expe-

1176 251 1312 301 rientia,
1343 251 1378 284 in
1410 252 1543 294 quantis
1571 251 1727 294 periculis
1755 254 1821 286 sint
1849 264 1963 287 omnes
1986 253 2150 291 homines.

1175 292 1335 325 Videmus
1341 317 1353 332 ,
1387 305 1484 336 quam
1511 294 1603 328 multi
1627 301 1724 327 ruant
1751 296 1784 327 in
1807 302 1911 329 tetros
1933 308 2085 339 erroreS,
2118 307 2151 332 et

1176 337 1366 378 turpissima
1387 336 1527 370 scelera.
1572 337 1679 374 Quam
1707 337 1799 371 multi
1825 346 1903 372 sunt
1929 339 2045 373 hostes
2067 343 2152 374 veri-

1177 380 1266 418 tatis,
1283 380 1338 422 qui
1361 380 1542 413 defendunt
1564 386 1597 413 et
1618 380 1791 413 stabiliunt
1810 381 1915 415 idola!
1938 394 2037 426 quam
2060 383 2152 418 inulti

1176 419 1324 455 furenter
1345 430 1445 455 ruunt
1466 424 1499 454 in
1522 424 1644 456 caedes
1666 430 1699 456 et
1720 422 1888 457 libidines!

1262 473 1355 507 Haec
1371 484 1439 506 non
1456 473 1538 506 fiunt
1554 475 1627 506 sine
1645 473 1898 517 impulsionibus
1910 476 2055 517 Diaboli,
2077 480 2152 518 etsi,

1176 517 1343 558 quomodo
1366 516 1430 549 hae
1452 517 1550 555 fiant,
1578 519 1709 559 penitus
1738 518 1925 562 intelligere
1946 531 2013 552 non
2035 531 2154 563 possu-

1176 569 1260 609 mus.
1315 558 1449 601 Lipsiae
1480 561 1611 601 quidum
1641 560 1804 602 supplicio
1832 564 1972 595 affectus
1995 572 2063 602 est,
2097 565 2154 606 qui

1176 612 1211 633 m
1229 602 1389 634 suburbio
1412 602 1623 635 interfecerat
1645 611 1746 636 noctu
1768 604 2036 646 patremfamilias
2055 617 2153 649 quen-

1178 644 1270 683 dam,
1292 655 1359 676 una
1380 655 1454 677 cum
1475 655 1578 677 uxore
1601 653 1634 678 et
1656 646 1790 686 liberis,
1818 653 1852 679 et
1873 647 2074 690 spoliaverat
2097 650 2154 682 dt>

1177 697 1276 718 mum.
1321 687 1352 718 ls
1376 699 1451 720 eum
1474 690 1625 730 captivus
1648 696 1755 727 esset,
1784 690 1915 722 dicebat
1943 702 1980 724 se
2008 698 2077 724 toto
2100 693 2154 724 tri—

1179 729 1244 780 duo
1268 728 1420 762 latitasse
1447 732 1509 763 sub
1538 733 1716 774 gradibus,
1745 739 1778 765 et
1800 733 1936 765 multum
1963 744 2076 767 secum
2099 735 2155 767 de-

1177 770 1360 822 liberasse,
1382 782 1425 804 an
1448 773 1583 806 deberet
1607 776 1740 807 caedem
1764 774 1853 808 illam
1876 775 1997 809 facere.
2048 777 2095 810 lbi
2117 787 2156 809 ευ

1178 816 1348 864 audrvrsse
1371 825 1488 847 vocem
1511 818 1675 858 quandam
1694 825 1936 851 susurrantem:
1958 821 2034 855 Abi,
2058 821 2155 852 inter»

1179 859 1242 908 h'ce
1266 858 1447 898 hospitem:
1472 856 1555 898 fabr
1572 858 1659 901 fort,
1687 860 1817 900 scklaye
1839 862 1919 893 todt.
1964 862 2037 894 Fuit
2060 864 2156 904 ipsis-

1178 910 1262 932 sima
1284 911 1351 932 vox
1373 899 1507 933 Diaboli
1529 902 1625 933 etiam
1643 903 1810 944 corporali
1827 915 1910 936 voce
1928 905 2095 938 incitantis
2116 916 2156 938 ac

1179 941 1375 985 impellentis
1391 943 1547 976 miserum
1566 943 1730 977 hominem
1747 946 1790 978 ad
1806 946 1991 980 faciendam
2010 948 2155 982 caedem.

1266 1001 1348 1035 Cum
1370 1002 1544 1045 Tubingae
1565 1013 1690 1041 essem,
1718 1005 1786 1037 vidi
1808 1007 1971 1047 quendam
1994 1006 2157 1048 supplicio

1179 1045 1286 1084 affici,
1309 1046 1364 1087 qui
1386 1045 1598 1078 interfecerat
1620 1048 1795 1086 advenam,
1818 1049 1870 1080 cui
1893 1055 2079 1080 monstrare
2101 1049 2156 1081 do-

1181 1090 1297 1121 buerat
1318 1090 1381 1120 iter
1402 1098 1462 1130 per
1485 1087 1612 1121 silvam.
1657 1089 1806 1122 Venerat
1827 1091 1956 1123 advena
1979 1090 2036 1123 ille
2059 1091 2091 1123 in
2111 1097 2157 1123 ta,

1182 1133 1316 1163 bernam
1338 1132 1557 1170 meritoriam,
1587 1139 1620 1164 et
1642 1133 1770 1164 biberat
1793 1134 1958 1166 dimidium
1980 1135 2159 1166 sextarium

1181 1175 1257 1206 vini.
1314 1173 1502 1206 Discedens
1530 1176 1677 1217 rogavit,
1707 1183 1742 1207 ut
1768 1175 1886 1218 aliquis
1915 1178 2070 1216 istorum,
2103 1178 2159 1220 qui

1182 1217 1343 1249 sedebant
1370 1217 1402 1248 in
1431 1217 1547 1249 eadem
1576 1219 1728 1256 taberna,
1761 1225 1958 1251 monstraret
1986 1221 2049 1251 sibi
2073 1221 2159 1252 viam

1181 1271 1242 1301 per
1263 1258 1381 1310 silvam
1411 1260 1552 1291 vicinam
1574 1260 1756 1303 Tubingae.
1807 1262 1960 1294 Surrexit
1982 1263 2160 1302 homicida,

1181 1308 1375 1344 promittens
1404 1312 1443 1334 se
1471 1310 1684 1334 ostensurum
1714 1304 1743 1335 ei
1772 1314 1849 1336 esse
1876 1305 1973 1337 viam.
2028 1305 2159 1337 Interim

1182 1345 1260 1376 dum
1292 1345 1432 1382 vadunt,
1466 1345 1591 1386 cogitat
1624 1346 1741 1377 ductor
1774 1349 1860 1378 viae:
1905 1346 2030 1380 Procul
2060 1348 2160 1381 dubio

1182 1387 1237 1419 hic
1259 1388 1462 1429 pecuniosus
1480 1394 1549 1426 est,
1577 1389 1653 1429 quia
1682 1388 1749 1420 non
1777 1400 1880 1421 ausus
1908 1396 1959 1422 est
1981 1389 2076 1422 solus
2099 1391 2161 1423 iter

1182 1429 1296 1462 facere
1323 1440 1383 1471 per
1412 1429 1548 1462 silvam:
1593 1430 1679 1466 Quid
1709 1433 1738 1464 si
1766 1433 1944 1464 adorireris
1973 1434 2097 1475 ipsum,
2127 1440 2160 1466 et

1184 1473 1375 1511 occideres,
1397 1479 1429 1505 et
1452 1472 1616 1515 spoliares
1639 1484 1712 1506 eum
1736 1476 1899 1516 pecunia?
1942 1475 2012 1508 Hac
2035 1477 2159 1519 cogita-

1185 1517 1272 1548 tione
1294 1515 1495 1554 fascinatus‚
1525 1523 1557 1548 et
1585 1527 1681 1549 aeres
1711 1517 1864 1550 stimulos
1892 1519 1925 1549 in
1952 1519 2060 1550 animo
2084 1529 2160 1550 ser>

1185 1561 1283 1597 tiens,
1303 1560 1393 1591 iubet
1417 1559 1579 1591 advenam
1601 1559 1841 1602 aliquantisper
1857 1562 2072 1602 praecedere;
2095 1561 2159 1597 Qui

1184 1601 1263 1634 nihil
1285 1603 1461 1644 suspicans
1483 1601 1576 1640 mali‘,
1599 1614 1672 1635 cum
1720 1605 1855 1642 raeiret,
1879 1605 1921 1635 ab
1944 1603 2000 1636 illo
2024 1615 2086 1636 suo
2103 1614 2160 1635 co-

1184 1646 1262 1677 mite
1284 1644 1476 1677 interfectus
1499 1651 1562 1683 est,
1585 1651 1616 1677 et
1638 1613 1811 1687 spoliatus
1855 1647 1921 1679 Sed
1946 1657 2072 1688 paucos
2093 1645 2160 1678 sal-

1184 1696 1249 1720 tem
1272 1699 1422 1720 nummos
1451 1689 1576 1720 invenit
1605 1688 1778 1721 homicida.
1832 1688 1928 1720 Redit
1955 1691 1987 1721 in
2011 1690 2159 1721 diverso-

1184 1733 1268 1763 rium
1297 1732 1476 1762 subtristis,
1532 1730 1696 1763 Postridie
1724 1739 1875 1773 repertus
1902 1738 1970 1770 est,
2003 1733 2059 1774 qui
2089 1738 2162 1764 eras

1185 1775 1325 1807 occisus.
1384 1774 1500 1805 Statim
1530 1773 1672 1806 curritur
1701 1776 1743 1806 ad
1767 1776 1842 1806 viae
1872 1776 2052 1807 ductorem.
2099 1775 2160 1807 Hic

1184 1828 1260 1849 mox
1285 1815 1461 1849 confessus
1480 1824 1551 1855 est,
1581 1827 1618 1849 se
1647 1828 1737 1849 reum
1760 1827 1848 1849 esse.
1893 1818 1976 1849 Cum
2004 1819 2159 1850 educere

1185 1868 1237 1893 tur
1260 1867 1377 1902 postea
1399 1861 1440 1891 ad
1465 1858 1671 1901 supplicium,
1695 1862 1850 1891 narrabat
1871 1870 1909 1892 se
1932 1861 1965 1892 in
1988 1871 2049 1892 suo
2072 1859 2160 1893 malo

1185 1904 1355 1945 proposito
1378 1904 1422 1934 itu
1444 1902 1549 1934 fuisse
1573 1903 1746 1944 impulsum
1770 1914 1789 1935 a
1808 1902 1963 1942 Diabate,
1977 1910 2009 1935 ut
2035 1905 2160 1936 iidem-

1185 1954 1237 1978 tur
1267 1946 1329 1978 sibi
1352 1947 1476 1977 sentire
1503 1945 1652 1977 stimulos
1681 1947 1858 1988 quosdam,
1893 1948 1947 1988 qui
1982 1957 2047 1978 non
2076 1948 2162 1979 sino-

1185 1996 1256 2022 rent
1279 2000 1353 2021 eum
1377 1989 1626 2031 conquiescere,
1646 1990 1752 2021 donec
1771 1990 1905 2021 caedem
1924 1996 2159 2031 perpetrasset.

1271 2050 1428 2081 Vidcmus
1458 2050 1622 2090 quotidie,
1657 2060 1754 2091 quam
1784 2050 1895 2080 tristes
1925 2051 2045 2081 caedes
2074 2060 2161 2081 con»

1185 2095 1352 2125 mittantur
1374 2093 1405 2123 in
1430 2092 1509 2133 ipsis
1533 2093 1723 2134 sympossis,
1742 2094 1794 2124 ubi
1815 2091 1976 2124 Diabolus
1996 2093 2039 2123 ita
2063 2093 2162 2124 insci·

1186 2144 1240 2168 nnt
1273 2136 1439 2171 homines,
1474 2142 1507 2166 ut
1538 2146 1677 2176 prorsus
1708 2137 1759 2167 sui
1790 2135 1881 2167 obliti
1912 2143 2006 2167 ruant
2036 2136 2067 2167 in
2090 2145 2162 2168 sco-

1186 2179 1266 2211 lera.
1327 2179 1376 2209 De
1410 2179 1481 2209 istis
1508 2179 1607 2209 tantis
1637 2177 1731 2209 mulis
1754 2185 1908 2210 moneant
1932 2189 1994 2210 nos
2016 2177 2161 2220 appella-

1187 2225 1293 2255 tiones
1320 2220 1450 2253 Diaboli
1474 2220 1674 2260 Beelzebul‚
1702 2229 1732 2253 et
1765 2221 1974 2253 Beelzebub.
2005 2222 2081 2253 item
2105 2231 2160 2252 no-

1188 2277 1260 2298 men
1285 2269 1434 2297 Satanae.
1481 2265 1639 2296 Homines
1664 2275 1728 2296 non
1752 2265 1873 2296 vident.
1893 2270 2013 2306 quanta
2037 2265 2077 2295 stt
2096 2274 2161 2295 ma-

1189 2309 1324 2350 gnitudo
1359 2307 1451 2344 ninii,
1484 2307 1607 2339 habere
1642 2314 1782 2339 mentem
1816 2306 2009 2338 fascinatum
2040 2318 2058 2337 n
2089 2306 2162 2338 Din—

1190 2351 1277 2387 bolo,
1299 2350 1352 2382 vel
1376 2358 1407 2383 ut
1429 2350 1552 2383 Paulus
1575 2349 1728 2392 loquitur,
1748 2352 1910 2392 captivum
1933 2350 1990 2381 sub
2008 2349 2162 2381 Dn'obdo:

1191 2395 1268 2426 item
1297 2395 1446 2426 homines
1478 2394 1547 2426 fieri
1578 2392 1779 2429 habitacula.
1812 2404 1871 2425 seu
1901 2392 2066 2424 domicilia
2087 2392 2162 2424 Dia·

1191 2438 1273 2471 boli.
1299 2445 1327 2469 et
1353 2436 1473 2479 impelli
1498 2448 1516 2468 n
1540 2435 1683 2468 Diabolo
1707 2437 1747 2467 nd
1773 2437 1862 2467 varia
1886 2434 2025 2467 scelera.
2071 2435 2163 2467 Hanc

1190 2489 1311 2513 unitum
1335 2482 1498 2513 miseriam
1523 2491 1588 2512 non
1612 2479 1725 2511 volunt
1750 2481 1898 2511 homines
1923 2489 2108 2520 agnoscere
2131 2479 2163 2510 iu

1190 2523 1250 2555 hnc
1275 2526 1352 2558 vita.
1377 2525 1436 2555 sed
1461 2525 1493 2555 in
1517 2524 1682 2555 secuturis
1705 2523 1822 2563 poenis
1846 2524 1990 2553 oeternis
2012 2522 2163 2559 sentient,

1190 2574 1347 2610 qunntum
1371 2568 1413 2598 sit
1437 2577 1514 2598 esse
1533 2567 1662 2598 hoswm
1686 2565 1765 2599 Dei.
1790 2573 1819 2597 ct
1843 2565 1967 2597 sentire
1990 2565 2070 2596 irmn
2093 2565 2163 2596 eius

1190 2612 1220 2642 in
1246 2617 1314 2643 tota
1336 2611 1539 2642 aeternitate.
1585 2609 1661 2642 ideo
1685 2608 1864 2641 clamemus
1886 2609 1928 2639 ad
1953 2606 2067 2639 Filium
2090 2605 2165 2644 Dei,
