2324 2958
147 182 213 216 ’163

147 277 265 315 lorum,
289 276 409 318 quibus
433 275 526 307 Deus
546 273 604 306 illa
629 274 738 305 tradit.
784 273 851 305 lam
878 274 1013 316 imperia
1040 279 1118 305 sunt

146 319 257 352 lacera
280 325 311 350 et
333 317 502 360 squalida,
535 328 600 349 non
623 322 701 348 sunt
723 317 767 347 ita
790 316 928 357 pulchra
951 323 982 348 et
1005 326 1117 354 aurea,

147 361 254 404 qualia
272 360 403 393 fuerunt
431 361 571 392 vetustis
601 359 812 399 temporibus.
856 358 987 401 Alioqui
1011 359 1116 401 magis

145 406 344 436 excitaretur
365 404 538 435 admiratio
563 402 786 443 Imperiorum.

231 446 434 488 Quamquam
457 452 565 477 autem
589 455 682 476 suum
705 443 814 475 locum
837 442 937 475 habet
960 444 1115 485 cogitatio

145 490 279 521 rationis
314 490 354 520 de
383 487 625 529 pulchritudine
648 488 866 527 imperiorum,
890 492 921 517 et
944 488 984 517 de
1008 485 1115 517 excel-

143 531 243 563 lentia
266 531 473 573 politicorum
486 532 752 572 gubernatorum,
776 536 883 560 tamen
903 531 1042 560 tenenda
1065 536 1115 560 est

145 575 310 606 distinctio
340 574 464 605 Christi
492 575 535 604 ab
558 571 623 604 illis
646 571 883 604 excellentibus
906 573 995 603 viris.
1040 572 1115 603 Non

144 617 322 658 putandum
357 623 424 654 est,
459 627 530 648 eum
555 613 692 646 similem
715 625 791 646 csse
814 614 890 653 illis,
916 616 970 656 qui
993 615 1114 647 consti-

144 666 237 691 tuunt
259 668 292 691 et
314 665 435 701 regunt
458 657 596 700 polinas

143 865 264 918 Quod
297 866 478 908 Christus
509 866 565 906 ita
603 867 653 906 sit
694 866 862 914 Doct0r‚
908 872 954 905 ut
992 865 1114 905 etiam

488 943 539 983 sit:
575 942 767 983 Salvator.

227 1085 350 1118 Postea
373 1096 447 1117 cum
470 1085 566 1116 etiam
590 1085 796 1115 distinximus
824 1082 989 1114 Christum
1012 1093 1031 1114 a
1055 1093 1112 1124 gu-

141 1130 371 1160 bernatoribus
405 1127 559 1169 politiciS,
593 1133 625 1158 et
657 1126 870 1168 agnoscimus
904 1136 978 1157 eum
1006 1124 1112 1156 fuisse

140 1170 336 1203 Ductorem:
360 1178 467 1202 tamen
492 1180 607 1201 rursus
639 1169 877 1200 discernendus
906 1174 957 1199 est
980 1167 1032 1199 hic
1055 1168 1111 1198 do-

139 1220 222 1251 ctor,
246 1215 299 1255 qui
323 1213 418 1245 simul
438 1219 487 1243 est
510 1213 642 1244 victima
665 1218 696 1242 et
719 1211 814 1242 dator
837 1211 923 1241 vitae
944 1216 1112 1248 aeternae,

137 1256 179 1286 ab
202 1255 276 1287 aliis
300 1255 504 1287 doctoribus.
533 1254 569 1285 ln
588 1254 737 1285 doctrina
749 1253 995 1293 prophetarum,
1019 1252 1111 1284 Chri-

136 1299 191 1336 sti,
215 1304 246 1330 et
268 1297 524 1340 Apostolorum,
557 1307 623 1328 non
647 1302 699 1328 est
721 1297 914 1327 discrimen:
947 1303 978 1327 et
1001 1294 1110 1327 falsis-

137 1341 218 1372 sima
249 1347 300 1372 est
333 1339 389 1372 illa
422 1340 595 1381 phantasia
629 1340 670 1370 de
689 1340 793 1370 tribus
817 1338 966 1380 legibus,
990 1340 1109 1379 quibus

136 1383 286 1415 homines
320 1384 459 1414 diversis
493 1383 695 1423 temporibus
729 1383 793 1412 sint
828 1381 1011 1419 iustificati,
1045 1382 1108 1412 etsi

137 1426 232 1457 etiarn
256 1436 295 1457 ex
324 1425 556 1456 vetustioribus
585 1425 807 1465 scriptoribus
841 1434 913 1454 eum
936 1423 1037 1465 aliqui
1060 1425 1106 1454 in-

138 1467 278 1499 culcant.
313 1467 434 1499 Dicunt
447 1468 581 1507 primam
595 1467 698 1499 fuisse
720 1466 828 1507 legem
851 1473 998 1503 naturae,
1021 1476 1105 1507 quae

135 1510 233 1542 fuerit
255 1511 448 1546 obscurior3
481 1518 600 1551 postea
623 1511 726 1542 fuisse
749 1510 857 1551 legem
890 1509 987 1540 Moisi
1010 1510 1104 1540 etiam

134 1552 375 1594 imperfectanu
397 1554 529 1584 tandem
543 1552 707 1585 Christum
730 1551 880 1584 attulisse
903 1551 1010 1593 legem
1032 1562 1105 1592 per-

134 1595 359 1632 fectissimam,
395 1605 478 1636 quae
511 1595 554 1626 sit
587 1594 640 1626 lex
671 1595 825 1627 caritatis.
892 1593 1104 1625 Ceremonias

135 1638 247 1670 dicunt
267 1636 372 1669 fuisse
394 1639 484 1669 oneri
508 1638 649 1669 miserae
675 1636 886 1678 plebeculam
921 1635 1027 1679 legem
1051 1647 1105 1667 ca-

134 1681 238 1711 ritatis
262 1679 363 1711 multo
384 1690 461 1711 esse
485 1679 737 1721 perfectiorem3
757 1681 841 1711 sicut
864 1690 952 1711 nunc
975 1680 1105 1710 Anaba—

159 1723 266 1760 tistae,
290 1721 439 1764 neglecta
468 1722 638 1764 principali
671 1723 890 1763 promissione
922 1721 1106 1763 Evangelii,

135 1733 200 1796 Eoo
234 1775 332 1796 unum
365 1772 495 1806 urgent,
528 1772 563 1797 ut
586 1765 735 1797 homines
759 1766 792 1796 in
814 1775 934 1805 magna
958 1766 1105 1802 caritate,

135 1807 278 1838 habeant
301 1808 408 1838 omnia
431 1808 515 1838 inter
538 1818 576 1839 se
598 1809 792 1839 communia.
838 1808 877 1838 Hi
901 1817 942 1838 ne
976 1808 1104 1848 quidem

134 1848 241 1891 qualis
265 1850 382 1880 doctor
394 1849 491 1880 fuerit
504 1849 667 1888 Christus,
690 1856 780 1882 recte
798 1849 1000 1891 intelligunt:
1023 1850 1106 1881 Tan-

134 1898 200 1923 tum
224 1892 331 1929 abest,
353 1898 387 1923 ut
410 1891 591 1933 principale
621 1893 764 1925 officium
795 1893 917 1924 Clu-isti
941 1900 1032 1925 recte
1054 1903 1106 1923 as-

134 1943 326 1976 sequantur.

219 1976 310 2008 Bene
343 1987 423 2017 ergo
458 1978 709 2017 meminerimus,
742 1978 828 2010 hunc
862 1988 1000 2020 scopum
1028 1987 1105 2008 esse

133 2019 229 2051 huius
250 2020 418 2050 concionis
433 2018 566 2057 Christi,
590 2021 676 2061 quod
690 2021 855 2054 discernat
877 2031 915 2052 se
938 2021 979 2052 ab
1003 2021 1105 2051 omni-

133 2063 195 2093 bus
219 2061 303 2099 aliiS,
328 2071 393 2092 non
418 2069 540 2093 tantum
554 2064 838 2103 gubernatoribus,
861 2064 920 2095 sed
940 2064 1035 2094 etiam
1049 2064 1104 2094 do-

134 2105 293 2135 ctoribus·
338 2104 408 2135 Nec
431 2103 541 2145 placet
566 2105 653 2143 mihi,
675 2107 762 2147 quod
787 2106 886 2148 aliqui
910 2107 1004 2137 nimis
1028 2107 1103 2137 sub-

135 2145 235 2178 tiliter
262 2147 315 2178 hic
340 2146 508 2178 Christum
531 2158 550 2178 a
573 2147 668 2179 Mose
687 2155 717 2179 et
739 2149 811 2180 aliis
835 2148 1010 2190 Prophetis
1037 2149 1102 2180 hoc

133 2189 231 2220 modo
243 2189 447 2227 discernunt,
470 2196 503 2221 ut
517 2190 700 2232 Prophetas
722 2189 844 2222 saciant
865 2192 1101 2229 mercenario&

133 2232 187 2273 qui
210 2237 317 2263 tamen
342 2233 372 2262 in
398 2243 458 2263 suo
472 2243 604 2275 genere,
628 2234 722 2264 etiam
736 2235 812 2265 boni
835 2241 988 2275 pastores
1012 2241 1102 2266 recte

131 2281 271 2315 possunt
294 2275 465 2306 nominari.
510 2275 611 2307 Soleo
642 2276 738 2317 igitur
765 2275 860 2307 aliam
892 2275 1102 2308 collationem

130 2317 313 2354 instituere,
337 2328 421 2358 quae
445 2324 495 2349 est
518 2319 807 2356 accommodatior,
829 2325 860 2349 et
882 2319 987 2350 minus
1001 2320 1101 2351 subti-

132 2357 172 2389 lis
196 2368 237 2390 ac
259 2360 374 2390 tenius.
414 2360 499 2396 Quia
523 2361 607 2392 enim
632 2362 839 2393 nominantur
861 2363 891 2392 in
915 2362 980 2392 hoc
1010 2368 1101 2394 textu

130 2401 209 2441 lupi,
226 2403 332 2440 sitres,
357 2404 518 2441 latrones,
554 2404 757 2434 Mercennrii
787 2409 816 2435 et
842 2405 917 2436 boni
934 2409 1102 2445 pastores.-

131 2442 331 2485 generaliter
353 2447 427 2476 dico
451 2446 628 2488 significari
654 2446 873 2484 differentias,
896 2457 956 2479 seu
979 2448 1101 2489 gradus

130 2487 396 2528 gubernatorum.

282 2672 425 2694 unt-ANTE,
441 2675 519 2694 ἢΡΕῚὶ,
536 2676 594 2695 VOl.
614 2677 692 2697 ΧῙΠ.

827 180 1044 214 POS'I'ILLA
1062 179 1457 212 MELANTHONIANA.

2076 184 2139 216 770

1142 276 1234 316 vDe
1275 275 1507 316 differentiis
1545 291 1616 318 seu
1653 280 1844 333 gradibus
1890 282 2138 334 gubernato-

1473 366 1562 393 rum
1594 354 1633 393 in
1670 369 1828 408 genere.

1253 442 1288 473 ln
1312 442 1399 474 ornni
1423 443 1583 484 regimine
1605 442 1705 485 aliqui
1717 446 1957 486 gubernatores
1971 448 2138 490 suntlupi,

1168 485 1266 527 aliqui
1290 486 1495 523 mercenarii,
1519 485 1619 527 aliqui
1644 488 1712 517 veri
1737 494 1899 528 pastores.
1946 490 2013 521 Has
2026 491 2137 532 appel-

1167 528 1307 560 lationes
1338 528 1476 569 primum
1507 529 1540 558 in
1569 539 1692 570 genere
1715 529 1963 563 declarabimus
2011 533 2138 565 Primus

1168 572 1291 615 gradus
1327 572 1583 613 gubernatorum
1620 578 1696 603 sunt
1729 572 1805 614 lupi.
1872 573 1924 605 De
1947 574 2010 606 hoc
2033 578 2138 617 gradu

1167 625 1232 646 non
1256 620 1305 645 est
1329 623 1412 654 opus
1436 612 1537 654 longa
1555 613 1796 651 declaratione3
1821 617 1895 657 quia
1919 618 1995 648 vitia
2009 629 2138 660 semper

1166 662 1244 688 sunt
1266 656 1508 697 conspectiora,
1539 666 1636 697 quain
1671 658 1827 690 virtutes:
1862 666 1906 697 ut,
1930 659 2058 692 sticilius
2082 672 2138 702 po-

1167 706 1232 731 test
1265 698 1415 741 intelligi,
1450 699 1526 739 quid
1561 699 1601 730 sit
1635 701 1793 739 ebrietas,
1827 712 1922 742 quam
1959 704 2136 734 sobrietas:

1165 742 1304 774 Morbus
1327 748 1378 772 est
1401 742 1613 782 conspectior
1635 744 1786 774 sanitate.
1832 745 1877 775 lta
1908 744 2003 776 facile
2027 753 2137 786 potest

1167 785 1326 826 conspici,
1355 785 1410 825 qui
1445 785 1510 815 sint
1543 783 1621 825 lupi,
1655 785 1817 824 videlicet,
1851 789 1990 828 tyranni,
2024 788 2138 830 quales

1166 826 1298 859 suerunt
1330 826 1431 864 Nero,
1465 825 1628 869 Caligula,
1662 828 1824 866 Phalaris,
1860 831 1913 871 qui
1941 831 2139 863 interficiunt

1164 871 1314 901 homines
1347 869 1419 900 sine
1452 879 1555 901 causa
1588 871 1742 910 evidenti,
1778 878 1902 904 tantum
1925 874 2051 912 rabido,
2084 873 2138 905 vel

1165 911 1292 944 furioso
1315 918 1407 943 motu
1429 912 1564 944 incitati.

1250 956 1373 985 Omnes
1396 953 1564 993 historiae,
1588 956 1685 987 etiam
1708 963 1872 995 recentes,
1895 957 2017 989 habent
2031 969 2138 990 exem·

1164 996 1220 1038 pla
1242 997 1354 1028 talium
1378 1003 1602 1038 tyrannorum.
1670 999 1709 1030 Et
1731 1007 1807 1031 sunt
1832 1001 1945 1032 horum
1970 999 2058 1032 sacta
2081 1000 2138 1033 ali-

1165 1050 1241 1081 qua,
1264 1049 1348 1081 quae
1370 1049 1435 1070 non
1460 1047 1612 1080 possunt,
1634 1042 1696 1072 nisi
1719 1043 1900 1083 exquisitae
1917 1042 2059 1075 malitiae
2084 1044 2135 1076 tri-

1166 1083 1232 1120 bui,
1256 1093 1330 1113 cum
1353 1082 1534 1123 singularis
1558 1084 1675 1115 modus
1700 1084 1904 1117 crudelitatis
1932 1087 1964 1116 in
1992 1087 2031 1117 iis
2060 1097 2137 1119 con-

1164 1126 1339 1166 spiciatur3
1362 1125 1448 1155 sicut
1470 1124 1527 1156 fuit
1576 1127 1682 1158 uidam
1706 1134 1864 1169 tyrannus
1889 1128 2059 1167 Heliacus,
2081 1130 2137 1171 qui

1164 1167 1282 1209 legatis
1305 1167 1517 1199 afferentibus
1540 1179 1558 1199 a
1574 1169 1678 1210 iquid,
1703 1171 1791 1211 quod
1816 1181 1881 1202 non
1905 1178 1974 1203 erat
1997 1178 2137 1213 gratum,

1164 1211 1281 1241 solitus
1304 1216 1356 1240 est
1379 1211 1533 1241 excidere
1557 1211 1740 1249 testiculos,
1763 1219 1796 1244 et
1818 1223 1877 1244 eos
1900 1216 2057 1254 praebere
2080 1226 2136 1246 co—

1164 1253 1354 1284 medendos.
1401 1252 1480 1284 ltem
1501 1253 1562 1284 suit
1579 1254 1752 1295 Tyrannus
1770 1257 1806 1287 jn
1828 1256 1959 1293 Rhodo,
1982 1259 2035 1298 qui
2059 1257 2136 1289 soli-

1162 1304 1216 1327 tus
1239 1301 1289 1326 est
1310 1293 1424 1326 ludere
1443 1306 1516 1326 cuin
1540 1297 1609 1328 suis
1632 1299 1745 1336 sociiS‚
1771 1305 1800 1329 et
1824 1300 1948 1340 pacisci
1977 1301 2136 1342 coniuges

1161 1338 1303 1370 alienas:
1327 1339 1367 1368 Si
1387 1348 1445 1379 290
1466 1339 1586 1377 vicero,
1607 1341 1751 1371 adduces
1773 1342 1850 1372 mr'lzz‘
1870 1343 2031 1383 conae'zcyem
2049 1344 2136 1375 illim

1159 1382 1248 1412 civis.
1316 1381 1355 1411 »Si
1373 1390 1470 1421 penes
1494 1385 1524 1412 te
1545 1382 1608 1413 eric
1629 1383 1780 1421 victoria,
1802 1385 1934 1415 dabitur
1965 1386 2024 1416 tibi
2043 1386 2136 1418 huius

1159 1425 1209 1455 vel
1230 1424 1316 1454 illius
1339 1424 1418 1454 civis
1435 1433 1529 1454 uxor.
1555 1423 1588 1454 ln
1611 1425 1733 1457 talibus
1756 1427 1928 1468 exemplis,
1952 1438 2037 1469 quae
2058 1435 2136 1460 sunt

1158 1465 1254 1497 valde
1284 1465 1463 1503 horribilia,
1488 1465 1587 1498 facile
1610 1474 1661 1499 est
1684 1468 1852 1510 cogitare,
1887 1471 1942 1511 qui
1965 1476 1996 1501 et
2019 1470 2134 1512 quales

1157 1509 1223 1540 sint
1242 1513 1355 1548 aperte
1378 1509 1518 1550 tyranni,
1552 1519 1691 1550 quorum
1714 1511 1769 1542 alii
1792 1513 1914 1555 magis,
1947 1512 2001 1544 alii
2026 1515 2133 1546 minus

1156 1551 1248 1583 saevi
1271 1555 1358 1581 sunt.

1245 1593 1351 1624 Hodie
1380 1592 1478 1624 Turci
1507 1601 1585 1627 sunt
1614 1595 1759 1638 Tyranni
1781 1597 1969 1630 manifeste.
2034 1599 2134 1632 Pater

1158 1634 1340 1667 Solimanni
1362 1635 1506 1668 Selimus
1530 1637 1694 1670 interfecit
1716 1645 1841 1680 patrem
1854 1647 1887 1672 et
1906 1640 2025 1672 fratres
2039 1652 2134 1681 suos,

1157 1685 1192 1709 ut
1213 1679 1400 1719 perveniret
1423 1679 1466 1709 ad
1488 1689 1636 1722 regnum.
1660 1681 1790 1713 Recens
1815 1683 2059 1715 lmwrebascha
2081 1691 2133 1716 est

1157 1720 1363 1759 interfectus,
1387 1722 1442 1763 qui
1464 1722 1544 1755 nihil
1568 1722 1643 1755 mali
1661 1723 1797 1763 fecerat,
1820 1726 1852 1756 in
1866 1736 1967 1768 regno
1981 1726 2131 1759 Turcico.

1158 1765 1319 1796 Scribitur
1351 1762 1456 1795 fuisse
1489 1767 1540 1797 vir
1567 1765 1718 1807 placidus
1742 1778 1823 1810 erga
1845 1778 1938 1807 suos,
1966 1775 1997 1800 et
2019 1769 2131 1801 huma-

1158 1816 1220 1838 nus
1243 1812 1276 1838 et
1299 1807 1468 1838 beneficus
1492 1817 1572 1849 erga
1605 1807 1734 1851 legatos
1765 1816 1908 1842 nostros·
1953 1811 2130 1844 Thessalo·

1158 1850 1253 1880 nicae
1276 1849 1423 1880 condidit
1443 1850 1607 1893 hospitale
1629 1852 1995 1893 magnificentissimum.
2063 1855 2130 1887 Sed

1158 1897 1208 1922 est
1219 1893 1374 1923 usitatum
1396 1893 1429 1923 in
1440 1893 1571 1931 Turcia,
1594 1900 1630 1925 ut
1652 1895 1681 1926 si
1704 1897 1776 1937 quis
1799 1896 1976 1929 antecellat
1999 1897 2130 1936 virtute,

1158 1944 1199 1965 ne
1222 1935 1353 1965 nimium
1377 1942 1517 1975 crescat,
1541 1937 1764 1970 interficiatur.
1809 1939 1857 1970 lta
1879 1941 1991 1971 nocuit
2014 1939 2128 1972 milm-

1157 1978 1354 2008 wrebascha
1386 1979 1504 2019 partim
1540 1980 1654 2019 virtus,
1687 1982 1804 2021 partim
1826 1981 1931 2020 favor,
1950 1993 2014 2024 quo
2039 1993 2129 2015 com-

1157 2019 1386 2060 plectebantur
1406 2031 1479 2053 eum
1501 2021 1631 2054 milites,
1677 2024 1816 2058 Quando
1840 2030 1998 2066 tyrannus
2016 2025 2129 2058 Turci-

1157 2073 1217 2094 cus
1241 2072 1403 2103 egressus
1437 2071 1488 2096 est
1517 2065 1558 2096 ad
1591 2065 1759 2108 templum,
1788 2067 1842 2098 vel
1875 2069 1937 2099 alio
1960 2069 2127 2110 equitavit,

1156 2115 1221 2146 quo
1245 2105 1300 2136 ille
1323 2107 1419 2137 etiam
1443 2108 1489 2139 ire
1512 2108 1634 2146 debuit,
1664 2108 1855 2151 plerumque
1883 2110 2127 2143 lmwrebascha

1155 2147 1268 2179 habuit
1290 2151 1444 2181 maiorem
1469 2148 1666 2182 comitatum.
1712 2151 1988 2184 praestantissimi
2007 2155 2126 2195 quique

1156 2191 1257 2222 duces
1281 2197 1313 2222 et
1334 2191 1452 2223 milites
1476 2199 1570 2224 erant
1592 2195 1678 2234 apud
1702 2205 1791 2232 eum,
1826 2205 1890 2226 non
1913 2197 1999 2235 apud
2023 2197 2124 2238 lmpe-

1155 2239 1308 2265 ratorem.
1375 2235 1444 2266 Hac
1469 2237 1581 2277 specie
1603 2236 1749 2268 offensus
1774 2237 1971 2278 imperator,
1994 2240 2126 2270 vocavit

1155 2286 1227 2307 eum
1251 2277 1292 2307 ad
1315 2287 1364 2315 se,
1389 2284 1420 2308 et
1444 2278 1475 2309 in
1499 2278 1651 2310 cubiculo
1675 2280 1769 2309 iussit
1788 2280 1938 2311 interfici.

1243 2320 1416 2351 Secundus
1440 2322 1564 2362 gradus
1587 2327 1638 2352 est
1656 2321 1946 2361 hlercenariorum,
1969 2324 2025 2364 qui
2047 2331 2126 2356 sunt

1154 2361 1282 2402 ignavi:
1306 2363 1382 2393 item
1406 2365 1460 2404 qui
1484 2363 1668 2405 tranquillis
1692 2365 1894 2405 temporibus
1917 2367 2125 2398 mediocriter

1154 2403 1277 2436 faciunt
1309 2404 1465 2443 officium,
1499 2407 1560 2437 sed
1594 2407 1624 2437 in
1656 2405 1809 2447 periculis
1843 2417 1907 2439 non
1931 2415 2007 2440 sunt
2030 2409 2122 2441 firmi.

1153 2445 1241 2477 Talis
1275 2447 1334 2478 suit
1366 2449 1398 2479 in
1434 2449 1570 2489 imperio
1594 2448 1740 2479 Romano
1765 2449 1946 2489 Honorius,
1980 2452 2122 2493 quinon

1153 2488 1212 2520 suit
1235 2490 1362 2530 quidem
1388 2490 1529 2521 crudelis
1554 2497 1584 2521 et
1608 2501 1729 2522 saevus
1753 2493 1783 2522 in
1808 2491 1904 2531 alios,
1934 2495 1995 2525 sed
2017 2494 2122 2526 indul—

1153 2532 1196 2562 sit
1219 2531 1440 2572 voluptatibus
1464 2533 1551 2570 suis,
1583 2539 1613 2564 et
1633 2535 1718 2573 pavit
1744 2545 1819 2565 seso
1844 2536 1873 2565 in
1898 2537 1975 2567 otio.
2042 2538 2122 2569 sum

1153 2574 1286 2605 sederet
1318 2574 1508 2612 Ravennae,
1542 2582 1574 2606 et
1608 2576 1810 2608 nuntiaretur
1838 2578 1866 2608 ei
1890 2585 2018 2620 captam
2045 2590 2122 2612 esse

1152 2615 1308 2653 Romam,
1333 2624 1474 2657 nugatus
1497 2623 1549 2648 est
1570 2618 1601 2648 in
1626 2619 1788 2651 convivio.
1857 2621 1932 2652 Non
1956 2621 2057 2654 doluit
2081 2623 2123 2653 de

1865 2681 1896 2704 49
