2324 2958
75 181 140 215 249

79 279 257 318 conspectu
279 271 452 313 imaginem
472 270 594 311 patriS,
629 269 742 307 amici,
767 270 858 301 socii.
905 269 973 301 Sed
996 279 1055 301 no-

80 327 169 352 strae
190 315 348 357 imagines
373 319 598 351 evanescunt,
628 312 699 343 Nec
723 313 956 344 transiundere
979 314 1055 344 sub-

80 361 228 395 stantiam
257 359 290 389 in
320 367 377 388 eas
408 366 600 398 possumus.
645 355 690 386 At
713 361 868 386 aeternus
891 361 984 396 pater
1008 356 1054 386 in-

81 411 172 438 tuens
181 410 268 439 sese,
278 399 383 442 gignit
394 399 569 441 imaginem
577 398 626 429 sui
636 398 779 429 vivamet
790 397 1053 428 substantialem.

162 444 334 480 Quomodo
358 448 408 474 est
430 440 699 482 intelligendum,
728 441 817 482 quod
842 439 928 471 tilius
952 441 1053 471 nomi-

78 494 172 522 natur
198 485 360 527 sapientia
388 485 514 526 patris?
557 483 612 515 An
635 493 702 515 non
726 490 821 525 pater
844 490 893 514 est
919 483 1053 524 sapiens

79 541 138 564 sua
159 528 342 570 sapientia?

159 571 371 613 Responden-

76 622 126 649 ter
147 625 213 646 non
236 614 357 645 habeat
380 613 576 653 sapientiam
599 612 632 643 in
655 622 693 642 se
716 612 808 652 ipso,
844 613 904 642 sed
928 618 1052 642 tantum

74 659 108 691 in
130 656 208 689 filio.
243 657 345 688 Pater
367 656 502 696 sapiens
526 661 577 686 est
600 665 662 686 sua
674 654 846 695 sapientia,
871 655 978 685 iustus
992 664 1053 684 sua

74 701 205 733 iustitia.
249 699 306 731 Sic
329 697 416 730 filius
448 703 581 737 est-sua
606 697 768 738 sapientia
793 698 937 738 sapiens
982 696 1053 727 Etsi

75 743 160 776 enim
182 742 326 774 essentia
349 747 381 772 et
402 739 623 782 proprietates
647 738 842 772 essentiales
867 746 944 772 sunt
967 750 1055 771 com-

74 795 189 819 munes
208 787 240 817 in
264 784 451 822 divinitate,
478 789 588 814 tamen
610 793 756 824 persona
777 782 843 814 alia
861 789 913 814 est
935 782 1054 823 patris,

74 828 138 861 alia
159 827 228 866 filii,
263 834 294 858 et
318 825 484 868 quaelibet
507 836 654 867 persona
678 833 728 857 est
752 826 937 857 substantia
960 823 1054 856 intel-

73 870 192 914 ligens,
215 870 393 908 individua,
416 868 747 901 incommunicabilis.

159 913 325 945 illustrior
347 918 398 944 est
420 911 600 953 appellatio
618 912 782 953 imaginis,
807 918 839 942 et
861 910 966 943 verbi.
1012 909 1053 941 Et

73 958 183 999 imago
207 955 405 988 correlative
428 965 465 986 se
489 955 589 986 habet
610 955 650 986 ad
675 954 902 996 archetypum.

160 999 299 1040 Semper
321 1004 447 1035 autem,
471 998 602 1039 quoties
625 998 666 1028 de
689 997 876 1028 discrimine
895 996 998 1037 patris
1022 1002 1055 1027 et

73 1041 132 1075 filii
153 1043 289 1078 dicitur,
313 1041 501 1072 addendum
524 1046 587 1077 est,
621 1041 711 1081 quod
735 1038 809 1070 sola
831 1039 916 1070 haec
939 1048 1054 1080 perso-

73 1096 139 1124 na,
174 1095 260 1127 quae
283 1090 332 1115 est
355 1084 455 1123 λόγος,
489 1083 669 1123 assumpsit
693 1082 870 1114 humanam
892 1088 1055 1125 naturam,

75 1128 176 1161 Pater
198 1138 265 1159 non
288 1126 467 1167 assumpsit
489 1125 666 1157 humanam
689 1131 851 1163 naturam,
874 1135 937 1156 nec
956 1125 1054 1166 Spiri-

73 1176 129 1203 tus
152 1177 300 1202 sanctus.
351 1168 404 1200 De
427 1169 526 1200 modo
550 1168 810 1209 assumptionis,
839 1168 871 1198 id
905 1174 976 1205 est,
1012 1168 1053 1198 de

73 1214 196 1246 unione
219 1211 387 1254 personali
411 1212 548 1243 duarum
571 1217 761 1242 naturarum
784 1211 816 1241 in
841 1209 973 1242 Christo
996 1208 1055 1242 ali-

73 1257 107 1289 bi
129 1266 150 1288 a
171 1256 269 1288 nobis
293 1256 416 1286 dictum
439 1261 502 1286 est.

159 1299 300 1338 Spiritus
322 1297 356 1328 S.
387 1303 439 1328 est
458 1297 555 1328 tertia
575 1306 722 1338 persona
746 1296 938 1334 divinitatis,
963 1305 1051 1337 quae

74 1342 225 1384 procedit
255 1352 275 1372 a
307 1346 402 1381 patre
435 1346 468 1371 et
498 1338 586 1376 filio,
620 1345 652 1371 et
675 1340 811 1371 mittitur
833 1340 866 1370 in
889 1339 990 1370 corda
1012 1339 1056 1370 ad

74 1384 335 1417 sanctificandos
357 1382 520 1414 homines·
544 1381 606 1413 Hic
629 1383 808 1423 quaeritur,
826 1382 904 1423 quid
925 1382 1056 1412 intersit

75 1427 161 1458 inter
183 1426 277 1457 nasci
300 1432 332 1456 et
356 1423 558 1465 procedere?
580 1424 633 1455 De
657 1424 723 1455 filio
749 1425 877 1462 dicitur,
898 1425 986 1465 quod
999 1434 1055 1455 na-

77 1475 207 1501 scatur:
237 1467 290 1499 De
303 1468 425 1509 Spiritu
448 1473 577 1505 sancto,
602 1468 690 1508 quod
713 1467 884 1508 procedat.
929 1466 986 1498 Sic
1008 1465 1056 1497 lo-

76 1512 188 1553 quitur
210 1521 277 1542 vox
301 1511 426 1542 divina:
461 1509 531 1549 Eyo
549 1509 644 1539 hodie
662 1512 793 1549 qenuite.
838 1509 930 1548 Item,
953 1509 1055 1538 Filius

75 1555 260 1593 unigenitus.
307 1552 349 1584 Et
371 1553 496 1582 Mittam
529 1553 613 1582 vobis
636 1552 806 1591 Spiritum,
835 1553 889 1592 qni
917 1563 937 1581 α
961 1556 1056 1591 patre

71 1595 233 1636 procedIt.
278 1594 312 1626 Si
349 1595 423 1636 quis
447 1594 600 1635 sophista
629 1593 729 1626 vellet
754 1595 819 1627 hoc
844 1595 1056 1633 conturbare,

74 1637 166 1671 illum
188 1647 256 1669 non
278 1638 478 1669 audiremus.
513 1637 707 1678 Quanquam
732 1644 840 1669 autem
863 1638 1055 1680 magnitudo

75 1680 133 1713 illa
167 1687 200 1712 et
234 1680 444 1722 profunditas
466 1690 575 1710 rerum
599 1690 666 1711 non
698 1679 892 1722 intelligitur
920 1681 962 1711 ab
986 1679 1056 1712 ulla

77 1730 205 1762 natura,
229 1723 293 1754 nisi
305 1723 377 1754 Deo
397 1728 621 1754 monstrante:
645 1729 753 1754 tamen
777 1723 872 1754 Deus
896 1721 967 1754 vult
991 1733 1054 1754 nos

77 1766 166 1799 initia
189 1767 330 1804 discere,
353 1764 424 1797 vult
446 1775 509 1797 nos
532 1775 721 1807 agnoscere
743 1767 870 1808 ipsum,
905 1766 992 1798 sicut
1015 1776 1054 1798 se

76 1808 244 1852 patefecit.
290 1808 370 1840 Vult
393 1809 443 1840 sic
467 1807 630 1840 celebrari
663 1815 695 1840 et
716 1808 876 1840 invocari.
920 1807 963 1839 Et
984 1808 1054 1849 pla-

76 1858 151 1884 cent
164 1852 193 1884 ei
207 1852 239 1883 hi
255 1850 376 1889 cultus,
385 1852 447 1883 etsi
464 1860 519 1882 res
533 1850 610 1882 illas
618 1861 759 1883 arcanas
767 1862 833 1883 non
849 1851 948 1893 plane
960 1852 1054 1884 intel-

75 1894 219 1938 ligimus,
230 1901 266 1927 ut
278 1895 412 1926 dieitur:
426 1893 481 1923 Ex
497 1904 550 1925 ore
563 1896 728 1933 infantiam
743 1896 910 1935 perfecisti
921 1895 1052 1924 laudem.

159 1937 304 1970 Veteres
328 1937 505 1969 discrimen
529 1936 767 1970 vocabulorum
798 1938 848 1970 sic
872 1937 1052 1980 explicant.

74 1980 177 2013 Nasci
200 1988 251 2013 est
274 1992 294 2012 a
317 1987 438 2018 mente,
460 1981 643 2020 procedere
669 1991 689 2012 a
711 1980 892 2013 voluntate.
938 1983 971 2013 In
995 1981 1054 2013 ho-

74 2024 160 2056 mine
193 2031 270 2055 sunt
300 2024 384 2055 duae
406 2023 605 2065 praecipuae
628 2024 804 2064 potentiae,
827 2034 1052 2066 cognoscens,

75 2072 107 2099 et
141 2066 260 2098 volens
295 2076 356 2098 seu
390 2072 561 2107 appetens.
629 2066 742 2106 Mens,
776 2067 830 2099 vel
852 2066 1053 2102 intellectus,

75 2109 130 2141 vel
163 2109 310 2151 potentia
345 2119 558 2140 cognoscens
590 2107 711 2142 format
750 2111 924 2153 imagines.
990 2110 1053 2142 Po-

74 2153 175 2184 tentia
197 2158 358 2195 appetens
389 2135 496 2183 Tnabet
525 2158 646 2193 motus,
668 2152 710 2185 Et
743 2154 842 2185 sedes
875 2153 1054 2185 affectuum

74 2201 128 2227 est
160 2205 230 2227 cor.
264 2196 426 2237 Imagines
459 2201 537 2226 sunt
569 2205 589 2226 a
630 2197 778 2238 potentia
813 2203 1052 2239 cognoscente.

74 2237 187 2270 Motus
227 2244 259 2270 et
305 2238 494 2280 agitationis
540 2248 666 2280 organa
705 2240 852 2281 proxima
902 2246 935 2271 et
976 2250 1052 2280 pro-

73 2281 238 2323 priissima
268 2287 346 2313 sunt
376 2281 511 2323 spiritus
543 2282 598 2322 qui
626 2282 771 2314 existunt
794 2283 939 2314 incorde.
1007 2282 1054 2314 lta

73 2325 214 2366 Spiritus
247 2330 386 2355 sanctus
421 2323 608 2365 procedens
647 2335 667 2356 a
697 2326 845 2366 potentia
877 2332 1054 2367 appetente

74 2376 134 2399 seu
177 2377 198 2399 a
248 2366 419 2399 voluntate
464 2373 515 2398 est
560 2372 678 2406 actor,
730 2374 848 2405 motor,
900 2369 1052 2411 agitator.

75 2409 219 2452 Spiritus
263 2410 297 2441 in
342 2410 438 2441 nobis
471 2415 549 2441 sunt
590 2409 793 2450 flammulae,
839 2421 922 2453 quae
967 2412 1055 2443 cient

74 2462 206 2485 ornnem
238 2459 378 2491 motum,
407 2459 439 2485 et
473 2453 686 2495 agitationem
720 2459 753 2485 et
779 2461 857 2486 sunt
877 2455 944 2485 vita
967 2455 1052 2495 ipsa.

75 2495 131 2527 Sic
177 2495 320 2536 Spiritus
366 2503 503 2527 sanctus
548 2494 717 2527 confertur
761 2495 925 2528 flammae:
966 2498 1053 2529 sicut

75 2538 174 2574 etiam
198 2544 334 2579 apparet
358 2539 472 2580 specie
495 2537 657 2570 flammae.
701 2538 764 2570 Est
785 2539 969 2571 incendium
992 2550 1053 2572 seu

74 2580 206 2613 {lamma
228 2581 361 2616 amoris,
386 2592 451 2623 quo
475 2587 570 2622 pater
592 2579 799 2623 amplectitur
822 2581 936 2621 filium,
960 2589 993 2614 et
1016 2583 1052 2614 fi-

74 2621 139 2656 lius
160 2623 371 2666 amplectitur
391 2629 536 2665 patrem,
572 2630 604 2656 et
633 2635 730 2666 quam
752 2624 882 2656 ssamma
903 2631 998 2667 pater
1021 2632 1053 2657 et

416 569 490 601 Non
514 574 565 600 est
587 568 852 610 imaginandum,
885 569 974 610 quod
996 578 1053 609 pa-

773 175 988 208 PosTlLLA
1011 175 1411 208 MELANTHONIANA.

2017 175 2082 207 250

1106 269 1192 302 filius
1226 268 1470 310 amplectuntur
1503 279 1577 301 nos.
1623 269 1720 305 Quod
1753 269 1906 310 profecto
1941 278 1991 301 est
2026 280 2080 302 res

1105 323 1235 359 magna.
1281 313 1373 343 Deus
1396 313 1536 353 impertit
1562 313 1656 343 nobis
1674 313 1829 353 Spiritum
1853 323 1959 350 suum,
1978 318 2012 344 ut
2035 314 2081 344 di·

1106 357 1205 387 citur:
1229 355 1393 394 EffiA-ndmn
1417 355 1456 384 de
1474 356 1596 394 Spiritu
1621 365 1683 383 meo
1703 366 1795 394 super·
1819 367 1931 385 omnem
1951 366 2080 385 earnem.

1106 398 1205 430 Pater
1228 405 1261 429 et.
1283 397 1370 429 lilius
1394 399 1565 438 spii-autin
1579 403 1738 428 cortuum
1753 399 1907 439 Spiritum
1920 403 2083 437 sanctum,

1106 451 1171 482 quo
1194 447 1227 472 te
1250 441 1312 472 sibi
1336 439 1506 481 copulant,
1532 447 1562 471 et
1588 447 1619 471 te
1642 441 1809 472 vivificant
1832 442 1864 472 in
1888 452 2017 473 omnem
2029 451 2082 472 ae·

1104 485 1301 515 ternitatem.
1347 484 1433 518 Quid
1453 489 1562 524 potest
1581 482 1674 514 Deus
1697 484 1821 514 donare
1844 485 1961 523 maius,
1985 494 2083 525 quam

1104 536 1141 557 se
1165 527 1296 567 ipsum?
1325 525 1418 557 Haec
1440 537 1543 566 saepe
1566 526 1747 568 cogitanda
1769 532 1863 564 =sunt,
1897 533 1931 559 ut
1954 537 2017 558 nos
2040 527 2083 558 ad

1105 569 1335 611 gratitudinem
1354 569 1546 599 excitemus.

1191 612 1336 650 Quaero,
1355 622 1396 642 an
1420 610 1530 643 valeat
1552 611 1636 642 baec
1659 611 1918 653 consequentia?
1941 611 2083 652 Spiritus

1105 660 1244 686 sanctus
1267 660 1407 695 apparet
1430 653 1588 696 peculiari
1611 655 1733 695 specie.
1782 653 1870 695 Ergo
1895 660 1946 685 est
1969 665 2083 696 perso-

1105 708 1148 729 na
1172 698 1329 728 distincta
1352 707 1372 728 a
1394 703 1490 738 patre
1513 702 1545 728 et
1563 696 1657 728 filio?
1691 696 1737 728 lta
1760 696 1860 735 valet,
1885 697 1969 732 Quia
1993 703 2084 729 esset

1106 746 1233 771 tantum
1244 745 1354 770 motus
1379 745 1523 778 creatuS,
1545 749 1613 771 non
1635 746 1811 781 appareret
1834 739 1993 780 peculiari
2012 750 2083 780 spe-

1107 783 1167 815 cie.
1213 783 1249 813 Si
1283 788 1374 813 esset
1407 783 1583 821 accidens,
1616 792 1684 813 non
1719 783 1967 823 conspiceretur
1989 789 2082 814 extra

1106 836 1165 857 cor
1187 825 1284 856 huius
1308 824 1460 864 Domini,
1493 826 1525 856 in
1549 835 1615 867 quo
1639 831 1795 866 tanquam
1818 826 1850 856 in
1873 824 1994 866 templo
2019 836 2080 856 suo

1105 867 1347 909 perfectissime
1370 866 1429 899 fuit
1450 865 1582 899 efficax.
1627 867 1707 899 Item
1731 869 1759 898 si
1783 874 1873 899 esset
1897 869 2086 909 proprietas

1105 912 1138 941 in
1156 918 1262 952 patre,
1285 911 1369 942 sicut
1393 910 1503 941 ludaei
1527 911 1757 953 imaginantur,
1780 917 1811 942 et
1835 913 2086 950 πνευματομαχοὶ,

1105 964 1173 985 non
1197 959 1374 994 appareret
1397 954 1552 985 distincta
1575 954 1687 995 specie
1710 964 1729 984 a
1753 960 1857 994 patre.

1193 996 1277 1028 Cum
1312 996 1404 1027 dico:
1438 996 1505 1025 Ista
1543 996 1680 1026 columba
1705 1000 1749 1025 est
1772 997 1913 1036 Spiritus
1942 1000 2085 1026 sam-tus.-

1107 1049 1194 1081 quae
1217 1044 1270 1070 est
1293 1039 1520 1080 praedicatio!

1195 1080 1406 1121 Respondeo.
1451 1081 1512 1113 Est
1536 1081 1764 1123 Symecdoche,
1787 1082 1821 1113 id
1843 1088 1907 1121 est,
1932 1093 2006 1113 cum
2030 1080 2087 1113 illa

1107 1134 1144 1155 re
1167 1124 1298 1162 visibili,
1321 1134 1406 1166 quae
1431 1123 1605 1156 exhibetur
1628 1124 1754 1162 oculis,
1777 1135 1895 1156 revera
1918 1132 1966 1156 est
1988 1125 2087 1166 Spiri-

1107 1174 1162 1199 tus
1185 1174 1335 1198 sanctuS.
1379 1166 1452 1198 Nec
1475 1168 1594 1199 dicitur
1612 1167 1666 1198 hic
1690 1168 1731 1199 de
1760 1167 1907 1209 generali
1930 1178 2086 1209 praesen-

1107 1210 1164 1248 tia,
1189 1210 1250 1241 sed
1273 1210 1314 1241 de
1337 1208 1494 1250 speciali,
1525 1220 1608 1252 quae
1633 1217 1682 1242 est
1708 1211 1835 1252 gratiae
1858 1217 1889 1242 et
1912 1209 2085 1242 efficaciae

1107 1251 1295 1294 peculiaris-
1341 1253 1399 1284 Sic
1432 1262 1507 1284 eum
1542 1253 1630 1285 dico:
1676 1253 1844 1285 Flammae
1874 1263 1933 1285 seu
1955 1252 2087 1296 linguae

1107 1297 1226 1338 igneae
1249 1301 1450 1336 conspectae
1473 1297 1504 1327 in
1528 1296 1633 1337 prima
1647 1296 1848 1328 Pentecoste
1873 1297 1951 1327 novi
1974 1296 2087 1327 Testa-

1107 1339 1219 1375 menti,
1242 1344 1320 1370 sunt
1337 1339 1477 1379 Spiritus
1501 1340 1619 1377 sancti,
1642 1338 1790 1371 similiter
1813 1345 1865 1371 est
1882 1339 2086 1381 praedicatio

1108 1381 1251 1423 figurata
1272 1392 1332 1423 per
1355 1381 1611 1422 Synecdochen,
1633 1383 1665 1413 id
1688 1388 1756 1421 est,
1788 1393 1862 1414 cum
1885 1382 1936 1413 his
1959 1382 2087 1423 specie-

1132 1435 1185 1462 υς,
1209 1434 1269 1455 seu
1291 1423 1406 1455 formis
1424 1423 1621 1463 visibilibus,
1644 1435 1722 1456 vere
1745 1424 1846 1463 affuit,
1868 1436 1908 1456 ac
1930 1435 2086 1467 praesen-

1110 1472 1173 1498 tem
1197 1477 1235 1498 se
1259 1466 1406 1498 exhibuit
1430 1467 1569 1507 Spiritus
1592 1474 1738 1498 sanctus.

1194 1509 1290 1541 Nunc
1314 1510 1355 1540 de
1374 1520 1446 1548 usu,
1470 1520 1531 1542 seu
1554 1509 1619 1541 fine
1642 1510 1738 1541 huius
1761 1517 1827 1542 tam
1840 1509 1976 1542 illustris
1996 1516 2087 1552 pate-

1108 1550 1263 1583 factionis
1297 1551 1419 1593 aliquid
1443 1552 1602 1584 dicemus.
1649 1553 1800 1594 Vagatur
1822 1553 1905 1585 haec
1927 1554 2087 1595 imagina-

1109 1595 1153 1626 tio
1176 1595 1210 1625 in
1232 1593 1408 1626 multorum
1432 1596 1548 1626 animis
1571 1601 1604 1627 et
1627 1597 1793 1634 sensibus,
1806 1597 1896 1637 quod
1908 1606 2023 1628 omnes
2037 1606 2087 1628 re·

1108 1636 1249 1679 ligiones
1284 1638 1349 1668 sint
1383 1638 1530 1676 eaedem,
1565 1645 1595 1669 et
1630 1644 1757 1670 tantum
1785 1640 1972 1670 nominibus
1997 1638 2087 1670 diffe-

1107 1686 1202 1718 rant,
1237 1685 1272 1711 ut
1306 1681 1438 1722 quidam
1461 1681 1599 1721 scripsit
1617 1687 1694 1712 ante
1716 1680 1837 1712 multos
1866 1691 1974 1713 annes
1998 1682 2087 1714 edito

1107 1722 1193 1755 libro
1216 1722 1387 1754 Lutetiae:
1421 1722 1463 1754 Et
1486 1724 1616 1755 videtur
1640 1724 1725 1755 haec
1747 1725 1857 1766 opinio
1881 1725 2085 1766 sapientibus

1106 1765 1204 1797 valde
1227 1764 1426 1807 plausibiliS.
1471 1765 1685 1798 metuendum
1709 1773 1761 1798 est
1785 1768 1879 1799 etiam
1903 1768 1936 1799 in
1957 1773 2087 1808 postre-

1106 1819 1159 1840 ma
1181 1814 1290 1840 aetate
1312 1809 1436 1847 mundi,
1458 1809 1564 1850 magis
1587 1810 1675 1841 hunc
1698 1820 1845 1842 errorem
1858 1817 2088 1852 grassaturam

1105 1861 1195 1890 esse,
1229 1852 1318 1893 quod
1351 1857 1406 1883 aut
1440 1851 1521 1883 nihil
1544 1853 1610 1884 sint
1633 1852 1822 1895 religioneS,
1851 1859 1908 1885 aut
1933 1853 2085 1885 differant

1106 1900 1232 1926 tantum
1251 1894 1436 1926 vocabulis.
1481 1895 1556 1927 Non
1580 1901 1689 1927 autem
1713 1897 1759 1928 ita
1786 1897 2001 1934 insaniamuS,
2026 1897 2087 1928 sed

1106 1936 1287 1969 clamemus
1309 1939 1352 1969 ad
1374 1937 1503 1976 Deum,
1526 1944 1560 1970 ut
1585 1949 1648 1970 uos
1673 1939 1861 1976 confirmet,
1894 1945 1926 1971 et
1948 1940 2087 1971 retineat

1105 1987 1233 2012 mentes
1255 1987 1392 2012 nostras
1415 1982 1448 2012 in
1472 1991 1553 2013 vera
1576 1982 1756 2023 agnitione,
1781 1987 1813 2013 et
1835 1983 1938 2013 simus
1963 1992 2086 2014 memo-

1106 2034 1160 2055 res
1185 2024 1281 2055 dicti:
1307 2024 1368 2058 Qui
1390 2034 1451 2054 non
1470 2024 1719 2064 honoratfile'um,
1732 2025 1937 2056 nonleonorat
1952 2030 2082 2064 patrem.

1105 2066 1196 2105 Item,
1221 2066 1311 2096 Ilaec
1334 2070 1379 2096 est
1402 2069 1467 2097 vita
1491 2072 1627 2102 aelerna,
1652 2072 1683 2098 ut
1707 2072 1879 2107 uynoscmzt
1903 2072 1932 2097 te
1951 2078 2016 2098 csse
2038 2079 2083 2097 so-

1105 2110 1165 2139 lnm
1189 2120 1287 2139 verum
1300 2110 1411 2148 Deum,
1435 2114 1464 2140 et
1487 2121 1572 2150 quem
1590 2112 1703 2141 misisti
1720 2112 1820 2141 Iesum
1839 2121 1903 2140 esse
1916 2111 2082 2142 Christum.

1106 2152 1171 2184 ista
1190 2160 1223 2185 et
1245 2152 1363 2184 similia
1377 2153 1525 2185 Oracula
1549 2154 1658 2185 divina
1681 2161 1863 2191 tenentum,
1884 2161 1915 2185 et
1938 2154 2083 2185 sciamus

1104 2196 1263 2227 infinitum
1287 2197 1462 2227 discrimen
1487 2207 1563 2228 esse
1585 2198 1669 2228 inter
1691 2207 1802 2229 veram
1826 2196 2011 2228 Ecclesiam
2035 2206 2083 2228 re-

1106 2246 1157 2271 cte
1180 2246 1417 2281 agnoscentem
1441 2238 1567 2278 Deum,
1592 2246 1624 2271 et
1647 2239 1806 2271 Ethnicas
1829 2250 1869 2271 ac
1893 2239 2083 2281 prophanas

1105 2281 1243 2314 aliarum
1267 2289 1434 2313 sectarum
1457 2283 1675 2324 cogitationes
1699 2284 1740 2314 (le
1764 2283 1848 2314 Deo.

1191 2327 1225 2357 In
1257 2325 1372 2367 primis
1402 2331 1509 2357 autem
1535 2325 1768 2357 transferenda
1792 2331 1843 2356 est
1867 2325 2018 2356 doctrina
2041 2325 2083 2356 de

1104 2369 1272 2410 agnitione
1294 2367 1358 2399 Dei
1377 2368 1419 2399 ad
1442 2369 1660 2400 exercendam
1689 2369 1941 2399 invocationem.
1985 2367 2083 2400 Multi

1106 2410 1222 2442 volunt
1245 2411 1361 2449 videri,
1384 2420 1422 2442 se
1445 2412 1591 2443 tribuere
1614 2411 1736 2453 aliquid
1761 2410 1933 2453 religioni,
1956 2416 1989 2442 et
2010 2410 2082 2452 glo·

1105 2455 1232 2485 riantur
1255 2465 1292 2486 se
1315 2455 1474 2485 invocare
1497 2454 1622 2485 Deum:
1655 2454 1713 2485 sed
1738 2464 1803 2485 non
1824 2455 1969 2495 cogitant
1994 2454 2082 2485 serio

1105 2498 1146 2529 (le
1170 2497 1358 2529 discrimine
1380 2498 1600 2528 invocationis
1623 2497 1654 2527 in
1668 2496 1832 2534 Ecclesia,
1856 2503 1889 2528 et
1903 2497 1990 2538 apud
2004 2497 2082 2528 Eth-

1104 2541 1200 2572 nicos
1234 2547 1267 2571 et
1289 2539 1372 2572 alias
1395 2547 1517 2571 sectas.
1563 2539 1635 2570 Vos
1665 2540 1697 2570 in
1721 2540 1913 2581 precatione
1936 2540 2082 2581 quotidie

1105 2584 1261 2625 cogitate,
1294 2582 1544 2614 discernendam
1577 2592 1620 2612 ac
1642 2582 1892 2624 disiungendam
1917 2592 1994 2614 esse
2023 2593 2080 2614 no-

1104 2631 1206 2657 stram
1224 2625 1466 2657 invocationem
1489 2625 1531 2656 ab
1555 2623 1713 2664 Ethnica,
1743 2632 1776 2657 et
1799 2626 1905 2657 sistite
1928 2635 1990 2657 vos
2012 2626 2080 2657 ani-
