2324 2958
162 171 272 204 xxm
789 164 900 197 eum.
923 163 1026 196 MEL.
1054 158 1239 194 semem
1262 154 1524 189 Excoss'rch.
2036 156 2166 190 xm

572 262 715 292 Cum-ant
738 259 838 291 rerba
861 259 944 296 licet,
967 265 1079 287 manus
1097 258 1143 285 est
1166 252 1305 284 velocior
1326 251 1400 282 iltis.

162 342 304 381 pleraque
335 350 372 369 ex
400 350 450 368 ore
481 337 660 367 familiariter
683 336 865 365 disserentis
901 334 1054 372 excipere,
1083 341 1117 359 ac
1141 331 1169 358 in
1193 327 1312 357 chartas
1334 327 1445 357 referre
1467 328 1647 359 studebant:
1678 328 1796 367 fuitque
1825 332 1908 358 tanta
1931 328 2099 368 aliquorum
2123 330 2165 360 in—

163 385 286 413 dustria.
312 388 341 411 ut
367 393 402 411 ne
425 381 560 420 πάρεργα
583 380 702 418 quidem
727 379 1004 418 praetermitterent.
1028 375 1097 412 quin
1122 382 1157 400 ca
1174 380 1296 409 quoque
1308 375 1492 420 annotarent.
1527 370 1643 401 Tantus
1666 374 1736 400 tunc
1760 370 1867 405 servor,
1892 375 2005 402 tantum
2029 372 2162 402 studium

164 431 225 455 erat
250 428 277 454 111
297 424 444 453 audiendo
470 427 662 461 praeceptore
686 423 807 460 optimo.
833 424 862 448 et
887 417 1071 456 excipiendis
1092 414 1211 443 monitis
1235 414 1456 448 sanctissimis,
1480 414 1592 452 quibus
1611 418 1641 443 et
1664 414 1805 443 iudicium
1831 413 1964 446 formari.
1998 418 2029 445 et
2062 416 2164 461 pietas

164 474 252 507 atque
276 467 401 496 eruditio
427 466 527 503 augeri
551 475 645 503 posse
668 464 826 492 videretur.

367 541 442 571 Post
466 543 577 570 obitum
602 541 654 569 viri
678 541 766 572 tanti.
801 540 847 568 cui
871 547 970 576 parem
995 535 1093 563 t'utura
1116 543 1173 562 non
1198 531 1351 563 habebunt
1375 532 1510 568 saecula,
1542 543 1609 563 cum
1633 536 1852 571 gubernatores
1876 533 2042 563 studiorum
2067 533 2163 574 publi—

163 598 261 616 011111111
295 588 321 614 111
347 585 509 614 Academia
534 582 787 619 ‘Vitembergensi
823 580 985 609 iudicarent
1020 580 1139 615 propter
1170 575 1385 604 adolescentes
1408 579 1594 606 externarum
1629 577 1792 606 nationum.
1824 577 2059 606 conservandam
2090 587 2163 607 esse

164 629 410 658 consuetudinem
445 626 598 656 enarrandi
633 624 815 663 Evangelia-a
845 620 1055 651 Dominicaiia:
1091 617 1240 647 Paulus
1275 617 1425 647 Eberus
1449 617 1612 648 Ecclesiae
1636 623 1748 659 pastor.
1774 620 1904 658 vestigia
1926 619 2164 658 praelectionum

163 672 394 710 Philippicarum
423 670 510 707 sequi
536 672 678 701 innatus,
713 667 857 696 interdum
893 661 1102 693 conciunculas
1137 660 1268 699 Philippi
1304 661 1436 699 integras
1470 661 1508 690 de
1531 663 1644 701 scripto
1675 663 1826 692 recitavit:
1850 673 2062 701 nonnunquam
2092 673 2164 692 vero

162 715 220 743 alia
241 713 392 745 addendo,
428 712 487 740 alia
509 711 671 744 demendo,
705 719 778 738 suas
802 707 946 746 quasdam
970 705 1131 735 conciones
1155 702 1281 733 scholae
1305 703 1472 742 proposuit.
1516 703 1629 734 Extant
1651 705 1708 735 hae
1730 704 1840 734 Pauli
1876 705 1990 736 Eberi
2025 707 2164 735 conciun-

162 757 245 786 culae
279 761 347 795 post
381 760 503 783 mortem
537 755 623 782 eius.
670 753 727 781 etsi
763 762 819 780 non
854 759 958 787 magno
993 758 1060 777 cum
1091 747 1202 776 iudicio
1238 746 1405 778 collectae.
1453 750 1484 776 et
1520 747 1621 778 editae
1654 759 1673 777 a
1706 747 1850 778 loanne
1886 748 2064 778 Uellario
2089 748 2162 779 Bu-

163 800 332 829 diss-ino:
357 807 433 836 quae
453 801 549 827 tamen
574 795 620 824 vel
645 799 764 833 propter
788 793 862 822 hanc
881 791 976 821 solam
1001 790 1184 830 opinionem,
1209 789 1289 828 quod
1314 788 1517 828 Philippicum
1540 788 1657 829 aliquid
1692 793 1866 825 retinerent,
1909 792 1995 821 avide
2019 802 2037 821 a
2059 791 2164 822 multis

161 847 294 881 arreptae
318 844 396 869 sunt.

367 916 440 945 Post
462 915 591 944 Eherum
612 915 654 942 vir
677 913 863 941 clarissimus
887 910 925 940 D.
949 909 1097 949 Caspar
1131 908 1322 947 Cruciger
1356 909 1587 949 explicationem
1618 909 1852 950 Evangeliorum
1877 911 2111 942 Dominicalium
2135 913 2163 942 in

162 972 196 989 sa·
216 961 336 998 recepit,
361 964 390 987 et
414 963 444 987 ut
469 958 619 986 auditores
644 956 807 995 repetendi.
833 964 910 992 quae
929 954 1117 987 docerentur,
1142 953 1334 982 occasionem
1358 952 1513 987 haberent,
1538 962 1596 982 non
1620 953 1671 982 diu
1695 958 1765 983 ante
1790 954 2022 995 dissipationem
2046 955 2163 985 Acade-

162 1004 238 1031 miae
258 1007 358 1041 (quam
382 1002 464 1029 saevi
501 1000 619 1038 quidam
650 999 824 1038 hypocritae
859 1000 1012 1036 praetextu
1036 996 1229 1025 certaminum
1259 996 1297 1025 de
1320 1006 1452 1035 persona
1475 995 1603 1031 Christi,
1639 1001 1669 1025 et
1689 995 1795 1026 Coena
1816 997 1939 1027 Domini
1960 998 2048 1028 Anno
2070 1001 2164 1028 1574,

161 1046 253 1074 moliti
273 1050 355 1082 sunt)
380 1043 517 1073 dictando
540 1043 695 1082 proposuit
720 1040 852 1072 Scholae.
876 1039 1028 1074 homilias,
1052 1040 1081 1068 in
1105 1038 1215 1078 quibus
1239 1049 1296 1068 suo
1321 1039 1451 1078 quodam
1482 1038 1610 1068 consilio
1637 1049 1774 1069 summas
1799 1040 2031 1079 explicationum
2050 1040 2164 1081 Philip-

162 1090 289 1127 picarum
314 1088 359 1116 sic
378 1086 564 1118 contexebat,
590 1084 732 1114 interdum
757 1083 890 1113 oratione
914 1083 1069 1117 continua,
1098 1092 1194 1121 saepe
1218 1083 1307 1111 etiam
1335 1083 1567 1121 quaestionibus
1602 1081 1763 1115 adhibitis.
1794 1087 1827 1113 ut
1857 1083 2022 1113 doctrinam
2050 1083 2165 1114 Melan-

161 1131 367 1160 .-h1honianan1
388 1130 514 1158 retinere
540 1128 687 1157 studeret:
708 1126 879 1156 methodum
900 1130 999 1154 autern
1024 1129 1054 1154 et
1076 1135 1172 1164 genus
1196 1125 1341 1154 orationis
1365 1124 1445 1154 aliud
1469 1125 1541 1155 stilo
1565 1136 1622 1155 suo
1645 1127 1764 1166 proprio
1787 1126 1958 1157 adhiberet.

365 1223 430 1254 Sed
454 1223 542 1252 huius
568 1222 678 1251 laboris
697 1222 744 1249 sui
770 1221 931 1250 editionem
959 1220 1107 1258 impetrari
1137 1228 1155 1247 a
1173 1229 1209 1247 se
1232 1218 1381 1249 hactenus
1411 1229 1523 1259 passus
1544 1231 1602 1249 non
1626 1225 1692 1255 est;
1728 1220 1776 1250 vel
1805 1220 1979 1250 molestiam
2011 1221 2167 1251 retexendi

163 1270 236 1296 inter
255 1276 411 1295 aerumnas
435 1265 514 1294 exilii
538 1264 730 1303 multiplices.
755 1263 801 1292 vel
826 1264 998 1292 varietatem
1019 1262 1287 1301 diversitatemque
1316 1262 1494 1292 iudiciorum
1518 1264 1650 1299 veritus;
1682 1264 1730 1293 vel
1754 1265 1855 1300 etiam,
1873 1264 1944 1303 quia
1968 1263 2168 1294 satisfecisse

160 1321 217 1339 suo
242 1310 351 1338 muneri
372 1319 407 1337 se
431 1308 621 1341 existimavit,
646 1307 727 1346 quod
750 1307 817 1335 viva
850 1316 925 1335 voce
960 1305 1012 1335 illa
1045 1305 1233 1335 auditoribus
1267 1306 1336 1334 suis
1371 1305 1442 1335 olim
1477 1307 1702 1345 proposuisset,
1739 1317 1865 1345 quorum
1900 1307 2014 1337 multos
2048 1308 2169 1337 sciebat

161 1353 258 1381 adhuc
281 1362 446 1382 assi-nare.
475 1361 551 1389 quae
575 1351 684 1380 dictata
706 1350 742 1379 ah
767 1351 833 1388 ipso
853 1354 968 1377 essen-¹.
1015 1348 1103 1384 Quae
1127 1348 1199 1377 mihi
1233 1352 1333 1377 tamen
1357 1359 1499 1383 caussae,
1531 1350 1613 1388 quod
1647 1361 1722 1389 pace
1746 1349 1831 1379 illius
1855 1350 1990 1383 dixerim.
2027 1361 2096 1380 cum
2127 1350 2168 1380 ad

161 1395 362 1424 excusandum
394 1405 450 1423 nen
486 1394 640 1422 videantur
672 1394 747 1421 satis
783 1393 909 1421 idoneae
933 1392 1045 1427 (Nemo
1066 1392 1144 1420 enim
1174 1391 1325 1420 lucernam
1361 1402 1520 1420 accensam
1556 1394 1639 1431 ponit
1670 1394 1780 1422 subtus
1805 1393 1953 1429 modium,
1987 1393 2044 1423 sed
2074 1403 2169 1433 supra

161 1448 292 1467 mensam
318 1437 456 1465 collocat.
482 1441 513 1465 ut
536 1436 634 1465 luceat
646 1437 794 1466 omnibus.
815 1436 864 1474 qui
890 1436 918 1464 in
938 1435 1027 1464 domo
1047 1437 1130 1472 sunt)
1154 1435 1314 1463 etiamnum
1329 1445 1396 1463 meo
1416 1439 1445 1463 et
1458 1434 1619 1464 Ecclesiae
1640 1437 1759 1464 nomine
1778 1445 1847 1464 eum
1865 1445 1949 1473 rogo,
1973 1441 2005 1465 ut
2019 1435 2167 1475 collegam

160 1485 190 1509 et
212 1481 337 1509 amicum
362 1485 510 1509 veterem,
544 1479 680 1517 adeoque
704 1483 824 1517 propter
845 1478 996 1517 publicam
1020 1477 1181 1507 utilitatem
1205 1477 1351 1508 obtestor,
1387 1481 1419 1506 ut
1437 1477 1490 1506 illa
1509 1482 1660 1516 tamquam
1683 1481 1799 1518 ἐρείπια
1823 1478 1954 1509 scholae
1984 1478 2167 1509 Witember-

160 1525 263 1561 gensis
289 1523 397 1550 ieteris
419 1524 444 1550 111
466 1521 615 1560 publicum
640 1522 780 1560 proferat,
804 1523 829 1550 si
851 1532 908 1550 non
933 1520 1131 1560 Philippi,
1155 1519 1263 1549 saltem
1288 1530 1346 1549 suo
1371 1521 1555 1559 praescripto
1579 1522 1708 1550 nomine.

363 1607 632 1638 Conciuncularum
655 1611 753 1637 autem
777 1618 794 1637 a
817 1606 954 1646 Philippo
984 1608 1052 1646 ipso
1076 1605 1242 1636 habitarum
1265 1607 1439 1635 memoriam
1464 1616 1531 1635 cum
1566 1606 1775 1636 recordatione
1798 1607 1982 1635 suavissima
2006 1616 2167 1636 conserva·

160 1656 223 1681 runt
247 1651 331 1680 multi
355 1661 392 1680 ex
415 1651 616 1684 auditoribus,
641 1661 765 1689 quorum
799 1650 892 1689 aliqui
915 1650 953 1679 ad
983 1660 1121 1680 summos
1157 1650 1185 1678 in
1209 1649 1381 1689 Republica
1414 1648 1546 1679 honores
1581 1653 1690 1688 postea
1723 1649 1821 1680 erecti
1840 1653 1930 1683 sunt,
1962 1650 2012 1689 qui
2044 1649 2166 1688 quidem

159 1694 352 1723 vehementer
371 1698 505 1733 optarunt
529 1694 642 1723 illarum
666 1693 809 1732 reliquiae
832 1698 984 1732 tamquam
1007 1693 1172 1733 fragmenta
1210 1693 1249 1722 de
1283 1693 1369 1722 uberi
1404 1701 1510 1722 mensa
1532 1693 1684 1731 cadentia,
1709 1703 1747 1721 ne
1769 1692 1859 1731 plane
1884 1693 2027 1731 perirent.
2053 1693 2166 1732 colligi.

160 1743 249 1776 atque
269 1739 296 1766 in
321 1736 470 1776 publicum
497 1737 554 1766 edi.

364 1831 475 1861 Horum
501 1842 536 1861 ex
560 1841 682 1860 numero
706 1831 761 1859 fuit
783 1831 826 1859 vir
850 1831 987 1865 eximius,
1013 1829 1124 1860 Doctor
1159 1830 1333 1860 Andreas
1369 1829 1477 1860 Pauli
1501 1828 1758 1864 Iurisconsultus,
1795 1831 1844 1869 qui
1870 1830 1990 1860 duobus
2014 1829 2168 1861 Saxoniae

163 1873 368 1907 Elec-toribus.
404 1874 544 1913 Augusto
564 1879 593 1903 et
618 1873 806 1905 (hristiano.
841 1874 908 1912 piae
931 1875 1102 1907 memoriae,
1137 1877 1260 1913 propter
1282 1874 1470 1913 prudentiam
1495 1878 1525 1902 et
1549 1873 1637 1902 fidem
1663 1873 1772 1903 charus
1797 1873 1866 1904 suit:
1898 1873 1999 1913 Saepe
2023 1874 2113 1904 etiam
2137 1874 2166 1904 in

161 1917 363 1953 legationibus
397 1917 434 1946 ad
458 1917 562 1956 Reges
587 1921 616 1945 et
640 1916 795 1956 Principes
816 1921 956 1956 potentes
979 1917 1096 1946 missus
1121 1919 1183 1946 est:
1217 1917 1267 1946 ubi
1291 1917 1402 1946 sirmmi
1426 1917 1489 1951 viri,
1526 1917 1594 1945 eius
1630 1917 1832 1955 integritatem
1857 1920 1887 1946 et
1912 1918 1940 1946 111
1965 1918 2044 1947 11111111
2064 1917 2166 1947 officio

161 1960 345 1996 diligentiam
370 1960 457 1989 valde
481 1960 656 1999 probarunt:
687 1970 742 1988 nos
765 1960 852 1989 etiam
878 1960 1074 1989 eruditionem
1098 1964 1129 1990 et
1153 1961 1305 1999 pietatem,
1340 1964 1370 1989 et
1395 1970 1496 1989 curam
1529 1958 1692 1989 Ecclesiae
1726 1960 1874 1989 iuvandae
1908 1970 1979 1989 vere
2014 1959 2165 1990 celebrare

160 2013 334 2041 possumus.
381 2002 447 2035 Hic,
467 2008 498 2032 ut
522 2003 642 2042 puhlice
661 2003 818 2031 docentem
843 2002 1106 2032 Melanchthonem
1141 2003 1244 2032 multis
1267 2004 1354 2032 antiis
1383 2003 1549 2036 audiverat,
1585 2010 1615 2033 et
1640 2003 1809 2033 domestico
1834 2004 1902 2033 eius
1927 2014 1996 2033 tom
2007 2004 2066 2033 ictu
2090 2013 2166 2033 usus

160 2045 266 2075 suerat2
299 2048 343 2074 sic
367 2049 465 2075 aetate
488 2050 578 2085 atque
614 2046 723 2075 iudicio
747 2047 803 2075 iam
824 2047 1029 2078 confirmatus.
1065 2046 1137 2075 nihil
1162 2047 1258 2085 magis
1282 2047 1310 2076 111
1342 2047 1420 2076 votis
1456 2045 1597 2079 habehat,
1628 2057 1716 2085 quam
1747 2051 1778 2075 ut
1802 2057 1848 2079 ea,
1873 2056 1951 2085 quae
1981 2046 2165 2076 adolescens

162 2090 287 2117 maxima
311 2099 375 2117 cum
396 2089 547 2128 voluptate
567 2099 603 2118 ex
627 2088 678 2118 illo
703 2089 855 2119 didicerat.
878 2100 933 2117 sua
957 2094 986 2118 et
1007 2089 1131 2119 aliorum
1156 2099 1268 2118 caussa
1291 2089 1413 2130 publice
1435 2093 1578 2119 extarent.

366 2182 470 2221 ltaque
494 2193 545 2222 per
569 2184 682 2211 amicos
706 2193 723 2211 a
747 2193 793 2212 1110
813 2184 1004 2215 contendere.
1029 2194 1095 2212 eum
1121 2188 1151 2213 ut
1174 2183 1307 2213 laborem
1332 2185 1361 2213 in
1385 2193 1491 2213 manus
1515 2193 1676 2215 sumerem.
1701 2194 1790 2222 quem
1815 2184 1945 2212 nominis
1966 2190 1995 2213 et
2014 2183 2166 2213 doctrinae

161 2224 464 2255 Melanrhthonianae
488 2227 724 2254 :tonantissimum
750 2237 821 2253 esse
846 2228 979 2263 ignorare
1003 2237 1060 2256 non
1084 2232 1201 2266 poterat
1224 2237 1262 2256 ex
1297 2227 1562 2266 qualibuscunque
1597 2228 1719 2266 scriptis
1744 2237 1761 2255 a
1784 2237 1831 2256 me
1856 2227 1957 2259 editis.
1987 2237 2023 2256 ac
2045 2227 2166 2267 potissi-

161 2279 239 2297 mum
260 2278 295 2297 ex
321 2269 623 2297 Oinoa-tionibus
658 2273 692 2297 et
729 2268 1078 2307 Responsiooihus
1114 2270 1371 2308 theologicis.
1407 2281 1483 2310 quas
1516 2269 1824 2309 Philippicorum
1856 2274 2165 2309 argumentorum

161 2312 247 2348 titulo
272 2312 299 2339 io
324 2322 410 2340 usum
437 2313 598 2341 inventutis
623 2311 834 2340 Scholastica(-
864 2313 891 2340 111
926 2312 1078 2351 publicum
1113 2315 1211 2345 emisi.
1246 2314 1285 2343 de
1309 2314 1421 2353 quihus
1446 2314 1513 2353 ipse
1543 2313 1705 2352 aliquando
1725 2313 1762 2342 ad
1788 2324 1835 2342 1110
1858 2311 1995 2352 scripsit:
2032 2311 2166 2342 111111οΜ0

160 2364 196 2382 ee
217 2355 378 2383 doctrinam
401 2354 616 2386 Ecclesiarum.
641 2365 717 2393 quae
743 2354 798 2383 Dei
824 2355 969 2384 beneficio
1002 2357 1137 2385 restituta
1161 2361 1246 2386 esset
1281 2357 1309 2386 in
1334 2356 1496 2386 Germania
1520 2367 1573 2396 per
1597 2367 1722 2395 magnos
1747 2356 1818 2386 illos
1849 2356 1969 2388 heroas.
2005 2355 2166 2385 Dominum

162 2395 326 2427 Luthomm
351 2402 380 2427 et
405 2396 575 2437 Philippum
601 2397 873 2429 Melanchtbonem.
910 2400 948 2427 ita
973 2399 1000 2427 in
1025 2400 1138 2438 scripto
1161 2400 1212 2429 illo
1248 2405 1487 2439 argumentorum
1513 2399 1749 2439 Philippicorum
1779 2400 1936 2439 repetitam
1959 2403 2052 2438 atque
2075 2398 2167 2438 expli-

161 2444 256 2469 catam
282 2451 364 2471 ease.
389 2445 420 2469 nt
444 2451 518 2479 spes
542 2442 582 2469 sit
607 2440 688 2469 illam
714 2451 748 2469 011
773 2442 838 2479 ipsa
862 2442 974 2470 ratione
1008 2442 1136 2471 feliciter
1159 2443 1194 2472 nd
1220 2444 1427 2483 posteritatem
1451 2445 1623 2483 propagari:
1648 2448 1737 2483 atque
1761 2444 1851 2473 etiem
1875 2443 1947 2472 rixis
1971 2442 2167 2473 fanaticorum

160 2488 188 2512 et
209 2484 378 2522 opinionum
406 2494 545 2513 novarum
570 2485 747 2512 commentis
773 2489 950 2522 corruptam.
980 2489 1008 2513 et
1033 2488 1234 2517 obscuratam.
1265 2487 1421 2516 instaurari
1446 2487 1515 2516 inde
1541 2497 1643 2526 posse.
1691 2487 1738 2516 De
1762 2497 1822 2525 quo
1846 2485 1971 2515 aliorum
1996 2496 2071 2515 sane
2095 2485 2166 2514 iudi-

160 2527 237 2555 cium
263 2532 340 2559 ento.
373 2527 422 2565 qui
447 2526 581 2555 0111110110
605 2531 694 2565 atque
729 2537 899 2566 comparare
933 2527 1066 2557 lahorem
1102 2529 1185 2558 illum
1222 2529 1324 2560 volent
1358 2541 1425 2560 eum
1457 2541 1558 2560 norma
1581 2529 1755 2570 Scripturae
1789 2530 1921 2560 Sacrae.
1956 2534 1987 2559 et
2021 2532 2167 2568 perpetuo

161 2579 315 2599 consen-n
338 2573 563 2608 ropurnnmmm
587 2570 740 2599 doctrinae
764 2569 931 2606 Evnnsgelii.
953 2572 1032 2609 quod
1057 2572 1094 2600 ad
1117 2572 1344 2604 fundamentum
1379 2573 1449 2603 fidei
1473 2573 1669 2603 orthodoxae
1693 2574 1808 2603 attinet.
1845 2573 1927 2611 quod
1951 2571 2080 2602 fideliter
2102 2570 2166 2600 11111-

161 2617 255 2641 strare
280 2624 326 2641 me
351 2613 510 2642 studuisse
530 2614 641 2651 optima
664 2614 849 2642 conscientia
874 2613 997 2642 affirmo.
