2324 2958
11 179 73 215 881

17 273 172 308 minibuS‚
207 269 302 312 quia,
336 270 396 300 etsi
419 268 521 301 habet
544 277 605 301 sua
627 268 741 309 signa,
776 273 886 299 tamen
922 267 986 298 ista

18 320 266 351 contemnuntur
288 322 308 343 a
325 313 458 344 mundo.

99 355 292 397 Cogitemus
321 355 419 396 igitur
441 353 549 386 Deum
578 352 717 384 mirabili
748 352 892 383 bonitate
916 361 985 382 ser-

18 409 94 436 vare
105 397 288 430 Ecclesiam
310 399 342 428 in
361 398 493 435 mundo,
516 403 548 427 et
566 397 747 427 instaurare
762 395 984 431 ministerium,

19 449 52 478 et
70 447 220 484 potenter
243 449 454 471 conservare.
512 439 612 481 ldque
634 438 782 469 mirando
807 438 922 474 modo,
953 442 985 467 ct

17 482 193 520 admirabili
217 481 369 517 consilio,
392 483 476 514 sicut
499 482 618 523 inquit:
648 483 715 520 Eyo
735 481 811 520 feci,
834 490 890 518 eqo
908 489 986 520 por·

16 529 86 563 mbo
107 530 139 559 et
161 527 297 564 salvabo,
320 527 416 557 etiam
449 528 652 556 senescentes
681 533 734 554 ros
760 524 900 561 ,ces-tabo.
951 521 986 551 ld

14 568 187 604 manifeste
221 569 407 608 experimur
441 567 592 598 omnibus
625 566 837 607 temporibus.
897 563 985 595 Talis

14 618 66 646 est
87 613 172 643 enim
195 610 317 642 malitia
340 610 469 647 mundi,
491 610 556 640 und
585 619 651 640 non
675 614 789 649 posset
813 614 902 638 stare
927 607 986 637 hc-

13 653 126 693 elesia,
149 654 211 685 nisi
233 664 252 684 a
271 653 345 684 Deo
373 658 574 683 servaretur.
624 651 676 683 Ac
704 651 784 682 fiunt
814 651 845 681 in
874 648 987 681 Eccle-

14 698 64 730 sia
86 707 217 737 semper
240 695 368 733 similia,
392 695 517 726 etiamsi
547 696 580 725 in
603 695 726 736 specie,
750 692 859 735 aliqua
883 693 988 723 diver—

13 741 96 772 sitas
119 745 180 771 est.

101 783 303 813 Servabatur
325 779 478 811 Ecclesia
511 785 606 810 stans
642 780 727 810 inter
756 788 861 820 aquas
890 777 988 808 maris
1014 801 1015 808 ,

17 826 119 858 rubri.
144 825 205 856 Hic
228 830 335 855 status
348 833 412 854 non
436 823 593 860 estidem‚
617 822 757 853 caeteris
776 821 989 862 temporibuS‚

14 868 103 910 quod
126 868 167 899 ad
191 873 343 898 externas
363 866 628 898 circumstantias
652 866 776 895 attinet.
827 864 894 895 Sed
923 872 989 893 non

13 911 122 943 minus
145 908 336 941 miraculum
360 915 422 945 est‚
447 909 534 949 quod
565 909 649 939 inter
671 906 733 937 alia
753 905 910 948 pericula,
941 912 989 935 ta-

14 963 89 986 men
114 959 330 984 conservatur
343 950 512 988 Ecclesia,
546 951 607 981 etsi
632 960 697 980 non
722 959 853 990 semper
872 948 989 979 eodem

13 997 124 1028 modo.

100 1037 310 1080 Thucydides
340 1037 441 1077 inquit
472 1037 512 1067 de
536 1036 697 1072 historiis,
733 1035 821 1076 quod
855 1033 990 1064 historia

14 1082 58 1113 sit
67 1083 235 1122 scriptum,
243 1079 296 1111 vel
306 1080 411 1110 oratio
434 1090 500 1110 non
515 1084 637 1109 tantum
652 1078 833 1118 composita
842 1077 883 1107 ad
900 1086 990 1116 prae·

17 1130 144 1156 sentem
157 1134 308 1165 agonem,
321 1123 379 1153 sed
396 1121 572 1153 thesaurus
586 1121 626 1151 ad
640 1121 811 1162 sequentia
830 1126 989 1159 tempora.
1015 1127 1018 1154 2

16 1168 156 1208 Semper
179 1167 263 1197 enim
286 1165 403 1196 similia
426 1166 517 1201 liunt.
541 1165 666 1194 etiamsi
690 1173 854 1204 personae
878 1168 910 1192 et
935 1171 990 1192 ex-

16 1217 111 1242 terna
139 1210 268 1250 species
303 1209 345 1239 sit
375 1208 517 1238 diversa.
573 1207 643 1237 Nos
668 1216 781 1238 sumus
812 1206 844 1236 in
876 1205 990 1235 iisdem

16 1252 186 1296 periculis,
209 1253 241 1282 in
265 1251 384 1292 quibus
408 1249 484 1281 olim
514 1248 573 1280 fuit
595 1247 766 1286 Ecclesia,
802 1258 863 1279 nec
892 1247 992 1278 habe-

16 1306 90 1328 mus
115 1294 340 1326 defensionem
363 1293 551 1324 humanam:
579 1298 610 1323 et
634 1298 740 1322 tamen
764 1291 858 1322 Deus
882 1296 992 1321 servat
1017 1294 1019 1308 ³

17 1337 221 1375 Ecclesiam,
256 1344 288 1368 et
310 1344 471 1378 propagat
497 1335 680 1366 doctrinam
703 1344 764 1365 sua
790 1334 934 1364 bonitate
960 1340 990 1363 et

18 1380 254 1413 misericordia.

107 1423 179 1454 Hoc
202 1422 298 1453 debet
322 1430 397 1452 esse
420 1419 554 1451 infixum
576 1420 706 1457 animis,
739 1425 773 1450 ut
803 1425 993 1449 avertamus

22 1465 140 1498 oculos
163 1476 183 1496 a
204 1464 378 1505 praesidiis
401 1463 563 1499 humanis,
597 1472 617 1493 a
639 1461 767 1503 Regum
792 1460 845 1492 vel
869 1460 993 1491 Princi-

18 1520 95 1551 pum
118 1508 334 1549 protectione,
357 1512 412 1537 aut
436 1503 674 1536 benevolentia.
698 1505 764 1535 lmo
788 1505 896 1541 etiam,
920 1514 993 1535 cum

21 1557 98 1583 sunt
121 1551 197 1582 boni
221 1549 320 1590 aliqui
345 1549 526 1589 Principe-5,
562 1548 616 1589 qui
646 1553 762 1589 tegunt
795 1545 993 1584 Ecclesiam,

19 1599 129 1625 tamen
153 1602 217 1623 non
242 1592 380 1622 fidamus
404 1591 598 1632 protectioni
623 1595 822 1631 potestatum
847 1600 906 1620 seu
929 1600 994 1620 ma-

21 1637 235 1679 gistratuum,
259 1634 318 1665 sed
344 1633 483 1664 fidamus
506 1634 703 1673 protectioni
726 1633 871 1664 divinae:
905 1638 994 1673 peta-

19 1689 105 1717 mus,
127 1684 163 1709 ut
184 1676 279 1709 Deus
303 1677 463 1717 gubernet
487 1675 686 1707 Ecclesiam.

105 1721 181 1752 Non
214 1727 265 1751 est
298 1718 375 1750 selix
409 1719 528 1750 fiducia
556 1718 794 1759 praesidiorum
817 1718 995 1748 mundano-

0 1774 106 1801 oeum,
140 1774 224 1805 quae
259 1761 356 1794 facile
390 1762 523 1793 abducit
553 1760 702 1792 homines
726 1761 767 1792 ad
791 1759 996 1800 corruptelas

0 1818 1 1851 ᾗ
23 1807 204 1843 doctrinae,
229 1816 314 1846 quae
338 1805 507 1836 attrabunt
529 1814 667 1845 poenas,
691 1810 724 1835 ut
749 1804 881 1845 quando
911 1803 997 1835 Pou-

0 1853 1 1860 *
20 1849 127 1881 tiflces
152 1849 273 1880 ludaici
298 1848 507 1879 inflectebant
529 1857 567 1878 se
589 1847 630 1877 ad
644 1856 742 1888 reges
759 1847 898 1883 vicium,
922 1854 997 1877 ante

22 1899 55 1924 et
87 1898 163 1933 post
197 1892 419 1931 captivitatem
453 1889 705 1932 Babylonicam,
738 1890 781 1920 ibi
805 1896 914 1920 actum
938 1889 1023 1920 suit=

23 1935 64 1966 de
86 1935 195 1977 quiete
218 1935 313 1965 istius
336 1931 448 1975 populi
472 1939 503 1963 et
519 1932 700 1964 Ecclesiae.
746 1931 885 1967 Quoties
904 1943 998 1964 acce-

23 1977 146 2010 debant
179 1977 221 2008 ad
255 1975 349 2007 aulas
385 1976 530 2017 Regum,
570 1976 749 2007 intererant
783 1974 998 2015 spectat-ulis,

23 2031 109 2061 quae
132 2020 253 2051 fiebant
276 2020 307 2050 in
333 2020 491 2050 bonorem
515 2018 613 2056 lovis,
643 2017 809 2055 Herculis,
846 2017 997 2050 Veneris.
1024 2036 1025 2047 η

23 2062 146 2102 Postea
179 2064 210 2093 in
246 2063 384 2104 gratiam
409 2067 576 2103 potentum
599 2062 801 2092 admiserunt
825 2060 942 2092 similia
967 2062 999 2092 in
1024 2055 1025 2082 l

22 2104 145 2148 populo
180 2104 254 2137 Dei.

22 2158 162 2190 poenae.

321 2104 412 2136 Haec
447 2102 533 2135 mala
565 2109 702 2135 secutae
735 2110 811 2135 sunt
846 2105 999 2147 ingentes

347 2313 409 2352 De
441 2313 560 2352 tertio
591 2312 688 2352 loco.

112 2446 234 2478 Tertio.
263 2446 417 2487 Sequitur
439 2446 471 2476 in
495 2443 653 2486 parabola
676 2445 852 2486 descriptio
876 2455 1000 2484 comm,

0 2487 1 2494 ¹
27 2490 83 2532 qui
106 2490 269 2520 sustinent
303 2487 437 2519 labores
471 2488 655 2519 ministerii:
688 2489 752 2519 Nos
784 2491 1001 2528 sustinuimus,

26 2531 187 2574 inquiunt,
220 2541 301 2563 onus
334 2533 399 2562 diei
420 2536 453 2562 et
472 2535 605 2562 aestum.
671 2529 763 2561 Haec
790 2537 842 2562 est
863 2529 1002 2572 pulchra

28 2573 209 2616 descriptio
232 2573 495 2616 gubernationi&
518 2579 652 2614 portare
676 2583 778 2612 onus,
811 2579 843 2604 et
877 2579 1003 2605 aestum

29 2617 95 2649 diei
115 2617 214 2649 terre.
260 2616 294 2648 ln
319 2617 558 2659 gubernatione
581 2622 657 2648 sunt
678 2616 764 2648 haec
786 2617 850 2648 duo
881 2617 1003 2648 incom-

4 2666 7 2678 Α

0 2683 7 2735 t

0 2742 8 2780 ‘Q

693 172 910 205 POSTlLLA
932 169 1328 204 MELANTHONJANA.

1946 166 2010 199 382

1010 272 1012 290 Ι
1037 265 1150 297 moda:
1172 274 1271 296 unum
1295 269 1347 295 est
1369 261 1476 298 labor,
1500 260 1636 293 alterum
1660 267 1711 292 est
1733 261 1882 292 anxietas
1901 261 2011 291 animi.

1037 308 1164 339 Aestus
1189 305 1335 348 duplicat
1357 304 1506 336 laborem
1529 314 1589 334 seu
1612 303 1795 335 molestiam
1819 304 1940 334 oneris.
1976 303 2011 334 ld

1038 361 1151 382 verum
1176 356 1227 381 est
1250 350 1281 380 in
1305 348 1554 390 quibuscunque
1576 346 1746 378 laboribus
1766 347 1863 377 etiam
1887 356 2012 383 eorum,

1038 394 1091 435 qui
1111 403 1208 424 manu
1231 391 1394 423 laborant.
1439 390 1495 420 Sic
1518 390 1549 419 in
1580 390 1818 430 gubernatione
1842 395 1893 419 est
1916 398 2011 427 onus,

1037 437 1068 467 id
1094 442 1156 473 cst,
1179 434 1274 465 labor
1297 444 1357 465 seu
1381 432 1552 473 occupatio
1578 433 1723 469 assidua,
1757 442 1854 472 quam
1878 432 2013 472 requirit

1039 478 1244 521 gubernatio.
1289 476 1419 507 Deinde
1443 480 1554 505 aestus
1580 480 1630 504 est
1653 473 1709 504 illa
1732 475 1879 505 anxietas
1903 474 2013 512 animi,

1039 531 1123 563 quae
1146 521 1249 551 oritur
1261 530 1301 550 ex
1325 516 1833 558 considerationepericulorum,
1853 517 2014 554 odiorum,

1040 563 1286 600 calumniarum,
1311 572 1394 603 quae
1424 559 1612 591 mirabiliter
1640 560 1830 590 excruciant
1861 560 2013 590 animum.

1125 606 1244 647 Cogita
1273 605 1314 636 dc
1343 603 1582 645 gubernatione
1606 602 1840 633 Oeconomica.
1908 601 2014 632 Mater

1039 651 1071 680 in
1095 650 1291 680 educatione
1326 647 1467 678 sustinet
1501 655 1641 685 magnos
1675 644 1822 682 labores,
1856 643 1923 681 alit,
1960 655 2014 686 ge-

1040 699 1117 729 stat,
1142 693 1275 722 mundat
1294 689 1485 721 infantulos.
1554 688 1620 719 Sed
1644 687 1773 719 accedit
1796 688 1936 718 subinde
1959 697 2014 717 an-

1014 743 1015 746 ’
1042 736 1148 776 gustia
1172 735 1287 771 animi,
1317 739 1349 764 et
1373 742 1452 763 cura
1475 741 1516 762 ex
1539 737 1625 762 metu
1649 728 1879 771 periculorum.
1948 729 2013 760 Sed

1013 751 1016 800 l
1042 776 1228 809 difficiliora
1251 781 1338 813 sunt,
1361 785 1445 816 quae
1469 774 1622 805 accidunt
1640 774 1671 804 in
1696 773 1935 814 gubernatione
1957 782 2016 812 po-

1041 820 1142 858 litica,
1166 826 1196 850 et
1219 818 1469 855 Ecclesiastica,
1492 818 1546 848 ubi
1569 815 1643 858 plus
1667 822 1719 847 est
1742 816 2016 846 obtrectationum

1042 870 1075 894 et.
1097 863 1296 894 insidiarum.

1128 904 1211 936 Cum
1236 905 1429 944 contingunt
1453 912 1553 933 casus
1577 902 1722 938 adversi,
1751 902 1927 941 praebetur
1961 909 2016 931 oc·

1043 949 1134 979 casio
1154 947 1360 979 obtrectandi
1383 945 1672 987 gubernatoribus.
1738 943 1778 974 Et
1807 954 1921 974 verum
1944 948 2016 974 est:

1043 992 1151 1031 Saepe
1170 997 1219 1021 est
1243 989 1351 1031 aliqua
1364 987 1462 1029 culpa
1482 989 1750 1029 gubernatorum,
1775 986 1833 1017 sed
1856 986 2018 1016 interdum

1044 1035 1140 1065 etiam
1172 1039 1309 1074 propter
1341 1036 1480 1072 peccata
1513 1029 1638 1071 populi,
1663 1030 1841 1071 puniuntur
1863 1029 1926 1070 ipsi
1949 1028 2018 1059 Do-

1043 1077 1130 1108 mini.

1130 1117 1225 1149 Multi
1249 1118 1490 1160 gubernatores
1514 1116 1652 1146 miscent
1675 1125 1754 1145 suas
1769 1114 1962 1154 cupiditates
1986 1119 2018 1144 et

1044 1161 1194 1199 affectus,
1207 1168 1237 1191 et
1251 1159 1417 1191 attrahunt
1437 1160 1500 1190 sibi
1519 1164 1550 1189 et
1569 1158 1709 1189 subditis·
1728 1167 1867 1198 poenas,
1893 1156 2019 1187 etiamsi

1044 1210 1235 1245 praetexant
1260 1201 1333 1233 alia.
1379 1202 1445 1233 Sed
1469 1212 1587 1243 magna
1612 1207 1661 1232 est
1686 1210 1786 1240 saepe
1809 1200 1963 1231 iniustitia
1988 1204 2020 1230 et

1044 1248 1197 1289 iniquitas
1220 1247 1426 1283 iudiciorum,
1451 1255 1536 1286 quae
1559 1251 1634 1275 sunt
1657 1242 1810 1280 ferenda,
1843 1244 1939 1274 etiam
1965 1243 2020 1273 bo-

1017 1313 1019 1327 4
1046 1291 1096 1321 nis
1122 1290 1414 1332 gubernatoribus.
1676 1319 1684 1325 ‚

1018 1352 1020 1381 >
1132 1333 1228 1373 Apud
1252 1330 1426 1374 Virgilium
1450 1328 1535 1361 libro
1558 1330 1675 1371 primo,
1695 1330 1814 1360 dicitur
1834 1329 1874 1359 de
1890 1328 2021 1359 Aenea:

1133 1402 1171 1432 At
1190 1404 1265 1440 pius
1288 1401 1412 1432 Aeneas
1431 1409 1494 1439 per
1516 1403 1637 1429 noctem
1653 1400 1793 1438 plurima
1818 1399 1950 1428 volvens.

1454 1458 1495 1489 Et
1507 1457 1564 1489 lib.
1587 1457 1618 1489 S.

1122 1521 1273 1559 Duraque
1295 1520 1394 1550 multa
1416 1528 1474 1550 suo
1497 1521 1586 1549 tristi
1606 1527 1676 1549 cum
1698 1517 1795 1548 corde
1817 1517 1951 1547 dolebat.

1131 1587 1203 1629 Ego
1219 1587 1283 1618 vidi
1307 1597 1403 1617 manu
1414 1586 1521 1617 Ducis
1540 1586 1718 1616 Friederici
1732 1585 1890 1625 scriptum
1904 1584 2023 1615 Latine

1046 1631 1133 1663 hunc
1156 1641 1289 1662 versum
1314 1630 1455 1669 Homeri,
1478 1629 1696 1670 undecunque
1716 1634 1906 1668 acceperat:
1930 1628 2023 1658 Prin-

1047 1685 1121 1715 ceps
1144 1684 1206 1705 mm
1229 1675 1372 1704 dormiat
1392 1677 1489 1704 lotam
1512 1675 1649 1710 noctem,
1679 1674 1729 1702 cui
1757 1671 1920 1702 exercilus
1944 1673 2026 1702 tanti

1047 1717 1261 1750 commendati
1281 1720 1363 1747 sunt.
1408 1715 1470 1746 Est
1492 1724 1610 1745 versus
1636 1713 1768 1744 Homeri
1792 1714 1824 1743 in
1852 1713 1882 1743 2.
1907 1711 1999 1744 Iliad.

1152 1784 1198 1815 Ου’
1219 1784 1277 1825 χρή
1301 1784 1461 1823 παννύχιον
1484 1781 1581 1813 εὕδειν
1602 1782 1788 1822 βουληφόρον
1811 1781 1918 1822 ἄνδρα.

1135 1845 1202 1875 lmo
1226 1854 1268 1875 ne
1291 1843 1421 1885 quidem
1445 1843 1619 1873 admittunt
1643 1851 1742 1873 curae
1766 1851 1926 1872 somnum.
1947 1841 2024 1872 ldeo

1049 1898 1150 1929 saepe
1174 1888 1308 1918 miratus
1333 1896 1416 1924 sum,
1439 1886 1605 1927 quomodo
1630 1884 1761 1915 Hernici
1795 1883 1840 1914 illi
1867 1884 1925 1915 viri
1949 1894 2024 1925 pos-

1049 1932 1115 1962 sint
1147 1940 1382 1971 nonnunquam
1411 1929 1565 1965 dormire,
1600 1928 1795 1968 praesertim
1817 1928 1848 1958 in
1873 1927 2024 1958 adversis

1051 1975 1196 2006 casibus.

1136 2016 1209 2047 Non
1244 2021 1396 2056 putemus
1431 2015 1512 2045 satis
1546 2013 1611 2044 hoc
1635 2022 1730 2052 esse,
1764 2020 1799 2044 ut
1824 2013 2026 2054 gubernator

1024 2098 1026 2101 .
1050 2061 1183 2097 vestitu,
1198 2059 1284 2095 cibo,
1308 2064 1400 2099 potu,
1424 2057 1591 2099 dignitate,
1614 2063 1749 2097 praeeat
1772 2054 1857 2093 alim,
1881 2055 1940 2086 sed
1961 2053 2025 2086 hoc

1024 2118 1027 2142 3
1050 2109 1113 2140 cst,
1141 2112 1217 2134 esse
1242 2102 1510 2143 gubematorem‚
1543 2100 1705 2130 sustinere
1729 2108 1813 2130 onus
1843 2104 1874 2129 et
1899 2105 2025 2129 aestum

1024 2158 1026 2189 '3
1051 2146 1124 2177 diei.
1192 2144 1226 2175 Si
1251 2144 1304 2185 qui
1328 2153 1407 2174 vere
1429 2149 1507 2174 sunt
1531 2143 1786 2184 gubernatores,
1815 2142 1950 2172 istorum
1975 2147 2026 2172 est

1050 2189 1249 2231 praecipuus
1272 2185 1377 2217 labor.
1424 2186 1517 2217 Sicut
1535 2184 1724 2216 Alexander
1746 2185 1864 2225 inquit:
1887 2185 2030 2215 Prodeat

1051 2232 1167 2272 aliquis
1189 2235 1343 2263 vestrum,
1374 2230 1429 2269 qui
1449 2230 1568 2260 audeat
1587 2229 1696 2260 dt'cere
1717 2238 1752 2259 se
1775 2231 1895 2257 tantum
1918 2227 2027 2258 oneris

1050 2274 1253 2311 sustinuisse,
1275 2282 1369 2313 qnam
1391 2282 1456 2312 eqo.
1531 2273 1586 2303 l'os
1610 2271 1763 2311 [ι-ιιῐηιίιιι·
1783 2270 1934 2307 victoriis,
1955 2279 2027 2301 mea

1023 2339 1027 2355 .
1051 2328 1130 2349 cura
1148 2318 1264 2357 parcis.

1139 2359 1206 2391 Sed
1229 2358 1381 2390 Christus
1404 2359 1436 2389 in
1462 2356 1620 2399 parabola
1644 2355 1776 2396 respicit
1798 2355 1839 2385 ad
1863 2355 2027 2396 guberna·

1052 2409 1142 2434 tores
1167 2402 1353 2433 ordinarios
1376 2402 1408 2432 in
1432 2402 1495 2432 isto
1520 2398 1653 2441 populo.
1701 2397 1740 2428 Hi
1763 2396 1914 2435 fremunt,
1939 2397 2026 2439 quod

1053 2444 1186 2478 tulerint
1209 2455 1293 2476 onus
1313 2450 1346 2476 et
1363 2450 1490 2476 aestum
1521 2443 1593 2480 diei,
1628 2441 1659 2472 id
1683 2446 1745 2477 est,
1769 2440 1962 2481 pontifices,
1995 2445 2027 2471 et

1054 2488 1260 2525 sacerdotes,
1295 2494 1326 2519 et
1359 2488 1500 2518 maiores
1529 2486 1675 2526 ipsorum
1700 2482 1843 2515 tulerunt
1866 2484 2026 2514 maximos

1054 2531 1189 2563 labores
1211 2541 1231 2561 a
1250 2530 1451 2571 temporibus
1471 2528 1642 2565 Abrabae,
1675 2536 1781 2567 usque
1810 2526 1851 2557 ad
1881 2526 2026 2557 vocatio-

1054 2584 1128 2606 nem
1148 2573 1292 2615 gentium
1311 2582 1370 2614 per
1391 2569 1592 2613 Apostolos:
1624 2567 1679 2601 vel
1708 2574 1798 2601 certe
1823 2569 1898 2600 inde
1922 2577 2027 2610 usque

1055 2627 1076 2649 a
1099 2616 1206 2648 Moise
1236 2616 1278 2647 ad
1301 2614 1468 2647 Christum
1489 2613 1584 2644 annis
1610 2612 1693 2644 1500
1714 2610 1795 2644 tere.
1817 2611 1923 2643 Tanto
1947 2616 2027 2642 tem·
