2324 2958
175 223 238 257 733

174 319 262 356 dem,
286 326 352 349 non
375 316 506 348 abiiciat
527 326 612 354 eam,
635 315 830 347 corroborat
843 325 902 347 cor
917 316 999 354 eius,
1022 322 1057 347 ut
1080 326 1146 348 non

174 362 336 392 irascatur
358 359 449 397 Deo,
483 369 550 390 non
573 358 629 389 fiat
652 356 865 399 blasphemus
889 365 1004 389 contra
1028 358 1147 397 Deum,

175 404 262 443 sicut
284 400 383 440 Saul,
412 402 467 443 qui
490 411 556 432 non
579 401 679 432 habet
701 399 873 432 consilium
896 407 930 432 et
950 403 1148 433 corrobora—

174 446 306 476 tionem.
988 456 991 458 ·

260 485 436 518 Discamus
470 496 533 517 nos
568 495 699 527 quoque
727 491 842 526 petere
871 484 936 516 hoc
959 485 1147 523 consilium,

173 535 207 560 et
229 529 534 560 corroborationem
557 529 588 559 in
612 529 735 559 nostris
757 528 934 559 aerumnis.
979 527 1145 559 Psalm.3.

173 572 308 602 dicitur:
331 571 432 602 Multi
453 572 561 602 dicunt
584 572 709 602 (ιηίηιαε
730 581 827 608 meae,
851 580 914 601 non
936 575 984 602 est
1006 572 1037 602 ei
1056 572 1146 602 salus

172 614 206 644 ὐι
228 613 309 644 Deo.
377 613 482 649 Quam
505 614 606 645 tristis
630 612 763 655 querela
786 620 837 644 est
860 613 938 644 ista!
974 619 1007 644 et
1035 620 1144 644 tamen

172 657 290 698 inquit:
314 666 376 687 non
399 656 554 697 deficiam.
578 655 654 693 Vel,
676 657 760 687 sicut
773 655 858 687 Hiob
871 656 990 697 inquit:
1009 656 1147 687 Etiamsi

173 709 220 730 me
241 699 396 731 occiderit
416 699 587 737 Dominus,
616 703 721 730 tamen
743 699 882 738 sperabo
904 700 935 729 in
959 709 1005 729 eo.
1072 698 1143 730 Hoc

171 751 254 783 ergo
279 748 330 772 est
353 741 538 780 consilium,
561 742 602 772 de
624 751 689 782 quo
712 740 766 772 hic
789 742 915 772 dicitur.

259 784 367 815 Etiam
393 788 484 815 nocte
506 785 732 824 inm-eptimam
754 794 801 814 me
822 794 915 815 renes
936 784 1005 814 mei.
1035 783 1144 825 Saepe

171 833 349 867 usurpatur
361 826 443 858 haec
456 828 561 868 tigura
578 825 748 867 loquendi:
770 827 923 867 probasti
938 836 1031 857 renes
1048 836 1143 864 meos,

169 876 204 900 et
226 868 290 900 hoc
313 868 401 907 loco,
427 869 530 900 Renes
551 870 613 899 mei
632 873 828 910 punyuntur.
874 869 948 900 Non
972 868 1143 910 intelligite

171 918 296 944 tantum
314 911 388 943 illas
411 911 496 943 duas
519 921 652 949 carnes,
675 921 758 953 quas
777 922 935 943 vocamus
957 921 1060 947 renes,
1084 911 1143 942 sed

170 953 343 996 intelligite
367 955 474 986 omnia
492 955 663 986 interiora:
688 955 748 985 sed
771 955 843 985 ideo
867 955 1011 985 nominat
1034 963 1142 991 renes,

171 995 225 1028 vel
259 996 400 1035 lumbos,
434 998 566 1039 quando
600 996 653 1028 hic
687 997 762 1028 dicit
787 997 828 1028 de
856 996 1027 1028 doloribus
1057 997 1141 1026 suis:

169 1040 246 1081 quia
268 1040 312 1071 ibi
335 1041 521 1072 sentiuntur
543 1039 688 1078 dolores,
712 1041 765 1081 qui
788 1046 963 1080 propterea
983 1045 1144 1070 vocantur

168 1082 410 1124 hypochomlm'i.
476 1086 556 1114 Sunt
577 1084 685 1123 magni
709 1081 855 1120 dolore&
878 1083 996 1123 quibus
1018 1080 1143 1113 lacera-

173 1132 225 1156 tur
248 1123 305 1156 illa
327 1132 395 1157 tota
419 1126 510 1167 regio
534 1126 866 1167 hypoclioudriorum.

258 1168 398 1202 Quando
428 1179 486 1199 cor
509 1175 561 1200 est
590 1168 741 1199 affectum
764 1166 926 1204 molestia,
950 1172 1028 1198 tunc
1050 1172 1143 1197 natu—

170 1209 232 1241 rali
255 1211 369 1242 ordine
393 1211 496 1242 cietur
517 1217 589 1242 atra
612 1209 686 1241 bilis
709 1211 741 1240 in
754 1209 879 1251 splene,
903 1214 935 1240 et
954 1209 1141 1240 effunditur.

169 1252 248 1283 {nde
273 1254 442 1284 turbantur
464 1254 612 1284 actiones
634 1252 801 1283 naturales
832 1253 864 1283 in
897 1252 1013 1283 vicinis
1043 1252 1141 1292 parti-

169 1295 250 1330 bus;
272 1295 360 1335 quod
384 1305 498 1326 omnes
521 1300 651 1332 norunt,
675 1296 728 1336 qui
759 1294 936 1336 aliquando
966 1300 1143 1326 senserunt

168 1338 363 1368 moestitiam
387 1337 486 1379 paulo
509 1339 675 1369 maiorem-
720 1338 828 1379 Aliqui
848 1338 1021 1375 mirantur,
1056 1337 1142 1368 unde

167 1380 234 1410 sint
255 1378 303 1411 illi
326 1379 460 1411 dolores
484 1381 515 1411 in
540 1381 674 1411 sinistra
697 1381 777 1411 sede
800 1380 1056 1421 hypochondrii:
1081 1381 1142 1411 sed

167 1423 196 1452 si
219 1429 270 1453 est
293 1433 411 1464 magna
429 1423 600 1461 moestitia,
623 1423 890 1454 circumfunditur
901 1422 1019 1454 humor
1040 1423 1073 1453 in
1097 1424 1142 1454 vi-

168 1465 261 1496 cinas
294 1471 423 1506 partes:
459 1471 585 1497 meatus
609 1466 803 1502 obstruitur,
831 1466 886 1507 qui
910 1471 960 1496 est
983 1465 1023 1495 ad
1049 1475 1139 1505 epar,

167 1506 222 1538 vel
245 1508 286 1538 ab
307 1514 402 1547 epate
430 1508 473 1539 ad
506 1507 667 1549 splenem,
689 1508 864 1548 impeditur
886 1507 1029 1550 egestio,
1064 1509 1140 1539 item

167 1550 276 1582 coctio
300 1551 415 1591 epatis,
440 1557 471 1582 et
494 1551 625 1581 tandem
649 1551 748 1581 horno
771 1551 981 1582 extinvuitur.

254 1591 333 1624 lllos
367 1603 506 1634 magnos
544 1593 680 1625 dolores
714 1592 767 1624 hic
791 1575 958 1635 intefiigit,
991 1598 1023 1624 et
1045 1592 1140 1625 simul

166 1633 397 1676 complectitur
419 1637 574 1667 interiora
591 1637 711 1673 omnia,
736 1636 768 1666 id
792 1643 854 1673 est,
877 1646 946 1673 cor,
978 1642 1010 1666 et
1033 1637 1140 1667 omnia
1164 1646 1166 1673 ς

166 1687 251 1719 quae
274 1684 449 1708 moventur
471 1684 561 1709 motu
592 1678 719 1709 cordis:
743 1679 828 1710 sicut
855 1677 1140 1720 hypochondn'um
1164 1685 1166 1715 ἓ

164 1726 327 1758 movetur,
349 1721 381 1751 in
405 1731 470 1762 qua
491 1727 584 1761 parte
606 1721 764 1752 sentimus
789 1720 936 1752 dolorem
950 1723 1138 1762 praecipue.
1164 1738 1166 1743 ν

252 1762 352 1794 Addit
375 1769 494 1802 autent,
518 1768 616 1795 nocte.
644 1764 677 1794 ln
701 1762 756 1794 illa
779 1764 959 1795 tentatione
980 1774 1041 1795 seu
1064 1775 1140 1804 pas-

167 1805 276 1842 sione,
310 1816 370 1846 per
402 1813 532 1838 noctem
565 1807 773 1848 castigarunt
807 1817 857 1837 mc
881 1817 977 1837 renes
1001 1808 1082 1838 mei:
1107 1808 1139 1838 id
1164 1818 1165 1823 ¹

167 1854 229 1886 est,
263 1849 352 1879 sensi
377 1849 526 1889 ingentes
550 1848 696 1886 dolores,
730 1848 818 1880 illam
842 1849 1139 1923 infirnlijtatemssia-
1163 1848 1165 1873 1

951 1898 1039 1923 otum
1098 1903 1139 1924 oc
1164 1900 1165 1930 ἦ

165 1887 259 1922 turae
282 1889 454 1928 humanae,
476 1897 511 1922 ut
533 1902 617 1933 pene
640 1893 854 1933 extingueret.

166 1931 402 1973 complectitur
425 1934 626 1965 brevissime.

253 1976 377 2007 Verum
401 1977 432 2007 in
456 1975 519 2007 illis
543 1977 670 2018 magnis
693 1976 876 2011 doloribus,
899 1977 1015 2018 inquit,
1039 1977 1142 2009 Posui

164 2018 335 2050 Dominum
357 2020 389 2049 in
413 2023 582 2059 conspectu
603 2029 670 2050 meo
698 2030 835 2060 semper:
869 2026 976 2051 tamen
1011 2021 1137 2052 interea

166 2062 282 2103 inquit,
316 2061 470 2093 invocavi
494 2069 542 2093 te:
577 2063 693 2093 retinui
721 2063 950 2094 assensionem
974 2070 1004 2094 et
1028 2063 1136 2095 fidem.

163 2104 352 2145 Loquamur
373 2105 488 2136 iterum
512 2105 552 2136 de
574 2105 686 2136 nobis:
719 2104 829 2136 David
858 2107 890 2136 in
914 2106 984 2137 suis
1007 2107 1136 2148 magnis

162 2148 328 2179 aerumnis
349 2147 492 2179 intuetur
514 2147 633 2186 Deum,
666 2149 781 2179 retinet
804 2147 914 2186 fidem,
937 2154 968 2180 et
998 2149 1040 2180 ita
1064 2159 1136 2180 sus-

164 2195 317 2221 tentatur.

250 2231 371 2265 Postea
394 2233 471 2264 dicit
494 2233 534 2264 de
557 2231 762 2264 liberatione:
792 2238 929 2274 propter
950 2234 1009 2265 hoc
1030 2235 1133 2266 laeta-

164 2279 227 2306 tum
250 2279 297 2306 est
320 2285 377 2307 cor
398 2286 514 2314 meum,
542 2275 631 2307 sensi
655 2274 912 2308 consolationem
936 2283 967 2307 et
989 2277 1132 2309 vivitica-

163 2318 293 2349 tionem.
338 2318 476 2350 Laetitia
505 2319 615 2349 cordis
645 2325 697 2349 est
720 2318 802 2355 vita3
829 2320 989 2351 moestitia
1012 2327 1064 2351 est
1086 2320 1131 2351 la-

163 2360 321 2399 nesactio,
355 2372 420 2402 qua
443 2361 541 2393 homo
560 2361 715 2402 paulatim
739 2362 949 2393 consumitur.
1016 2363 1130 2394 Omnis

162 2403 261 2434 homo
285 2404 444 2445 tantisper
467 2405 556 2442 vivit,
580 2405 654 2435 (lum
679 2403 778 2435 habet
804 2403 947 2446 aliquam
958 2403 1131 2443 laetitian13

162 2447 294 2487 quando
317 2447 478 2478 moestitia
502 2448 652 2488 opprimit
676 2457 746 2485 cor,
779 2453 831 2478 est
853 2447 959 2478 aditus
982 2449 1023 2478 ad
1046 2459 1131 2479 mor-

163 2495 242 2520 tem.
297 2489 470 2521 Laetatnm
493 2494 540 2521 est
562 2500 620 2521 cor
644 2494 753 2528 meum]
777 2490 808 2521 id
832 2496 895 2527 est,
924 2489 1131 2530 vivificatum,

160 2535 192 2562 et
213 2532 335 2563 ezultat
354 2533 464 2573 =qloria
486 2543 568 2564 mea:
593 2534 624 2564 id
648 2538 711 2571 est,
733 2542 796 2574 ego
819 2531 925 2563 laetor
936 2541 1072 2575 propter
1094 2534 1131 2566 il·-

160 2572 224 2604 lam
246 2573 484 2647 gherationeni,
508 2582 539 2607 et
560 2575 672 2618 lingua
695 2585 767 2607 mea
791 2573 925 2606 celebro
948 2575 1013 2607 hoc
1041 2583 1130 2609 tuum

161 2616 244 2648 bene
270 2617 365 2648 cium.

246 2658 381 2700 Insuper
403 2664 432 2691 et
456 2670 536 2692 caro
559 2671 626 2693 mea
649 2661 829 2701 requiescat
853 2660 885 2691 in
907 2664 987 2701 spe]
1040 2661 1130 2695 Haec

868 221 1084 256 POSTILLA
1106 222 1503 255 MELANTHONIANA.

2108 226 2169 257 734

1199 316 1331 358 proprie
1353 316 1395 347 ad
1417 315 1562 347 Messiae
1585 327 1760 358 personam
1784 319 1956 359 pertinent,
1990 325 2104 359 postea
2127 320 2169 351 ad

1200 359 1360 401 reliquam
1383 358 1579 397 Ecclesiam,
1603 360 1661 390 sed
1686 367 1818 401 propter
1841 361 1957 402 ipsum.
1988 362 2065 393 Μρα
2089 372 2170 394 caro

1199 403 1392 443 requiescet:
1419 401 1504 433 Dicit
1527 403 1657 442 proprie
1681 404 1721 433 de
1746 410 1860 434 natura
1885 403 2041 442 humana,
2076 406 2168 437 cuius

1199 446 1321 476 mentio
1343 442 1470 475 inclusa
1493 451 1544 475 est
1567 443 1631 474 illis
1655 445 1763 475 dictis:
1787 447 1896 477 Semen
1927 448 2069 478 mulieris
2097 457 2168 479 con-

1198 492 1278 519 teret
1312 491 1410 527 capnt
1442 488 1624 525 serpientis5
1657 489 1693 518 In
1726 490 1840 519 semiue
1874 493 1926 520 tuo
1949 490 2170 521 benedicentur

1200 540 1304 561 omnes
1323 534 1441 570 yentes.
1491 530 1675 570 Requiescet
1699 531 1729 560 in
1752 534 1832 571 spa]
1856 532 1887 561 id
1911 539 1971 570 est,
1996 543 2073 564 caro
2096 543 2170 564 mea

1198 574 1384 604 reviviscet.
1447 572 1588 613 Oportet
1612 571 1692 603 illud
1715 583 1827 603 semen
1853 575 1975 612 vivere,
2001 577 2170 616 superabit

1197 626 1278 658 ergo
1302 620 1449 646 mortem.

1282 657 1358 689 Non
1380 658 1535 697 relinquet
1553 657 1688 688 animam
1707 668 1800 688 meam
1824 659 1856 688 in
1885 658 2036 699 inferna]
2080 660 2168 691 Nihil

1200 700 1272 732 volo
1298 710 1430 731 movere
1464 700 1734 741 disputationum:
1764 699 1906 731 Dolores
1930 701 2047 733 inferni
2071 704 2169 745 signi-

1196 743 1293 774 ficant
1317 741 1391 774 illos
1413 743 1565 783 ingentes
1590 748 1621 774 et.
1632 742 1807 774 horribiles
1827 743 1973 783 dolores,
1995 746 2026 776 in
2050 747 2169 787 quibus

1196 793 1246 817 est
1270 795 1390 817 sensus
1415 786 1521 816 iudicii
1546 785 1624 821 Dei;
1656 786 1742 816 sicut
1764 785 1841 817 alibi
1866 787 1998 818 dicitur:
2028 788 2169 820 Dolores

1195 827 1317 868 inferni
1337 829 1612 859 cu'rmtmdederuut
1634 838 1688 858 me.
1713 828 1787 859 Non
1811 827 1975 870 relinques
1998 839 2079 872 ergo
2103 831 2169 862 ani-

1195 882 1280 902 mam
1303 881 1406 902 meam
1430 871 1461 901 in
1486 870 1550 901 illis
1579 869 1760 902 doloribus.
1806 871 1876 902 Nec
1903 873 1998 904 dabis
2026 878 2169 904 sanctum

1196 918 1279 944 tuum
1300 914 1412 945 ridere
1433 914 1693 954 corruptionem-J
1718 913 1779 945 Hic
1803 915 1891 946 clare
1916 916 1993 946 dicit
2016 914 2170 955 futumm,

1195 963 1229 987 ut
1252 955 1397 988 Messiae
1420 966 1541 998 corpus
1564 966 1630 987 non
1654 955 1867 995 dissolvatur,
1891 964 1927 989 ut
1949 957 2013 989 alia
2028 969 2170 999 corpora

1196 998 1431 1031 dissolvuntur.
1500 998 1577 1030 Eius
1600 1009 1725 1040 corpus
1749 999 1968 1031 vivificabitur
1991 1002 2113 1040 statim,
2137 1008 2169 1033 et

1195 1052 1271 1072 mox
1291 1048 1453 1084 resurget.

1282 1084 1402 1115 Natam
1435 1084 1511 1115 me'hi
1531 1082 1644 1124 fecisti
1668 1086 1807 1116 semitam
1835 1086 1945 1124 vitae]
2012 1085 2078 1118 lam
2101 1089 2171 1130 agit

1195 1128 1338 1168 gratias,
1374 1127 1463 1168 quod
1486 1127 1514 1158 ei
1539 1138 1603 1158 non
1627 1126 1734 1159 solum
1757 1129 1909 1160 restituta
1928 1129 1970 1160 sit
1993 1129 2077 1168 vita,
2110 1131 2170 1161 sed

1195 1170 1283 1210 quod
1312 1170 1376 1200 ista
1398 1170 1464 1200 vita
1486 1171 1528 1200 sit
1549 1170 1658 1201 sutura
1680 1176 1816 1202 aeterna
1851 1170 1983 1203 laetitia.
2049 1172 2170 1204 Nolam

1195 1212 1270 1242 ηιιἸιί
1291 1210 1381 1251 facis
1411 1213 1550 1243 semitam
1572 1213 1678 1243 vitae:
1712 1214 1861 1244 ostendis
1894 1223 1926 1245 et
1955 1215 2067 1245 reddis
2091 1215 2168 1247 mihi

1194 1255 1316 1294 vitam,
1349 1259 1379 1286 et
1412 1256 1525 1286 reddis
1558 1255 1635 1287 mihi
1654 1256 1882 1288 abundantiam
1906 1258 2061 1295 laetitiae,
2096 1268 2168 1297 seu,

1193 1298 1348 1329 laetitiam
1372 1298 1605 1330 abundantem:
1627 1297 1676 1329 Tu
1699 1300 1865 1330 saturabis
1889 1310 1940 1331 me
1963 1300 2098 1331 laetitia.
2133 1301 2169 1332 In

1193 1342 1304 1378 vultu-1
1350 1341 1382 1371 id
1406 1346 1464 1378 est,
1488 1341 1520 1372 in
1543 1348 1726 1382 conspectu
1744 1349 1810 1374 tuo.
1878 1342 2058 1381 Describit,
2084 1353 2169 1384 quae

1194 1384 1237 1414 sit
1270 1384 1335 1414 vita
1370 1390 1516 1415 aeterna.
1578 1383 1723 1416 Aeterna
1747 1386 1812 1416 sita
1836 1392 1885 1416 est
1908 1384 1965 1416 illa
1998 1385 2168 1417 familiaris

1194 1427 1400 1457 consuetudo
1424 1436 1498 1458 cum
1520 1425 1607 1464 Deo,
1629 1427 1661 1457 in
1681 1438 1744 1468 qua
1769 1437 1879 1458 coram
1903 1435 1934 1458 et
1957 1428 2027 1469 ipse
2050 1427 2168 1461 fruitur

1193 1474 1226 1499 et
1248 1479 1309 1500 nos
1332 1467 1478 1500 fruemur
1495 1475 1630 1501 aeterno
1659 1476 1842 1511 conspectu
1865 1476 1897 1501 et
1919 1471 2065 1502 bonitate
2087 1471 2169 1503 Dei:

1192 1509 1454 1543 Transfundetur
1475 1512 1507 1543 in
1530 1521 1592 1543 nos
1616 1510 1673 1543 lux
1698 1513 1818 1551 divina,
1841 1514 1999 1554 sapientia
2022 1521 2053 1545 et
2077 1515 2167 1545 iusti-

1193 1554 1237 1585 tia
1257 1554 1375 1592 divina,
1399 1564 1482 1596 quae
1504 1553 1604 1596 longe
1628 1561 1763 1596 superat
1783 1557 1925 1587 omnium
1944 1562 2167 1588 creaturarum

1193 1597 1436 1637 cogitationem.
1502 1596 1594 1628 Haec
1616 1604 1694 1629 sunt
1716 1597 1771 1628 illa
1793 1598 1938 1641 ingentia
1962 1600 2062 1637 bona,
2081 1609 2166 1641 quae

1191 1640 1353 1679 promissa
1385 1645 1462 1671 sunt
1482 1638 1670 1678 Ecclesiae,
1693 1646 1726 1672 et
1747 1642 1963 1674 restituuntur
1993 1643 2088 1674 nobis
2107 1652 2166 1684 per

1191 1681 1318 1713 Filium.
1363 1683 1465 1713 Addit
1486 1682 1626 1724 amplius
1649 1684 1691 1714 de
1712 1685 1916 1715 aeternitate.

1276 1724 1515 1756 Delectationes
1537 1725 1582 1756 ad
1603 1725 1751 1757 dextram
1772 1730 1857 1758 tuam
1880 1737 1978 1768 nsque
1991 1728 2036 1759 acl
2049 1727 2162 1769 finem]

1190 1767 1262 1809 Ego
1286 1767 1378 1799 fruar
1401 1766 1456 1798 illa
1479 1767 1605 1799 laetitia
1627 1769 1659 1799 in
1683 1769 1770 1800 omni
1793 1771 2006 1808 aeternitate,
2039 1778 2071 1802 et
2095 1773 2164 1812 qui-

1190 1810 1264 1841 dem
1287 1811 1331 1841 ad
1353 1811 1519 1841 dexteram
1543 1814 1635 1842 tuam.
1682 1810 1742 1843 llle
1764 1811 1928 1844 Dominus
1953 1820 2003 1844 est
2030 1821 2162 1854 potens,

1189 1854 1336 1893 potentia
1370 1854 1480 1884 divina
1510 1853 1637 1895 colligit.
1671 1854 1733 1885 sibi
1767 1863 1934 1886 aeternam
1965 1855 2161 1895 Ecclesiam,

1191 1896 1231 1927 (le
1254 1906 1317 1937 qua
1340 1896 1430 1936 prius
1454 1896 1550 1927 dixit:
1586 1897 1690 1928 Fames
1713 1899 1895 1930 cecideruut
1915 1898 2008 1935 miln'3
2042 1899 2073 1930 id
2098 1907 2160 1938 est,

1190 1948 1283 1969 meae
1306 1945 1431 1977 sortes,
1459 1939 1491 1970 in
1514 1941 1716 1980 praeclaris.-
1745 1951 1817 1972 mea
1841 1951 1917 1982 pars
1936 1942 2091 1973 attributa
2110 1950 2160 1974 est

1190 1980 1374 2021 praeclara.
1419 1981 1490 2013 Hoc
1514 1983 1575 2013 erit
1597 1982 1678 2014 illud
1698 1984 1830 2015 bonum.
1854 1995 1918 2025 quo
1942 1986 1973 2015 in
1999 1985 2084 2015 omni
2109 1996 2162 2017 ae-

1191 2025 1342 2055 ternitate
1353 2023 1478 2056 fruetur
1489 2023 1661 2062 Ecclesia3
1684 2027 1770 2067 quod
1795 2026 1945 2058 videlicet
1967 2029 1999 2058 in
2023 2038 2162 2069 conspe-

1189 2072 1244 2098 ctu
1278 2066 1339 2098 Dei
1369 2065 1496 2099 fruetur
1526 2068 1596 2099 eius
1630 2069 1801 2110 sapientia,
1836 2070 1992 2108 bonitate,
2027 2071 2160 2109 iustitia,

1188 2107 1325 2140 laetitia:
1360 2109 1407 2141 Ita
1435 2111 1552 2142 videtis
1576 2121 1652 2142 esse
1676 2111 1946 2153 comprehensam
1968 2123 2053 2154 pene
2075 2124 2159 2145 sum—

1187 2162 1270 2182 mam
1301 2153 1471 2184 doctrinae
1503 2153 1676 2185 Ecclesiae
1711 2155 1742 2185 in
1778 2156 1840 2186 isto
1877 2156 1967 2186 brevi
1997 2163 2157 2197 poemate.

1187 2193 1314 2232 Videte,
1336 2202 1370 2226 ut
1393 2194 1561 2238 relegatis,
1588 2203 1620 2228 et
1649 2197 1784 2228 discatis
1814 2198 2031 2230 Grammatice
2061 2199 2157 2230 inter-

1184 2239 1317 2277 pretari.

1290 2400 1350 2432 Ex
1371 2401 1487 2433 ALllS
1510 2401 1778 2433 RHAPSODHS
1801 2402 2047 2435 EXCERPTA.

1227 2496 1341 2547 Quae
1394 2506 1454 2539 est
1501 2499 1723 2538 differentia
1769 2500 1871 2539 inter
1917 2502 2114 2542 voeabula

1464 2575 1653 2625 Psalmis,
1693 2584 1733 2616 ct
1764 2582 1866 2629 ᾳίδήέ

1271 2664 1482 2706 Respondeo.
1512 2665 1591 2703 Ὠιδή
1617 2672 1666 2697 est
1690 2667 1851 2699 canticum
1876 2667 1995 2704 (Latini
2020 2679 2084 2700 non
2108 2671 2152 2701 ita
