2324 2958
174 216 239 249 ⁷25

261 309 374 341 Nostri
393 308 542 340 homines
563 318 630 340 non
653 308 715 339 nisi
739 308 897 350 gravatim
920 308 1147 348 obtemperant

176 353 374 396 petentibus.
424 351 564 387 Quanda
593 356 770 393 rogantur,
797 356 833 381 ut
861 356 1030 387 maneant,
1061 347 1146 380 relu—

177 401 326 432 ctantur,
349 395 468 433 werffen
490 394 639 424 einander
668 392 803 433 beynulte
824 392 906 427 umb,
936 393 1000 422 und
1023 391 1147 421 macheu

174 437 270 477 yrobe
292 435 512 468 soloecismos
534 437 597 466 und
619 436 862 473 barbarismos»,
891 442 923 465 et
953 441 1061 466 tamen
1089 445 1146 475 pu·

174 485 246 511 tant
273 478 334 510 has
365 489 442 510 esse
471 478 662 520 elegantias.
717 478 818 510 Scitis
840 478 1028 508 historiam:
1064 476 1145 508 Cum

173 519 305 563 legatus
334 521 502 553 Romanus
530 521 588 554 fuit
618 523 724 553 iturus
754 521 786 552 in
817 520 1045 557 Germaniam,
1068 519 1148 551 d’urit.

173 564 217 596 ud
240 564 402 605 quendam
427 564 642 596 Germanum:
669 563 742 606 Ego
765 564 828 594 iam
851 563 955 594 debeo
978 561 1147 603 proficisci

173 606 207 638 in
230 606 458 647 Germaniam,
486 608 583 638 audio
607 612 739 638 vestros
766 605 891 637 habere
914 604 1034 637 multas
1057 614 1146 636 cere-

172 649 301 681 monias
325 650 357 680 in
379 650 557 681 assidendo
582 656 614 681 et
637 649 855 681 discedendo:
880 658 1005 689 quaeso
1025 653 1068 685 te,
1088 647 1145 678 do-

173 701 253 723 ceas
282 701 334 723 me
365 691 503 734 aliquid,
536 702 578 723 ne
607 693 720 723 videar
751 692 904 723 rusticus.
961 690 1145 721 Germanus

173 734 267 766 dixit:
296 733 394 765 Dabo
419 735 475 766 tibi
497 745 595 766 unam
614 734 777 776 regulam:
808 733 970 774 Quicquid
994 733 1146 770 dixerint,

172 781 207 809 tu
230 786 272 808 ne
295 774 407 808 facito.
458 777 524 809 Sed
551 776 702 818 profecto
726 783 778 808 est
800 777 940 808 maxima
963 773 1145 806 insulsitas.

260 818 467 851 Contrarium
489 818 672 860 exemplum
691 820 787 851 vobis
811 819 932 850 dicam:
956 817 1038 849 Cum
1057 826 1147 848 esse·

173 871 246 893 mus
268 862 301 893 in
325 868 489 894 conventu
511 862 720 904 Augustam,
745 862 810 893 dux
832 860 994 891 Bavariae
1011 857 1146 891 wilhel-

171 913 244 936 mus
268 905 464 936 invitaverat
487 906 663 946 quendam:
695 902 916 935 Marschallus
946 902 1050 933 voluit
1072 912 1145 933 eum

172 945 340 978 collocare
368 947 411 978 ad
439 958 603 986 mensam,
633 947 687 979 ille
715 948 822 979 renuit
844 944 1030 987 aliquoties.
1075 943 1146 976 Mo·

171 989 241 1021 nuit
263 999 335 1021 eum
358 988 597 1022 Marsehallus:
625 989 680 1022 ille
709 1001 775 1021 non
804 988 1053 1029 obtemperavit.
1098 986 1145 1018 lbi

171 1031 396 1064 Marschallus
421 1033 475 1064 dat
503 1034 533 1064 ei
556 1032 725 1070 baculum,
755 1039 785 1063 et
810 1031 905 1064 dixit:
939 1030 992 1060 Sis
1015 1040 1089 1069 eryo
1113 1033 1146 1058 tu

171 1084 237 1105 meo
260 1075 329 1105 loco
352 1075 575 1105 Marsclmllus:
599 1076 695 1117 quasi
714 1076 813 1113 dieat,
832 1072 938 1116 qualis
958 1073 1072 1104 asinus
1096 1081 1145 1109 es,

173 1118 262 1159 quod
284 1128 351 1149 non
375 1119 425 1149 vis
449 1119 678 1159 obtemperare
701 1117 788 1156 mibi,
812 1127 885 1149 cum
907 1115 972 1146 hoc
994 1115 1037 1146 sit
1059 1124 1145 1146 mea·

171 1169 243 1192 rum
271 1161 433 1201 partium?
485 1161 557 1192 Fuit
586 1161 840 1197 tacetissimum,
872 1158 960 1200 quod
983 1167 1057 1189 eum
1079 1156 1145 1188 hoc

172 1208 270 1244 gestu
293 1204 428 1235 monuit.
479 1203 630 1235 Christus
657 1213 722 1234 non
753 1209 805 1233 est
832 1202 877 1232 ita
898 1199 1062 1238 insulsus,
1085 1199 1146 1249 sed

173 1251 226 1276 est
249 1247 361 1277 suavis
391 1256 432 1276 ac
462 1246 566 1276 comis
593 1246 625 1275 in
657 1245 804 1277 doctrina
831 1251 863 1275 et
887 1244 1055 1285 gestibus3
1089 1247 1146 1272 ivit

171 1296 247 1318 cum
278 1288 344 1326 eis,
374 1294 406 1319 et
433 1288 521 1319 haud
547 1288 645 1319 dubie
676 1288 706 1319 in
738 1286 906 1328 colloquio
935 1284 996 1318 fuit
1024 1283 1146 1317 dulcis-

170 1338 286 1361 simus.

172 1510 389 1562 Quomodo
420 1519 483 1553 est
512 1512 827 1568 intelligendum,
860 1515 970 1568 quod
998 1515 1145 1556 Paulus

170 1587 268 1628 dicit
299 1589 350 1628 dc
382 1590 567 1643 praemiis
600 1590 852 1631 docentium:
885 1597 957 1627 Hoc
985 1598 1146 1628 ordinavit

169 1660 330 1696 Dominus,
354 1665 398 1700 ut,
423 1664 476 1702 qni
491 1662 693 1702 Evanyelium
720 1664 843 1699 docent,
867 1666 958 1694 etiam
981 1665 1021 1695 de
1042 1665 1143 1696 Evan-

535 1722 618 1762 9elio
640 1724 769 1755 vivant?

256 1796 393 1829 Videtur
415 1808 493 1831 esse
515 1800 638 1831 duriter
661 1800 797 1831 dictum:
820 1801 881 1832 sed
904 1800 1006 1833 voluit
1028 1802 1072 1833 ita
1094 1800 1143 1834 lo-

170 1841 226 1882 qui
256 1839 418 1872 consulto.
475 1842 548 1873 Non
579 1842 649 1873 vult
676 1843 806 1884 quidem
828 1843 1043 1887 Evangelium
1066 1855 1143 1876 esse

172 1883 356 1915 docendum
392 1891 550 1925 quaestus
588 1891 621 1916 et
655 1885 785 1917 culinae
823 1896 942 1924 causa,
977 1887 1037 1918 sed
1071 1887 1154 1919 vult-

171 1932 280 1957 mmen
310 1926 380 1957 dari
409 1927 594 1958 mercedem
623 1928 830 1960 docentibus.
888 1929 1026 1961 Debetis
1050 1940 1142 1961 reve-

170 1968 307 1999 rentiam
336 1975 427 1999 recte
455 1969 666 2008 docentibus,
703 1977 738 2002 ut
767 1970 845 2002 alibi
874 1971 998 2003 Paulus
1026 1973 1142 2014 inquit:

172 2010 235 2044 Qui
262 2010 335 2040 bene
360 2016 512 2050 praesunt
539 2013 727 2052 presbyteri,
757 2014 880 2053 duplici
908 2014 1025 2045 honore
1053 2016 1144 2055 (ligni

170 2052 355 2089 Ιωόεανιιπινς
390 2054 421 2085 id
450 2060 519 2093 est,
555 2056 756 2095 reverentia,
788 2057 843 2088 vel
874 2058 1081 2096 obedientia,
1111 2065 1143 2090 et

170 2097 332 2128 mercede.

256 2138 367 2169 Nonne
390 2140 520 2169 ardebat
543 2151 596 2170 ror
618 2142 787 2180 nostrum‘31
831 2142 894 2174 Hic
921 2149 972 2175 est
1002 2143 1143 2176 effectus

171 2181 281 2221 verbi,
305 2181 345 2213 de
368 2193 433 2223 quo
457 2189 488 2214 et
511 2182 635 2214 Paulus
659 2184 778 2225 inquit,
799 2184 1000 2225 Evanyelium
1022 2191 1067 2217 est
1085 2198 1143 2226 po-

171 2225 270 2254 cattia
292 2224 356 2254 Dei
386 2225 429 2255 ml
457 2225 599 2258 salutem.
625 2232 687 2257 etc.
732 2226 830 2257 Fides
858 2238 899 2258 cx
929 2229 1055 2265 auditu,
1079 2237 1141 2262 etc.

172 2266 312 2302 Quando
335 2268 484 2299 audimus
507 2270 643 2300 verbum
662 2268 735 2308 Dei,
758 2269 854 2301 simul
877 2277 928 2302 est
950 2271 1069 2304 efficax
1093 2273 1142 2304 Fi-

171 2308 236 2341 ltus
259 2308 339 2347 Dei;
361 2309 504 2343 illustrat
527 2318 679 2350 mentem,
702 2320 801 2354 auget
823 2313 1080 2357 intelligentiam,
1102 2326 1142 2347 ac

144 2351 268 2384 ,simul
298 2353 456 2385 w'vificat:
492 2354 611 2393 ssectit,
646 2361 773 2393 movet,
807 2354 899 2388 afflat
934 2367 993 2388 cor
1020 2357 1141 2400 Spiritu

171 2401 308 2427 sancto:
336 2394 392 2428 illa
422 2397 471 2428 sic
501 2397 598 2429 fiunt:
628 2397 705 2429 Ideo
728 2408 873 2430 amemus
896 2398 1088 2440 lectionem,
1111 2408 1143 2433 et

171 2436 320 2479 legamus
348 2439 390 2470 ad
421 2440 602 2471 doctrinam
631 2448 661 2471 et
691 2440 969 2481 consolationem,
1004 2453 1071 2475 non
1099 2445 1142 2475 ad

171 2479 425 2513 cavillationem.
475 2483 550 2515 Non
579 2484 682 2515 simus
706 2485 750 2515 ita
766 2484 940 2526 prophani,
965 2491 1001 2516 ut
1028 2496 1143 2527 asper-

170 2532 286 2554 nemur
307 2525 583 2565 praedicationem
598 2526 690 2558 verbi
705 2526 736 2557 in
752 2527 967 2560 concionibus
989 2527 1141 2569 publicis.

171 2565 280 2607 Saepe
301 2577 401 2598 unum
423 2569 558 2600 verbum
581 2575 730 2611 penetrat
753 2580 811 2600 cor
832 2577 939 2608 tuum,
962 2577 997 2602 ut
1019 2573 1142 2603 sentias

171 2615 294 2640 motum
318 2608 459 2650 Spiritus
483 2613 599 2643 sancti.
644 2611 750 2647 Quam
775 2623 875 2653 saepe
899 2624 997 2645 unusn
1020 2614 1142 2646 dictum

171 2658 283 2684 movet
306 2653 464 2692 animum,
488 2655 575 2696 quod
597 2656 689 2696 prius
713 2655 889 2697 cogitatum
912 2665 977 2688 non
1001 2657 1119 2689 movit!

853 212 1073 247 POS'l'lLLA
1089 212 1486 246 MELANTHONIANA.

2109 213 2172 247 726

1285 305 1488 337 Contradicit
1511 305 1772 340 Stenckfeldius:

1287 348 1373 378 Unus
1395 352 1441 378 est
1462 349 1632 378 mediator:

1283 391 1372 430 Eryo
1399 401 1460 421 non
1488 395 1534 421 est
1562 401 1642 432 opus
1664 393 1781 427 medio,
1815 403 1876 432 quo
1905 393 1992 423 Deus
2014 393 2170 423 nobiscum

1328 437 1413 472 σθαι.

1283 476 1453 508 Eiusmodi
1475 481 1666 508 monstrosa
1689 486 1755 508 non
1777 478 1928 509 venirent
1945 476 2067 510 homini
2086 489 2170 510 sano

1197 519 1231 551 in
1253 524 1405 550 mentem.

1284 561 1494 603 Respondeo.
1538 559 1639 592 Aliud
1667 566 1719 592 est
1746 559 1837 602 loqui
1866 562 1907 593 de
1935 572 2080 603 persona
2101 562 2170 595 Me·

1198 604 1354 642 diatoris,
1376 602 1465 635 aliud
1488 604 1529 634 de
1551 604 1671 641 verbo,
1702 614 1769 645 quo
1792 603 1828 635 fit
1851 603 2026 645 applicatio
2049 605 2170 637 benefi-

1198 647 1322 679 ciorum
1344 646 1538 678 Mediatoris
1561 645 1638 684 fide,
1656 651 1692 677 ut
1714 647 1818 687 inquit
1834 645 1936 678 Esaia
1953 647 2022 679 53.:
2045 648 2171 678 Notitia

1197 691 1277 719 servi
1298 691 1355 719 mei
1376 690 1452 719 iusti
1473 689 1654 727 iustificabit
1675 688 1795 718 vmltos.

1284 732 1351 764 Sed
1374 731 1452 763 citat
1475 729 1722 763 Stenckfeldius
1744 736 1777 762 et
1800 730 1974 773 Cyrillum:

1283 775 1372 804 Deus
1393 774 1451 803 dat
1472 784 1505 803 ee
1527 774 1700 804 immediate
1723 775 1789 803 sine
1811 778 1968 804 creatura:

1283 817 1370 856 Eryo
1393 827 1456 846 uon
1479 827 1544 846 cum
1562 817 1662 851 verbo,
1679 816 1764 857 quod
1786 820 1832 847 est
1854 818 2034 847 exercitium
2051 819 2172 847 externi

1326 859 1467 889 hominis.

1283 901 1495 934 Antecedens
1518 901 1584 933 hoc
1607 911 1709 933 sensu
1731 907 1784 933 est
1800 911 1923 934 verum.
1968 901 2044 933 Non
2062 902 2117 934 dat
2134 913 2171 934 se

1197 954 1257 986 per
1278 945 1423 987 magiaS,
1447 955 1508 976 seu
1530 954 1585 976 res
1609 945 1761 976 inventas
1785 945 1826 976 ab
1849 944 2049 977 hominibus.

1498 1108 1722 1163 Explicatio
1755 1108 1868 1149 dicti:

1283 1197 1458 1228 Amicorum
1479 1202 1549 1228 sunt
1572 1200 1743 1228 eommunia
1766 1200 1882 1228 omnia:

1283 1239 1372 1280 Eryo
1394 1240 1468 1270 licet
1486 1241 1692 1279 facultatibus
1714 1243 1881 1272 amicorum
1899 1242 1967 1280 frui
1983 1253 2046 1283 pro
2065 1248 2173 1275 nostra

1325 1283 1465 1313 libidine.

1284 1325 1484 1367 Respondeo
1506 1326 1549 1357 ad
1567 1325 1737 1358 Maiorem.
1783 1326 1910 1357 Omnia:
1933 1326 2062 1360 seilicet
2084 1339 2171 1361 com-

1200 1368 1427 1407 municabilia‚
1457 1369 1548 1400 iuxta
1574 1368 1684 1412 legem
1712 1369 1785 1401 Dei.
1836 1369 1966 1402 Deinde
1989 1372 2173 1404 communia

1200 1417 1277 1442 sunt
1304 1410 1378 1449 illa,
1408 1410 1534 1443 scilicet
1561 1422 1627 1443 non
1651 1410 1852 1454 obligatione
1876 1412 1980 1452 civili,
2008 1414 2069 1445 sed
2092 1414 2172 1447 obli-

1200 1454 1334 1495 gatione
1365 1454 1524 1493 naturali,
1559 1453 1613 1486 vel
1646 1454 1833 1486 voluntaria
1867 1456 2171 1489 communicatione.

1199 1496 1274 1527 Non
1297 1497 1403 1529 debeo
1427 1497 1507 1528 dare
1529 1497 1635 1528 amico
1659 1507 1772 1528 omnes
1796 1507 1889 1529 meas
1913 1509 1989 1537 res,
2015 1506 2072 1530 aut
2094 1510 2172 1532 con-

1197 1539 1318 1581 iugem.
1362 1538 1404 1570 Et
1422 1539 1455 1570 in
1474 1540 1770 1571 communicatione
1788 1546 1900 1572 mutua
1917 1551 2029 1572 earum
2051 1552 2173 1581 rerum,

1197 1591 1282 1623 quae
1304 1587 1445 1623 possunt
1468 1582 1711 1622 communicari,
1730 1589 1840 1614 manet
1858 1584 2025 1615 distinctio
2047 1594 2171 1623 rerum,

1196 1634 1282 1666 quae
1304 1625 1434 1657 sancita
1455 1631 1507 1657 est
1529 1626 1562 1657 in
1585 1631 1782 1668 praecepto:
1810 1625 1883 1656 Non
1901 1627 2019 1665 furtum
2037 1628 2148 1665 facies.

1439 1802 1465 1834 F
1466 1802 1572 1834 ERIA
1595 1803 1647 1834 111.
1673 1802 1930 1837 PASCHATIS.

1445 1887 1664 1920 Enarratio
1688 1888 1838 1921 Psalmi
1863 1889 1913 1922 16.

1350 1965 1506 1995 conserva
1529 1976 1573 1995 me
1595 1965 1744 2000 Domine,
1768 1968 1928 2007 quoniam,
1952 1973 2017 1999 etc.

1281 2058 1359 2090 Heri
1392 2059 1565 2091 audivistis
1600 2059 1779 2091 Dominum
1814 2061 1954 2093 recitare
1983 2062 2169 2095 testimonia

1195 2101 1236 2132 de
1259 2102 1416 2143 passione
1438 2103 1584 2134 Messiae
1608 2110 1639 2134 et
1657 2104 1915 2141 resurrectione,
1945 2105 2031 2145 quod
2055 2105 2100 2137 ibi
2123 2106 2169 2137 di-

1195 2145 1298 2176 citur:
1331 2145 1492 2183 Incipiens
1519 2156 1537 2174 α
1565 2145 1665 2175 Moise
1693 2149 1722 2174 et
1753 2146 1888 2175 omnibus
1917 2146 2100 2186 Prophetis,
2124 2150 2168 2178 in-

1195 2187 1425 2226 terpretabatur
1458 2187 1523 2216 illis
1556 2189 1587 2217 in
1623 2188 1760 2218 omnibus
1792 2190 1983 2227 Scripturis,
2016 2200 2096 2230 quae
2129 2191 2168 2220 de

1193 2231 1264 2269 ipso
1283 2234 1381 2259 erant.
1420 2230 1479 2261 Est
1503 2241 1621 2272 magna
1643 2231 1792 2271 quaestio
1817 2232 1925 2270 hodie,
1943 2234 2074 2273 quando
2094 2244 2168 2265 cum

1194 2273 1325 2304 ludaeis
1360 2273 1573 2311 disserimus,
1606 2284 1649 2305 an
1685 2274 1855 2314 Scriptura
1889 2275 1976 2305 dicat
2009 2274 2167 2307 Messiam

1193 2325 1369 2357 passurum
1399 2322 1431 2347 et
1460 2315 1720 2347 interficiendum
1751 2317 1849 2347 csse?
1897 2316 1956 2347 llla
1979 2318 2167 2350 testimonia

1195 2359 1236 2389 de
1258 2358 1415 2399 passione
1438 2358 1583 2390 Messiae
1602 2357 1791 2390 mirabiliter
1809 2367 2021 2400 corrumpunt
2043 2360 2165 2393 ludaei.

1194 2401 1336 2443 Fingunt
1359 2401 1444 2433 duos
1463 2401 1622 2432 Messias:
1647 2400 1806 2439 altemm,
1830 2402 1885 2442 qui
1908 2402 2062 2442 patiatur,
2086 2402 2165 2435 alte-

1194 2455 1286 2482 rum,
1310 2444 1365 2485 qui
1389 2451 1518 2486 regnem
1553 2443 1656 2475 Multa
1680 2443 1869 2484 sophistice
1897 2452 2111 2487 corrumpunt
2133 2452 2166 2478 et

1194 2487 1394 2528 depravant,
1417 2497 1502 2528 quae
1523 2486 1602 2517 nolo
1629 2486 1778 2518 recitare.

1280 2529 1373 2561 Deus
1407 2530 1479 2570 ipse
1509 2530 1694 2560 testimonia
1724 2529 1811 2560 dedit
1839 2528 2042 2571 Evangelio,
2075 2531 2165 2572 quod

1193 2573 1257 2604 iste
1279 2573 1320 2603 sit
1338 2571 1495 2609 Messias,
1517 2572 1572 2613 qui
1595 2578 1691 2603 natus
1716 2578 1767 2602 est
1791 2581 1830 2602 ex
1851 2571 1973 2604 Man‘a:
1995 2572 2097 2605 Dedit
2119 2579 2164 2605 te-

1194 2615 1347 2646 stimonia
1375 2615 1437 2655 ipsi
1465 2613 1576 2652 Deus,
1609 2614 1740 2655 quando
1770 2615 1975 2646 resuscitarit
2001 2622 2149 2647 mortuos

1193 2664 1225 2689 et
1259 2659 1366 2699 ipsum
1395 2657 1618 2689 resurrexisse
1647 2663 1765 2698 postea
1794 2663 1863 2689 tota
1890 2657 2043 2691 Ecclesia
2064 2664 2165 2691 testa·

1889 2716 1945 2742 46·
