2324 2958
85 219 148 251 4⁷3

85 322 162 342 mum
183 310 320 341 dolorem
343 320 408 340 esse
430 319 512 343 eum,
540 317 625 348 quem
646 305 758 336 habent
775 311 923 345 parentes
946 316 986 336 ex
1008 317 1058 335 ea-

85 355 223 385 lumitate
243 352 365 383 soboles.
411 351 553 387 Quando
576 350 672 381 ludas
696 349 795 380 sentit.
817 350 899 380 iram
921 349 996 386 Dei,
1020 349 1058 380 li-

86 399 202 437 benter
224 396 353 438 fugeret
376 402 469 426 extra
491 399 592 426 totam
615 402 724 423 rerum
748 397 908 429 naturam,
932 392 958 422 si
981 401 1058 432 pos-

86 447 155 478 set,
188 440 327 480 ideoque
360 444 496 469 mortem
531 436 593 468 sibi
626 435 815 466 consciscit.
872 434 933 466 Hic
961 434 1058 476 igitur

86 492 233 515 summus
253 486 303 512 est
326 479 439 519 dolor,
461 478 614 512 videlicet
637 487 758 509 sensus
782 477 850 507 irae
876 476 949 508 Dei.
994 477 1057 508 Sed

85 532 161 567 post
184 525 270 555 hunc
300 533 453 562 sensum,
487 522 628 554 omnium
662 519 812 552 dolomm
836 529 982 550 summus
1007 526 1057 550 est

85 570 118 600 in
146 567 355 609 parentibus,
390 566 444 607 qui
469 566 571 597 oritur
593 574 635 595 ex
659 562 844 595 calamitate
866 561 1056 593 liberorum.

85 610 147 642 Hic
181 608 276 641 dolor
310 607 410 640 multo
446 614 497 639 est
524 607 644 644 maior,
678 616 776 648 quam
803 615 846 637 cx
873 603 1057 636 calamitate

83 653 224 694 propria.
593 671 595 675 -

169 694 243 726 Fuit
264 693 318 725 lex
349 694 603 735 Aegyptiorum,
636 698 671 723 ut
701 691 729 721 si
757 697 851 732 pater
879 691 1058 722 occidisset

84 737 198 776 filium,
222 747 288 768 non
311 737 517 768 occideretur
539 735 695 772 vicissim,
718 734 778 765 sed
802 734 940 765 triduum
964 733 1057 764 sede—

83 786 134 812 ret
155 786 231 821 aput
255 780 407 811 cadaver.
454 778 645 809 Habuerunt
660 777 814 819 Aegyptii
838 775 938 808 multa
960 776 1057 806 mira-

84 822 171 855 bilia.
227 823 293 854 Sed
321 828 399 864 puto
431 831 489 852 eos
512 822 587 852 ideo
611 820 697 852 hanc
722 819 987 850 constitutionem
1011 816 1056 848 fe—

85 867 193 903 cisse,
227 865 302 906 quta
335 863 509 896 noluerunt
545 862 601 895 illo
636 873 763 894 summo
799 861 905 893 dolori
933 861 1056 892 addere

83 908 179 940 aliam
210 906 440 939 calamitatem.
497 905 690 948 Cogitarunt
716 904 904 936 horribilem
928 903 1056 935 carnifi-

83 951 188 983 cinam
211 959 305 988 esse,
340 951 458 981 sedere
488 956 642 991 parentes
666 959 768 990 prope
791 948 936 978 cadaver
958 944 1013 976 filii
1037 955 1056 976 a

82 1003 120 1024 se
143 991 324 1031 interfecti,
359 1000 390 1024 et
419 1003 494 1024 esse
525 998 732 1033 spectatores
760 990 937 1022 tristissimi
967 988 1055 1019 illius

83 1035 276 1076 spectaculi.
325 1035 387 1071 Qui
411 1035 468 1067 suit
492 1035 586 1067 dolor
610 1044 748 1076 prorsus
771 1030 1011 1064 inenarrabilis.

167 1077 235 1110 Ista
258 1079 395 1121 physica
419 1084 449 1110 et
473 1076 632 1110 naturalia
656 1079 805 1110 iuventus
830 1076 926 1106 debet
949 1074 1056 1106 consi-

83 1121 210 1152 derare.
256 1121 447 1163 Cogitemus
467 1131 529 1152 nos
551 1121 700 1152 homines
724 1129 802 1150 csse
820 1124 929 1155 natos,
949 1124 979 1148 et
998 1127 1056 1147 na-

82 1169 135 1194 tos
159 1174 234 1195 esse
258 1174 298 1195 ex
321 1165 512 1206 parentibus
536 1164 695 1198 honestis.
742 1161 877 1202 Cogita,
899 1171 965 1202 quo
988 1160 1055 1191 ani-

81 1216 135 1237 mo
159 1206 266 1238 affecti
291 1207 355 1237 sint
379 1217 460 1249 erga
483 1213 514 1237 te
535 1211 708 1248 parente-5,
733 1210 765 1235 et
788 1214 853 1245 quo
877 1204 985 1235 animo
1009 1203 1055 1234 vi-

81 1249 192 1280 cissim
217 1255 248 1280 te
271 1250 387 1281 deceat
410 1249 563 1280 affectum
586 1258 662 1279 esse
686 1257 764 1288 erga
789 1257 858 1278 eos.
903 1246 977 1278 Non
1001 1246 1055 1277 de-

81 1293 137 1323 bet
160 1301 236 1323 esse
261 1291 367 1323 beluis
390 1299 445 1323 aut
468 1291 650 1333 pecudibus
674 1288 790 1322 similis
814 1296 936 1320 natura
953 1288 1055 1320 homi-

80 1345 173 1372 num,
196 1335 258 1366 etsi
280 1336 426 1376 pecudes
451 1344 599 1376 quoque,
623 1334 730 1366 donec
753 1331 959 1370 adolescant,
981 1343 1055 1363 sen-

79 1378 162 1409 tiunt
184 1388 328 1409 amorem
352 1378 541 1410 naturalem.

166 1419 302 1451 Vaccae
323 1419 448 1451 habent
471 1421 573 1451 ubera
599 1420 632 1450 in
656 1425 787 1456 ventre,
823 1418 883 1448 sed
907 1423 1055 1448 materna

80 1463 183 1494 ubera
206 1469 281 1493 sunt
305 1463 439 1494 admota
461 1463 599 1503 pectori.
655 1461 804 1493 Pecudes
828 1461 856 1491 si
880 1469 974 1501 quem
999 1460 1055 1491 ha-

81 1506 159 1537 bent
181 1504 333 1536 affectum
356 1505 515 1547 principio
529 1528 539 1543 ,
561 1511 678 1546 postea
703 1502 961 1540 obliviscuntur,
994 1503 1055 1533 nisi

80 1548 167 1589 quod
202 1548 234 1578 in
269 1549 362 1588 equis
396 1555 427 1579 et
463 1547 596 1579 camelis
631 1548 748 1579 dicitur
778 1557 853 1577 esse
883 1544 960 1576 talis
991 1555 1055 1576 ine-

78 1590 181 1620 moria
204 1589 351 1627 sobolis,
374 1597 409 1621 ut.
432 1600 505 1624 non,
521 1591 663 1632 patiatur
685 1599 722 1621 se
745 1589 868 1620 admitti
892 1588 934 1619 ad
957 1589 1055 1621 sobo-

78 1630 153 1663 lem.
199 1632 295 1663 Mani
319 1638 396 1663 sunt
416 1633 519 1664 uber-a
542 1634 674 1664 admota
696 1633 833 1673 pectori,
851 1632 929 1673 quia
952 1636 1056 1662 mater

77 1673 275 1706 transfundit
293 1685 453 1714 amorem,
488 1685 548 1707 seu
576 1676 710 1717 spiritus
741 1673 858 1705 vitales
883 1673 993 1704 cordis
1022 1674 1053 1704 in

78 1724 192 1758 natos,
215 1724 249 1748 ut
273 1719 314 1749 sit
337 1724 470 1760 mutuus
493 1728 598 1756 amor,
627 1724 660 1749 et
682 1723 718 1749 ut
742 1723 845 1748 mater
867 1721 1053 1754 moneatur,

78 1761 168 1802 quod
196 1770 262 1792 non
293 1760 399 1792 solum
432 1762 551 1792 debeat
574 1759 752 1793 transferre
775 1770 919 1791 amorem
945 1758 976 1789 in
1001 1769 1054 1790 so·

78 1802 205 1841 bolen),
226 1804 286 1835 sed
309 1804 404 1835 etiarn
429 1805 671 1836 communit-are
695 1804 721 1834 ei
748 1803 941 1840 doctrinam,
965 1802 1053 1843 quod

77 1856 144 1877 non
179 1846 301 1877 faciunt
336 1848 497 1888 pecudes,
537 1857 621 1889 quae
655 1853 777 1878 tantum
813 1846 1054 1877 communicant

78 1888 275 1920 alimentum.

165 1932 256 1963 Haec
279 1933 398 1963 debent
417 1934 563 1974 cogitare
582 1931 827 1969 adolescentes,
847 1938 879 1962 et
897 1931 1052 1962 detestari

78 1975 211 2007 Stoicas
247 1975 455 2016 phantasias,
490 1981 525 2006 ut
553 1975 651 2017 aliqui
678 1982 793 2016 putant
821 1984 898 2005 csse
923 1975 1052 2015 sapien-

78 2018 172 2056 tiam,
203 2019 334 2060 quando
359 2017 538 2049 defendunt
567 2019 730 2050 absurdas
754 2024 783 2049 et
808 2017 960 2049 horridas
985 2018 1052 2057 opi-

77 2061 205 2093 niones.
250 2060 419 2092 Debemus
450 2061 579 2092 discere
602 2071 680 2092 vera
710 2067 743 2093 et
765 2069 866 2098 recta,
890 2068 921 2091 et
945 2061 1052 2091 consi-

79 2104 196 2136 derare
219 2115 320 2145 opera
339 2104 400 2135 Dei
423 2104 454 2134 in
478 2109 603 2135 natura.

163 2147 219 2179 Sic
243 2157 324 2189 ergo
349 2147 598 2178 consideremus
621 2146 652 2177 in
675 2147 739 2178 hac
761 2148 952 2178 narratione
975 2146 1050 2178 illud

78 2190 195 2232 iugens
223 2190 339 2230 πάθος,
375 2200 434 2221 seu
462 2188 553 2220 illum
582 2189 746 2232 ingentem
769 2197 892 2221 motum
916 2192 1051 2221 materni

78 2233 241 2273 pectoris,
275 2234 328 2274 qui
364 2232 514 2274 exprimit
545 2232 620 2264 huic
647 2231 772 2264 mulieri
801 2233 888 2264 hanc
919 2243 1050 2264 vocem:

77 2275 191 2305 ,msere
225 2278 298 2309 mci,
333 2278 406 2316 qnia
437 2275 503 2314 filia
534 2285 598 2304 mea
632 2277 789 2305 cruciatur
820 2287 839 2305 a
866 2276 1048 2306 Dacmom'o.

79 2318 175 2350 Videt
197 2319 260 2350 ista
283 2326 386 2350 mater
414 2319 565 2360 ingentes
594 2319 742 2350 miserias
773 2318 859 2350 filiae
887 2318 996 2350 suae!¹
1018 2325 1050 2351 et

78 2361 176 2392 sentit
200 2360 347 2393 dolorem
372 2359 641 2399 inenarrabilem,
675 2371 737 2392 nec
754 2362 861 2393 minus
886 2363 1050 2393 cruciatur

77 2404 200 2442 animo,
224 2415 319 2446 quam
343 2403 407 2435 filia
432 2414 580 2444 corpore.

166 2446 268 2478 Habet
304 2446 468 2478 Diabolus
504 2448 533 2477 in
559 2447 709 2477 obsessis
733 2456 794 2477 sua
818 2448 978 2488 quaedam
1002 2448 1048 2478 in-

79 2487 229 2526 tervalla,
253 2499 314 2521 nec
337 2496 445 2531 potest
473 2490 636 2527 occidere,
662 2489 722 2519 nisi
736 2489 810 2521 Deo
822 2501 881 2531 per
894 2491 1048 2522 mittente.

78 2531 206 2561 lnten‘m
231 2531 329 2562 horti!
346 2533 430 2564 iliter
443 2532 577 2569 cruciat,
602 2532 725 2563 invadit
748 2537 780 2563 et
805 2540 978 2574 exasperat
1002 2532 1049 2564 as-

79 2573 183 2604 lectus
208 2575 331 2612 cordis,
355 2576 498 2606 abutitur
521 2577 655 2615 organis
679 2581 823 2606 motuum
846 2576 877 2606 in
897 2582 964 2606 toto
979 2587 1048 2607 cor-

77 2627 170 2656 pore:
195 2617 287 2648 lnssat
313 2619 467 2655 membra,
493 2618 587 2658 quasi
607 2616 707 2648 vellet
731 2619 981 2659 eadirumpere;
1003 2618 1049 2650 al-

77 2659 144 2689 lidit
180 2666 276 2700 caput
300 2666 329 2690 et
354 2661 455 2701 podes
479 2659 569 2691 solo:
605 2661 733 2691 coniicit
755 2670 856 2701 saepe
883 2662 915 2692 in
939 2662 1048 2703 ignem

768 212 984 246 POSTILLA
1007 211 1401 244 MELANTHONIANA.

2022 212 2083 242 474

1112 312 1144 337 et
1168 316 1298 347 aquam,
1322 305 1405 336 sicut
1430 314 1530 346 saepe
1554 306 1801 346 conspiciuntur
1824 304 1900 336 talia
1923 304 2083 346 exempla,

1112 354 1143 380 et
1166 350 1197 379 in
1222 348 1335 379 Marco
1361 357 1430 388 cap.
1455 347 1486 378 9.
1511 347 1612 378 tristis
1636 354 1685 378 est
1710 348 1887 389 descriptio
1916 347 2002 379 illius
2026 359 2083 389 po-

1111 392 1234 423 tentiae
1255 389 1400 421 Diaboli.
1466 389 1540 420 Non
1557 390 1603 420 ita
1629 391 1681 421 niu
1705 398 1764 430 est,
1788 391 1920 432 quando
1942 391 1974 422 in
1997 390 2084 422 Mar-

1112 434 1185 465 chia
1219 432 1381 464 Diabolus
1417 433 1527 474 coegit
1561 434 1723 474 quendam
1746 434 1923 465 obsessum
1945 443 1983 465 se
2006 434 2083 465 abii-

1112 487 1187 508 cere
1210 477 1242 507 in
1265 475 1398 507 flumen.
1443 475 1504 506 Hic
1528 476 1660 516 saepius
1684 481 1734 507 est
1746 482 1922 514 retractus,
1945 477 2004 508 sed
2028 475 2084 508 ali—

1110 521 1162 561 qui
1187 529 1325 560 prorsus
1349 519 1614 560 submerguntur.

1196 561 1300 594 Multo
1323 562 1448 592 tristius
1472 566 1523 592 est
1547 561 1657 591 videre
1680 559 1764 591 tales
1785 562 1962 600 cruciatus,
1987 571 2084 603 quam

1109 603 1211 636 ullum
1245 603 1344 636 alium
1372 605 1533 635 morbum.
1600 602 1735 634 Etiamsi
1758 602 1854 634 foeda
1874 611 1922 634 est
1945 611 2084 645 aspectu

1103 647 1214 689 lepra,
1250 654 1281 679 et
1315 647 1419 678 morbi
1443 645 1587 683 simileS,
1623 652 1730 677 tamen
1753 656 1819 676 non
1844 652 1894 677 est
1917 653 2006 678 tanta
2029 657 2083 678 ca-

1109 690 1251 728 lamitas.
1281 701 1378 732 quam
1414 701 1488 720 cum
1522 689 1672 720 homines
1697 689 1828 719 obsessi
1854 689 2041 720 cruciantur
2064 699 2082 720 a

1109 732 1262 765 Diabolo.

1195 777 1267 807 Non
1292 786 1470 817 possumus
1493 775 1593 816 igitur
1614 780 1796 805 maternum
1820 773 1910 805 illum
1936 773 2083 806 dolorem

1108 820 1220 851 verbis
1245 828 1423 860 exponere,
1448 818 1507 848 sed
1532 823 1640 847 tamen
1666 815 1775 858 aliquo
1799 817 1896 848 modo
1910 817 1950 848 de
1964 827 2004 848 eo
2028 827 2082 848 co-

1109 863 1265 905 gitentuS‚
1289 867 1444 904 quantum
1473 870 1662 901 possumus.
1730 859 1792 894 Qui
1817 866 1891 891 sunt
1916 866 2083 901 parenteS,

1108 904 1232 947 allquid
1251 905 1292 936 de
1316 905 1388 935 istis
1412 905 1512 935 rebus
1537 903 1658 941 sciunt,
1683 903 1757 944 quia
1787 902 1954 941 παθήματα
1981 903 2082 941 μαθή-

1107 960 1200 987 ματα,
1224 958 1304 987 quae
1326 951 1450 985 nocent,
1474 947 1594 978 docent.
1660 945 1840 976 Passiones
1865 951 1940 977 sunt
1965 945 2082 976 doctri-

1108 1000 1181 1022 nae.
1227 990 1267 1021 Et
1291 997 1399 1021 tamen
1423 988 1517 1030 plura
1543 996 1573 1019 et
1598 989 1721 1019 maiora
1736 987 1821 1019 mala
1834 989 1988 1019 accidunt
2010 986 2083 1019 aliis

1108 1039 1208 1075 atque
1229 1031 1321 1070 aliis-3
1344 1032 1441 1074 aliqui
1466 1032 1562 1063 etiam
1586 1038 1700 1062 natura
1726 1037 1802 1062 sunt
1826 1031 1987 1062 duriores.
2032 1031 2084 1062 Ac

1108 1077 1222 1107 mirum
1259 1082 1321 1113 est,
1351 1085 1454 1117 posse
1487 1075 1649 1105 hominem
1674 1075 1803 1112 vivere,
1833 1075 1886 1115 qui
1918 1074 2084 1115 experitur

1108 1129 1247 1161 magnas
1265 1119 1421 1150 miserias
1449 1127 1594 1148 suorum.

1195 1162 1286 1193 Hace
1308 1160 1418 1202 aliquo
1443 1161 1540 1191 modo
1564 1160 1742 1201 pinguntur
1764 1161 1795 1190 ir.
1819 1158 2027 1201 TragoediiS,
2049 1165 2083 1190 ut

1111 1215 1183 1236 cum
1214 1204 1344 1235 Iocasta
1374 1210 1479 1234 mater
1507 1203 1591 1234 iacet
1620 1204 1705 1233 inter
1736 1203 1820 1233 duos
1844 1201 1931 1233 filios
1954 1200 2084 1233 interfe—

1109 1254 1194 1286 ctos,
1218 1254 1249 1279 et
1273 1248 1333 1278 sibi
1359 1247 1538 1278 consciscit
1563 1252 1709 1276 mortem.
1755 1245 1858 1276 Ass'ert
1882 1245 1980 1286 igitur
2002 1245 2083 1275 haec

1108 1290 1224 1322 mulier
1247 1301 1402 1332 magnum
1426 1288 1574 1319 dolorem
1611 1288 1649 1318 ad
1675 1287 1852 1325 Christum,
1887 1294 1918 1318 et
1943 1298 2014 1319 cum
2037 1288 2083 1318 in—

1109 1333 1285 1365 enarrabili
1309 1334 1429 1374 gemitu
1453 1333 1532 1372 petit
1555 1333 1595 1362 ab
1621 1342 1659 1362 co
1683 1330 1848 1362 auxilium.

1196 1377 1351 1417 Sequitur
1375 1386 1456 1416 ergo
1480 1373 1575 1405 locus
1600 1374 1779 1405 communis
1804 1374 1844 1404 de
1865 1373 2080 1404 invocatione,

1110 1419 1200 1457 item,
1235 1420 1275 1450 de
1308 1418 1543 1450 tentationibus
1568 1417 1653 1447 tide-i.
1720 1415 1825 1447 Debet
1851 1417 1946 1447 nobis
1969 1414 2084 1447 mulier

1107 1461 1172 1493 ista
1195 1471 1271 1492 esse
1296 1459 1479 1501 exemplum
1504 1459 1716 1501 precationis,
1747 1469 1806 1490 seu
1840 1459 2004 1500 petitionis
2028 1469 2083 1490 au-

1107 1503 1175 1535 xilii
1199 1504 1307 1535 divini.
1333 1504 1460 1534 Deinde
1484 1503 1559 1543 quia
1583 1501 1734 1533 Christus
1755 1501 1867 1533 laudat
1881 1500 1976 1532 fidem
2000 1501 2083 1539 eius,

1109 1548 1206 1578 debet
1229 1547 1326 1578 nobis
1351 1544 1533 1587 exemplum
1547 1555 1635 1583 esse,
1659 1545 1824 1586 quomodo
1837 1544 2021 1576 exercenda
2041 1545 2082 1574 sit

1109 1590 1202 1622 fides.

1289 1756 1447 1794 Locus
1480 1755 1537 1794 de
1561 1754 1904 1794 Invocationc.

1194 1846 1372 1888 Repetatur
1391 1847 1489 1887 igitur
1513 1846 1696 1877 conaminis
1727 1846 1875 1877 doctrina
1906 1845 1946 1876 de
1967 1856 2079 1886 preca-

1106 1891 1205 1921 tione.
1253 1889 1331 1919 Eam
1357 1888 1407 1918 his
1433 1889 1596 1929 capitibus
1622 1887 1795 1929 complecti
1819 1886 1923 1919 solco.

1193 1932 1332 1963 Primum
1357 1939 1484 1973 oportet
1497 1932 1595 1968 scire,
1620 1942 1714 1973 quem
1737 1932 1882 1962 invoces.
1913 1930 2079 1967 Secundo,

1106 1975 1381 2007 considerandum
1406 1982 1452 2005 est
1479 1975 1676 2012 mandatum,
1701 1975 1788 2015 quod
1812 1975 1900 2005 iubet
1924 1983 1985 2004 nos
2009 1984 2079 2004 ora-

1106 2029 1150 2049 re.
1175 2018 1297 2049 Tertio.
1323 2018 1532 2056 cogitandum
1558 2024 1605 2048 cst
1632 2018 1672 2048 de
1685 2017 1913 2059 promissione.
1944 2015 2079 2054 Quarto,

1106 2072 1245 2092 neccsse
1270 2067 1319 2091 est
1344 2060 1462 2091 afferre
1487 2060 1594 2097 iidem,
1619 2070 1704 2101 quae
1727 2059 1825 2091 simul
1850 2058 2079 2101 complectitur

1106 2115 1216 2136 veram
1241 2105 1491 2135 conversionem
1516 2103 1557 2133 ad
1579 2102 1695 2134 Deum.
1740 2102 1873 2140 Quinto,
1898 2102 2077 2143 exprimen—

1106 2148 1147 2179 da
1171 2153 1220 2179 est
1244 2158 1297 2177 rcs
1322 2147 1473 2187 fetentia.

1191 2189 1319 2231 Singuli
1353 2189 1503 2220 homines
1538 2189 1657 2219 debent
1680 2189 1819 2226 discere,
1843 2187 2008 2229 quomodo
2031 2186 2077 2218 sa·

1106 2233 1221 2265 cienda
1245 2233 1287 2263 sit
1308 2232 1486 2269 invocatio,
1511 2232 1587 2273 quia
1609 2232 1756 2272 precatio
1770 2236 1819 2261 est
1839 2240 1984 2261 summus
2008 2229 2077 2262 cul-

1105 2283 1157 2308 tus
1191 2275 1266 2307 Dei.
1301 2281 1332 2305 et
1361 2275 1513 2316 proprius
1538 2273 1719 2305 Ecclesiae.
1785 2273 1914 2304 Ethnici
1938 2280 2076 2313 possunt

1104 2326 1275 2360 praestare
1299 2317 1406 2349 civilia
1430 2316 1549 2354 officia,
1574 2317 1647 2348 Non
1661 2315 1899 2354 moechaberis,
1922 2326 1986 2347 non
2010 2315 2076 2348 fur-

1103 2368 1170 2393 tum
1193 2362 1308 2399 facies,
1332 2361 1391 2392 sed
1415 2360 1633 2401 precationem
1657 2370 1720 2390 non
1744 2364 1882 2399 possunt
1896 2365 2074 2399 praestare.

1105 2405 1164 2437 ttic
1188 2410 1239 2436 est
1262 2405 1452 2445 principalis
1476 2402 1584 2444 cultus
1608 2400 1791 2439 Ecclesiae,
1814 2401 1930 2443 dequo
1944 2402 2075 2433 dicitur:

1105 2448 1217 2479 Omnis
1249 2451 1304 2487 qm·
1338 2450 1529 2478 inform-erit
1561 2455 1673 2476 nomen
1709 2446 1846 2482 Domini,
1876 2446 1983 2476 salms
2005 2449 2074 2476 eril.

1103 2490 1163 2521 Est
1186 2497 1293 2522 autem
1318 2496 1410 2521 recte
1433 2487 1647 2530 intelligenda
1671 2486 1754 2517 hacc
1778 2488 1950 2518 sententia.
1997 2487 2073 2519 ldeo

1103 2535 1151 2565 sic
1174 2540 1401 2575 argumentor:
1430 2533 1538 2563 Omnes
1561 2534 1710 2562 int-oenus
1731 2532 1924 2562 conditorem
1943 2533 2022 2562 coeli
2045 2536 2076 2562 et

1102 2582 1221 2608 terrae.
1247 2577 1369 2607 inrocal
1388 2584 1494 2606 rernm
1518 2575 1630 2604 Deam.

1192 2621 1312 2651 Ture-ae
1334 2622 1479 2649 tumeant
1500 2617 1693 2648 conditorem
1716 2618 1795 2647 coeli
1816 2621 1849 2647 et
1872 2621 1999 2647 terrae:

1188 2663 1272 2700 Eryo
1298 2661 1420 2691 Turcae
1440 2663 1587 2691 int-ocant
1606 2669 1714 2691 verum
1738 2660 1846 2690 Deum.
