2324 2958
42 203 107 238 637
724 198 940 232 POSTILLA
962 195 1357 229 MELANTHONIANA.
1971 195 2036 228 638

43 303 188 337 servate,
210 296 340 339 quando
371 294 532 337 significet
555 299 702 333 tempuS,
726 294 857 335 quando
880 303 1011 335 agnum,
1062 289 1213 322 afficitur.
1259 289 1334 320 Non
1362 290 1404 320 sit
1432 288 1540 320 cultus
1569 289 1735 321 institutus
1768 289 1810 321 ad
1844 294 2035 331 quaestum3

44 341 176 384 quando
210 340 392 371 transitum.
441 338 564 369 Pesaclz
598 335 763 378 significat
793 336 894 373 idem,
924 335 1011 377 quod
1035 305 1041 378 Ι
1062 343 1128 364 non
1158 332 1215 363 fiat
1247 332 1435 370 ambitione,
1469 341 1536 362 non
1570 331 1623 362 fiat
1646 342 1706 373 pro
1730 332 1852 371 forma,
1876 338 1909 363 ut
1932 331 2034 364 idolo-

44 384 202 416 transitus
225 382 328 424 prima
350 381 494 422 origine:
525 378 602 410 lnde
625 384 724 409 totam
747 377 956 409 festivitatem
979 383 1011 409 et
1034 381 1040 444 Ι
1062 375 1166 407 latrae.
1187 375 1326 405 retinent
1349 384 1431 405 suos
1455 372 1562 405 cultus
1581 384 1639 413 pro
1660 374 1780 412 sorma3
1809 374 1900 416 Papa
1923 381 2036 406 servat

44 437 163 469 agnum
196 425 240 456 ita
277 424 506 460 nominarunt,
535 427 566 452 et
603 421 652 452 sic
688 419 809 452 Paulus
847 419 1011 461 loquitur,
1062 428 1140 449 suas
1159 417 1362 448 ceremonias
1384 423 1509 448 tantum
1523 426 1582 456 pro
1606 416 1720 448 forma.
1755 417 1918 459 Cogitate,
1938 427 2035 459 opor-

44 470 169 502 Pasclm
190 471 330 499 nostrum
353 468 530 497 irmnolums
551 467 599 496 est
620 463 772 495 Glires-lus.
819 463 961 500 Pascha,
979 463 1011 493 id
1063 467 1109 493 tet
1131 470 1207 492 esse
1235 459 1433 501 religiones:
1469 459 1600 490 Retinet
1634 460 1731 501 igitur
1765 458 1968 500 spectacula,
2003 466 2035 492 et

45 517 108 550 est,
129 519 235 553 agnus
257 515 289 540 et
311 509 452 540 victima.
487 506 551 539 Sed
576 517 648 537 cum
672 506 810 537 sumitur
827 506 892 537 hoc
913 506 1011 536 modo
1063 502 1184 535 cultum
1206 513 1266 543 pro
1291 502 1396 533 forma
1420 508 1451 533 et
1478 512 1546 543 pro¹
1572 502 1727 543 regimine
1756 502 1900 543 politico.
1945 503 2036 534 Haec

44 564 105 596 pro
127 562 214 595 agno
238 557 271 583 et
291 550 390 589 festo,
414 557 479 582 tum
501 549 717 590 metonymiae
739 554 824 579 sunt.
1062 557 1128 577 non
1157 551 1207 576 est
1230 546 1420 583 sinceritas,
1458 545 1517 576 sed
1546 545 1601 575 ubi
1628 554 1706 575 vere
1735 546 1902 586 quaeritur
1930 545 2036 588 gloria

1062 588 1125 620 Dei
1149 595 1179 620 et
1201 586 1292 619 salus
1316 587 1491 619 hominum.

1147 630 1220 662 Hoc
1241 631 1339 672 igitur
1353 629 1420 662 vult
1433 628 1569 661 Paulus:
1594 629 1776 660 Teneamus
1792 640 1903 661 veram
1917 631 2036 661 doctri·

1063 684 1151 712 nam,
1160 673 1364 705 celebremus
1377 671 1654 713 cultusgsinceros‚
1667 673 1835 704 timeamus
1843 672 1960 710 Deum,
1968 683 2037 704 cre-

1063 718 1178 749 damus
1202 717 1243 754 ei,
1266 725 1462 757 quaeramus
1491 716 1561 746 eius
1585 714 1737 757 gloriam,
1760 726 1827 746 non
1851 716 2034 747 serviamus

1064 759 1241 797 ambitioni,
1264 765 1316 790 aut
1341 758 1506 800 quaestui,
1541 768 1606 789 non
1630 756 1790 789 faciamus
1814 756 1921 789 cultus
1943 768 2037 798 prae·

1064 808 1155 833 textu
1176 802 1316 833 nominis
1328 801 1404 838 Dei,
1426 811 1492 831 non
1505 811 1701 842 quaeramus
1714 811 1828 842 regna,
1847 801 2036 842 potentiam,

1065 854 1158 886 opes,
1192 850 1364 886 praetextu
1386 842 1532 874 cultuum
1564 844 1757 881 divinorum,
1788 844 1873 875 sicut
1905 844 2037 882 videtis,

1064 888 1152 929 quod
1165 885 1393 918 universaliter
1405 887 1546 917 mundus
1566 886 1743 927 religiones
1757 886 1938 924 constituit,
1952 895 2038 927 quae

1064 937 1139 961 sunt
1169 930 1260 960 nervi
1294 929 1387 971 regni
1422 935 1453 960 et
1477 929 1654 970 potentiae.
1698 928 1748 960 Sit
1777 929 1941 960 invocatio
1976 928 2037 960 Dei

1064 978 1096 1003 et
1120 978 1187 1003 tota
1211 971 1408 1014 glorificatio
1431 972 1571 1003 sincera.
1615 970 1651 1002 ln
1680 977 1772 1003 textu
1795 971 1924 1004 Graeco
1946 981 2038 1010 usur,

73 715 255 758 Christus
285 716 443 771 paseha,
475 720 587 754 estne
620 713 745 754 oratio
778 712 982 767 congrua?

128 806 184 838 lta.
228 805 289 837 Est
321 805 504 847 Appositio.
554 804 621 836 Cur
644 804 721 835 dicit
754 805 946 841 immolatus,
981 808 1013 833 et

41 859 109 882 non
133 848 354 880 immolatum?
388 847 472 883 Quia
499 848 604 878 verba
639 853 671 877 et
701 847 863 878 adiectiva
892 846 1012 877 debent

41 892 244 933 respondere
266 890 437 931 principali
461 890 593 927 nomini,
615 895 662 927 ut,
687 900 760 920 cum
782 889 872 921 dico:
903 888 1012 918 Otium

41 935 224 965 studiorum
251 934 433 974 pernicies,
468 938 517 963 est
554 931 755 974 fugiendum.
810 931 845 962 ln
880 931 1011 961 Graeco

40 985 108 1008 non
130 983 178 1007 est
191 976 379 1013 immolatus,
402 976 462 1006 sed
485 975 586 1014 ἐτόθγ,
609 978 767 1006 neat-totus
791 978 855 1010 θεῖ,-
878 975 961 1004 sicut
978 973 1010 1003 in

39 1017 106 1050 hoc
133 1019 206 1060 ipso
240 1024 329 1049 textu
364 1018 496 1049 dicitur:
527 1017 720 1054 mactabitis,
755 1027 827 1054 seu,
861 1015 1012 1047 occidetis

40 1070 166 1102 aynmn.

127 1101 282 1134 Similiter
304 1103 420 1140 etiam,
450 1113 515 1134 non
539 1109 589 1133 est
617 1102 649 1133 in
674 1101 817 1139 Graece,
840 1101 1012 1142 Epulemur

41 1155 119 1187 eryo
139 1147 172 1177 in
195 1146 323 1187 azymis,
347 1146 488 1177 debebat
510 1155 598 1182 esse,
621 1154 757 1186 agamus
770 1142 889 1175 festum
913 1143 1010 1181 diem,

41 1188 234 1226 doceamus,
263 1189 432 1219 audiamus
466 1198 527 1219 suo
561 1187 700 1228 quisque
718 1185 812 1225 loco,
848 1184 1010 1217 faciamus

40 1231 277 1262 invocationem
300 1236 333 1261 et
357 1231 534 1271 gratiarum
556 1230 729 1261 actionem.

1062 1021 1158 1055 patur
1181 1025 1245 1045 vox
1269 1016 1464 1056 εἰλικρινείας.
1488 1015 1643 1056 εἰλικρινὲς
1665 1014 1831 1056 significat
1862 1015 2037 1046 sincerum·

1062 1057 1302 1089 unam-misella.

1147 1099 1271 1132 Postea
1293 1100 1441 1141 sequitur
1463 1100 1549 1141 apud
1563 1097 1715 1131 Paulum:
1739 1099 1928 1141 Erpuryate
1948 1103 2039 1132 vetus

1060 1140 1262 1177 fermentum:
1285 1143 1318 1173 id
1341 1149 1403 1177 est,
1426 1148 1556 1174 veteres
1581 1143 1750 1183 opiniones
1780 1149 1812 1174 et
1834 1153 1956 1184 pravos
1979 1143 2035 1174 ad·

1062 1184 1182 1217 sectus.
1238 1184 1360 1216 Paulus
1399 1191 1476 1216 ante
1511 1185 1762 1216 conversionem
1794 1185 1907 1217 habuit
1940 1186 2036 1217 istam

1032 1186 1259 1303 Ιορίηἰοιι6ῐη,
1288 1228 1376 1269 quod
1403 1233 1494 1259 esset
1521 1229 1643 1266 iustus,
1674 1228 1796 1259 iustitia
1826 1227 1927 1270 legis3
1959 1229 2037 1260 item

1061 1278 1132 1303 erat
1154 1272 1187 1302 in
1210 1271 1478 1309 dubitationibus,
1500 1281 1542 1302 an
1565 1271 1702 1302 haberet
1719 1270 1826 1302 Deum
1844 1272 2033 1312 propitium:

1061 1315 1123 1346 sed
1154 1319 1231 1356 post
1252 1314 1504 1345 conversionem
1527 1314 1590 1345 scit
1622 1323 1660 1345 56
1682 1324 1759 1345 6556
1780 1315 1931 1345 miseram
1954 1323 2040 1346 mas·

1062 1367 1146 1394 sam,
1168 1362 1200 1388 et
1222 1362 1328 1387 tamen
1350 1357 1413 1388 scit
1430 1367 1468 1387 se
1491 1367 1567 1388 esse
1590 1362 1773 1397 acceptum,
1797 1363 1829 1387 et
1840 1357 1963 1388 habere
1985 1366 2035 1388 re-

157 1393 267 1444 Qujd
291 1401 353 1434 est
379 1395 420 1434 in
454 1394 603 1448 azymis
632 1393 891 1434 sinceritatis?
1032 1304 1040 1462 Ι
1061 1400 1250 1431 missionem
1273 1405 1486 1440 peccatorum
1508 1405 1643 1440 propter
1667 1399 1767 1430 filium
1789 1398 1864 1437 Dei,
1888 1406 1921 1430 et
1943 1399 2035 1430 indu·
2072 1435 2079 1440 ⁵

1061 1448 1127 1473 tum
1151 1452 1189 1473 se
1211 1451 1287 1473 csse
1308 1442 1464 1482 imputata
1494 1442 1630 1480 iustitia,
1655 1448 1790 1483 propter
1813 1442 2037 1474 mediatorem:

127 1483 244 1526 Azymi
267 1494 371 1525 panes
394 1483 581 1526 significant
604 1488 797 1525 anyesewcrt
820 1484 911 1515 brot:
933 1484 1010 1517 Fer·
1061 1484 1161 1516 habet
1215 1485 1291 1515 item
1337 1484 1545 1515 donationem
1586 1485 1727 1525 Spiritus
1779 1485 1883 1516 sancti
1937 1485 2038 1517 habet

39 1527 172 1558 mentati
195 1536 315 1567 panes,
342 1527 374 1558 id
397 1534 466 1565 est,
495 1527 612 1568 quibus
642 1527 775 1558 mixtum
798 1533 849 1558 est
871 1525 1010 1558 fer-men·
1062 1528 1125 1558 iam
1139 1537 1244 1559 novos
1267 1525 1428 1567 adfectus,
1452 1537 1563 1558 veram
1581 1528 1835 1565 invocationem,
1857 1528 2036 1570 gratiarum

39 1575 126 1605 tum3
150 1569 277 1600 debetis
294 1569 377 1600 haec
401 1569 529 1600 discere
547 1571 578 1600 in
602 1570 783 1601 domestica
795 1569 1010 1611 inspectione,
1062 1570 1236 1608 actionem,
1259 1580 1379 1601 novam
1397 1570 1633 1608 obedientiam,
1657 1580 1768 1602 veram
1791 1570 1899 1609 fidem,
1924 1580 2035 1602 veram

38 1617 73 1642 ut
102 1610 266 1643 voeabula
297 1610 498 1653 intelligatis.
546 1612 677 1643 Graeca
700 1622 764 1643 vox
792 1612 877 1651 ζυμή,
907 1619 957 1643 est
991 1623 1011 1644 a
1062 1623 1166 1653 spem.

39 1654 104 1692 ζέω,
127 1653 212 1684 sicut
235 1663 254 1684 a
283 1652 395 1685 ferveo
420 1660 470 1684 est
491 1653 704 1692 fermentum,
734 1655 821 1696 quod
844 1653 923 1686 facit
946 1654 1010 1686 ser·
1154 1655 1196 1686 Ut
1225 1656 1297 1687 sitis
1329 1665 1413 1687 not-a
1441 1656 1653 1695 conspersio-1
1699 1655 1861 1697 Loquitur
1889 1656 1930 1688 de
1960 1657 2037 1688 sub-

37 1704 118 1727 vere
140 1693 227 1726 illam
252 1706 410 1734 massam,
440 1695 592 1727 rarefacit
621 1703 651 1728 et
676 1703 829 1728 attenuat.
873 1697 1010 1729 Habetis
1062 1699 1173 1736 iecto,.
1191 1708 1257 1729 non
1280 1699 1350 1729 sitis
1377 1697 1445 1729 tale
1467 1699 1661 1737 subiectum,
1684 1697 1781 1740 quale
1802 1699 1893 1740 prius
1915 1697 2036 1738 fuistis,

39 1737 289 1769 Oratiunculam
317 1750 421 1771 meam
446 1740 486 1770 de
510 1739 614 1771 tribus
642 1738 768 1771 farinae
799 1741 890 1778 satis,
914 1751 1010 1782 quam

38 1781 178 1822 potestis
202 1781 376 1821 inspicere.
492 1810 498 1816 ,

123 1823 222 1854 Panis
246 1825 458 1856 fermentatus
481 1830 532 1855 est
554 1823 668 1856 melior
685 1835 770 1866 pane
786 1835 852 1856 non
871 1823 1010 1857 sermen-

37 1871 124 1902 tat03
165 1868 269 1908 magis
293 1874 343 1898 est
385 1867 653 1898 accommodatus
699 1869 889 1910 quotidiano
924 1870 1009 1900 usui.

37 1907 98 1939 ma
119 1908 294 1941 rarefactia
317 1916 347 1940 et
378 1911 557 1941 attenuatio
581 1916 631 1941 est
653 1912 861 1952 praeparatio
892 1922 1012 1943 conve-

37 1952 132 1982 niens
145 1952 264 1983 actioni
279 1951 460 1989 ventriculi,
479 1957 567 1985 sons!
579 1953 636 1994 liyt
648 1964 681 1984 es
692 1955 723 1985 in
742 1953 924 1986 ventriculo
937 1955 1012 1986 hart

39 1993 116 2033 auls
133 1995 298 2033 einander,
322 1996 377 2026 wie
399 1996 449 2025 ein
471 1995 670 2037 Zieyelstez'n.
705 1997 778 2028 Sed·
793 1996 847 2029 hic
871 1997 911 2028 ad
935 1997 1012 2029 alle-

39 2038 177 2080 goriam,
202 2048 263 2069 seu
285 2038 325 2068 ad
350 2045 461 2079 typum
484 2045 535 2069 est
557 2039 807 2079 respiciendum.

125 2079 235 2112 Panes
258 2080 441 2112 iermentati
473 2080 660 2122 significant,
681 2080 876 2114 fermentum
899 2082 1011 2115 huma-

37 2132 153 2154 narum
177 2123 364 2163 opinionum
387 2130 419 2154 et
441 2122 645 2155 adfectuum:
667 2134 771 2165 panes
793 2135 859 2156 non
872 2125 1011 2157 sermen-

38 2165 108 2203 tati,
131 2175 190 2197 seu
213 2166 332 2207 azymi,
354 2172 429 2196 suut
443 2172 540 2207 typus
560 2166 739 2205 doctrinae,
762 2174 793 2199 et
815 2167 921 2200 cultus
944 2180 1011 2200 non

38 2209 186 2249 corrupti
219 2207 368 2239 humanis
391 2209 599 2249 opinionibus
627 2215 683 2240 aut
709 2209 898 2248 affectibus;
933 2212 1009 2252 Opi-

38 2251 155 2282 nioncs
179 2257 210 2282 et
233 2250 370 2282 affectus
394 2249 531 2282 sufflant
553 2251 680 2282 animos
707 2253 811 2284 instar
843 2252 1009 2286 fermenti:

37 2299 84 2331 ut,
108 2294 240 2335 quando
263 2292 381 2335 aliquis
405 2301 455 2325 est
478 2294 611 2325 inflatus
623 2297 839 2334 persuasione
857 2307 936 2329 suae
960 2308 1011 2329 sa-

37 2335 190 2376 pientiae,
213 2336 257 2367 ita
279 2336 465 2375 extollitur,
495 2343 529 2368 ut
552 2343 643 2378 putet
672 2347 708 2368 se
727 2339 852 2370 vertice
873 2346 1011 2382 tangere

38 2378 157 2409 sidera.
192 2379 247 2412 Sic
272 2380 369 2411 etiam
392 2379 528 2411 affectus
547 2386 623 2411 sunt
646 2378 769 2412 similes
791 2383 912 2421 ventis,
936 2384 1011 2424 quia

38 2419 175 2452 sumant
196 2428 227 2453 et
251 2423 335 2453 cient
357 2429 490 2453 motum.
1034 2401 1039 2468 Ι

125 2462 247 2495 Paulus
271 2464 409 2505 explicat
436 2472 564 2506 typum3
588 2465 730 2506 Ayamus
743 2463 871 2505 festum,
893 2468 927 2499 in
939 2479 1010 2510 azy-

40 2504 110 2542 mis,
133 2505 252 2547 inquit,
281 2508 478 2539 sinceritatis
507 2512 536 2539 et
566 2509 722 2539 reritatis.
773 2509 952 2549 Vri-{tatia}
977 2513 1008 2542 id
1033 2471 1038 2559 Ι

40 2553 103 2584 est,
123 2557 222 2579 verae
250 2556 282 2580 et
310 2551 519 2591 incorruptae
541 2551 721 2582 doctrinae.
766 2551 865 2592 (Quia
887 2554 1008 2585 veritas

39 2589 203 2632 significat
226 2592 406 2624 doctrinam
432 2597 557 2629 veram)
581 2598 610 2624 et
633 2595 858 2634 sz‘ncm·e‘t‹111‘s,]
888 2596 920 2627 id
944 2603 1006 2635 est,

38 2638 73 2663 ut
102 2633 165 2665 sint
200 2635 318 2667 sinceri
343 2634 468 2674 cultus,
497 2637 615 2677 quibus
650 2635 742 2669 Deus
771 2647 850 2669 vero
880 2637 1007 2671 honore

1063 1742 1122 1772 sed
1141 1751 1229 1772 nova
1252 1751 1333 1773 cons
1359 1741 1457 1780 ersio,
1479 1741 1511 1772 id
1535 1746 1598 1779 est,
1620 1752 1707 1773 nova
1729 1752 1851 1780 massa,
1873 1742 1922 1772 ein
1934 1752 2038 1774 newer

1063 1785 1136 1825 my,
1158 1784 1291 1825 φύραμα.
1361 1785 1437 1815 ebet
1458 1783 1490 1815 in
1513 1785 1609 1815 nobis
1633 1794 1711 1815 esse
1733 1786 1863 1815 novitas
1885 1785 2037 1826 spiritua-

1062 1826 1114 1866 lis,
1138 1826 1264 1858 habens
1287 1825 1428 1868 aliquam
1451 1825 1558 1858 lucem
1590 1828 1630 1858 de
1654 1826 1739 1865 Deo,
1762 1826 1887 1858 habens
1917 1838 2036 1860 novam

1063 1877 1094 1901 et
1127 1870 1314 1901 inchoatam
1357 1870 1593 1907 obedientiam,
1628 1870 1736 1908 fidem,
1771 1880 1871 1911 spem.
1945 1871 2037 1902 Sicut

1064 1913 1143 1944 estis
1166 1913 1292 1954 azymi3
1314 1913 1363 1943 sic
1385 1918 1611 1954 argumentor:

1149 1972 1225 2004 Non
1257 1972 1375 2003 habens
1404 1971 1610 2012 fermentum,
1643 1982 1706 2004 non
1739 1973 1859 2014 imlt‘yet
1888 1984 1926 2004 ea:
1956 1983 2034 2014 pur-

1267 2015 1412 2056 yatz‘mze:

1149 2058 1220 2090 Nos
1242 2068 1348 2089 Sumus
1370 2059 1481 2099 azymi:

1150 2101 1238 2142 Eryo
1259 2111 1321 2132 mm
1341 2101 1516 2142 indigemus
1538 2102 1780 2143 eoeymryatione.

1148 2168 1350 2210 Respondeo
1373 2169 1414 2200 ad
1437 2168 1611 2201 Maiorem:
1636 2169 1711 2201 Non
1732 2170 1852 2211 indiget
1875 2179 2034 2211 expui-ya-

1064 2214 1164 2251 tione,
1188 2213 1248 2244 sed
1272 2218 1498 2244 consummata
1521 2215 1683 2251 novitate,
1716 2214 1855 2254 puritate
1885 2223 2035 2244 consum-

1063 2263 1158 2287 mata.
1204 2254 1331 2287 Minor:
1364 2255 1436 2286 Nos
1458 2265 1563 2287 sumus
1586 2256 1703 2295 azymt',
1726 2254 1877 2287 videlicet
1900 2256 2034 2297 imputa-

1062 2299 1162 2337 tione,
1173 2299 1318 2330 nondum
1342 2299 1635 2329 consummatione.
1664 2298 1746 2336 Nos,
1771 2308 1967 2339 quamquain
1981 2309 2034 2329 su-

1063 2352 1136 2373 mus
1150 2339 1246 2372 valde
1259 2341 1393 2378 sordidi,
1411 2351 1524 2372 sumus
1538 2342 1679 2372 immersi
1694 2346 1831 2381 peccato
1845 2339 2035 2372 miserabili-

1063 2390 1123 2422 ter,
1135 2394 1200 2415 non
1214 2384 1366 2415 ardemus
1376 2383 1549 2415 dilectione
1561 2383 1635 2421 Dei,
1648 2383 1722 2422 fide,
1739 2394 1816 2424 spe3
1833 2393 1946 2415 sumus
1960 2393 2034 2415 con-

1062 2427 1207 2458 taminati
1219 2425 1328 2458 multis
1342 2427 1468 2458 vitiosis
1482 2426 1665 2464 affectibus,
1688 2432 1795 2457 tamen
1809 2425 1864 2457 illa
1876 2427 2033 2458 immensa

1062 2470 1284 2501 misericordia
1296 2468 1358 2500 Dei
1371 2470 1450 2512 tegit
1461 2476 1593 2501 nostras
1606 2469 1721 2500 sordes
1734 2478 1792 2510 per
1804 2468 1920 2501 filium
1933 2470 2034 2511 impu-

1062 2519 1129 2544 tata
1141 2513 1236 2544 nobis
1249 2513 1382 2549 iustitia,
1406 2518 1532 2552 reputat
1553 2521 1614 2542 nos
1628 2513 1732 2542 iustos
1747 2518 1778 2542 et
1790 2518 1947 2553 acceptos
1959 2522 2033 2554 pro-

1060 2561 1134 2597 pter
1151 2554 1278 2592 Filium,
1306 2565 1345 2585 ac
1370 2555 1396 2585 si
1411 2564 1558 2585 essemus
1580 2555 1689 2585 mundi
1727 2553 1808 2586 Cum
1821 2554 1884 2586 hac
1897 2556 2032 2597 imputa-

1061 2599 1149 2629 tione
1173 2597 1347 2629 coniuncta
1371 2603 1421 2627 est
1444 2596 1610 2628 inchoatio
1628 2595 1738 2638 aliqua
1761 2598 1933 2635 novitati83
1957 2599 2033 2639 quia

1029 2669 1032 2674 ,
1059 2647 1188 2681 oportet
1208 2649 1282 2671 esse
1303 2639 1391 2670 initia
1412 2640 1638 2680 poenitentiae.
1662 2639 1725 2671 Ubi
1738 2646 1815 2672 sunt
1837 2641 1924 2672 initia
1949 2640 2033 2679 fidei,
