2324 2958
163 181 228 214 ⁷79

162 276 222 308 Est
237 277 352 315 aliquis
373 275 543 306 electorum
565 282 732 306 numerus:
763 275 823 305 sed
843 277 914 313 quis
935 277 1006 312 scit,
1035 283 1078 304 cm
1101 277 1135 304 tu

162 321 209 351 eis
231 328 273 349 ea:
294 327 330 349 eo
351 319 508 349 numero?
557 316 619 348 Hic
648 317 750 347 debes
774 317 920 358 cogitare
943 316 1133 357 promissio-

162 371 236 392 nem
259 369 336 392 esse
358 357 590 391 universalem.
639 358 712 390 Non
746 358 849 390 debes
883 359 974 398 prius
1003 358 1043 389 de
1071 356 1134 388 ele-

162 403 271 434 ctione
294 409 347 434 tua
371 402 549 442 disputare,
579 412 673 443 quam
693 401 812 432 credas
835 400 916 432 Filio
939 399 1014 438 Dei,
1048 400 1133 431 sicut

160 450 277 487 postea
311 443 459 486 pluribus
494 444 556 475 erit
588 444 771 475 dicendum.
828 443 980 475 Christus
1015 442 1133 483 iuquit:

169 489 271 519 I‘bm'te
292 489 337 518 ad
357 497 406 519 me
428 497 546 519 omnes.
597 486 704 525 ldem,
738 488 824 517 Deus
850 487 937 517 dit-es
965 486 999 516 in
1027 493 1134 516 ovines

161 533 343 562 invocantes
365 530 478 570 ipsum.
522 527 657 560 Talibus
688 529 944 570 cogitationibus
973 526 1133 558 exuscite-

160 582 232 604 mus
255 582 317 603 nos
340 573 383 603 ud
406 572 665 610 invocationem,
700 577 730 602 et
766 569 964 611 repellamus
1000 569 1132 609 impedi-

159 620 278 647 menta.
333 614 540 652 Statuamus,
573 620 719 646 nostram
751 614 931 645 orationem
960 622 1025 643 non
1060 610 1132 642 sore

160 668 304 690 murmur
326 657 433 689 inane.

244 699 312 732 Sed
335 700 499 741 quomodo
521 699 586 730 hoc
609 699 773 740 congruit:
807 699 880 729 Eric
901 701 1016 738 pastor
1038 706 1132 733 unus,

288 746 319 774 et
342 745 420 775 ovile
442 742 561 774 unum?

245 784 417 823 Videmus,
440 784 546 826 qualis
569 785 610 815 sit
634 784 664 814 iu
688 782 751 814 hac
773 783 840 813 vita
861 780 1028 813 Ecclesia.
1072 780 1134 812 Est

161 839 245 860 unus
255 838 354 860 verus
370 834 485 869 pastor
492 826 663 858 Ecclesiae
677 825 838 857 Christus.
863 824 929 855 Sed
942 833 1039 865 quam
1052 822 1132 854 mul-

161 877 212 903 tae
231 871 344 902 tristes
356 876 432 901 sunt
456 870 685 910 dissipationes
699 874 730 899 et
743 866 944 898 discordiae!
969 865 1132 901 Quantum

160 920 211 945 est
234 919 399 946 sectarum
418 913 551 954 ubique!
575 909 760 949 interillos,
784 911 838 951 qui
852 908 1133 940 vocanturEvan-

161 955 270 999 golici,
294 956 348 998 qui
365 955 485 987 habent
511 954 633 996 aliquid
653 953 736 985 lucis
759 953 800 984 de
819 953 950 992 puriore
970 951 1132 989 doctriua,

160 1005 237 1031 sunt
259 1009 378 1040 magna
407 998 596 1035 certamina,
625 1006 709 1038 quae
731 994 841 1027 multis
865 1000 941 1026 sunt
962 993 1133 1025 scandalo.

161 1041 248 1073 Inter
257 1041 410 1082 Papistas
423 1040 476 1072 alii
489 1047 564 1071 sunt
578 1037 749 1071 manifeste
761 1036 967 1075 idololatrae,
991 1036 1046 1068 alii
1058 1041 1135 1068 sunt

161 1083 323 1126 Epicurei.
368 1083 403 1114 ln
425 1093 567 1121 summa,
602 1082 721 1123 ubique
744 1080 904 1117 locorum,
927 1080 1035 1110 omnia
1058 1084 1135 1110 sunt

160 1126 258 1169 plena
281 1126 520 1160 confusionum.
577 1124 707 1155 Interim
742 1130 850 1154 tamen
881 1123 1038 1153 debemus
1069 1128 1135 1152 sta-

161 1177 270 1207 tuere,
306 1170 393 1211 quod
416 1169 455 1199 sit
491 1166 601 1209 aliqua
623 1166 792 1198 Ecclesia:
826 1167 910 1196 sicut
945 1164 1135 1206 profitemur

162 1214 194 1245 in
213 1211 389 1254 Symboloz
415 1212 518 1244 Credo
539 1211 710 1242 Ecclesiam
725 1210 923 1248 Cathole'cam,
946 1208 1135 1239 Sanctorum

161 1257 418 1288 communionem.

246 1296 343 1328 Hunc
364 1294 550 1334 articulum,
583 1295 716 1337 quando
746 1294 884 1331 recitas,
918 1293 1022 1323 debes
1045 1291 1134 1333 cogi-

163 1347 250 1372 tare:
284 1339 487 1381 Quamquam
511 1344 587 1369 sunt
611 1347 750 1379 magnae
769 1335 994 1372 confusiones,
1028 1341 1135 1365 minen

163 1393 274 1415 verum
298 1388 362 1419 est,
385 1391 462 1413 esse
485 1379 686 1412 Ecclesiam:
721 1379 763 1410 Et
791 1379 820 1409 si
844 1377 908 1409 fide
927 1375 1135 1418 amplecteris

162 1435 285 1467 corpus
309 1425 479 1456 doctrinae
501 1421 691 1464 Evangelii,
718 1428 750 1452 et
773 1431 839 1452 non
867 1420 973 1451 habes
1002 1428 1134 1451 errores

161 1474 276 1501 contra
299 1466 555 1503 fundamentum,
574 1465 678 1497 debes
700 1465 835 1501 sentire,
859 1463 948 1504 quod
967 1463 1015 1493 sis
1038 1471 1136 1492 mem-

161 1512 255 1544 brum
277 1508 458 1543 Ecclesiae.
504 1507 574 1540 Etsi
604 1508 687 1539 enim
719 1516 834 1539 omnes
857 1515 972 1538 sumus
991 1503 1135 1536 imbecil-

161 1553 232 1593 les,
264 1560 296 1585 et
328 1562 507 1595 possumus
540 1551 667 1582 habere
699 1549 822 1591 aliquid
856 1548 994 1582 erroris,
1028 1553 1134 1578 tamen

162 1596 402 1630 discernendae
421 1601 497 1627 sunt
527 1594 611 1625 istae
641 1592 782 1634 stipulae
812 1592 854 1623 ab
883 1600 996 1623 errore
1019 1595 1135 1621 contra

162 1639 417 1672 fundamentum.
473 1636 520 1669 Ita
558 1637 658 1679 igitur
696 1637 729 1667 in
766 1635 830 1666 hac
864 1635 930 1666 vita
964 1632 1136 1665 inchoatur

162 1693 260 1715 unum
285 1681 382 1719 ovile,
405 1681 464 1712 sed
488 1681 572 1711 inter
593 1688 731 1721 magnas
756 1677 980 1709 confusiones.

248 1724 314 1756 lam
353 1725 448 1755 venio
493 1723 534 1754 ad
567 1721 644 1753 illas
684 1720 893 1753 dulcissimas
932 1719 1134 1751 sententias:

168 1769 248 1801 Oves
275 1777 363 1799 meae
397 1776 501 1798 rocem
532 1775 631 1797 meam
654 1765 803 1795 audiunt.-
836 1764 877 1795 Ec
908 1772 999 1794 nemo
1032 1764 1140 1801 rapiet

163 1813 219 1843 etz-'5
240 1820 283 1842 ec
301 1811 449 1842 manibus
471 1812 557 1841 meis.
614 1807 684 1838 Has
709 1807 891 1838 sententias
918 1814 1048 1845 semper
1071 1813 1135 1835 me-

166 1853 353 1885 minerimus
376 1859 405 1883 et
440 1852 614 1893 infigamus
642 1849 765 1881 animis.
820 1847 907 1880 Nihil
942 1846 1135 1888 potest‘dici

164 1897 281 1934 maius,
308 1894 361 1927 vel
396 1893 534 1926 dulcius-
597 1893 680 1925 Sunt
720 1892 901 1924 sententiae
940 1892 1022 1922 istae
1058 1899 1136 1921 vere

166 1940 268 1971 verba
313 1939 410 1969 vitae.
478 1937 511 1967 111
558 1935 613 1967 illa
662 1936 765 1977 prima
816 1935 991 1965 sententia:
1057 1933 1136 1965 Ores·

164 1992 254 2014 meae
276 1991 377 2013 rocem
401 1990 500 2012 meam
523 1981 670 2018 audiunt,
704 1985 755 2009 est
788 1977 937 2008 doctrina
970 1976 1011 2007 de
1034 1974 1135 2016 appii-

165 2025 304 2057 catione.
370 2022 542 2058 Quomodo
588 2022 672 2053 enim
710 2021 936 2062 impertiuntur
976 2018 1135 2050 beneficia

168 2067 241 2099 Filii
265 2066 340 2104 Dei,
362 2076 422 2097 seu
445 2064 610 2106 quomodo
634 2063 793 2095 efficimur
823 2063 1000 2103 participes
1023 2062 1135 2101 ingen-

165 2111 242 2142 tium
266 2109 398 2141 illorum
419 2107 671 2139 beneficiorum?
708 2105 916 2146 Respondet).
952 2103 1136 2140 Audienda,

165 2154 249 2185 sicut
272 2152 325 2184 hic
349 2152 482 2183 dicitur:
518 2151 598 2182 Oves
621 2159 711 2181 meae
733 2150 864 2179 mulum!
897 2157 1000 2179 rocem
1023 2156 1134 2178 metun-

167 2196 307 2238 Oportet
329 2195 442 2226 audire
466 2191 694 2234 Evangelium,
728 2198 758 2222 ct
783 2191 846 2221 tide
869 2191 1082 2231 acquiescere
1106 2190 1135 2219 iu

167 2238 248 2270 Filio
272 2237 346 2275 Dei,
369 2242 550 2268 monstrato
574 2246 632 2276 per
654 2232 879 2274 Evangelium.
930 2233 979 2264 Tu
1003 2233 1030 2262 si
1056 2230 1136 2262 velis

167 2281 301 2316 salvari,
335 2281 437 2311 ‹10th
461 2279 572 2310 audire
596 2275 828 2319 Evangelium:
865 2281 894 2306 et
919 2275 950 2305 iu
974 2285 1013 2306 eo
1037 2285 1136 2315 ugno-

167 2334 263 2356 scere
283 2322 398 2354 Filium
416 2322 490 2359 Dei,
516 2328 545 2352 et
569 2322 600 2351 in
621 2331 660 2351 eo
682 2320 907 2361 acquiescere.
930 2325 959 2348 et
984 2323 1139 2349 statuere.

167 2367 254 2409 quod
268 2372 400 2408 propter
412 2366 517 2406 ipsum
530 2364 701 2394 verissime
714 2361 892 2403 recipiaris.
918 2360 1028 2391 nobes
1041 2360 1136 2390 etium

167 2411 265 2444 acire,
285 2409 372 2450 quod
399 2419 462 2439 non
489 2408 528 2438 sit
550 2417 588 2436 ex
609 2405 790 2447 spectanda
813 2402 875 2434 ulia
894 2402 1137 2434 Entiiusiustica

168 2451 369 2488 illuminatio,
389 2452 428 2481 de
446 2462 455 2479 t
470 2462 509 2481 ua
521 2450 628 2480 dicunt
642 2448 888 2489 Anabnptistac.
909 2445 1136 2477 Debesmnuc-

170 2497 246 2527 rein
260 2495 420 2525 seuit-ntia
435 2493 454 2524 il
472 2504 505 2523 a:
528 2492 621 2523 Reate·
632 2495 696 2531 qui,
708 2501 777 2521 enm
789 2500 850 2521 non
870 2490 1136 2526 m'denl,c1-‹·dum.

255 2538 289 2568 Si
314 2538 386 2578 quis
421 2537 548 2567 ducitur
571 2535 611 2565 ad
636 2532 835 2575 patibulum..
870 2530 1008 2562 libenter
1044 2529 1137 2560 wilci

171 2580 292 2611 habere
315 2579 501 2610 sensibilem
531 2576 766 2608 liberationem.
823 2572 929 2605 Vellet
964 2584 1001 2604 sc
1025 2584 1136 2604 corum

171 2624 281 2654 videre
305 2632 403 2664 posse
429 2621 545 2658 Deum,
572 2627 628 2652 aut
653 2618 766 2651 Filium
790 2617 868 2653 Dei,
898 2623 952 2648 aut
979 2615 1135 2657 Angelos.

796 179 904 212 PHIL.
929 179 1033 212 MEL.
1055 179 1240 213 SCRIPTA
1263 178 1525 213 EXEGETICA.

2093 183 2156 217 78⁰

1185 270 1330 312 Cogitat:
1361 271 1390 302 si
1413 271 1558 304 viderem
1581 271 1699 310 Deum,
1732 282 1840 304 essem
1863 273 1981 305 certior
2003 275 2044 307 de
2065 286 2156 308 rece-

1185 314 1305 354 ptione.
1349 312 1420 345 Etsi
1442 320 1550 346 autem
1572 324 1693 356 magna
1715 321 1768 346 est
1794 314 1852 347 illa
1874 315 1964 348 lucta
1982 317 2014 348 in
2038 319 2155 350 corde:

1184 361 1292 386 tamen
1315 362 1446 396 oportet
1473 366 1547 388 eum
1576 356 1640 387 fide
1669 357 1881 399 acquiescere
1911 360 1941 390 in
1973 359 2056 392 Filio
2079 360 2156 399 Dei,

1185 403 1368 447 monstrato
1391 409 1450 439 per
1461 398 1697 441 Evangelium3
1720 406 1753 432 et
1775 406 1866 432 certo
1885 408 2043 441 statuere,
2067 404 2155 445 quod

1185 446 1227 471 sit
1259 445 1431 481 receptus,
1471 443 1599 473 etiamsi
1639 451 1705 473 non
1737 441 1858 474 habeat
1891 451 2061 476 externum
2096 456 2156 477 seu

1184 481 1314 514 visibile
1336 483 1478 525 signum,
1501 483 1599 525 quale
1622 485 1754 524 expetit.
1789 485 1860 517 Hoc
1883 492 1942 524 est,
1966 488 2052 528 quod
2072 487 2156 519 Pau·

1184 523 1238 555 lus
1260 525 1351 557 dicit:
1384 525 1589 566 Evanyelt'ttm
1623 532 1673 558 est
1695 532 1840 567 potentia
1864 528 1928 560 Dee·
1959 531 2004 561 ud
2023 533 2157 562 salutem

1184 568 1268 598 011ιηὶ
1297 569 1448 600 credenti.
1503 569 1596 600 ltem:
1637 571 1837 609 Ecanycflium
1869 575 1916 603 est
1949 575 2157 604 nu‘nisterium

1184 610 1334 650 Spiritus.
1378 609 1473 642 ltem:
1496 611 1638 652 Spa-itus
1660 613 1802 651 vivificat.

1271 651 1360 683 Haec
1377 653 1423 684 ita
1445 653 1538 692 fiunt,
1571 665 1645 686 cum
1678 655 1827 686 audimus
1860 655 1952 687 Evan
1980 655 2093 695 elium,
2124 664 2157 689 et

1184 693 1249 724 fide
1281 693 1504 735 amplectimur
1537 695 1680 728 oblatam
1721 699 1857 739 gratiam
1895 699 1927 729 in
1993 698 2154 741 vangeliO.

1184 735 1251 767 Sed
1274 735 1339 768 hoc
1361 743 1412 768 est
1434 736 1531 769 valde
1555 737 1697 770 difficile.
1748 740 1873 772 Natura
1902 748 1952 771 est
1982 742 2156 774 admodum

1183 778 1311 810 infirma
1344 785 1378 810 et
1409 778 1593 817 difficulter>
1623 783 1737 813 credit.
1804 782 1960 814 Libenter
1997 782 2157 816 vellemus

1184 830 1299 852 omnes
1322 822 1452 859 videre,
1485 829 1517 854 et
1539 822 1662 855 habere
1683 825 1716 855 in
1751 833 1933 866 conspectu
1957 825 2157 858 consolatio-

1185 874 1257 894 nem
1287 870 1319 895 ct
1348 863 1584 896 liberationem.
1639 866 1705 897 Sed
1738 877 1869 908 semper
1903 869 2157 901 discernendum

1184 912 1235 937 est
1258 907 1342 937 iuter
1371 905 1531 947 duplicem
1558 917 1753 948 processum
1781 912 1998 942 assensionis.

1184 947 1354 989 sophicus,
1386 955 1438 980 est
1460 951 1502 980 ab
1526 951 1724 991 experientia
1752 953 1793 983 ad
1817 952 1923 984 fidem.
1979 953 2158 997 Evangeli-

1185 1001 1244 1023 cus
1267 997 1318 1022 est
1340 1001 1361 1023 a
1387 991 1452 1023 fide
1485 992 1526 1023 ad
1557 993 1799 1034 experientiam.
1855 995 1956 1026 Latro
1989 996 2022 1027 in
2055 1006 2156 1029 cruce

1185 1034 1308 1065 audivit
1330 1033 1566 1076 Evangelium3
1598 1036 1704 1066 credit
1732 1035 1821 1068 hunc
1843 1047 1920 1068 esse
1943 1037 2058 1069 filium
2081 1037 2158 1076 De'u

1185 1082 1355 1117 exspectat
1377 1078 1419 1108 ab
1443 1079 1516 1118 ipso
1541 1077 1812 1111 consolationem.
1846 1079 1893 1111 lta
1914 1080 2043 1111 demum
2061 1081 2160 1112 sentit

1186 1119 1447 1151 consolationem
1471 1119 1546 1151 fide.

2050 910 2159 943 Philo-

1272 1161 1347 1193 Dixi
1370 1162 1453 1194 alias
1476 1163 1517 1194 de
1549 1161 1608 1195 illo
1631 1163 1838 1202 lsenaceusi,
1872 1165 1927 1206 qui
1949 1163 2160 1197 interfecerat

1185 1204 1348 1245 hospitem
1372 1215 1478 1243 suum,
1503 1206 1624 1237 bonum
1646 1215 1770 1238 senem.
1827 1207 1892 1238 lste
1925 1218 1999 1239 cum
2034 1208 2160 1240 videret

1186 1257 1224 1278 se
1247 1257 1313 1279 non
1335 1257 1437 1288 posse
1459 1248 1608 1279 obtinere
1641 1249 1760 1286 vitam,
1794 1256 1931 1290 propter
1953 1251 2160 1283 atrocitatem

1185 1288 1365 1328 facinoris,
1400 1291 1485 1321 sedit
1523 1297 1689 1331 tamquam
1729 1293 1887 1323 attonitus
1929 1298 1998 1323 toto
2039 1293 2158 1325 triduo.

1188 1331 1349 1363 Veniebat
1378 1332 1420 1362 ad
1455 1342 1528 1363 eum
1552 1333 1740 1364 Fridericus
1762 1333 1942 1370 armonius,
1973 1342 2007 1366 ut
2037 1345 2159 1368 conso-

1186 1373 1312 1405 laretur
1333 1384 1418 1405 eum.
1475 1374 1542 1406 Sed
1573 1385 1639 1406 non
1668 1374 1772 1407 voluit
1799 1375 1855 1407 ille
1879 1377 1966 1407 initio
1990 1375 2159 1410 admittere

1187 1415 1445 1448 consolationes.
1500 1416 1645 1448 Tandem
1663 1439 1672 1455 ,
1719 1427 1792 1449 cum
1831 1419 1871 1449 ad
1916 1428 1954 1449 se
1995 1419 2159 1458 rediisset,

1187 1465 1390 1501 conquestus
1424 1465 1492 1497 est,
1533 1470 1629 1501 quam
1668 1459 1792 1491 duriter
1826 1467 1970 1492 tentatus
2004 1459 2161 1494 fuisseta

1189 1500 1342 1540 Diabolo‚
1376 1509 1410 1534 ut
1433 1503 1495 1533 sibi
1519 1502 1580 1543 ipsi
1605 1504 1830 1535 conscisceret
1863 1511 2012 1536 mortem.
2069 1503 2160 1537 Talis

1186 1551 1238 1576 est
1256 1545 1340 1576 enim
1374 1543 1537 1576 homicida
1559 1543 1738 1577 Diabolus:
1773 1547 1904 1578 coniicit
1939 1547 2078 1579 miseros
2101 1548 2161 1580 ho·

1185 1588 1289 1619 mines
1313 1598 1372 1628 per
1395 1586 1525 1619 scelera
1546 1588 1579 1619 in
1599 1588 1773 1620 discrimen
1796 1590 1896 1621 vitae:
1921 1596 2037 1630 postea
2061 1600 2160 1621 cona-

1186 1637 1238 1662 tur
1273 1640 1332 1662 eos
1365 1631 1581 1672 praecipitare
1614 1631 1711 1662 etiam
1751 1632 1782 1662 in
1815 1639 1982 1663 aeteruum
2016 1633 2159 1664 exitium.

1186 1673 1237 1705 De
1267 1673 1320 1705 bis
1354 1674 1588 1705 tentationibus
1621 1681 1840 1714 conquesturi,
1873 1675 1995 1706 audivit
2029 1676 2160 1707 tandem

1187 1714 1449 1748 consolationes:
1483 1715 1524 1748 Et
1558 1726 1631 1748 cum
1667 1717 1894 1758 acquiesceret
1927 1718 2048 1756 iubis,
2082 1728 2160 1750 con-

1186 1757 1297 1791 fessus
1322 1765 1372 1790 est
1394 1768 1432 1790 se
1464 1760 1588 1790 sentire
1611 1757 1780 1791 efficacem
1814 1770 1889 1791 esse
1913 1761 2010 1791 istam
2033 1770 2160 1792 vocem.

1187 1802 1316 1833 Sentire
1350 1811 1387 1832 se
1421 1801 1483 1832 iam
1513 1799 1778 1843 tranquillitatem
1813 1803 1955 1837 animam
1989 1803 2066 1844 quia
2093 1813 2159 1834 non

1186 1845 1310 1876 dubitet
1329 1843 1488 1885 amplius,
1521 1854 1576 1882 se,
1611 1854 1806 1886 quamquam
1830 1846 1982 1876 miserum
2006 1855 2159 1886 peccato—

1185 1897 1266 1927 rem,
1290 1893 1456 1928 receptum
1480 1896 1557 1918 csse
1579 1894 1714 1928 propter
1736 1887 1915 1919 Christum.

1271 1929 1345 1960 Nou
1368 1939 1564 1970 quaeramus
1588 1929 1670 1960 alias
1694 1929 1883 1962 subtiliores
1907 1930 2157 1971 disputationes:

1188 1972 1380 2004 Mancumus
1414 1972 1445 2002 iu
1469 1973 1601 2009 ordine,
1634 1973 1688 2013 qui
1724 1980 1773 2004 est
1804 1975 1899 2004 uobis
1933 1974 2158 2014 praescriptus

1187 2016 1219 2047 iu
1254 2015 1317 2046 hoc
1352 2015 1456 2045 dicto:
1496 2016 1574 2046 Ores
1609 2025 1712 2053 meae,
1749 2026 1853 2047 rocem
1887 2026 1984 2047 meam
2016 2017 2159 2048 musinul-

1189 2057 1359 2089 Debemus
1378 2058 1491 2089 audire
1514 2064 1545 2088 et
1565 2057 1717 2097 amplecti
1742 2057 1806 2089 hoc
1831 2060 1983 2090 verbum:
2014 2069 2079 2090 non
2103 2059 2158 2090 de-

1189 2102 1302 2132 bemus
1337 2110 1521 2141 repugnare
1556 2102 1658 2131 verbo
1733 2100 1979 2142 Amph-cientes
2015 2111 2093 2132 vero
2127 2107 2159 2132 et

1189 2143 1421 2179 assentientes,
1447 2144 1623 2174 sentiemus
1647 2143 1752 2175 Deum
1775 2146 1846 2175 sine
1870 2143 1934 2175 ulla
1959 2144 2159 2175 dubitatione

1189 2196 1264 2217 esse
1289 2184 1456 2216 efficacem
1486 2197 1543 2226 pcr
1567 2185 1630 2217 hoc
1653 2188 1806 2219 verbum:
1841 2188 1916 2229 quia
1939 2187 2159 2218 assentientes

1188 2230 1339 2260 iuvantur
1362 2239 1381 2259 a
1415 2229 1535 2269 Spiritu
1571 2237 1688 2261 sancto
1723 2236 1752 2261 et
1786 2230 2002 2261 vivificantur.
2059 2229 2159 2260 Omit-

1189 2280 1294 2303 tamus
1330 2270 1410 2302 nlius
1446 2272 1709 2313 imaginationes:
1746 2282 1809 2303 11011
1839 2273 2041 2313 cogitemus,
2074 2271 2160 2303 sicut

1189 2315 1316 2351 medici,
1340 2315 1428 2355 prius
1452 2315 1673 2355 experiuntur,
1697 2316 1769 2356 quis
1792 2316 1831 2346 sit
1856 2315 1987 2346 remedii
2010 2313 2158 2351 effectus,

1189 2365 1218 2388 ct
1244 2365 1358 2398 postca
1383 2355 1546 2388 affirmant
1571 2356 1633 2388 hnc
1651 2359 1826 2389 remedium
1847 2357 1912 2388 tale
1936 2356 2058 2398 aliquid
2082 2366 2159 2388 esse

1189 2400 1391 2431 cili-ciurum:
1433 2400 1479 2431 lta
1514 2411 1577 2441 ego
1612 2400 1688 2431 volo
1722 2401 1812 2441 prius
1848 2401 1969 2431 sentire
1999 2397 2159 2431 illustrem

1190 2443 1452 2474 illuminationem
1487 2451 1516 2474 ct
1553 2442 1813 2474 ‹entisolatiunom
1848 2443 2003 2474 ditinum.
2044 2448 2160 2482 postea

1189 2485 1265 2517 volu
1288 2487 1451 2516 assentiri.
1498 2485 1586 2516 111101·
1610 2493 1660 2517 ost
1690 2486 1838 2517 cont-isin
1870 2496 2048 2527 processus
2073 2483 2159 2526 Phy-

1189 2531 1246 2561 sici
1271 2536 1298 2558 vt
1328 2527 1524 2569 litungclici.
1569 2528 1617 2560 Tu
1641 2529 1743 2559 debes
1779 2529 1857 2559 ›rius
1885 2528 2020 2559 credere
2044 2528 2159 2563 verim,

1190 2573 1314 2604 etiamsi
1339 2583 1476 2612 prorsus
1501 2573 1700 2602 contrarium
1726 2540 1872 2602 vitientur
1897 2571 2024 2601 rationi.

1275 2616 1330 2646 stc
1372 2626 1435 2646 11011
1479 2615 1634 2646 debemus
1666 2615 1826 2655 cogitare.
1864 2616 1897 2645 St
1930 2624 1996 2645 eum
2031 2615 2158 2648 ccccm,
