2324 2958
50 167 113 200 237

50 261 134 294 enim
157 260 304 291 nascitur
326 258 498 290 nobiscum
520 256 606 288 haec
628 256 755 293 notitia,
778 262 809 286 et
835 256 863 286 si
886 264 952 286 non
976 264 1027 286 es-

49 310 100 337 set
131 304 219 334 edita
248 312 313 333 vox
343 300 592 342 promissionis,
627 309 692 340 qua
720 298 913 338 recipimur,
947 295 1028 328 nihil

48 347 212 379 sciremus
233 346 275 376 de
298 343 468 375 voluntate
492 343 554 373 Dei
576 342 718 382 propitia
741 351 820 382 erga
843 351 918 377 noS,
948 338 1027 370 nihil

48 390 91 422 de
113 388 309 420 remissione
331 392 556 428 peccatorum,
581 383 661 415 nihil
683 385 724 415 de
748 382 1027 414 reconciliatione.

47 431 246 464 Manendum
275 430 373 472 igitur
402 429 499 460 nobis
530 434 621 458 esset
649 428 681 458 in
711 432 871 467 perpetua
901 425 1028 455 dubita-

48 476 154 512 tione,
178 483 242 505 nec
263 481 439 514 possemus
462 471 571 502 Deum
593 471 769 501 invocare:
799 469 883 499 sicut
907 468 937 498 in
961 466 1028 498 illis

47 517 194 558 impediri
224 516 374 547 videmus
403 514 666 549 invocationem,
699 512 754 553 qui
787 509 1029 552 amplectuntur

47 560 231 592 doctrinam
251 558 462 599 Papisticam,
486 557 527 587 de
546 556 760 586 dubitatione.
794 554 858 589 Qui
877 551 1027 594 profecto

48 609 100 635 est
121 600 288 634 horribilis
311 610 422 637 error,
452 605 484 630 et
512 597 740 630 confusionem
768 596 927 628 infinitam
950 595 1029 627 facit

48 644 262 677 Ethnicorum
285 649 318 675 et
341 641 525 674 Ecclesiae.

135 687 267 718 Ethnici
289 686 396 728 ignari
418 683 686 726 promissionum,
710 683 819 713 sciunt
841 680 964 723 aliquid
989 681 1030 712 de

47 730 142 773 lege,
171 729 230 762 sed
256 728 336 760 nihil
367 734 487 759 norunt
516 727 557 757 de
579 724 773 767 Evangelio.
819 724 951 756 Habent
973 723 1030 755 ali-

48 784 134 816 quos
165 771 291 810 culum,
326 770 410 806 Quia
440 769 493 801 lex
522 768 717 801 naturaliter
746 767 860 806 docet,
895 766 1029 808 aliquod

48 825 170 848 numen
193 825 289 853 esse,
312 814 406 846 cuius
430 812 592 844 beneficio
615 817 735 843 natura
758 816 973 848 sustentetur,
997 815 1030 840 et

47 858 131 890 illud
154 868 231 890 esse
254 856 484 888 invocandum.
527 855 596 886 Sed
621 855 695 896 quia
717 854 871 896 ignorant
890 852 1029 894 promis-

49 903 177 934 sionem
195 900 335 942 grafiae,
359 899 551 930 necessario
571 898 732 935 dubitant,
757 907 798 928 an
817 896 1028 937 recipiantur,

49 950 83 977 et
104 944 333 980 exaudiantur,
354 951 471 973 necne.

136 986 204 1018 Sed
231 984 385 1017 Ecclesia
413 994 480 1015 non
511 984 608 1015 debet
643 990 722 1014 esse
754 983 787 1012 in
815 981 1029 1012 dubitatione.

49 1030 159 1062 Debet
181 1029 296 1061 audire
320 1038 437 1059 vocem
460 1025 652 1068 Evangelii,
682 1036 722 1056 ex
746 1035 811 1066 qua
841 1030 933 1055 certo
965 1029 1030 1053 sta-

48 1078 142 1105 tuere
164 1077 289 1114 potest,
319 1080 382 1102 nos
404 1070 523 1110 recipi,
547 1078 610 1100 nos
633 1068 799 1105 exaudiri,
830 1066 950 1097 remitti
973 1076 1030 1097 no-

48 1116 101 1148 bis
119 1120 271 1156 peccata,
295 1120 325 1145 et
349 1113 479 1145 futuros
497 1121 565 1143 vnos
589 1121 667 1143 esse
688 1110 852 1141 haeredes
875 1115 1032 1140 aeternae

50 1157 298 1190 consuetudinis
328 1167 402 1188 cum
429 1155 521 1193 Deo,
554 1161 586 1185 et
615 1153 683 1184 filio
714 1153 828 1194 ipsius.
875 1151 948 1183 Hoc
979 1158 1031 1182 est

48 1201 263 1243 praecipuum
287 1199 462 1230 discrimen
485 1198 570 1228 inter
588 1196 786 1233 Ecclesiam,
810 1202 841 1226 et
859 1194 1031 1232 Ethnicos,

32 1245 140 1286 ,quod
162 1241 280 1274 tollunt
302 1243 373 1280 isti,
398 1241 452 1282 qui
475 1239 645 1272 stabiliunt
667 1240 788 1280 dogma
811 1239 852 1270 de
870 1243 1031 1280 perpetua

49 1286 261 1319 dubitatione.

136 1328 262 1360 Paulus
292 1327 335 1359 ad
363 1326 458 1357 Rom.
486 1326 520 1356 in
549 1325 771 1366 disputatione
805 1323 846 1355 de
874 1323 1031 1354 iustifica-

50 1373 140 1403 tione
163 1378 280 1402 nostra
304 1379 416 1401 coram
434 1368 522 1405 Deo,
545 1368 752 1408 potissimum
775 1372 871 1407 urget
893 1366 959 1398 hcc
980 1376 1031 1397 ar—

51 1420 258 1457 gumentum,
292 1412 388 1446 Quod
422 1421 487 1441 non
516 1411 657 1451 pendeat
692 1410 815 1440 iustitia
845 1414 959 1439 nostra
990 1418 1031 1439 ex

53 1456 240 1488 conditione
262 1454 367 1496 legis,
395 1452 479 1488 Quia
502 1453 756 1493 promissionem
780 1456 931 1491 oporteat
954 1460 1031 1481 esse

53 1505 175 1531 certam
210 1504 240 1528 et
275 1497 411 1528 firmam.
459 1495 530 1527 Hoc
563 1501 666 1526 totum
701 1493 836 1526 abolent
864 1493 1031 1531 Monachi,

51 1540 292 1583 praecipientes
316 1539 560 1570 dubitationem.

138 1582 205 1612 lam
229 1582 328 1623 igitur
351 1581 452 1612 redeo
474 1581 517 1611 ad
540 1580 635 1617 fines,
657 1586 794 1620 propter
812 1589 896 1620 quos
916 1579 1031 1610 Sacra-

49 1630 161 1657 menta
183 1633 244 1655 seu
266 1624 362 1665 signa
386 1629 463 1654 sunt
493 1623 604 1653 addita
631 1622 853 1663 promissioni.
900 1621 1029 1652 Habent

49 1667 133 1699 haec
156 1666 251 1708 signa
274 1666 438 1708 geminum
461 1675 566 1696 usum.
614 1664 758 1696 Primum
786 1670 821 1695 ut
845 1664 942 1694 nobis
965 1665 1030 1694 sint

50 1711 148 1752 signa
169 1709 350 1741 voluntatis
373 1707 436 1740 Dei
463 1717 543 1749 erga
572 1717 645 1738 nos.
691 1705 921 1748 Principaliter
945 1707 1030 1737 enim

49 1759 127 1785 sunt
154 1750 329 1784 referenda
357 1751 400 1782 ad
428 1750 630 1782 voluntate-m
657 1750 740 1788 Dei,
775 1750 861 1781 sicut
894 1755 927 1780 et
954 1760 1030 1789 pro·

49 1796 164 1828 missio
192 1802 244 1827 est
273 1794 493 1826 testimonium
521 1794 562 1825 de
590 1792 760 1825 voluntate
781 1792 856 1823 Dei.
901 1791 1030 1824 Deinde

49 1845 87 1872 ut
108 1839 173 1870 sint
195 1839 291 1880 signa
314 1837 511 1875 distinctiva,
534 1843 566 1867 et
589 1836 841 1878 congregativa,
863 1840 898 1866 ut
921 1835 965 1866 ita
985 1835 1030 1866 di-

51 1892 135 1921 cam,
153 1882 186 1913 id
204 1887 267 1919 est,
286 1886 321 1912 ut
339 1880 540 1922 distinguant
558 1878 745 1911 Ecclesiam
763 1880 804 1910 ab
824 1877 897 1909 aliis
917 1878 1030 1916 sectis,

51 1931 83 1957 et
113 1925 178 1956 sint
201 1924 298 1955 ‘nervi
328 1923 597 1965 congregationis
625 1921 811 1954 Ecclesiae.
857 1921 920 1952 Hic
945 1931 1029 1953 usus

50 1968 222 2010 signorum
246 1973 295 1998 est
319 1965 490 2007 publicus,
513 1966 598 1997 sicut
620 1964 704 1996 alter
726 1971 778 1996 est
800 1965 965 2006 privatim,
989 1965 1031 1995 de

51 2021 118 2053 quo
141 2017 249 2042 tamen
279 2019 412 2050 semper
441 2009 530 2049 prius
558 2014 608 2039 est
637 2008 868 2050 cogitandum,
899 2007 1030 2048 quotics

51 2062 249 2095 usurpamus
278 2053 509 2087 Sacramenta,
542 2057 598 2082 aut
629 2051 760 2093 quoties
794 2050 958 2092 loquimur
989 2050 1031 2081 de

52 2096 173 2128 finibus
197 2096 497 2128 Sacramentorum.

137 2139 211 2170 Non
235 2139 316 2170 satis
339 2144 390 2169 est
413 2138 539 2168 dicere:
573 2136 676 2178 Signa
705 2137 877 2167 traduntur
904 2141 1030 2167 tantum

52 2183 94 2214 ad
119 2182 380 2218 distinctionem,
410 2187 445 2211 ut
473 2180 663 2211 discernant
686 2179 855 2217 homines,
882 2185 917 2209 ut
945 2177 1030 2210 alius

52 2226 94 2257 ab
117 2224 186 2256 alio
208 2225 317 2265 possit
340 2223 504 2265 dignosci,
527 2223 613 2253 sicut
635 2228 712 2262 toga
734 2222 946 2253 discernebat
965 2221 1031 2252 Ro-

53 2277 169 2299 manos
197 2277 217 2298 a
242 2267 397 2303 Graecis,
428 2266 482 2308 qui
512 2272 605 2296 erant
634 2264 775 2305 palliati,
799 2263 853 2296 vel
876 2265 959 2296 sicut
985 2265 1031 2296 di-

53 2320 152 2342 versa
174 2310 281 2352 figura
306 2307 426 2341 cuculli
455 2315 509 2339 aut
534 2307 636 2339 vestis
665 2308 810 2339 distinxit
834 2307 1030 2339 Monachus.

139 2352 234 2385 Multi
259 2351 431 2384 voluerunt
450 2352 665 2382 Sacramenta
688 2357 813 2382 tantum
836 2361 913 2382 esse
935 2351 1032 2393 signa

53 2396 211 2428 eiusmodi
235 2395 441 2432 distinctiva,
466 2404 550 2435 quac
575 2393 762 2424 discernant
780 2392 965 2425 Ecclesiam
989 2394 1030 2424 ab

53 2438 220 2477 Ethnicis,
253 2437 307 2470 vel
337 2437 411 2469 aliis
441 2437 633 2468 hominibus.
681 2436 748 2468 Sed
782 2437 845 2468 iste
878 2446 945 2468 uon
980 2442 1032 2468 est

53 2481 245 2523 principalis
269 2481 355 2512 finis·

141 2523 270 2555 Primus
293 2530 326 2555 et
354 2521 546 2564 principalis
573 2521 648 2552 finis
677 2526 745 2560 est,
778 2526 812 2552 ut
840 2521 936 2564 signa
965 2521 1031 2553 sint

55 2567 242 2598 testimonia
275 2566 315 2597 de
343 2565 429 2597 Deo.
476 2565 552 2595 ldeo
581 2564 787 2606 Augustinus
811 2570 903 2595 recte
935 2564 1030 2595 dixit:

56 2609 308 2642 Sacramentum
331 2615 381 2640 est
403 2609 541 2639 verbum
562 2606 705 2646 visibile,
726 2607 760 2638 id
783 2612 845 2646 est,
867 2607 1032 2649 significat

735 160 953 194 POSTlLLA
974 157 1373 192 MELANTHONIANA.

1052 385 1055 391 ’
1081 382 1168 411 tione
1191 381 1233 411 ad
1257 376 1407 420 singulos
1430 384 1520 409 recte
1543 384 1685 409 utentes.

1991 154 2056 186 238

1080 258 1112 283 et
1135 250 1332 283 testificatur
1350 251 1453 288 idem,
1485 251 1573 291 quod
1598 256 1717 281 sonant
1739 251 1843 281 verba
1865 249 2057 290 promissio-

1081 296 1142 326 nis.
1193 295 1409 325 Sacramenta
1443 294 1528 323 enim
1562 293 1737 324 subiiciunt
1772 291 1876 324 oculis
1912 292 2057 327 verbum,

1081 337 1169 379 quod
1193 342 1289 367 sonat
1313 336 1343 366 in
1367 336 1519 373 auribus,
1553 342 1585 366 et
1609 335 1827 366 testificantur
1850 335 1890 365 de
1913 332 2057 375 applica-

1732 378 1814 409 Sunt
1844 378 1928 409 enim
1957 378 2058 407 actio-

1082 433 1142 454 nes
1164 423 1371 453 incurrentes
1394 421 1426 451 in
1451 419 1584 458 oculos,
1613 426 1644 451 et
1667 428 1740 451 sunt
1765 420 1944 461 σφραγίὸες,
1973 420 2059 451 sit-ut

1084 464 1206 497 Paulus
1245 465 1340 502 dicit,
1379 463 1594 494 Circumcisio
1637 469 1705 494 erat
1744 465 1880 503 seffllhnn
1918 463 2060 493 institiae

1083 510 1227 549 σφραγὶς,
1259 507 1290 538 id
1314 512 1382 544 est,
1410 506 1488 537 Erat
1513 506 1670 537 Abrahae
1696 506 1915 537 testimonium
1940 504 1992 536 vel
2016 505 2059 535 si-

1082 561 1199 592 gnum,
1234 550 1321 591 quod
1358 555 1449 580 esset
1482 555 1647 590 receptus.
1693 548 1750 579 Sic
1784 549 1908 588 posteri
1942 546 2058 578 fideles

1084 593 1238 625 Abrahae
1260 592 1427 624 habebant
1449 593 1479 622 in
1504 601 1566 623 suo
1589 601 1729 631 corpore
1758 592 1887 632 insigne
1915 592 2059 621 testimo-

1083 638 1187 674 nium,
1222 636 1376 667 divinitus
1404 635 1547 675 positum
1576 634 1607 664 in
1643 640 1733 665 certa
1767 640 1863 675 parte
1897 634 2059 674 corporis,

1083 680 1173 721 quod
1195 689 1273 710 vere
1299 679 1521 719 reciperentur
1550 687 1570 708 a
1595 676 1685 714 Deo,
1715 677 1799 707 sicut
1828 682 1938 707 textus
1970 675 2058 707 clare

1082 723 1161 753 dicit
1191 723 1223 753 iu
1253 719 1362 752 multis
1391 720 1490 752 locis:
1526 720 1594 761 Eyo
1623 729 1679 750 ero
1707 719 1798 750 Deus
1831 728 1948 750 corum.
1994 718 2061 749 lsta

1081 765 1256 806 promissio
1279 764 1413 805 exponit
1434 764 1499 794 hoc
1521 763 1662 805 signum.

1168 817 1226 847 Sic
1248 826 1311 847 nos
1336 816 1494 846 debemus
1519 820 1664 846 statuere
1690 814 1730 844 dc
1752 813 1933 854 Baptismo.

1082 860 1217 891 dicitur:
1247 859 1315 900 Eyo
1338 858 1466 899 baptizo
1489 861 1519 888 te
1540 858 1574 888 in
1596 858 1722 888 uonu'nv
1743 859 1864 896 patris,
1887 860 1916 886 et
1938 855 2008 897 filii,
2033 859 2061 886 el

1081 902 1229 943 »Spiritus
1251 902 1374 939 sancti,
1397 901 1483 932 idem
1507 907 1568 938 est,
1592 911 1633 930 ac
1656 901 1683 930 si
1708 900 1815 930 dicas:
1846 898 2006 930 testificor
2029 906 2062 929 te

1083 946 1184 986 recipi
1217 955 1238 975 a
1275 955 1356 976 vero
1379 943 1453 975 Deo
1487 944 1520 974 in
1550 943 1707 984 gratiam,
1743 942 1797 983 qui
1827 948 1878 973 est
1906 948 2061 972 aeternus

1083 994 1177 1030 pater
1196 987 1329 1019 Domini
1351 987 1456 1017 nostri
1480 986 1554 1018 lesu
1574 986 1709 1022 Christi,
1732 992 1761 1016 et
1788 983 1886 1023 filius,
1911 991 1941 1015 et
1961 984 2063 1025 Spiri-

1083 1038 1136 1063 tus
1161 1037 1315 1066 sanct05‚
1345 1036 1376 1061 et
1399 1029 1500 1070 repri
1524 1036 1556 1060 te
1580 1036 1714 1069 propter
1737 1027 1854 1066 silium,
1883 1034 1914 1058 et
1943 1027 2063 1057 sancti-

1084 1074 1178 1105 ficari
1201 1080 1234 1104 te
1258 1073 1382 1114 Spiritu
1405 1079 1533 1104 sancto.
1580 1071 1675 1102 Hunc
1699 1081 1813 1102 verum
1836 1069 1943 1101 Deum
1968 1071 2063 1101 vicis-

1084 1117 1146 1148 sim
1170 1125 1338 1158 agnosces
1362 1122 1392 1146 et
1417 1115 1602 1146 invocabis.

1170 1167 1282 1208 Saepe
1310 1165 1514 1208 multumque
1543 1166 1704 1197 debemus
1732 1164 1853 1206 singuli
1883 1165 1987 1196 verba
2018 1165 2063 1194 iu·

1085 1211 1260 1242 stitutionis
1282 1209 1442 1250 Baptismi
1466 1209 1570 1240 nostri
1594 1216 1761 1249 repetere,
1790 1214 1821 1239 et
1850 1208 2065 1238 considerare

1084 1254 1233 1295 pondera
1245 1254 1436 1289 verborum,
1453 1262 1537 1293 quae
1549 1258 1625 1282 sunt
1641 1250 1734 1282 valde
1751 1252 1902 1291 insignia.
1927 1250 2065 1290 Buplt'zo

1085 1301 1133 1334 te,
1164 1297 1196 1327 id
1219 1301 1287 1335 est,
1319 1306 1434 1337 mergo
1458 1302 1491 1326 te
1513 1296 1545 1325 in
1575 1305 1712 1335 aquam,
1742 1301 1771 1325 et
1805 1294 1868 1325 hac
1897 1294 2063 1325 mersione

1084 1339 1261 1377 testificor,
1291 1339 1380 1380 quod
1403 1338 1450 1368 sis
1473 1345 1628 1378 receptus
1651 1338 1694 1368 ab
1725 1336 1781 1368 illo
1805 1336 1897 1374 Deo,
1928 1336 1983 1378 qui
2013 1344 2065 1367 est

1084 1389 1189 1424 pater,
1215 1381 1318 1419 filius,
1341 1388 1372 1412 et
1396 1381 1541 1421 Spiritus
1564 1387 1720 1418 sauctuS,
1744 1381 1833 1416 quod
1857 1380 1904 1410 sis
1928 1377 2062 1410 ablutus

1084 1425 1245 1466 sanguine
1269 1423 1325 1455 filii
1343 1423 1417 1461 Dei,
1441 1430 1473 1454 et
1496 1424 1585 1464 quod
1604 1418 1823 1454 sanctificeris
1843 1422 1967 1463 Spiritu
1987 1431 2064 1452 san-

1085 1474 1149 1502 cto,
1173 1473 1205 1498 et
1228 1468 1291 1497 iam
1315 1467 1363 1497 sis
1387 1467 1470 1497 civis
1494 1473 1526 1497 et
1546 1466 1663 1496 haeres
1683 1466 1775 1507 regui
1794 1465 1866 1496 Dei.
1904 1464 2065 1506 Congruit

1084 1510 1170 1541 enim
1198 1510 1361 1540 sententia
1392 1520 1465 1540 cum
1496 1509 1718 1549 promissione
1747 1509 1867 1539 tradita
1889 1507 2062 1538 Abrahae:

1084 1553 1152 1593 Eyo
1174 1562 1231 1583 ero
1253 1551 1345 1583 Deus
1367 1561 1493 1589 torum,
1524 1552 1578 1593 qui
1600 1558 1677 1583 sunt
1702 1551 1906 1588 circumcisi,
1936 1556 1969 1581 et
1997 1550 2064 1581 tide

1083 1594 1327 1636 amplectuntur
1350 1593 1437 1625 hanc
1459 1595 1720 1635 promissionem.

1170 1645 1252 1677 Cum
1271 1645 1324 1676 hic
1342 1645 1532 1686 principalis
1553 1645 1627 1676 finis
1647 1645 1847 1677 constitutus
1864 1650 1927 1682 est,
1945 1650 2065 1685 postea

1083 1689 1294 1730 cogitandum
1317 1695 1380 1725 est,
1405 1689 1493 1729 quod
1517 1688 1735 1719 Sacramenta
1758 1689 1824 1719 sint
1846 1688 1944 1719 etiam
1967 1688 2065 1728 signa

1083 1732 1271 1763 distinctiva
1294 1738 1326 1762 et
1349 1729 1536 1769 collectiva,
1559 1741 1645 1772 quae
1669 1731 1859 1762 discernunt
1877 1728 2065 1761 Ecclesiam

1082 1776 1124 1806 ab
1147 1773 1221 1805 aliis
1244 1772 1449 1812 hominibus,
1475 1780 1508 1805 et
1529 1772 1620 1805 illam
1644 1773 1820 1815 colligunt,
1850 1772 1934 1808 Quia
1958 1772 2065 1813 plera-

1083 1828 1147 1859 que
1170 1822 1248 1848 sunt
1275 1817 1369 1848 nervi
1397 1815 1550 1858 publicae
1580 1817 1866 1859 congregationis,
1901 1816 1986 1847 sicut
2015 1821 2066 1847 est

1083 1861 1198 1892 Coena
1220 1859 1363 1891 Domini.

1168 1911 1231 1942 Hic
1253 1921 1371 1942 rursus
1393 1917 1446 1943 est
1469 1911 1638 1953 quaestio:
1674 1910 1785 1946 Quare
1810 1911 1948 1942 instituit
1969 1909 2065 1942 Deus

1084 1964 1292 1996 congressus
1326 1953 1500 1995 publicos?
1535 1954 1619 1989 Quia
1649 1953 1719 1985 vult
1749 1954 1892 1985 eminere
1926 1959 1959 1984 et
1987 1963 2065 1985 con-

1083 1999 1167 2039 spici
1191 1996 1376 2028 Ecclesiam
1406 1998 1557 2028 omnibus
1586 1997 1802 2038 temporibus,
1846 1997 1921 2028 Non
1944 1995 2066 2037 loquor

1083 2042 1146 2072 iam
1175 2041 1216 2072 de
1239 2039 1392 2071 Ecclesia
1419 2040 1551 2072 ludaica
1579 2046 1721 2077 tantum,
1752 2040 1813 2071 sed
1841 2040 1882 2070 de
1909 2038 2066 2070 Ecclesia

1980 812 2062 844 Cum

1084 2084 1226 2115 omnium
1245 2090 1440 2124 temporum.
1486 2084 1624 2122 Semper
1646 2081 1778 2114 fuerunt
1805 2089 1837 2114 et.
1860 2091 2064 2123 congressus

1083 2126 1222 2168 publici,
1247 2133 1279 2157 et
1303 2126 1418 2167 signa,
1441 2136 1528 2167 quae
1551 2124 1683 2157 suerunt
1706 2126 1799 2156 nervi
1823 2135 2064 2165 congressuum

1084 2169 1215 2201 illorum
1238 2168 1453 2210 publicorum.
1500 2169 1574 2200 Non
1598 2167 1705 2199 solum
1729 2169 1817 2210 apud
1841 2168 1980 2199 ludaeos
2012 2177 2064 2198 sa-

1085 2213 1208 2244 crificia
1232 2213 1355 2243 fiebant
1376 2212 1410 2242 in
1433 2210 1574 2252 publicis
1598 2213 1856 2253 congressibus:
1884 2211 1943 2242 sed
1968 2211 2065 2242 etiam

1084 2257 1118 2287 in
1140 2254 1292 2286 Ecclesia
1316 2255 1394 2286 novi
1416 2254 1636 2293 Testamenti,
1665 2255 1794 2295 quoties
1823 2253 2065 2285 conveniebant

1056 2310 1061 2336 2
1086 2297 1239 2340 Apostoli
1263 2305 1295 2329 et
1317 2308 1432 2329 eorum
1455 2304 1588 2335 coetus,
1621 2297 1846 2328 administrata
1876 2295 1935 2328 fuit
1958 2306 2065 2328 coena

1085 2341 1228 2373 Domini.

1171 2391 1271 2423 Tales
1303 2401 1426 2423 nervos
1457 2391 1723 2434 congregationis
1754 2389 1822 2422 wlt
1850 2389 1945 2422 Deus
1975 2400 2063 2429 esse,

1057 2441 1061 2454 ¹
1084 2443 1120 2468 ut
1143 2437 1176 2467 in
1200 2435 1363 2467 communi
1386 2442 1550 2466 conventu
1577 2436 1768 2466 invocemus
1793 2444 1884 2472 eum,
1914 2440 1945 2465 et
1968 2432 2064 2465 simul

1085 2481 1277 2517 doceamur,
1301 2484 1333 2509 et
1355 2476 1463 2518 palam
1487 2484 1656 2513 testemur,
1681 2477 1767 2518 quod
1791 2477 1894 2508 simus
1917 2477 2064 2508 membra

1084 2521 1267 2553 Ecclesiae.
1313 2521 1419 2562 lpsam
1454 2531 1534 2551 vero
1565 2518 1750 2550 Ecclesiam
1784 2517 1853 2551 vult
1886 2530 1945 2561 per
1979 2519 2063 2550 tales

1086 2570 1270 2597 conventus
1300 2571 1332 2595 et
1361 2562 1642 2605 congregationes
1670 2560 1822 2603 publicas
1850 2563 1998 2604 conspici
2031 2568 2066 2594 et

1086 2608 1234 2640 exaudiri
1255 2607 1289 2638 in
1311 2612 1382 2637 toto
1406 2615 1530 2647 genere
1552 2604 1704 2637 humano.
