2324 2958
232 184 294 217 155

843 180 954 213 PHIL.
976 179 1079 213 MEL.
1102 178 1289 213 SCRIPTA
1311 176 1574 210 EXEGETICA.

2173 181 2237 214 156

314 275 382 308 Cor
413 285 495 317 ergo
529 275 654 316 regitur
690 274 848 317 regimine
881 273 1040 313 Pontico,
1073 274 1107 305 id
1139 278 1203 311 est,
1225 270 1387 311 {Domini
1420 271 1606 304 habuerunt
1637 273 1767 304 somnia
1800 281 1863 304 sua
1880 272 1924 304 de
1952 273 2115 306 suavitate
2135 274 2234 308 huius

227 316 409 352 suadendo.
454 317 674 349 Locomotiva
691 316 786 349 herili
808 317 946 359 imperio
968 318 1105 359 regitur,
1127 315 1203 357 quia
1225 317 1230 350 ἰ
1253 314 1352 352 vitae,
1374 319 1408 346 et
1427 323 1533 356 regno
1554 313 1692 356 politico
1715 313 1872 346 Messiae.
1918 314 2011 346 Haec
2034 318 2165 349 somnia
2181 328 2233 351 re·

227 368 364 394 externa
386 361 534 391 membra
550 366 692 401 possunt
714 360 800 402 cogi,
823 366 860 391 ut
871 360 936 391 huc
958 366 1014 391 aut
1036 357 1115 390 illuc
1133 366 1203 388 mo·

226 410 376 436 veantur.
401 402 541 434 Possum
564 408 715 435 avertere
737 401 867 440 oculos,
889 413 931 434 ne
953 402 1095 433 videant.
1119 399 1202 431 Pos-

226 457 299 479 sum
322 446 418 477 etiarn
441 446 475 476 in
496 445 550 476 siti
572 446 739 477 abstinere
759 455 780 477 a
801 451 892 486 potu.
937 445 1078 475 Possum
1100 443 1202 483 impe-

226 499 300 521 rare
323 488 486 526 manibus,
507 497 550 519 ne
571 485 694 520 saciant
713 487 846 526 furtum,
869 493 925 519 aut
947 497 988 518 ne
1000 485 1131 527 plagam
1154 485 1202 515 in-

225 530 335 563 serant
356 530 464 561 alteri.
529 529 584 562 De
604 530 670 563 hoc
692 540 774 573 ergo
797 530 954 571 regimine
981 527 1201 559 locomotivae

225 573 370 616 loquitur
387 572 552 611 Christus,
575 584 650 605 cum
672 574 790 614 inquit:
818 573 974 611 Cinyebas
995 576 1035 602 te.

226 623 290 650 test
314 616 399 648 ratio
421 615 584 648 naturalis
606 617 671 648 hoc
693 616 839 657 regimen
862 620 1044 655 praestare.
1111 610 1201 643 Nihil

226 666 290 697 est,
312 659 340 690 si
364 659 473 690 dicas:
497 658 571 701 Ego
594 669 660 690 non
672 668 810 700 possum
831 657 998 688 abstinere
1015 656 1058 686 ab
1080 654 1148 687 hoc
1169 659 1202 686 et

224 700 283 734 illo
307 701 441 733 delicto.
485 701 552 733 lmo
573 701 665 733 Deus
689 699 817 742 reliquit
846 699 932 730 hanc
960 697 1145 729 libertatem
1168 697 1201 729 in

224 745 370 782 homine,
392 750 427 775 ut
444 745 552 786 possit
575 742 707 775 frenare
729 749 867 774 externa
888 742 1044 772 membra.

313 787 516 818 Gubernatio
540 787 652 819 cordis
673 787 808 817 interior
831 790 881 815 est
906 782 1113 825 languidior,
1142 783 1202 814 sed

224 829 445 862 looomotivae
473 830 576 861 rectio
610 829 716 870 magis
750 834 800 859 est
831 828 862 858 in
886 832 1001 858 nostra
1023 830 1202 867 potestate,

225 879 259 905 et
279 872 367 904 hanc
389 871 491 904 voluit
513 871 606 903 Deus
630 872 662 902 in
685 871 781 902 nobis
805 879 894 907 esse,
918 874 953 899 ut
975 866 1085 910 aliquo
1104 868 1202 900 modo

225 916 410 958 cogitemus
434 915 609 946 discrimen
633 914 717 945 inter
745 911 930 943 libertatem
952 916 985 942 et
1013 921 1080 942 non
1104 909 1202 942 liber·

225 965 325 991 tatem
347 968 408 989 seu
437 958 672 998 captivitatem:
706 962 737 987 et
770 961 807 986 ut
839 952 1061 995 intelligamus
1094 954 1202 994 ipsum

224 1001 332 1033 Deum
356 1010 433 1032 esse
455 1000 633 1031 essentiam
657 997 808 1030 liberam:
842 1002 874 1028 et
906 1003 943 1028 ut
976 996 1121 1028 societas
1144 996 1202 1028 hu-

224 1053 322 1076 mana
344 1044 451 1084 possit
476 1042 666 1074 conservari
690 1051 749 1082 per
771 1040 918 1071 ordinem
942 1038 1146 1080 disciplinae.

311 1085 440 1129 Singuli
459 1096 540 1126 ergo
562 1084 662 1115 anniti
686 1084 817 1121 debent,
850 1088 887 1113 ut
916 1081 1202 1114 exerceant-hanc

223 1128 407 1162 libertatem
430 1138 489 1160 seu
512 1126 700 1158 facultatem
724 1125 874 1157 frenandi
897 1130 1054 1157 externos
1077 1134 1200 1156 mores.

222 1172 276 1205 Ac
298 1181 373 1209 nos,
396 1173 450 1213 qui
474 1180 586 1202 sumus
609 1171 640 1200 in
665 1167 829 1206 Ecclesia,
853 1166 949 1200 simul
971 1168 1130 1199 debemus
1154 1168 1202 1199 in-

223 1225 347 1247 vocare
369 1214 486 1252 Deum,
510 1220 539 1245 et
563 1219 686 1254 petere,
704 1218 737 1243 ut
760 1213 832 1253 ipse
861 1221 924 1243 nos
954 1217 1048 1253 regat
1076 1210 1201 1253 Spiritu

224 1264 363 1295 sancto,
394 1267 458 1288 non
482 1263 604 1288 tantum
627 1254 708 1286 foris
733 1255 766 1286 in
789 1254 992 1295 praestanda
1014 1253 1200 1292 disciplina,

223 1301 283 1333 sed
309 1301 404 1332 etiam
423 1301 510 1331 intus
533 1299 564 1330 in
583 1298 753 1330 affectibus
770 1297 1002 1338 reprimendis,
1023 1297 1111 1329 sicut
1133 1296 1201 1328 cla-

223 1350 289 1375 mat
313 1342 484 1374 Psahnus:
517 1344 579 1374 (sor
601 1342 750 1373 mundum
780 1350 857 1372 crea
879 1343 912 1372 in
935 1350 986 1372 me
1008 1341 1104 1372 Deus.
1150 1338 1200 1370 llli

222 1388 277 1428 qui
301 1394 376 1418 sunt
400 1386 520 1421 sancti,
544 1391 575 1415 et
599 1385 794 1416 adiuvantur
816 1382 971 1424 aSpiritu
994 1390 1125 1421 sancto,
1149 1382 1199 1414 fir-

221 1429 308 1461 mius
340 1434 511 1470 praestant
544 1426 759 1468 disciplinam,
790 1432 824 1458 et
857 1427 1003 1459 sentiunt
1032 1427 1063 1457 in
1099 1426 1200 1458 eorde

221 1473 295 1514 ipso
314 1478 422 1503 motus
441 1469 638 1514 spirituales.

307 1514 434 1556 Estque
456 1513 523 1545 hoc
539 1523 693 1556 magnum
711 1512 773 1543 Dei
793 1512 1001 1550 beneficium,
1021 1512 1110 1553 quod
1128 1509 1200 1543 vult

220 1557 408 1590 Ecclesiam
438 1566 513 1588 esse
543 1554 739 1588 domicilium
763 1556 905 1597 Spiritus
930 1557 1050 1596 sancti,
1085 1560 1118 1586 et
1140 1565 1200 1595 per

220 1601 310 1632 hunc
332 1599 402 1632 vult
425 1601 455 1631 in
479 1601 576 1631 nobis
598 1599 757 1631 habitare.
824 1598 896 1630 Hae
925 1599 1084 1629 immonsa
1107 1597 1200 1630 boni-

221 1650 288 1675 tate
310 1643 373 1675 Dei
397 1644 578 1675 excitemus
601 1651 675 1679 nos,
700 1648 733 1673 ut
756 1641 884 1673 frenum
908 1642 1005 1672 nobis
1028 1641 1109 1682 ipsis
1131 1641 1199 1671 inii-

222 1687 359 1724 ciamus,
385 1685 450 1723 vel,
474 1692 507 1717 ut
531 1685 683 1717 Christus
707 1685 758 1717 hic
787 1684 951 1727 loquitur,
985 1685 1198 1726 accingamus

220 1739 296 1767 1105,
320 1736 352 1760 et
375 1727 578 1761 ambulemus
601 1739 665 1760 non
690 1735 723 1759 ut
745 1727 836 1766 fatui,
867 1728 927 1759 scd
957 1727 1104 1769 ἀκριβῶς,
1135 1727 1199 1759 ‘mit

222 1772 338 1815 groft'cm
361 1774 440 1809 eruit,
472 1779 503 1802 ut
529 1772 705 1813 sapientes,
741 1778 775 1803 ut
799 1769 922 1802 Paulus
939 1771 1110 1813 praecipit,
1140 1780 1198 1801 no-

218 1816 349 1847 minans
383 1814 503 1846 fatuos:
527 1816 580 1856 qui
605 1825 710 1856 neque
734 1815 1078 1855 circumspectionem,
1109 1813 1199 1844 adhi-

219 1859 296 1890 bent
330 1859 362 1888 in
397 1857 527 1889 delectu
561 1867 685 1896 rernm,
719 1869 781 1890 nec
815 1857 930 1889 volunt
964 1857 1197 1898 cupiditatibus

218 1902 289 1933 suis
313 1900 442 1936 fretum
466 1901 608 1932 iniicere.

436 2066 498 2105 De
531 2081 646 2106 cruce
680 2075 721 2105 ct
752 2067 971 2106 tolerantia.

304 2157 500 2198 Quanquam
534 2162 640 2188 nutem
675 2158 706 2187 in
741 2158 865 2188 renatis
899 2156 1070 2200 diligentia

1080 568 1122 600 Et
1143 578 1205 609 po·

1253 354 1337 387 futat
1358 354 1414 389 hic
1435 356 1598 389 Dominus
1622 357 1795 400 inquiens:
1818 358 1908 389 Alius
1929 361 1961 390 te
1981 360 2103 398 liqabit,
2136 361 2233 402 quasi

1254 398 1359 430 dicat:
1381 398 1535 432 Ecclesia
1547 406 1599 432 est
1610 401 1762 433 subiecta
1781 400 1884 438 cruci,
1908 410 1949 431 ac
1959 402 2157 442 praesertim
2174 402 2232 445 illi,

1252 442 1308 483 qui
1344 442 1468 475 docent
1500 448 1534 475 et
1554 442 1736 486 funguntur
1759 442 1959 474 Ministerio:
1989 445 2110 486 quibus
2133 446 2232 478 etiam

1252 483 1381 516 Moises
1403 485 1435 517 in
1459 486 1689 518 benedictione
1707 486 1814 517 tribus
1836 485 1932 524 Levi,
1955 497 2090 519 crucem
2111 487 2144 519 in
2167 489 2233 530 pri·

1252 528 1314 558 mis
1348 529 1520 570 praedicit,
1555 539 1630 561 cum
1662 527 1762 561 Deut.
1786 527 1838 560 33.
1873 529 1924 560 sic
1957 529 2114 562 describit
2141 531 2233 563 mini-

1252 575 1357 602 strum
1379 570 1572 603 Ecclesiae:
1610 573 1670 610 Qui
1691 573 1769 604 dicit
1791 574 1886 612 patri
1901 580 1960 604 suo
1981 577 2015 604 et
2034 577 2134 605 matri
2152 584 2232 606 suae

1252 617 1285 645 ee
1302 615 1430 652 filiabus
1450 618 1529 653 suis,
1551 618 1658 647 nescio
1679 625 1744 651 roe,
1764 619 1798 647 et
1817 624 1898 654 quae
1919 621 2104 655 semmntnr.

1338 655 1400 687 Est
1423 657 1602 698 descriptio
1623 656 1722 689 valde
1746 657 1928 695 pathetica,
1948 664 2079 699 sumpta
2107 669 2128 690 a
2145 669 2234 691 sum-

1253 708 1306 730 mo
1330 698 1463 736 affectu,
1486 700 1542 741 qui
1569 699 1719 731 homines
1747 701 1889 732 maxime
1920 700 2080 742 frangere
2113 707 2234 742 potest.

1253 740 1493 773 Mawnifaciunt
1526 742 1677 774 homines
1711 743 1842 775 honesti
1875 749 2031 783 parentes
2066 754 2159 783 suoS,
2194 755 2236 777 ac

1254 795 1308 815 mu
1323 785 1345 815 ti
1369 785 1550 816 retinentur
1572 791 1744 827 parentum
1767 786 1908 824 iudiciis,
1932 796 1973 818 ne
1985 788 2129 819 subeant
2150 788 2235 829 peri-

1255 825 1331 858 cula
1364 827 1397 858 in
1421 826 1650 860 confessione:
1685 827 1779 860 Multi
1803 829 2016 860 miseratione
2039 830 2234 872 coniugum:

1254 868 1322 901 Sed
1344 868 1448 901 multo
1466 869 1582 910 plures
1604 880 1718 902 amore
1750 870 1892 903 filiorum
1925 872 2119 911 retinentur,
2149 872 2235 908 Quia

1253 911 1308 944 hic
1342 911 1483 944 affectus
1506 923 1588 954 erga
1610 913 1763 945 sobolem
1793 920 1846 945 est
1868 915 1989 953 maior,
2023 925 2122 957 quam
2143 914 2235 948 ullus

1252 953 1350 986 alius.
1400 955 1478 987 Ideo
1511 956 1686 987 turbantur
1718 955 1847 998 plurimi
1875 957 1928 988 his
1959 959 2235 1000 cogitationibus:

1252 997 1357 1029 habes
1380 999 1522 1030 miseros
1544 996 1738 1037 infantulos,
1762 1005 1894 1031 teneras
1918 999 2056 1032 filiolas:
2080 1002 2111 1033 Si
2131 999 2236 1033 fueris

1251 1039 1423 1081 expulsus,
1447 1047 1504 1073 aut
1527 1047 1654 1082 captus,
1674 1042 1751 1083 quid
1775 1041 1830 1074 fiet
1853 1043 1894 1074 de
1917 1041 2005 1074 illis?
2027 1054 2070 1075 an
2090 1053 2156 1075 non
2179 1045 2237 1076 mi-

1252 1084 1319 1115 seri
1342 1083 1481 1125 orphani
1506 1084 1626 1116 erunt?

1338 1126 1430 1158 Haec
1454 1133 1485 1159 et
1507 1125 1625 1158 similia
1648 1127 1795 1158 intuetur
1816 1127 1954 1159 Moises.

1338 1169 1416 1201 ideo
1439 1175 1475 1201 ut
1497 1171 1631 1211 sapiens
1655 1175 1769 1202 orator
1791 1171 1954 1203 eiusmodi
1977 1171 2089 1203 verbis
2108 1172 2155 1203 uti
2179 1181 2236 1203 vo-

1251 1211 1323 1251 luit,
1345 1213 1378 1244 in
1403 1214 1522 1254 quibus
1547 1219 1598 1245 est
1620 1213 1723 1248 πάθος
1747 1211 1845 1244 valde
1867 1223 1968 1245 acre:
2007 1216 2068 1252 Qui
2093 1215 2173 1246 ditm
2192 1216 2233 1247 de

1246 1260 1345 1296 patre
1366 1266 1441 1288 suo:
1464 1266 1528 1288 non
1550 1257 1690 1297 respicio
1712 1266 1793 1292 eum,
1817 1258 1879 1294 Qui
1899 1267 1963 1289 mm
1984 1261 2132 1297 aqnoocit
2148 1259 2234 1297 filios

1251 1309 1336 1339 suo-5,
1359 1303 1419 1330 etc.

1336 1340 1446 1383 Magis
1468 1348 1577 1373 autem
1599 1339 1790 1374 afficiuntur
1810 1341 1962 1374 homines
1975 1341 2232 1381 calamitatibus,

1251 1394 1326 1416 cum
1348 1385 1507 1425 incipiunt
1530 1394 1721 1422 senescere,
1755 1391 1788 1416 et
1820 1390 1928 1417 tamen
1950 1384 2060 1417 multis
2090 1386 2156 1418 hoc
2177 1396 2234 1418 ac-

1251 1427 1340 1465 cidit,
1374 1433 1409 1458 ut
1438 1428 1469 1458 in
1490 1433 1626 1459 senecta
1653 1428 1862 1468 potissimum
1886 1428 2099 1469 experiantur
2115 1430 2233 1461 adver-

1251 1471 1368 1502 sitates
1391 1479 1490 1501 suas:
1526 1469 1623 1501 Unde
1658 1470 1798 1501 dicitur:
1837 1470 1927 1502 Time
1951 1477 2128 1511 senectam,
2158 1475 2233 1512 quia

1251 1523 1315 1545 non
1338 1516 1423 1545 reni!
1442 1515 1522 1545 sola.
1568 1512 1723 1544 Iuventus
1742 1511 1873 1545 facilius
1896 1513 1958 1545 sert
1982 1524 2037 1545 res
2060 1515 2233 1552 adversas,

1251 1555 1305 1588 vel
1328 1557 1414 1598 quia*
1427 1556 1530 1587 maior
1548 1556 1579 1587 in
1604 1565 1644 1587 ea
1677 1556 1774 1597 vigor
1807 1564 1856 1586 est
1881 1557 1977 1587 animi
2005 1563 2037 1587 et
2067 1558 2231 1597 corporis,

1251 1598 1305 1631 vel
1329 1599 1406 1641 quia
1428 1604 1564 1640 propter
1586 1597 1821 1640 negligentiam
1846 1599 1951 1630 minus
1975 1606 2068 1629 curat
2087 1599 2231 1640 negotiu,

1251 1644 1342 1674 iuxta
1375 1642 1495 1673 (lictum
1530 1640 1716 1683 Euripidis:
1751 1641 1800 1671 »ἐὰ
1829 1641 1886 1680 γιέρ
1915 1645 2037 1682 φροντὶς
2070 1641 2172 1680 ἀλγεῖν
2195 1641 2231 1672 οὐ

1251 1688 1349 1727 φιλεῖς
1383 1684 1508 1717 Contra
1541 1694 1622 1715 vero
1645 1693 1745 1715 senes
1774 1683 1940 1715 difficilius
1970 1683 2058 1715 serre
2078 1690 2232 1726 possunt,

1252 1738 1337 1771 quae
1359 1728 1525 1764 accidunt,
1550 1727 1626 1768 quia
1649 1727 1814 1758 decrescit
1836 1728 1867 1758 in
1895 1728 1942 1758 eis
1973 1727 2079 1769 vigor.
2123 1727 2232 1759 Maior

1251 1777 1302 1803 est
1326 1772 1357 1802 in
1382 1771 1430 1802 eis
1453 1768 1672 1801 imbecillitas.
1740 1770 1847 1810 Magis
1880 1771 1975 1801 etiam
2000 1771 2233 1802 excruciantur

1250 1814 1341 1846 curis
1363 1819 1501 1855 propter
1522 1814 1709 1854 praesentia
1733 1819 1788 1843 aut
1818 1813 2037 1853 impendentia
2063 1812 2167 1844 mala:
2190 1812 2231 1844 Et

1250 1867 1352 1898 saepe
1375 1863 1483 1888 autem
1507 1866 1562 1887 res
1585 1857 1678 1896 ipsae
1702 1855 1861 1886 eiusmodi
1885 1863 1973 1893 sunt,
2003 1862 2037 1887 ut
2061 1857 2100 1887 iis
2123 1855 2231 1898 magis

1248 1905 1454 1937 moveantur,
1477 1904 1510 1930 et
1528 1899 1757 1930 excrucientur
1779 1908 1890 1930 seneS.

1335 1942 1503 1974 Isocrates
1521 1943 1640 1983 inquit:
1666 1940 1766 1982 ὥςπερ
1789 1945 1818 1972 ἐν
1841 1942 1966 1981 lmine-310
1989 1946 2116 1979 σκέπης,
2140 1939 2232 1977 οὕτως

1249 1989 1278 2017 ἐν
1300 1986 1378 2030 γηρᾷ
1400 1985 1449 2016 δεῖ
1467 1985 1613 2021 dimam:
1637 1989 1720 2016 sicu!
1744 1989 1777 2016 in
1799 1989 1988 2025 tempestate
2015 1995 2095 2025 opus
2117 1989 2167 2016 est
2186 1989 2230 2016 te-

1247 2033 1416 2069 qumenio:
1451 2029 1503 2060 Se'c
1537 2032 1569 2059 in
1604 2033 1732 2060 senecta
1754 2038 1835 2068 opus
1857 2033 1908 2059 es!
1927 2031 2031 2059 anv'nn'
2051 2027 2230 2068 tranquilli,-

1220 2101 1223 2120 ι
1249 2077 1320 2107 lale.
1344 2072 1376 2103 id
1400 2078 1463 2108 est,
1485 2077 1518 2102 ut
1545 2082 1608 2101 non
1633 2072 1686 2103 sit.
1711 2071 1799 2112 quod
1824 2071 1988 2102 excruciet
2009 2071 2171 2102 animum:
2195 2077 2230 2102 ut

1220 2121 1223 2134 ¹
1249 2121 1326 2146 sunt
1349 2125 1461 2146 curae.
1486 2121 1515 2145 et
1542 2124 1664 2145 causae
1685 2121 1845 2145 curatum.

1104 2166 1196 2198 prae·
1219 2138 1223 2191 Ι

217 2201 325 2231 standi
349 2201 555 2241 disciplinam
578 2206 630 2231 est
654 2199 762 2231 cultus
786 2199 860 2237 Dei,
884 2207 914 2232 et
937 2200 1038 2232 habet
1051 2200 1198 2242 praemia
1220 2199 1224 2250 Ι

1334 2157 1400 2188 lsta
1424 2158 1584 2198 pertinent
1609 2157 1650 2188 ad
1674 2157 1927 2197 descriptionem
1962 2163 2118 2194 naturae,
2152 2165 2230 2197 qua-

1249 2200 1313 2232 lem
1337 2201 1521 2242 experimur
1544 2210 1620 2231 esse
1644 2201 1675 2231 in
1706 2199 1902 2231 hominibus.
1971 2199 2031 2229 Est
2065 2198 2153 2231 aliud
2184 2199 2228 2229 di·

2149 2241 2157 2249 t

217 2253 293 2281 sua,
315 2251 423 2275 tamen
445 2241 556 2274 adhuc
578 2243 734 2274 maiorem
758 2244 946 2284 sapientium
972 2243 1198 2284 complectitur
1220 2259 1224 2291 1
1251 2252 1337 2276 ctum
1361 2244 1402 2275 de
1424 2245 1560 2275 senibus
1591 2244 1678 2284 apud
1701 2242 1945 2285 Thucydidem:
1968 2241 2064 2283 τροφή
2087 2253 2118 2281 γε
2141 2253 2230 2272 οντων

218 2286 384 2324 Christus,
408 2297 505 2328 quam
529 2296 594 2317 non
619 2284 769 2327 intelligit
794 2287 892 2323 ratio,
928 2297 1001 2318 curn
1026 2288 1066 2318 de
1089 2285 1198 2317 ultera
1221 2293 1224 2312 ³
1250 2288 1332 2326 ron-j,
1366 2287 1399 2317 id
1423 2293 1484 2323 est,
1516 2288 1702 2317 ,ilimenmm
1726 2291 1777 2318 est
1796 2287 1935 2320 senibus,
1968 2287 2079 2316 houm.
2120 2254 2229 2316 l'luri-

218 2330 367 2361 cinctura
400 2329 519 2371 inquit:
549 2329 637 2361 Alius
668 2333 700 2361 Ie
727 2330 841 2368 einans,
872 2335 903 2360 (vl
932 2331 1026 2361 dure!
1055 2341 1114 2370 qno
1133 2339 1197 2361 mm

216 2377 274 2405 vis.
322 2372 434 2403 Monet
458 2372 554 2411 enim,
577 2370 761 2404 Ecclesiam
784 2373 965 2403 subiectam
989 2383 1065 2403 esse
1095 2373 1197 2406 eruci.

217 2422 249 2447 et
272 2415 496 2447 sublimiorem
520 2414 645 2447 cultum
679 2425 771 2454 esse,
801 2416 935 2446 olwdire
966 2415 1038 2445 Deo
1063 2416 1093 2447 in
1113 2414 1196 2447 nmi-

218 2459 395 2492 ctionibus.
418 2469 504 2499 qum:
528 2459 725 2490 cemituntur
746 2457 988 2489 consessionem
1014 2460 1196 2493 doctrinae,

218 2507 251 2534 et
269 2502 411 2533 retinere
434 2503 465 2532 in
489 2501 540 2532 his
562 2496 671 2534 tidem.
695 2501 946 2532 invocationem.
970 2512 1062 2542 spem
1086 2501 1195 2532 auxilii

218 2551 252 2577 et
275 2544 488 2576 liberationis.

219 2588 297 2619 bant
321 2587 438 2619 Petrus
462 2595 492 2618 et
519 2589 640 2619 cnetcri
663 2586 827 2629 discipuli,
851 2588 905 2628 qui
925 2587 1101 2618 tiotiinoilo
1120 2594 1196 2618 unte

219 2631 406 2671 passione-m
431 2631 573 2664 (inisti.
609 2632 666 2661 sed
691 2631 786 2662 etium
811 2637 883 2672 post
920 2631 1194 2661 resurrectionem
1220 2635 1222 2670 ζ

534 2543 629 2575 llanc
648 2545 840 2586 sapientiam
865 2544 1008 2575 nondum
1036 2544 1196 2585 intellige.-
1220 2552 1223 2561 ⁸

1249 2341 1335 2362 muni
1359 2328 1447 2361 dolet
1473 2329 1621 2361 senilium.
1645 2339 1718 2360 cnm
1743 2329 1852 2360 vident
1882 2339 1920 2360 se
1950 2328 2124 2359 contemni.
2188 2326 2229 2358 Et

1249 2380 1358 2405 tamen
1379 2382 1551 2403 connnnne
1576 2373 1640 2403 linc
1653 2380 1714 2403 est.
1739 2373 1826 2414 quod
1841 2371 1997 2403 florentes
2017 2376 2229 2401 (eniitemnunt

1249 2423 1389 2448 aetatem
1425 2414 1570 2447 senilem.
1607 2416 1691 2447 sicut
1725 2416 1756 2446 in
1792 2414 1890 2446 Esaia
1925 2421 2119 2446 recensetur
2146 2414 2231 2444 inter

1249 2469 1369 2501 mag-na
1393 2458 1490 2496 mnia,
1513 2465 1543 2489 et
1569 2457 1697 2490 scelera
1712 2458 1833 2495 mundi,
1855 2459 1940 2497 quod
1957 2450 2058 2498 'ber-li!
2081 2465 2230 2487 rer-eren·

1248 2508 1294 2534 ‘m
1315 2512 1539 2576 seNndlinlsolmu
1563 2554 1645 2585 ergo
1669 2544 1827 2585 praedicit
1851 2543 2006 2574 (fiii-istus
2038 2541 2153 2574 Petro:
2188 2542 2230 2572 ria

1246 2591 1402 2629 poneris:
1424 2588 1489 2619 Sed
1513 2588 1619 2618 nddit:
1645 2588 1723 2618 sum
1746 2591 1904 2618 avum-ris.
1971 2584 2050 2616 Vult
2076 2594 2150 2616 eum
2173 2591 2229 2626 pb

1250 2638 1354 2664 rntum
1374 2641 1448 2662 csse
1463 2632 1502 2661 nd
1519 2629 1644 2663 futuras
1668 2630 1835 2661 miserius:
1859 2636 1889 2660 et
1915 2628 2230 2670 quidemeanetatg
