2324 2958
847 170 1064 206 POSTILLA
1086 171 1483 207 MELANTHOMANA.
2083 175 2148 208 80ss

404 266 626 300 DOMINICA
648 265 866 298 CANTATE.

378 342 651 386 Evangelium
680 343 815 374 loann.
848 342 901 374 16.

1146 275 1150 314 Ι
1176 268 1360 299 nominatur
1387 267 1597 308 Metalepsis‚
1627 269 1758 310 quando
1788 268 1822 299 fit
1848 269 2042 310 permutatio
2073 280 2147 301 cau—

1177 319 1235 340 sae
1264 317 1295 340 et
1324 309 1473 341 effectus.
1523 310 1592 341 Sed
1620 312 1804 351 παρίκλητος
1826 313 1959 352 propria
1982 312 2147 354 significa·

1177 352 1265 384 tione
1299 358 1349 383 est
1383 353 1585 390 advocatus,
1621 360 1653 384 et
1684 355 1889 394 componitur
1917 365 1936 385 a
1963 355 2065 396 παρὰ,
2093 356 2145 389 ud,

1177 394 1232 427 vel
1255 395 1356 435 apud,
1380 401 1412 426 et
1434 394 1556 434 κλητὸς,
1579 400 1722 430 vocatus,
1747 395 1807 425 Eia
1831 397 1980 437 beystant.

228 419 320 451 Nunc
342 423 441 449 autem
463 420 545 450 vado
569 420 612 450 ad
635 430 714 454 eum,
738 420 792 458 qui
812 420 896 449 misit
917 429 975 457 me,
995 423 1051 450 etc.

183 498 370 555 Scopus
400 499 546 540 huius
577 507 751 540 textus
782 498 1085 553 Evangelici.
1145 508 1151 535 1

239 590 331 622 Haec
352 588 451 622 lectio
474 588 696 632 principaliter
715 589 855 630 pertinet
872 590 914 620 ad
933 589 1124 631 descriptio·

153 643 228 664 nem
250 633 418 664 ministerii
440 632 651 675 Evangelici,
681 642 778 673 quam
807 631 960 663 christus
989 632 1124 673 opponit

153 675 376 717 imaginationi
399 675 651 717 discipulorum,
679 675 733 716 qui
757 675 937 716 sperabant
959 673 1124 706 Christum

152 717 338 750 habiturum
362 728 438 750 esse
461 729 596 759 regnum
620 717 815 758 corporale,
840 716 894 748 vel
915 718 1122 749 mundanum.

153 760 221 792 Sed
243 760 397 792 Christus
419 761 527 792 statim
549 761 641 791 initio
661 759 757 791 huius
775 758 926 791 lectionis
944 760 999 797 ait,
1017 771 1049 789 se
1066 762 1123 789 itu-

152 813 218 832 mm
240 804 283 833 ad
305 803 449 838 Patrem,
468 803 501 834 id
524 810 592 841 est,
615 801 757 834 futurum
780 803 941 834 victimam
964 813 1024 844 pro
1047 813 1123 843 pec-

153 846 254 887 αιῑίε,
287 852 321 877 et
353 846 584 877 resuscitatum
613 855 654 876 ex
682 851 804 883 morte,
835 855 1053 876 ascensurum
1081 845 1123 876 ad

153 887 299 926 coelum,
331 889 420 930 quod
450 888 617 929 Scriptura
644 888 791 919 nominat
820 887 960 917 thronum
988 888 1066 923 Dei,
1090 895 1122 919 et

152 931 197 962 ibi
225 938 439 973 regnaturum
472 941 549 963 esse
577 929 705 972 aequali
733 930 879 971 potentia
908 941 982 962 cum
1013 931 1120 962 Patre.

151 972 225 1005 Hoc
257 984 337 1006 vero
365 985 504 1016 regnum
533 983 628 1005 suum
657 973 753 1004 docet
780 971 957 1015 Spirituale
979 972 1122 1004 futurum

151 1026 245 1047 esse:
273 1017 348 1057 quia
373 1017 535 1048 consistat
561 1017 593 1047 in
615 1017 795 1047 ministerio
819 1016 929 1054 verbi,
951 1025 1009 1056 per
1033 1016 1119 1056 quod

150 1059 293 1099 Spiritus
316 1066 452 1091 sanctus
475 1059 516 1090 sit
539 1058 668 1090 efficax.

236 1100 401 1133 Monstrat
424 1102 519 1133 etiam
542 1111 700 1133 summam
723 1098 893 1141 Evangelii
917 1100 1067 1131 sonantis
1089 1101 1122 1131 in

149 1142 303 1176 Ecclesia
326 1155 385 1186 per
407 1145 634 1176 ministerium:
659 1143 735 1184 quia
753 1143 893 1183 Spiritus
911 1150 1045 1174 sanctus
1063 1153 1123 1184 per

150 1184 229 1217 illud
252 1191 366 1226 arguat
387 1187 528 1216 mumlum
553 1187 594 1216 de
611 1189 762 1225 peccato,
792 1185 832 1214 de
860 1186 999 1219 iustitia,
1030 1189 1059 1215 et
1083 1186 1122 1215 de

149 1229 277 1259 iudicio.

179 1341 544 1383 Grammaticae
576 1341 1102 1385 commonefactioneS.

234 1431 328 1467 Quae
363 1439 413 1463 est
450 1432 629 1463 differentia
658 1433 743 1464 inter
771 1432 833 1463 has
861 1433 1119 1474 propositiones:

149 1477 268 1514 Aryuet
286 1475 427 1504 mmulum
449 1475 488 1504 (Ie
508 1479 650 1514 peccato,
673 1477 747 1515 qnia
770 1485 830 1504 non
853 1476 983 1504 credunt
1004 1477 1036 1504 in
1059 1486 1120 1505 me:

148 1524 200 1555 et,
233 1519 353 1557 Aryuet
381 1518 538 1552 mundum,
572 1518 657 1558 quod
684 1528 745 1547 uon
773 1518 971 1547 crediderunt
1000 1519 1032 1547 in
1055 1518 1120 1550 me?

148 1559 240 1592 Haec
263 1560 444 1591 differentia
467 1562 550 1591 inter
572 1559 750 1601 particulas
773 1562 847 1600 quia
870 1567 900 1591 et
923 1561 1026 1601 quod,
1051 1560 1120 1592 dili-

147 1609 264 1644 genter
286 1609 338 1633 est
362 1604 615 1634 consideranda:
639 1604 715 1645 quia
733 1603 904 1634 versiones
925 1613 1025 1644 saepe
1045 1611 1119 1635 sunt

146 1645 321 1676 admodum
356 1644 560 1686 negligenter
593 1645 717 1683 iactae,
751 1653 783 1677 et
815 1645 997 1687 particulae
1026 1645 1118 1678 illae:

146 1688 246 1727 quod,
269 1689 360 1727 quia,
389 1690 430 1722 si,
454 1690 532 1726 nisi,
556 1695 618 1720 etc.
649 1687 841 1730 plerumque
865 1687 1118 1720 confunduntur.

148 1729 208 1760 Est
230 1736 337 1760 autem
361 1730 520 1771 particula
541 1733 615 1770 quia
638 1730 821 1769 rationalis,
845 1731 896 1762 vel
921 1732 1117 1770 αι’τιολογικὴε

150 1778 183 1804 ut
201 1782 273 1803 cum
293 1773 381 1803 dico:
404 1773 515 1815 Diligo
534 1772 634 1812 illum,
654 1775 729 1815 quia
748 1774 824 1805 mihi
845 1774 1017 1806 benefacit.
1052 1776 1118 1806 Sed

148 1813 309 1855 particula
331 1816 413 1854 quod
435 1823 487 1847 est
513 1817 713 1848 restrictiva:
749 1823 802 1855 ut,
836 1816 958 1848 Laudo·
975 1816 1117 1849 Alexan-

148 1858 260 1895 drum,
294 1858 381 1898 quod
411 1857 504 1889 fortis
533 1857 644 1896 suerit;
678 1870 744 1891 non
775 1859 874 1891 lausto
903 1870 993 1897 eum,
1028 1862 1116 1902 quod

146 1901 299 1931 ebriosus
323 1906 353 1931 et
378 1899 564 1933 vinolentus
586 1909 704 1942 postea
725 1904 832 1934 iactus
856 1910 917 1933 est.
962 1903 1023 1934 Hic
1046 1914 1116 1944 par-

146 1941 248 1974 ticula
280 1943 364 1981 quod
397 1944 480 1974 idem
515 1944 696 1985 significat,
737 1956 777 1977 ac
807 1947 834 1977 si
864 1946 968 1977 dicat:
1001 1945 1115 1978 Laudo

147 1984 371 2016 Alexandrum
396 1993 550 2024 catenum,
574 1988 662 2027 quod
683 1987 778 2019 sortis
802 1987 872 2020 fuit.

231 2027 367 2059 Planius
391 2035 441 2059 est
463 2030 598 2060 dictum:
631 2029 750 2069 Aryuet
771 2032 925 2066 mnndum,
949 2033 1034 2071 quod
1056 2043 1115 2062 non

144 2070 246 2100 eraldi
269 2072 301 2100 ίιι
324 2081 377 2106 me,
401 2082 497 2113 quam
520 2072 548 2102 si
572 2072 679 2102 dicas:
702 2075 777 2113 quita
800 2084 860 2104 non
883 2075 984 2104 credit
1005 2076 1037 2104 in
1061 2086 1113 2105 mc.

144 2113 236 2145 Haec
269 2121 345 2145 sunt
379 2115 507 2152 tenuia,
542 2121 575 2145 et
603 2120 710 2146 tamen
738 2117 900 2157 pertinent
929 2118 971 2149 ad
1002 2128 1114 2150 curam

144 2155 412 2195 Grmmadcam,
436 2163 468 2188 et
491 2164 567 2188 sunt
591 2158 807 2190 observanda.

261 2305 332 2345 De
364 2305 703 2359 appellatione
737 2306 993 2348 Paracleti.

143 2397 250 2447 Quid
281 2399 480 2453 significat
509 2399 750 2440 vocabulum
775 2401 980 2451 Paracleti‚
1001 2404 1111 2456 quod

139 2474 325 2515 tribuitur
355 2476 395 2516 in
426 2477 502 2516 hac
534 2477 724 2516 concione
755 2477 915 2531 Spiritui
947 2481 1111 2520 saneto?

225 2564 438 2606 Respondeo.
496 2566 713 2598 Germanicus
753 2573 862 2599 textus
894 2567 1007 2600 habet:
1044 2570 1111 2599 Der

143 2606 276 2637 Troster.
323 2608 414 2640 llaec
441 2610 550 2641 versio
573 2608 662 2641 sacta
685 2616 735 2641 est
763 2620 822 2651 per
845 2610 998 2653 figuram,
1025 2623 1110 2654 quae

1177 577 1269 628 Quo
1291 577 1516 617 discrimine
1545 576 1727 616 nominat
1748 577 1919 617 Ioannes
1943 577 2145 619 Christum

1212 654 1480 708 paracletum,
1513 659 1556 693 et
1587 653 1786 693 Dominus
1818 654 1882 693 hic
1914 653 2105 709 Spiritum

1306 737 1490 771 sanctum
1520 729 1702 770 nominat
1734 730 2014 772 Paracletum?

1261 820 1413 859 Quaere,
1441 831 1483 852 an
1507 821 1573 852 sint
1597 821 1772 852 distinctae
1793 831 1959 861 personae
1982 828 2014 854 et
2039 820 2148 854 officia

1176 862 1298 895 Christi
1333 869 1365 895 et
1393 863 1534 904 Spiritus
1562 864 1691 895 sancti?
1742 863 1952 905 Respondeo.
2002 864 2063 895 Hic
2092 866 2148 896 de-

1176 907 1370 937 currendum
1394 913 1445 937 est
1467 907 1510 938 ad
1532 905 1684 948 regulas:
1712 905 1800 935 Talia
1823 910 1893 936 snut
1910 907 2057 941 subiecta,
2076 918 2148 947 qun·

1175 948 1219 977 lia
1243 959 1262 977 a
1279 949 1479 988 praedicatis
1507 960 1571 979 esse
1595 951 1832 988 permittuntur:
1861 950 1892 979 id
1916 957 1983 988 est,
2014 950 2147 982 circum-

1175 992 1315 1023 stantiae
1339 998 1370 1023 οι
1394 998 1568 1024 contextus
1591 992 1753 1030 ostendit,
1784 993 1825 1023 de
1848 1002 1911 1034 qua
1935 1003 2079 1034 persona
2103 994 2148 1024 di-

1175 1034 1268 1070 citur,
1291 1041 1321 1064 et
1346 1045 1411 1075 quo
1435 1035 1631 1066 discrimine.
1676 1034 1839 1066 Dominus
1862 1035 1935 1075 ipse
1959 1036 2053 1067 dicit:
2076 1036 2146 1066 Mic?

1176 1080 1237 1106 tam
1266 1076 1352 1105 vobis
1381 1077 1531 1116 Spiritum
1558 1078 1752 1117 paracletum
1783 1089 1801 1106 a
1830 1077 1939 1107 Patre.
1995 1078 2082 1109 Dicit
2110 1089 2147 1110 se

1175 1120 1349 1150 missurum
1373 1119 1548 1160 Spiritum,
1572 1131 1668 1161 quem
1692 1121 1827 1152 daturus
1850 1121 1891 1151 sit
1915 1120 2026 1152 Pater:
2057 1120 2147 1163 Ergo

1175 1160 1327 1192 Christus
1355 1172 1421 1193 non
1449 1169 1558 1203 potest
1580 1173 1657 1195 esse
1684 1162 1739 1194 illa
1761 1173 1921 1204 persona,
1950 1164 1991 1195 de
2014 1174 2078 1205 qua
2102 1165 2146 1195 di-

1176 1204 1233 1235 cit:
1256 1214 1313 1243 eqo
1336 1206 1464 1236 mitram.
1510 1205 1687 1237 Praeterea
1706 1204 1895 1248 Symbolum
1920 1207 2061 1238 ostendit
2084 1207 2145 1238 dis-

1175 1247 1308 1278 crimina
1330 1257 1556 1288 personarum.

1175 1410 1391 1461 Quomodo
1431 1428 1528 1468 ergo
1568 1414 1687 1454 Filius
1726 1421 1789 1454 est
1818 1414 2065 1466 Paracletus,
2103 1423 2145 1456 et

1345 1491 1550 1543 quomodo
1583 1490 1751 1545 Spiritus
1783 1492 1969 1532 sanctus?

1256 1587 1468 1629 RespondeO.
1524 1591 1660 1631 Spiritus
1691 1596 1826 1622 sanctus
1855 1598 1906 1622 est
1939 1591 2142 1634 paracletus,

1171 1629 1297 1662 scilicet
1327 1631 1499 1663 effectione
1527 1634 1559 1663 in
1587 1633 1692 1664 nobis.
1745 1632 1897 1665 Christus
1921 1642 1972 1665 est
1995 1634 2141 1675 paracle-

1172 1679 1223 1704 tus
1248 1675 1503 1712 intercessione,
1533 1683 1564 1706 et
1587 1674 1806 1717 applicatione
1830 1687 1911 1707 suae
1935 1678 2142 1710 obedientiae

1172 1716 1213 1746 ad
1237 1715 1365 1747 Patrem
1389 1728 1449 1758 pro
1473 1718 1579 1749 nobis.
1626 1718 1710 1749 Nam
1732 1718 1797 1750 boc
1821 1727 1871 1750 est
1895 1720 2141 1758 intercessoris,

1172 1759 1202 1789 in
1227 1767 1380 1800 quantum
1405 1768 1454 1791 est
1478 1761 1646 1791 mediator.
1691 1761 1774 1792 Nam
1797 1763 1956 1793 mediator
1978 1763 2142 1804 significat

1171 1802 1442 1840 intercessorem,
1474 1813 1540 1834 non
1567 1810 1690 1834 tantum
1720 1811 1866 1836 orantem
1891 1816 1950 1845 pro
1975 1805 2057 1844 alio,
2081 1807 2140 1837 sed

1171 1845 1266 1875 etiam
1290 1844 1510 1885 applicantem
1534 1847 1680 1878 meritum
1705 1857 1811 1878 suum.
1868 1848 1986 1879 Petrus
2015 1849 2140 1880 etiamsi

1170 1887 1200 1917 in
1225 1887 1288 1918 hac
1311 1889 1377 1919 vita
1401 1895 1473 1919 orat
1503 1899 1562 1929 pro
1585 1895 1635 1926 te,
1665 1895 1773 1920 tamen
1802 1901 1867 1921 non
1897 1898 1947 1922 est
1970 1892 2139 1924 mediator,

1170 1930 1235 1960 Sed
1258 1940 1342 1961 unus
1366 1937 1417 1961 est
1440 1932 1599 1963 mediator
1623 1931 1686 1963 Dei
1710 1938 1741 1963 et
1761 1933 1943 1972 hominum,
1972 1934 2070 1966 homo
2094 1935 2140 1966 ie-

1169 1982 1226 2002 sus
1250 1972 1418 2004 Christus:
1446 1974 1478 2005 id
1502 1981 1568 2012 cst,
1592 1973 1710 2014 FiliuS,
1741 1976 1794 2017 qui
1818 1975 1929 2007 sactus
1953 1983 2004 2008 est
2028 1977 2138 2016 homo,

1169 2015 1222 2056 qui
1245 2015 1388 2057 applicat
1411 2017 1630 2049 obedientiam
1653 2028 1758 2057 suam,
1780 2025 1878 2061 atque
1902 2019 1945 2050 ita
1967 2020 2139 2052 intercedit

1191 2068 1228 2088 ro
1251 2065 1293 2089 te.

1253 2100 1340 2132 Nihil
1368 2103 1493 2143 turpius
1522 2109 1591 2141 est,
1621 2113 1717 2145 quam
1747 2113 1812 2134 non
1837 2105 2018 2137 observare
2041 2116 2138 2137 voca·

1167 2142 1318 2175 bulorum
1346 2145 1613 2187 significationes
1665 2147 1815 2178 Sciamus
1845 2146 1960 2178 Filium
1989 2158 2065 2180 esse
2091 2154 2137 2179 ta-

1166 2185 1230 2217 lem
1253 2186 1475 2228 paracletum,
1506 2189 1558 2230 qui
1588 2189 1804 2220 obedientiam
1833 2200 1926 2220 suam
1955 2191 2051 2221 nobis
2081 2201 2136 2232 ap-

1166 2228 1283 2271 plicat,
1319 2237 1352 2261 ct
1384 2232 1500 2262 merito
1534 2242 1596 2263 suo
1631 2231 1739 2272 placat
1769 2231 1917 2263 Patrem:
1952 2232 2049 2270 Item,
2078 2244 2137 2274 per

1166 2282 1261 2313 quem
1285 2273 1379 2305 datur
1402 2273 1544 2315 Spiritus
1567 2281 1710 2306 sanctus.
1761 2274 1933 2315 Nunquam
1957 2276 2041 2306 enim
2065 2276 2136 2316 Spi-

1165 2317 1245 2346 ritus
1279 2322 1415 2348 sanctus
1450 2318 1543 2348 datur
1577 2318 1649 2348 sine
1682 2315 1773 2347 Filio.
1831 2317 1959 2348 Deinde
1989 2318 2135 2350 sciamus

1165 2359 1319 2398 Spiritum
1343 2366 1493 2391 sanctum
1518 2370 1594 2391 esse
1618 2357 1832 2401 paracletum,
1858 2370 1916 2391 seu
1940 2361 2134 2393 advocatum

1165 2401 1334 2433 effectione
1362 2403 1392 2432 in
1423 2403 1535 2439 nobis3
1562 2404 1636 2444 quia
1667 2400 1875 2440 consolatur,
1907 2409 1937 2433 et
1968 2402 2134 2441 laetificat,

1163 2445 1312 2475 accendit
1342 2451 1373 2476 et
1405 2445 1574 2476 confirmat
1604 2455 1680 2482 cor,
1711 2452 1743 2475 ut
1768 2445 1885 2476 habeat
1910 2445 1991 2477 tales
2018 2454 2133 2485 motus,

1163 2485 1270 2528 qualis
1294 2494 1344 2519 est
1367 2488 1449 2529 ipse.

1868 2677 1924 2700 51·
