<?xml version="1.0" encoding="UTF-8"?>
<!DOCTYPE html PUBLIC "-//W3C//DTD XHTML 1.0 Transitional//EN"
    "http://www.w3.org/TR/xhtml1/DTD/xhtml1-transitional.dtd">
<html xmlns="http://www.w3.org/1999/xhtml" xml:lang="en" lang="en">
 <head>
  <title>
</title>
<meta http-equiv="Content-Type" content="text/html;charset=utf-8" />
  <meta name='ocr-system' content='tesseract 3.04.00' />
  <meta name='ocr-capabilities' content='ocr_page ocr_carea ocr_par ocr_line ocrx_word'/>
</head>
<body>
  <div class='ocr_page' id='page_1' title='image "./operaquaesupersu24melauoft/operaquaesupersu24melauoft_0390.png"; bbox 0 0 2324 2958; ppageno 0'>
   <div class='ocr_carea' id='block_1_1' title="bbox 135 147 2134 188">
    <p class='ocr_par' dir='ltr' id='par_1_1' title="bbox 135 147 2134 188">
     <span class='ocr_line' id='line_1_1' title="bbox 135 147 2134 188; baseline -0.005 0"><span class='ocrx_word' id='word_1_1' title='bbox 135 156 196 188; x_wconf 77' lang='lat'><strong>727</strong></span> <span class='ocrx_word' id='word_1_2' title='bbox 768 151 878 183; x_wconf 79' lang='lat' dir='ltr'>PfflL.</span> <span class='ocrx_word' id='word_1_3' title='bbox 902 149 1007 183; x_wconf 80' lang='lat' dir='ltr'><strong>MEL.</strong></span> <span class='ocrx_word' id='word_1_4' title='bbox 1029 149 1214 183; x_wconf 82' lang='lat' dir='ltr'><strong>SCRIPTA</strong></span> <span class='ocrx_word' id='word_1_5' title='bbox 1237 147 1499 181; x_wconf 82' lang='lat' dir='ltr'><strong>EXEGETICA.</strong></span> <span class='ocrx_word' id='word_1_6' title='bbox 2069 148 2134 185; x_wconf 73' lang='lat'><strong>⁷28</strong></span> 
     </span>
    </p>
   </div>
   <div class='ocr_carea' id='block_1_2' title="bbox 134 244 1111 799">
    <p class='ocr_par' dir='ltr' id='par_1_2' title="bbox 134 244 1111 799">
     <span class='ocr_line' id='line_1_2' title="bbox 134 244 1106 286; baseline -0.008 -5"><span class='ocrx_word' id='word_1_7' title='bbox 134 255 196 281; x_wconf 86' lang='lat' dir='ltr'><strong>tur.</strong></span> <span class='ocrx_word' id='word_1_8' title='bbox 243 246 368 279; x_wconf 84' lang='lat' dir='ltr'><strong>Paulus</strong></span> <span class='ocrx_word' id='word_1_9' title='bbox 398 247 492 284; x_wconf 88' lang='lat' dir='ltr'><strong>dicit,</strong></span> <span class='ocrx_word' id='word_1_10' title='bbox 518 245 603 286; x_wconf 81' lang='lat' dir='ltr'><strong>quod</strong></span> <span class='ocrx_word' id='word_1_11' title='bbox 631 246 673 276; x_wconf 61' lang='lat' dir='ltr'><strong>su</strong></span> <span class='ocrx_word' id='word_1_12' title='bbox 701 246 784 275; x_wconf 74' lang='lat' dir='ltr'><strong>vinu</strong></span> <span class='ocrx_word' id='word_1_13' title='bbox 805 244 898 274; x_wconf 79' lang='lat' dir='ltr'><strong>semel</strong></span> <span class='ocrx_word' id='word_1_14' title='bbox 917 255 937 274; x_wconf 88' lang='lat' dir='ltr'><strong>a</strong></span> <span class='ocrx_word' id='word_1_15' title='bbox 960 246 1021 274; x_wconf 84' lang='lat'><strong>500</strong></span> <span class='ocrx_word' id='word_1_16' title='bbox 1040 244 1106 282; x_wconf 75' lang='lat' dir='ltr'><strong>fra-</strong></span> 
     </span>
     <span class='ocr_line' id='line_1_3' title="bbox 134 286 1108 325; baseline -0.005 -4"><span class='ocrx_word' id='word_1_17' title='bbox 134 291 242 322; x_wconf 71' lang='grc' dir='ltr'><strong>ενίὁιιι.</strong></span> <span class='ocrx_word' id='word_1_18' title='bbox 287 289 346 321; x_wconf 84' lang='lat' dir='ltr'><strong>His</strong></span> <span class='ocrx_word' id='word_1_19' title='bbox 375 289 571 321; x_wconf 82' lang='lat' dir='ltr'>testimoniis</span> <span class='ocrx_word' id='word_1_20' title='bbox 598 298 661 320; x_wconf 89' lang='lat' dir='ltr'><strong>nos</strong></span> <span class='ocrx_word' id='word_1_21' title='bbox 689 287 939 325; x_wconf 83' lang='lat' dir='ltr'><strong>confirmemus,</strong></span> <span class='ocrx_word' id='word_1_22' title='bbox 962 293 994 318; x_wconf 89' lang='lat' dir='ltr'><strong>et</strong></span> <span class='ocrx_word' id='word_1_23' title='bbox 1016 286 1108 317; x_wconf 86' lang='lat' dir='ltr'><strong>omit-</strong></span> 
     </span>
     <span class='ocr_line' id='line_1_4' title="bbox 135 330 1107 373; baseline -0.009 -6"><span class='ocrx_word' id='word_1_24' title='bbox 135 341 241 367; x_wconf 77' lang='lat' dir='ltr'><strong>mnus</strong></span> <span class='ocrx_word' id='word_1_25' title='bbox 265 331 349 364; x_wconf 84' lang='lat' dir='ltr'><strong>alias</strong></span> <span class='ocrx_word' id='word_1_26' title='bbox 373 333 488 367; x_wconf 79' lang='lat' dir='ltr'><strong>inanes</strong></span> <span class='ocrx_word' id='word_1_27' title='bbox 512 331 722 373; x_wconf 83' lang='lat' dir='ltr'><strong>quaestiones</strong></span> <span class='ocrx_word' id='word_1_28' title='bbox 746 337 779 362; x_wconf 88' lang='lat' dir='ltr'><strong>et</strong></span> <span class='ocrx_word' id='word_1_29' title='bbox 801 330 1054 371; x_wconf 80' lang='lat' dir='ltr'><strong>disputationes,</strong></span> <span class='ocrx_word' id='word_1_30' title='bbox 1077 334 1107 358; x_wconf 89' lang='lat' dir='ltr'><strong>et</strong></span> 
     </span>
     <span class='ocr_line' id='line_1_5' title="bbox 135 373 1108 416; baseline -0.009 -7"><span class='ocrx_word' id='word_1_31' title='bbox 135 386 268 409; x_wconf 87' lang='lat' dir='ltr'><strong>oremus</strong></span> <span class='ocrx_word' id='word_1_32' title='bbox 301 374 425 413; x_wconf 86' lang='lat' dir='ltr'><strong>Deum,</strong></span> <span class='ocrx_word' id='word_1_33' title='bbox 458 380 492 406; x_wconf 87' lang='lat' dir='ltr'><strong>ut</strong></span> <span class='ocrx_word' id='word_1_34' title='bbox 524 375 597 416; x_wconf 91' lang='lat' dir='ltr'><strong>ipse</strong></span> <span class='ocrx_word' id='word_1_35' title='bbox 629 374 662 405; x_wconf 92' lang='lat' dir='ltr'><strong>in</strong></span> <span class='ocrx_word' id='word_1_36' title='bbox 693 373 790 406; x_wconf 90' lang='lat' dir='ltr'><strong>nobis</strong></span> <span class='ocrx_word' id='word_1_37' title='bbox 819 373 1046 404; x_wconf 80' lang='lat' dir='ltr'>assensionem</span> <span class='ocrx_word' id='word_1_38' title='bbox 1076 376 1108 401; x_wconf 91' lang='lat' dir='ltr'><strong>et</strong></span> 
     </span>
     <span class='ocr_line' id='line_1_6' title="bbox 135 414 1107 456; baseline -0.009 -4"><span class='ocrx_word' id='word_1_39' title='bbox 135 420 233 452; x_wconf 85' lang='lat' dir='ltr'><strong>fidem</strong></span> <span class='ocrx_word' id='word_1_40' title='bbox 257 417 447 451; x_wconf 75' lang='lat' dir='ltr'><strong>confirmet:</strong></span> <span class='ocrx_word' id='word_1_41' title='bbox 482 415 568 452; x_wconf 86' lang='lat' dir='ltr'><strong>Quia</strong></span> <span class='ocrx_word' id='word_1_42' title='bbox 590 426 703 448; x_wconf 83' lang='lat' dir='ltr'><strong>verum</strong></span> <span class='ocrx_word' id='word_1_43' title='bbox 726 422 794 454; x_wconf 85' lang='lat' dir='ltr'><strong>est,</strong></span> <span class='ocrx_word' id='word_1_44' title='bbox 824 415 913 456; x_wconf 78' lang='lat' dir='ltr'><strong>quod</strong></span> <span class='ocrx_word' id='word_1_45' title='bbox 936 414 1019 445; x_wconf 85' lang='lat' dir='ltr'><strong>fides</strong></span> <span class='ocrx_word' id='word_1_46' title='bbox 1042 422 1107 443; x_wconf 91' lang='lat' dir='ltr'><strong>non</strong></span> 
     </span>
     <span class='ocr_line' id='line_1_7' title="bbox 135 455 1109 499; baseline -0.009 -5"><span class='ocrx_word' id='word_1_47' title='bbox 135 468 187 494; x_wconf 86' lang='lat' dir='ltr'><strong>est</strong></span> <span class='ocrx_word' id='word_1_48' title='bbox 215 467 339 493; x_wconf 90' lang='lat' dir='ltr'><strong>tantum</strong></span> <span class='ocrx_word' id='word_1_49' title='bbox 374 459 516 491; x_wconf 86' lang='lat' dir='ltr'><strong>humana</strong></span> <span class='ocrx_word' id='word_1_50' title='bbox 545 459 715 499; x_wconf 67' lang='lat' dir='ltr'><strong>assensio,</strong></span> <span class='ocrx_word' id='word_1_51' title='bbox 750 459 810 490; x_wconf 90' lang='lat' dir='ltr'><strong>sed</strong></span> <span class='ocrx_word' id='word_1_52' title='bbox 844 462 974 498; x_wconf 76' lang='lat' dir='ltr'><strong>oportet</strong></span> <span class='ocrx_word' id='word_1_53' title='bbox 1007 455 1109 487; x_wconf 86' lang='lat' dir='ltr'><strong>corda</strong></span> 
     </span>
     <span class='ocr_line' id='line_1_8' title="bbox 135 498 1108 543; baseline -0.012 -5"><span class='ocrx_word' id='word_1_54' title='bbox 135 504 322 538; x_wconf 76' lang='lat' dir='ltr'><strong>confirmari</strong></span> <span class='ocrx_word' id='word_1_55' title='bbox 344 503 511 540; x_wconf 83' lang='lat' dir='ltr'><strong>divinitus,</strong></span> <span class='ocrx_word' id='word_1_56' title='bbox 534 508 567 534; x_wconf 89' lang='lat' dir='ltr'><strong>et</strong></span> <span class='ocrx_word' id='word_1_57' title='bbox 589 508 719 543; x_wconf 81' lang='lat' dir='ltr'><strong>oportet</strong></span> <span class='ocrx_word' id='word_1_58' title='bbox 741 501 806 533; x_wconf 91' lang='lat' dir='ltr'><strong>hoc</strong></span> <span class='ocrx_word' id='word_1_59' title='bbox 825 500 895 534; x_wconf 83' lang='lat' dir='ltr'><strong>fieri</strong></span> <span class='ocrx_word' id='word_1_60' title='bbox 913 501 978 530; x_wconf 86' lang='lat' dir='ltr'><strong>isto</strong></span> <span class='ocrx_word' id='word_1_61' title='bbox 997 498 1108 531; x_wconf 89' lang='lat' dir='ltr'><strong>modo:</strong></span> 
     </span>
     <span class='ocr_line' id='line_1_9' title="bbox 134 540 1110 589; baseline -0.008 -10"><span class='ocrx_word' id='word_1_62' title='bbox 134 547 310 585; x_wconf 86' lang='lat' dir='ltr'><strong>audiendo,</strong></span> <span class='ocrx_word' id='word_1_63' title='bbox 333 546 494 589; x_wconf 80' lang='lat' dir='ltr'><strong>legendo,</strong></span> <span class='ocrx_word' id='word_1_64' title='bbox 516 545 704 577; x_wconf 85' lang='lat' dir='ltr'><strong>meditando</strong></span> <span class='ocrx_word' id='word_1_65' title='bbox 727 544 873 575; x_wconf 87' lang='lat' dir='ltr'><strong>verbum.</strong></span> <span class='ocrx_word' id='word_1_66' title='bbox 918 542 987 574; x_wconf 71' lang='lat' dir='ltr'><strong>Nos</strong></span> <span class='ocrx_word' id='word_1_67' title='bbox 1010 540 1110 572; x_wconf 85' lang='lat' dir='ltr'><strong>etiam</strong></span> 
     </span>
     <span class='ocr_line' id='line_1_10' title="bbox 136 584 1110 624; baseline -0.01 -1"><span class='ocrx_word' id='word_1_68' title='bbox 136 591 294 624; x_wconf 78' lang='lat' dir='ltr'>debemus</span> <span class='ocrx_word' id='word_1_69' title='bbox 325 589 462 622; x_wconf 84' lang='lat' dir='ltr'><strong>flectere</strong></span> <span class='ocrx_word' id='word_1_70' title='bbox 489 593 624 621; x_wconf 85' lang='lat' dir='ltr'><strong>nostras</strong></span> <span class='ocrx_word' id='word_1_71' title='bbox 651 592 779 619; x_wconf 78' lang='lat' dir='ltr'>mentes</span> <span class='ocrx_word' id='word_1_72' title='bbox 802 586 844 617; x_wconf 87' lang='lat' dir='ltr'><strong>ad</strong></span> <span class='ocrx_word' id='word_1_73' title='bbox 866 584 1110 616; x_wconf 81' lang='lat' dir='ltr'><strong>assensionem:</strong></span> 
     </span>
     <span class='ocr_line' id='line_1_11' title="bbox 135 626 1111 673; baseline -0.009 -8"><span class='ocrx_word' id='word_1_74' title='bbox 135 633 210 665; x_wconf 81' lang='lat' dir='ltr'><strong>Non</strong></span> <span class='ocrx_word' id='word_1_75' title='bbox 234 638 363 673; x_wconf 80' lang='lat' dir='ltr'><strong>oportet</strong></span> <span class='ocrx_word' id='word_1_76' title='bbox 386 641 447 662; x_wconf 89' lang='lat' dir='ltr'><strong>nos</strong></span> <span class='ocrx_word' id='word_1_77' title='bbox 471 630 635 664; x_wconf 84' lang='lat' dir='ltr'><strong>immorari</strong></span> <span class='ocrx_word' id='word_1_78' title='bbox 662 629 810 662; x_wconf 79' lang='lat' dir='ltr'><strong>furenter</strong></span> <span class='ocrx_word' id='word_1_79' title='bbox 839 633 871 660; x_wconf 92' lang='lat' dir='ltr'><strong>et</strong></span> <span class='ocrx_word' id='word_1_80' title='bbox 899 626 1111 668; x_wconf 78' lang='lat' dir='ltr'><strong>pertinaciter</strong></span> 
     </span>
     <span class='ocr_line' id='line_1_12' title="bbox 135 669 1109 717; baseline -0.008 -10"><span class='ocrx_word' id='word_1_81' title='bbox 135 675 307 717; x_wconf 84' lang='lat' dir='ltr'><strong>Epicureis</strong></span> <span class='ocrx_word' id='word_1_82' title='bbox 336 673 545 715; x_wconf 83' lang='lat' dir='ltr'><strong>opinionibus</strong></span> <span class='ocrx_word' id='word_1_83' title='bbox 580 679 612 704; x_wconf 89' lang='lat' dir='ltr'><strong>et</strong></span> <span class='ocrx_word' id='word_1_84' title='bbox 644 671 719 703; x_wconf 84' lang='lat' dir='ltr'><strong>aliis</strong></span> <span class='ocrx_word' id='word_1_85' title='bbox 753 671 961 712; x_wconf 78' lang='lat' dir='ltr'><strong>praestigiis,</strong></span> <span class='ocrx_word' id='word_1_86' title='bbox 989 669 1109 710; x_wconf 88' lang='lat' dir='ltr'><strong>quibus</strong></span> 
     </span>
     <span class='ocr_line' id='line_1_13' title="bbox 136 711 1110 757; baseline -0.008 -7"><span class='ocrx_word' id='word_1_87' title='bbox 136 718 259 750; x_wconf 85' lang='lat' dir='ltr'><strong>veritas</strong></span> <span class='ocrx_word' id='word_1_88' title='bbox 286 716 483 750; x_wconf 71' lang='lat' dir='ltr'><strong>labefactari</strong></span> <span class='ocrx_word' id='word_1_89' title='bbox 518 722 574 748; x_wconf 86' lang='lat' dir='ltr'><strong>aut</strong></span> <span class='ocrx_word' id='word_1_90' title='bbox 603 715 740 757; x_wconf 86' lang='lat' dir='ltr'><strong>opprimi</strong></span> <span class='ocrx_word' id='word_1_91' title='bbox 771 714 898 754; x_wconf 84' lang='lat' dir='ltr'><strong>possit,</strong></span> <span class='ocrx_word' id='word_1_92' title='bbox 932 713 1019 744; x_wconf 82' lang='lat' dir='ltr'><strong>sicut</strong></span> <span class='ocrx_word' id='word_1_93' title='bbox 1046 711 1110 742; x_wconf 80' lang='lat' dir='ltr'><strong>ista</strong></span> 
     </span>
     <span class='ocr_line' id='line_1_14' title="bbox 138 757 842 799; baseline -0.01 -5"><span class='ocrx_word' id='word_1_94' title='bbox 138 761 320 795; x_wconf 78' lang='lat' dir='ltr'><strong>certamina</strong></span> <span class='ocrx_word' id='word_1_95' title='bbox 341 766 418 792; x_wconf 88' lang='lat' dir='ltr'><strong>suut</strong></span> <span class='ocrx_word' id='word_1_96' title='bbox 440 757 633 799; x_wconf 86' lang='lat' dir='ltr'><strong>multiplicia</strong></span> <span class='ocrx_word' id='word_1_97' title='bbox 655 759 687 789; x_wconf 91' lang='lat' dir='ltr'><strong>in</strong></span> <span class='ocrx_word' id='word_1_98' title='bbox 711 757 842 789; x_wconf 83' lang='lat' dir='ltr'><strong>mundo.</strong></span> 
     </span>
    </p>
   </div>
   <div class='ocr_carea' id='block_1_3' title="bbox 139 945 1112 1068">
    <p class='ocr_par' dir='ltr' id='par_1_3' title="bbox 139 945 1112 1068">
     <span class='ocr_line' id='line_1_15' title="bbox 139 945 1112 1002; baseline -0.008 -10"><span class='ocrx_word' id='word_1_99' title='bbox 139 952 254 1002; x_wconf 83' lang='lat' dir='ltr'><strong>Quae</strong></span> <span class='ocrx_word' id='word_1_100' title='bbox 287 961 380 991; x_wconf 79' lang='lat' dir='ltr'><strong>sunt</strong></span> <span class='ocrx_word' id='word_1_101' title='bbox 412 949 641 990; x_wconf 82' lang='lat' dir='ltr'><strong>testimonia</strong></span> <span class='ocrx_word' id='word_1_102' title='bbox 681 948 720 987; x_wconf 89' lang='lat' dir='ltr'><strong>in</strong></span> <span class='ocrx_word' id='word_1_103' title='bbox 754 946 882 987; x_wconf 82' lang='lat' dir='ltr'><strong>Moise</strong></span> <span class='ocrx_word' id='word_1_104' title='bbox 921 946 972 986; x_wconf 84' lang='lat' dir='ltr'><strong>de</strong></span> <span class='ocrx_word' id='word_1_105' title='bbox 1012 945 1112 985; x_wconf 78' lang='lat' dir='ltr'><strong>Pas-</strong></span> 
     </span>
     <span class='ocr_line' id='line_1_16' title="bbox 249 1023 1002 1068; baseline -0.008 0"><span class='ocrx_word' id='word_1_106' title='bbox 249 1027 360 1068; x_wconf 85' lang='lat' dir='ltr'><strong>sione</strong></span> <span class='ocrx_word' id='word_1_107' title='bbox 393 1033 435 1066; x_wconf 78' lang='lat' dir='ltr'><strong>et</strong></span> <span class='ocrx_word' id='word_1_108' title='bbox 465 1025 770 1066; x_wconf 79' lang='lat' dir='ltr'><strong>Resurrectione</strong></span> <span class='ocrx_word' id='word_1_109' title='bbox 802 1023 1002 1063; x_wconf 86' lang='lat' dir='ltr'><strong>Messiae?</strong></span> 
     </span>
    </p>
   </div>
   <div class='ocr_carea' id='block_1_4' title="bbox 138 1120 1113 1294">
    <p class='ocr_par' dir='ltr' id='par_1_4' title="bbox 138 1120 1113 1294">
     <span class='ocr_line' id='line_1_17' title="bbox 224 1120 1113 1168; baseline -0.008 -10"><span class='ocrx_word' id='word_1_110' title='bbox 224 1127 258 1158; x_wconf 90' lang='lat' dir='ltr'><strong>ln</strong></span> <span class='ocrx_word' id='word_1_111' title='bbox 282 1127 384 1168; x_wconf 86' lang='lat' dir='ltr'><strong>prima</strong></span> <span class='ocrx_word' id='word_1_112' title='bbox 410 1125 570 1157; x_wconf 89' lang='lat' dir='ltr'><strong>concione</strong></span> <span class='ocrx_word' id='word_1_113' title='bbox 594 1123 724 1155; x_wconf 84' lang='lat' dir='ltr'><strong>habetis</strong></span> <span class='ocrx_word' id='word_1_114' title='bbox 747 1120 953 1153; x_wconf 69' lang='lat' dir='ltr'><strong>manifestam</strong></span> <span class='ocrx_word' id='word_1_115' title='bbox 972 1121 1113 1163; x_wconf 87' lang='lat' dir='ltr'><strong>prophe-</strong></span> 
     </span>
     <span class='ocr_line' id='line_1_18' title="bbox 138 1164 1110 1211; baseline -0.009 -10"><span class='ocrx_word' id='word_1_116' title='bbox 138 1171 215 1201; x_wconf 82' lang='lat' dir='ltr'><strong>tiam</strong></span> <span class='ocrx_word' id='word_1_117' title='bbox 239 1170 280 1200; x_wconf 89' lang='lat' dir='ltr'><strong>de</strong></span> <span class='ocrx_word' id='word_1_118' title='bbox 301 1169 475 1211; x_wconf 86' lang='lat' dir='ltr'><strong>passione:</strong></span> <span class='ocrx_word' id='word_1_119' title='bbox 504 1167 638 1207; x_wconf 81' lang='lat' dir='ltr'><strong>Serpens</strong></span> <span class='ocrx_word' id='word_1_120' title='bbox 660 1165 812 1195; x_wconf 75' lang='lat' dir='ltr'><strong>mordebit</strong></span> <span class='ocrx_word' id='word_1_121' title='bbox 835 1164 1014 1194; x_wconf 80' lang='lat' dir='ltr'><strong>calcaneum</strong></span> <span class='ocrx_word' id='word_1_122' title='bbox 1037 1166 1110 1193; x_wconf 75' lang='lat' dir='ltr'><strong>eius.</strong></span> 
     </span>
     <span class='ocr_line' id='line_1_19' title="bbox 138 1208 1113 1254; baseline -0.008 -10"><span class='ocrx_word' id='word_1_123' title='bbox 138 1213 342 1254; x_wconf 83' lang='lat' dir='ltr'><strong>Quamquam</strong></span> <span class='ocrx_word' id='word_1_124' title='bbox 365 1212 427 1242; x_wconf 88' lang='lat' dir='ltr'><strong>ista</strong></span> <span class='ocrx_word' id='word_1_125' title='bbox 455 1216 542 1241; x_wconf 89' lang='lat' dir='ltr'><strong>tecte</strong></span> <span class='ocrx_word' id='word_1_126' title='bbox 565 1210 652 1241; x_wconf 86' lang='lat' dir='ltr'><strong>dicta</strong></span> <span class='ocrx_word' id='word_1_127' title='bbox 675 1215 751 1240; x_wconf 89' lang='lat' dir='ltr'><strong>sunt</strong></span> <span class='ocrx_word' id='word_1_128' title='bbox 774 1208 956 1250; x_wconf 89' lang='lat' dir='ltr'><strong>principi0‚</strong></span> <span class='ocrx_word' id='word_1_129' title='bbox 985 1213 1016 1238; x_wconf 91' lang='lat' dir='ltr'><strong>et</strong></span> <span class='ocrx_word' id='word_1_130' title='bbox 1041 1208 1113 1237; x_wconf 89' lang='lat' dir='ltr'><strong>bre-</strong></span> 
     </span>
     <span class='ocr_line' id='line_1_20' title="bbox 138 1248 1113 1294; baseline -0.007 -8"><span class='ocrx_word' id='word_1_131' title='bbox 138 1256 239 1292; x_wconf 89' lang='lat' dir='ltr'><strong>viter,</strong></span> <span class='ocrx_word' id='word_1_132' title='bbox 273 1261 380 1286; x_wconf 83' lang='lat' dir='ltr'><strong>tamen</strong></span> <span class='ocrx_word' id='word_1_133' title='bbox 412 1259 528 1294; x_wconf 88' lang='lat' dir='ltr'><strong>postea</strong></span> <span class='ocrx_word' id='word_1_134' title='bbox 559 1252 664 1294; x_wconf 83' lang='lat' dir='ltr'><strong>magis</strong></span> <span class='ocrx_word' id='word_1_135' title='bbox 687 1251 850 1292; x_wconf 80' lang='lat' dir='ltr'><strong>explicata</strong></span> <span class='ocrx_word' id='word_1_136' title='bbox 881 1256 913 1282; x_wconf 82' lang='lat' dir='ltr'><strong>et</strong></span> <span class='ocrx_word' id='word_1_137' title='bbox 944 1248 1113 1282; x_wconf 81' lang='lat' dir='ltr'><strong>intellecta</strong></span> 
     </span>
    </p>
   </div>
   <div class='ocr_carea' id='block_1_5' title="bbox 135 1303 1114 1895">
    <p class='ocr_par' dir='ltr' id='par_1_5' title="bbox 136 1303 222 1330">
     <span class='ocr_line' id='line_1_21' title="bbox 136 1303 222 1330; baseline -0.023 -1"><span class='ocrx_word' id='word_1_138' title='bbox 136 1303 222 1330; x_wconf 84' lang='lat' dir='ltr'><strong>sunt</strong></span> 
     </span>
    </p>

    <p class='ocr_par' dir='ltr' id='par_1_6' title="bbox 135 1334 1114 1895">
     <span class='ocr_line' id='line_1_22' title="bbox 222 1334 1114 1375; baseline -0.008 -5"><span class='ocrx_word' id='word_1_139' title='bbox 222 1339 305 1371; x_wconf 83' lang='lat' dir='ltr'><strong>Cum</strong></span> <span class='ocrx_word' id='word_1_140' title='bbox 328 1337 414 1369; x_wconf 85' lang='lat' dir='ltr'><strong>Abel</strong></span> <span class='ocrx_word' id='word_1_141' title='bbox 444 1337 638 1369; x_wconf 85' lang='lat' dir='ltr'><strong>interfectus</strong></span> <span class='ocrx_word' id='word_1_142' title='bbox 661 1344 730 1375; x_wconf 79' lang='lat' dir='ltr'><strong>est,</strong></span> <span class='ocrx_word' id='word_1_143' title='bbox 761 1337 872 1367; x_wconf 85' lang='lat' dir='ltr'><strong>didicit</strong></span> <span class='ocrx_word' id='word_1_144' title='bbox 895 1335 1003 1366; x_wconf 85' lang='lat' dir='ltr'><strong>Adam</strong></span> <span class='ocrx_word' id='word_1_145' title='bbox 1027 1334 1114 1365; x_wconf 79' lang='lat' dir='ltr'><strong>Mes·</strong></span> 
     </span>
     <span class='ocr_line' id='line_1_23' title="bbox 137 1376 1113 1424; baseline -0.006 -10"><span class='ocrx_word' id='word_1_146' title='bbox 137 1385 220 1414; x_wconf 90' lang='lat' dir='ltr'><strong>siam</strong></span> <span class='ocrx_word' id='word_1_147' title='bbox 242 1392 418 1424; x_wconf 86' lang='lat' dir='ltr'><strong>passurum</strong></span> <span class='ocrx_word' id='word_1_148' title='bbox 439 1391 527 1418; x_wconf 79' lang='lat' dir='ltr'><strong>esse,</strong></span> <span class='ocrx_word' id='word_1_149' title='bbox 547 1378 731 1411; x_wconf 82' lang='lat' dir='ltr'><strong>Ecclesiam</strong></span> <span class='ocrx_word' id='word_1_150' title='bbox 749 1389 814 1410; x_wconf 93' lang='lat' dir='ltr'><strong>non</strong></span> <span class='ocrx_word' id='word_1_151' title='bbox 832 1378 903 1410; x_wconf 84' lang='lat' dir='ltr'><strong>fore</strong></span> <span class='ocrx_word' id='word_1_152' title='bbox 921 1379 953 1409; x_wconf 91' lang='lat' dir='ltr'><strong>in</strong></span> <span class='ocrx_word' id='word_1_153' title='bbox 972 1376 1113 1414; x_wconf 89' lang='lat' dir='ltr'><strong>deliciis;</strong></span> 
     </span>
     <span class='ocr_line' id='line_1_24' title="bbox 137 1420 1113 1464; baseline -0.005 -8"><span class='ocrx_word' id='word_1_154' title='bbox 137 1425 247 1457; x_wconf 86' lang='lat' dir='ltr'><strong>didicit</strong></span> <span class='ocrx_word' id='word_1_155' title='bbox 266 1426 361 1456; x_wconf 82' lang='lat' dir='ltr'><strong>istam</strong></span> <span class='ocrx_word' id='word_1_156' title='bbox 379 1434 496 1455; x_wconf 81' lang='lat' dir='ltr'><strong>vocem</strong></span> <span class='ocrx_word' id='word_1_157' title='bbox 515 1423 590 1461; x_wconf 88' lang='lat' dir='ltr'><strong>Dei,</strong></span> <span class='ocrx_word' id='word_1_158' title='bbox 609 1428 642 1453; x_wconf 86' lang='lat' dir='ltr'><strong>et</strong></span> <span class='ocrx_word' id='word_1_159' title='bbox 665 1422 744 1453; x_wconf 90' lang='lat' dir='ltr'><strong>vidit</strong></span> <span class='ocrx_word' id='word_1_160' title='bbox 768 1422 898 1464; x_wconf 84' lang='lat' dir='ltr'><strong>insigne</strong></span> <span class='ocrx_word' id='word_1_161' title='bbox 927 1420 1113 1461; x_wconf 79' lang='lat' dir='ltr'><strong>exemplum</strong></span> 
     </span>
     <span class='ocr_line' id='line_1_25' title="bbox 136 1463 1112 1499; baseline -0.007 0"><span class='ocrx_word' id='word_1_162' title='bbox 136 1467 238 1499; x_wconf 86' lang='lat' dir='ltr'><strong>illius:</strong></span> <span class='ocrx_word' id='word_1_163' title='bbox 262 1467 381 1497; x_wconf 82' lang='lat' dir='ltr'><strong>Ponam</strong></span> <span class='ocrx_word' id='word_1_164' title='bbox 403 1467 599 1496; x_wconf 64' lang='lat' dir='ltr'><strong>inimicitiam</strong></span> <span class='ocrx_word' id='word_1_165' title='bbox 620 1466 701 1494; x_wconf 76' lang='lat' dir='ltr'><strong>inter</strong></span> <span class='ocrx_word' id='word_1_166' title='bbox 723 1469 770 1499; x_wconf 79' lang='lat' dir='ltr'><strong>te,</strong></span> <span class='ocrx_word' id='word_1_167' title='bbox 795 1468 824 1494; x_wconf 83' lang='lat' dir='ltr'><strong>et</strong></span> <span class='ocrx_word' id='word_1_168' title='bbox 847 1474 945 1493; x_wconf 81' lang='lat' dir='ltr'><strong>semen</strong></span> <span class='ocrx_word' id='word_1_169' title='bbox 967 1463 1112 1492; x_wconf 77' lang='lat' dir='ltr'><strong>mulieris.</strong></span> 
     </span>
     <span class='ocr_line' id='line_1_26' title="bbox 137 1506 1113 1543; baseline -0.007 0"><span class='ocrx_word' id='word_1_170' title='bbox 137 1512 261 1543; x_wconf 85' lang='lat' dir='ltr'><strong>Postea</strong></span> <span class='ocrx_word' id='word_1_171' title='bbox 288 1519 403 1542; x_wconf 85' lang='lat' dir='ltr'><strong>omnes</strong></span> <span class='ocrx_word' id='word_1_172' title='bbox 436 1508 635 1541; x_wconf 80' lang='lat' dir='ltr'><strong>afflictiones</strong></span> <span class='ocrx_word' id='word_1_173' title='bbox 669 1507 868 1539; x_wconf 88' lang='lat' dir='ltr'><strong>Sanctorum</strong></span> <span class='ocrx_word' id='word_1_174' title='bbox 898 1513 930 1538; x_wconf 87' lang='lat' dir='ltr'><strong>et</strong></span> <span class='ocrx_word' id='word_1_175' title='bbox 962 1506 1113 1537; x_wconf 84' lang='lat' dir='ltr'><strong>victimae</strong></span> 
     </span>
     <span class='ocr_line' id='line_1_27' title="bbox 135 1551 1113 1592; baseline -0.006 -7"><span class='ocrx_word' id='word_1_176' title='bbox 135 1555 167 1586; x_wconf 92' lang='lat' dir='ltr'><strong>in</strong></span> <span class='ocrx_word' id='word_1_177' title='bbox 191 1553 316 1592; x_wconf 76' lang='lat' dir='ltr'><strong>moise,</strong></span> <span class='ocrx_word' id='word_1_178' title='bbox 345 1558 421 1585; x_wconf 86' lang='lat' dir='ltr'><strong>sunt</strong></span> <span class='ocrx_word' id='word_1_179' title='bbox 449 1552 636 1584; x_wconf 78' lang='lat' dir='ltr'><strong>testimonia</strong></span> <span class='ocrx_word' id='word_1_180' title='bbox 665 1551 849 1592; x_wconf 85' lang='lat' dir='ltr'><strong>passionis:</strong></span> <span class='ocrx_word' id='word_1_181' title='bbox 885 1555 1038 1587; x_wconf 89' lang='lat' dir='ltr'><strong>econtra,</strong></span> <span class='ocrx_word' id='word_1_182' title='bbox 1068 1554 1113 1579; x_wconf 89' lang='lat' dir='ltr'><strong>te-</strong></span> 
     </span>
     <span class='ocr_line' id='line_1_28' title="bbox 137 1592 1112 1635; baseline -0.006 -7"><span class='ocrx_word' id='word_1_183' title='bbox 137 1596 323 1628; x_wconf 90' lang='lat' dir='ltr'><strong>stimonium</strong></span> <span class='ocrx_word' id='word_1_184' title='bbox 352 1595 622 1627; x_wconf 83' lang='lat' dir='ltr'><strong>Resurrectionis</strong></span> <span class='ocrx_word' id='word_1_185' title='bbox 651 1600 701 1625; x_wconf 88' lang='lat' dir='ltr'><strong>est</strong></span> <span class='ocrx_word' id='word_1_186' title='bbox 724 1594 756 1624; x_wconf 92' lang='lat' dir='ltr'><strong>in</strong></span> <span class='ocrx_word' id='word_1_187' title='bbox 781 1594 852 1634; x_wconf 90' lang='lat' dir='ltr'><strong>ipsa</strong></span> <span class='ocrx_word' id='word_1_188' title='bbox 875 1592 1112 1635; x_wconf 72' lang='lat' dir='ltr'><strong>promissione:</strong></span> 
     </span>
     <span class='ocr_line' id='line_1_29' title="bbox 137 1635 1112 1676; baseline -0.004 -7"><span class='ocrx_word' id='word_1_189' title='bbox 137 1641 243 1670; x_wconf 77' lang='lat' dir='ltr'><strong>Semen</strong></span> <span class='ocrx_word' id='word_1_190' title='bbox 266 1639 401 1668; x_wconf 78' lang='lat' dir='ltr'><strong>mulieris</strong></span> <span class='ocrx_word' id='word_1_191' title='bbox 424 1641 560 1668; x_wconf 78' lang='lat' dir='ltr'><strong>conteret</strong></span> <span class='ocrx_word' id='word_1_192' title='bbox 577 1640 672 1676; x_wconf 81' lang='lat' dir='ltr'><strong>caput</strong></span> <span class='ocrx_word' id='word_1_193' title='bbox 690 1637 851 1675; x_wconf 65' lang='lat' dir='ltr'><strong>serpentis.</strong></span> <span class='ocrx_word' id='word_1_194' title='bbox 899 1635 1020 1667; x_wconf 78' lang='lat' dir='ltr'><strong>Postea</strong></span> <span class='ocrx_word' id='word_1_195' title='bbox 1043 1645 1112 1665; x_wconf 84' lang='lat' dir='ltr'><strong>rur-</strong></span> 
     </span>
     <span class='ocr_line' id='line_1_30' title="bbox 137 1678 1114 1717; baseline -0.005 -5"><span class='ocrx_word' id='word_1_196' title='bbox 137 1693 212 1715; x_wconf 81' lang='lat' dir='ltr'><strong>sus:</strong></span> <span class='ocrx_word' id='word_1_197' title='bbox 236 1682 273 1711; x_wconf 85' lang='lat' dir='ltr'><strong>In</strong></span> <span class='ocrx_word' id='word_1_198' title='bbox 295 1683 404 1711; x_wconf 71' lang='lat' dir='ltr'><strong>semine</strong></span> <span class='ocrx_word' id='word_1_199' title='bbox 426 1685 480 1711; x_wconf 79' lang='lat' dir='ltr'><strong>tuo</strong></span> <span class='ocrx_word' id='word_1_200' title='bbox 503 1680 720 1709; x_wconf 76' lang='lat' dir='ltr'><strong>benedicentur</strong></span> <span class='ocrx_word' id='word_1_201' title='bbox 744 1689 845 1709; x_wconf 83' lang='lat' dir='ltr'><strong>omnes</strong></span> <span class='ocrx_word' id='word_1_202' title='bbox 865 1683 981 1717; x_wconf 73' lang='lat' dir='ltr'><strong>yentes.</strong></span> <span class='ocrx_word' id='word_1_203' title='bbox 1027 1678 1114 1713; x_wconf 89' lang='lat' dir='ltr'><strong>Quin</strong></span> 
     </span>
     <span class='ocr_line' id='line_1_31' title="bbox 137 1720 1113 1758; baseline -0.006 -1"><span class='ocrx_word' id='word_1_204' title='bbox 137 1726 235 1758; x_wconf 89' lang='lat' dir='ltr'><strong>etiam</strong></span> <span class='ocrx_word' id='word_1_205' title='bbox 251 1731 320 1756; x_wconf 86' lang='lat' dir='ltr'><strong>tota</strong></span> <span class='ocrx_word' id='word_1_206' title='bbox 336 1723 390 1755; x_wconf 82' lang='lat' dir='ltr'><strong>lex</strong></span> <span class='ocrx_word' id='word_1_207' title='bbox 403 1730 453 1755; x_wconf 91' lang='lat' dir='ltr'><strong>est</strong></span> <span class='ocrx_word' id='word_1_208' title='bbox 464 1723 685 1755; x_wconf 89' lang='lat' dir='ltr'><strong>testimonium</strong></span> <span class='ocrx_word' id='word_1_209' title='bbox 698 1721 963 1753; x_wconf 84' lang='lat' dir='ltr'><strong>Resurrectionis</strong></span> <span class='ocrx_word' id='word_1_210' title='bbox 976 1720 1113 1752; x_wconf 83' lang='lat' dir='ltr'><strong>Christi:</strong></span> 
     </span>
     <span class='ocr_line' id='line_1_32' title="bbox 138 1764 1113 1808; baseline -0.006 -8"><span class='ocrx_word' id='word_1_211' title='bbox 138 1768 223 1804; x_wconf 83' lang='lat' dir='ltr'><strong>Quia</strong></span> <span class='ocrx_word' id='word_1_212' title='bbox 254 1773 386 1808; x_wconf 87' lang='lat' dir='ltr'><strong>oportet</strong></span> <span class='ocrx_word' id='word_1_213' title='bbox 415 1765 522 1808; x_wconf 83' lang='lat' dir='ltr'><strong>legem</strong></span> <span class='ocrx_word' id='word_1_214' title='bbox 553 1765 614 1796; x_wconf 92' lang='lat' dir='ltr'><strong>Dei</strong></span> <span class='ocrx_word' id='word_1_215' title='bbox 644 1765 712 1795; x_wconf 83' lang='lat' dir='ltr'><strong>fieri</strong></span> <span class='ocrx_word' id='word_1_216' title='bbox 743 1766 775 1795; x_wconf 91' lang='lat' dir='ltr'><strong>in</strong></span> <span class='ocrx_word' id='word_1_217' title='bbox 807 1770 925 1796; x_wconf 84' lang='lat' dir='ltr'><strong>natura</strong></span> <span class='ocrx_word' id='word_1_218' title='bbox 955 1764 1113 1795; x_wconf 88' lang='lat' dir='ltr'><strong>humana:</strong></span> 
     </span>
     <span class='ocr_line' id='line_1_33' title="bbox 137 1806 1113 1850; baseline -0.005 -8"><span class='ocrx_word' id='word_1_219' title='bbox 137 1811 197 1842; x_wconf 84' lang='lat' dir='ltr'><strong>sed</strong></span> <span class='ocrx_word' id='word_1_220' title='bbox 221 1811 285 1841; x_wconf 85' lang='lat' dir='ltr'><strong>ista</strong></span> <span class='ocrx_word' id='word_1_221' title='bbox 308 1819 469 1850; x_wconf 88' lang='lat' dir='ltr'><strong>praesens</strong></span> <span class='ocrx_word' id='word_1_222' title='bbox 493 1814 609 1840; x_wconf 88' lang='lat' dir='ltr'><strong>natura</strong></span> <span class='ocrx_word' id='word_1_223' title='bbox 637 1818 702 1840; x_wconf 93' lang='lat' dir='ltr'><strong>non</strong></span> <span class='ocrx_word' id='word_1_224' title='bbox 733 1814 784 1839; x_wconf 86' lang='lat' dir='ltr'><strong>est</strong></span> <span class='ocrx_word' id='word_1_225' title='bbox 812 1808 898 1839; x_wconf 88' lang='lat' dir='ltr'><strong>iusta</strong></span> <span class='ocrx_word' id='word_1_226' title='bbox 921 1806 1014 1850; x_wconf 85' lang='lat' dir='ltr'><strong>lege,</strong></span> <span class='ocrx_word' id='word_1_227' title='bbox 1048 1816 1113 1837; x_wconf 91' lang='lat' dir='ltr'><strong>non</strong></span> 
     </span>
     <span class='ocr_line' id='line_1_34' title="bbox 137 1852 389 1895; baseline -0.008 -10"><span class='ocrx_word' id='word_1_228' title='bbox 137 1852 248 1895; x_wconf 85' lang='lat' dir='ltr'><strong>implet</strong></span> <span class='ocrx_word' id='word_1_229' title='bbox 270 1852 389 1895; x_wconf 87' lang='lat' dir='ltr'><strong>legem.</strong></span> 
     </span>
    </p>
   </div>
   <div class='ocr_carea' id='block_1_6' title="bbox 138 1900 1116 2640">
    <p class='ocr_par' dir='ltr' id='par_1_7' title="bbox 138 1900 1116 2493">
     <span class='ocr_line' id='line_1_35' title="bbox 225 1900 1114 1945; baseline -0.004 -10"><span class='ocrx_word' id='word_1_230' title='bbox 225 1903 374 1936; x_wconf 84' lang='lat' dir='ltr'><strong>Clament</strong></span> <span class='ocrx_word' id='word_1_231' title='bbox 403 1902 476 1940; x_wconf 83' lang='lat' dir='ltr'><strong>alii,</strong></span> <span class='ocrx_word' id='word_1_232' title='bbox 510 1909 665 1945; x_wconf 87' lang='lat' dir='ltr'><strong>quantum</strong></span> <span class='ocrx_word' id='word_1_233' title='bbox 695 1900 828 1940; x_wconf 89' lang='lat' dir='ltr'><strong>volunt,</strong></span> <span class='ocrx_word' id='word_1_234' title='bbox 862 1908 969 1932; x_wconf 90' lang='lat' dir='ltr'><strong>tamen</strong></span> <span class='ocrx_word' id='word_1_235' title='bbox 1001 1911 1114 1932; x_wconf 82' lang='lat' dir='ltr'><strong>verum</strong></span> 
     </span>
     <span class='ocr_line' id='line_1_36' title="bbox 139 1943 1116 1986; baseline -0.005 -7"><span class='ocrx_word' id='word_1_236' title='bbox 139 1955 207 1985; x_wconf 84' lang='lat' dir='ltr'><strong>est,</strong></span> <span class='ocrx_word' id='word_1_237' title='bbox 231 1957 292 1977; x_wconf 70' lang='lat' dir='ltr'><strong>nos</strong></span> <span class='ocrx_word' id='word_1_238' title='bbox 318 1957 381 1977; x_wconf 87' lang='lat' dir='ltr'><strong>non</strong></span> <span class='ocrx_word' id='word_1_239' title='bbox 407 1956 481 1976; x_wconf 71' lang='lat' dir='ltr'><strong>esse</strong></span> <span class='ocrx_word' id='word_1_240' title='bbox 505 1947 610 1976; x_wconf 80' lang='lat' dir='ltr'><strong>iustos</strong></span> <span class='ocrx_word' id='word_1_241' title='bbox 634 1943 718 1986; x_wconf 84' lang='lat' dir='ltr'><strong>lege.</strong></span> <span class='ocrx_word' id='word_1_242' title='bbox 765 1945 907 1985; x_wconf 81' lang='lat' dir='ltr'><strong>Oportet</strong></span> <span class='ocrx_word' id='word_1_243' title='bbox 930 1950 1036 1975; x_wconf 88' lang='lat' dir='ltr'><strong>autem</strong></span> <span class='ocrx_word' id='word_1_244' title='bbox 1061 1954 1116 1974; x_wconf 85' lang='lat' dir='ltr'><strong>na-</strong></span> 
     </span>
     <span class='ocr_line' id='line_1_37' title="bbox 138 1986 1116 2029; baseline -0.005 -7"><span class='ocrx_word' id='word_1_245' title='bbox 138 1998 244 2022; x_wconf 81' lang='lat' dir='ltr'><strong>turam</strong></span> <span class='ocrx_word' id='word_1_246' title='bbox 273 1989 447 2020; x_wconf 85' lang='lat' dir='ltr'><strong>humanam</strong></span> <span class='ocrx_word' id='word_1_247' title='bbox 471 1999 548 2020; x_wconf 83' lang='lat' dir='ltr'><strong>esse</strong></span> <span class='ocrx_word' id='word_1_248' title='bbox 572 1986 688 2024; x_wconf 90' lang='lat' dir='ltr'><strong>talem,</strong></span> <span class='ocrx_word' id='word_1_249' title='bbox 716 1987 746 2017; x_wconf 63' lang='grc'><strong>111</strong></span> <span class='ocrx_word' id='word_1_250' title='bbox 779 1993 846 2024; x_wconf 72' lang='lat' dir='ltr'><strong>est,</strong></span> <span class='ocrx_word' id='word_1_251' title='bbox 877 1993 1116 2029; x_wconf 86' lang='lat' dir='ltr'><strong>congruentem</strong></span> 
     </span>
     <span class='ocr_line' id='line_1_38' title="bbox 139 2030 1115 2073; baseline -0.005 -8"><span class='ocrx_word' id='word_1_252' title='bbox 139 2043 212 2066; x_wconf 89' lang='lat' dir='ltr'><strong>cum</strong></span> <span class='ocrx_word' id='word_1_253' title='bbox 240 2033 361 2064; x_wconf 83' lang='lat' dir='ltr'><strong>iustitia</strong></span> <span class='ocrx_word' id='word_1_254' title='bbox 392 2030 487 2073; x_wconf 83' lang='lat' dir='ltr'><strong>legis.</strong></span> <span class='ocrx_word' id='word_1_255' title='bbox 543 2031 616 2062; x_wconf 88' lang='lat' dir='ltr'><strong>Non</strong></span> <span class='ocrx_word' id='word_1_256' title='bbox 647 2031 721 2060; x_wconf 89' lang='lat' dir='ltr'><strong>dico</strong></span> <span class='ocrx_word' id='word_1_257' title='bbox 750 2030 812 2061; x_wconf 89' lang='lat' dir='ltr'><strong>iam</strong></span> <span class='ocrx_word' id='word_1_258' title='bbox 838 2030 1014 2061; x_wconf 74' lang='lat' dir='ltr'><strong>novitatem</strong></span> <span class='ocrx_word' id='word_1_259' title='bbox 1039 2039 1115 2061; x_wconf 84' lang='lat' dir='ltr'><strong>esse</strong></span> 
     </span>
     <span class='ocr_line' id='line_1_39' title="bbox 140 2071 1114 2116; baseline -0.005 -8"><span class='ocrx_word' id='word_1_260' title='bbox 140 2076 295 2108; x_wconf 80' lang='lat' dir='ltr'><strong>iustitiam</strong></span> <span class='ocrx_word' id='word_1_261' title='bbox 315 2073 413 2116; x_wconf 80' lang='lat' dir='ltr'><strong>legis,</strong></span> <span class='ocrx_word' id='word_1_262' title='bbox 431 2073 541 2116; x_wconf 86' lang='lat' dir='ltr'><strong>qualis</strong></span> <span class='ocrx_word' id='word_1_263' title='bbox 564 2073 624 2105; x_wconf 90' lang='lat' dir='ltr'><strong>erit</strong></span> <span class='ocrx_word' id='word_1_264' title='bbox 638 2074 668 2103; x_wconf 92' lang='lat' dir='ltr'><strong>in</strong></span> <span class='ocrx_word' id='word_1_265' title='bbox 682 2071 790 2104; x_wconf 83' lang='lat' dir='ltr'><strong>sutura</strong></span> <span class='ocrx_word' id='word_1_266' title='bbox 806 2073 881 2104; x_wconf 83' lang='lat' dir='ltr'><strong>vita.</strong></span> <span class='ocrx_word' id='word_1_267' title='bbox 921 2072 1057 2113; x_wconf 88' lang='lat' dir='ltr'><strong>Loquor</strong></span> <span class='ocrx_word' id='word_1_268' title='bbox 1074 2073 1114 2103; x_wconf 86' lang='lat' dir='ltr'><strong>de</strong></span> 
     </span>
     <span class='ocr_line' id='line_1_40' title="bbox 139 2115 1116 2159; baseline -0.007 -8"><span class='ocrx_word' id='word_1_269' title='bbox 139 2118 291 2151; x_wconf 86' lang='lat' dir='ltr'><strong>inchoata</strong></span> <span class='ocrx_word' id='word_1_270' title='bbox 314 2118 501 2148; x_wconf 87' lang='lat' dir='ltr'><strong>obedientia</strong></span> <span class='ocrx_word' id='word_1_271' title='bbox 523 2116 626 2159; x_wconf 80' lang='lat' dir='ltr'><strong>legis,</strong></span> <span class='ocrx_word' id='word_1_272' title='bbox 648 2116 690 2147; x_wconf 87' lang='lat' dir='ltr'><strong>de</strong></span> <span class='ocrx_word' id='word_1_273' title='bbox 712 2126 777 2157; x_wconf 88' lang='lat' dir='ltr'><strong>qua</strong></span> <span class='ocrx_word' id='word_1_274' title='bbox 800 2116 934 2146; x_wconf 84' lang='lat' dir='ltr'><strong>dicitur:</strong></span> <span class='ocrx_word' id='word_1_275' title='bbox 959 2115 1050 2145; x_wconf 81' lang='lat' dir='ltr'><strong>Dabo</strong></span> <span class='ocrx_word' id='word_1_276' title='bbox 1076 2115 1116 2144; x_wconf 83' lang='lat' dir='ltr'><strong>h·-</strong></span> 
     </span>
     <span class='ocr_line' id='line_1_41' title="bbox 139 2158 1114 2202; baseline -0.002 -12"><span class='ocrx_word' id='word_1_277' title='bbox 139 2173 205 2202; x_wconf 74' lang='lat' dir='ltr'><strong>9em</strong></span> <span class='ocrx_word' id='word_1_278' title='bbox 227 2171 320 2190; x_wconf 75' lang='lat' dir='ltr'><strong>meam</strong></span> <span class='ocrx_word' id='word_1_279' title='bbox 343 2162 374 2189; x_wconf 83' lang='grc' dir='ltr'><em>ιή</em></span> <span class='ocrx_word' id='word_1_280' title='bbox 399 2160 497 2189; x_wconf 70' lang='lat' dir='ltr'><strong>rorda</strong></span> <span class='ocrx_word' id='word_1_281' title='bbox 521 2170 632 2189; x_wconf 75' lang='lat' dir='ltr'><strong>eornm.</strong></span> <span class='ocrx_word' id='word_1_282' title='bbox 679 2158 745 2189; x_wconf 79' lang='lat' dir='ltr'><strong>Sed</strong></span> <span class='ocrx_word' id='word_1_283' title='bbox 769 2159 845 2200; x_wconf 78' lang='lat' dir='ltr'><strong>quia</strong></span> <span class='ocrx_word' id='word_1_284' title='bbox 870 2159 951 2189; x_wconf 70' lang='lat' dir='ltr'><strong>llaec</strong></span> <span class='ocrx_word' id='word_1_285' title='bbox 969 2158 1114 2189; x_wconf 85' lang='lat' dir='ltr'><strong>nondum</strong></span> 
     </span>
     <span class='ocr_line' id='line_1_42' title="bbox 140 2200 1115 2244; baseline -0.006 -8"><span class='ocrx_word' id='word_1_286' title='bbox 140 2211 189 2237; x_wconf 88' lang='lat' dir='ltr'><strong>est</strong></span> <span class='ocrx_word' id='word_1_287' title='bbox 219 2203 276 2236; x_wconf 87' lang='lat' dir='ltr'><strong>illa</strong></span> <span class='ocrx_word' id='word_1_288' title='bbox 303 2203 451 2244; x_wconf 81' lang='lat' dir='ltr'><strong>perfecta</strong></span> <span class='ocrx_word' id='word_1_289' title='bbox 482 2202 669 2234; x_wconf 78' lang='lat' dir='ltr'><strong>obedientia</strong></span> <span class='ocrx_word' id='word_1_290' title='bbox 703 2200 767 2242; x_wconf 77' lang='lat' dir='ltr'><strong>legi</strong></span> <span class='ocrx_word' id='word_1_291' title='bbox 798 2201 925 2239; x_wconf 85' lang='lat' dir='ltr'><strong>debita,</strong></span> <span class='ocrx_word' id='word_1_292' title='bbox 959 2202 1030 2242; x_wconf 85' lang='lat' dir='ltr'><strong>ipsa</strong></span> <span class='ocrx_word' id='word_1_293' title='bbox 1061 2200 1115 2232; x_wconf 82' lang='lat' dir='ltr'><strong>lex</strong></span> 
     </span>
     <span class='ocr_line' id='line_1_43' title="bbox 141 2244 1114 2287; baseline -0.004 -8"><span class='ocrx_word' id='word_1_294' title='bbox 141 2255 193 2280; x_wconf 84' lang='lat' dir='ltr'><strong>est</strong></span> <span class='ocrx_word' id='word_1_295' title='bbox 217 2247 452 2283; x_wconf 86' lang='lat' dir='ltr'><strong>testimonium,</strong></span> <span class='ocrx_word' id='word_1_296' title='bbox 476 2247 564 2287; x_wconf 89' lang='lat' dir='ltr'><strong>quod</strong></span> <span class='ocrx_word' id='word_1_297' title='bbox 590 2248 672 2277; x_wconf 87' lang='lat' dir='ltr'><strong>baec</strong></span> <span class='ocrx_word' id='word_1_298' title='bbox 696 2251 811 2275; x_wconf 80' lang='lat' dir='ltr'><strong>natura</strong></span> <span class='ocrx_word' id='word_1_299' title='bbox 835 2244 976 2275; x_wconf 85' lang='lat' dir='ltr'><strong>hnmana</strong></span> <span class='ocrx_word' id='word_1_300' title='bbox 1000 2245 1040 2275; x_wconf 88' lang='lat' dir='ltr'><strong>sit</strong></span> <span class='ocrx_word' id='word_1_301' title='bbox 1064 2254 1114 2275; x_wconf 90' lang='lat' dir='ltr'><strong>re-</strong></span> 
     </span>
     <span class='ocr_line' id='line_1_44' title="bbox 140 2286 1114 2329; baseline -0.005 -7"><span class='ocrx_word' id='word_1_302' title='bbox 140 2291 310 2323; x_wconf 76' lang='lat' dir='ltr'><strong>novanda:</strong></span> <span class='ocrx_word' id='word_1_303' title='bbox 344 2289 536 2320; x_wconf 81' lang='lat' dir='ltr'><strong>Renovatur</strong></span> <span class='ocrx_word' id='word_1_304' title='bbox 570 2294 679 2320; x_wconf 88' lang='lat' dir='ltr'><strong>autem</strong></span> <span class='ocrx_word' id='word_1_305' title='bbox 712 2297 770 2329; x_wconf 86' lang='lat' dir='ltr'><strong>per</strong></span> <span class='ocrx_word' id='word_1_306' title='bbox 800 2286 879 2318; x_wconf 88' lang='lat' dir='ltr'><strong>illud</strong></span> <span class='ocrx_word' id='word_1_307' title='bbox 907 2297 1038 2325; x_wconf 86' lang='lat' dir='ltr'><strong>semen,</strong></span> <span class='ocrx_word' id='word_1_308' title='bbox 1074 2287 1114 2317; x_wconf 87' lang='lat' dir='ltr'><strong>de</strong></span> 
     </span>
     <span class='ocr_line' id='line_1_45' title="bbox 141 2330 1116 2376; baseline -0.007 -11"><span class='ocrx_word' id='word_1_309' title='bbox 141 2344 205 2376; x_wconf 88' lang='lat' dir='ltr'><strong>quo</strong></span> <span class='ocrx_word' id='word_1_310' title='bbox 235 2333 355 2365; x_wconf 83' lang='lat' dir='ltr'><strong>dictum</strong></span> <span class='ocrx_word' id='word_1_311' title='bbox 385 2339 450 2363; x_wconf 80' lang='lat' dir='ltr'><strong>est:</strong></span> <span class='ocrx_word' id='word_1_312' title='bbox 487 2332 521 2361; x_wconf 84' lang='lat'><strong>111</strong></span> <span class='ocrx_word' id='word_1_313' title='bbox 551 2332 662 2360; x_wconf 73' lang='lat' dir='ltr'><strong>semine</strong></span> <span class='ocrx_word' id='word_1_314' title='bbox 691 2335 745 2360; x_wconf 82' lang='lat' dir='ltr'><strong>tun</strong></span> <span class='ocrx_word' id='word_1_315' title='bbox 772 2330 988 2360; x_wconf 62' lang='lat' dir='ltr'><strong>benedicentur</strong></span> <span class='ocrx_word' id='word_1_316' title='bbox 1016 2340 1116 2359; x_wconf 76' lang='lat' dir='ltr'><strong>omnes</strong></span> 
     </span>
     <span class='ocr_line' id='line_1_46' title="bbox 141 2373 1115 2415; baseline -0.001 -11"><span class='ocrx_word' id='word_1_317' title='bbox 141 2380 254 2415; x_wconf 64' lang='lat' dir='ltr'><strong>qenins.</strong></span> <span class='ocrx_word' id='word_1_318' title='bbox 302 2374 384 2407; x_wconf 87' lang='lat' dir='ltr'><strong>lllnd</strong></span> <span class='ocrx_word' id='word_1_319' title='bbox 409 2384 521 2406; x_wconf 86' lang='lat' dir='ltr'><strong>semen</strong></span> <span class='ocrx_word' id='word_1_320' title='bbox 545 2373 691 2406; x_wconf 82' lang='lat' dir='ltr'><strong>abolebit</strong></span> <span class='ocrx_word' id='word_1_321' title='bbox 713 2379 884 2415; x_wconf 84' lang='lat' dir='ltr'><strong>peccatum</strong></span> <span class='ocrx_word' id='word_1_322' title='bbox 907 2378 938 2404; x_wconf 89' lang='lat' dir='ltr'><strong>et</strong></span> <span class='ocrx_word' id='word_1_323' title='bbox 962 2380 1115 2404; x_wconf 86' lang='lat' dir='ltr'><strong>mortem:</strong></span> 
     </span>
     <span class='ocr_line' id='line_1_47' title="bbox 141 2417 1114 2459; baseline -0.004 -9"><span class='ocrx_word' id='word_1_324' title='bbox 141 2420 149 2450; x_wconf 93' lang='lat' dir='ltr'><strong>i</strong></span> <span class='ocrx_word' id='word_1_325' title='bbox 177 2420 240 2449; x_wconf 85' lang='lat' dir='ltr'><strong>itur</strong></span> <span class='ocrx_word' id='word_1_326' title='bbox 269 2417 346 2449; x_wconf 77' lang='lat' dir='ltr'><strong>illud</strong></span> <span class='ocrx_word' id='word_1_327' title='bbox 380 2428 490 2448; x_wconf 70' lang='lat' dir='ltr'><strong>semen</strong></span> <span class='ocrx_word' id='word_1_328' title='bbox 524 2423 656 2459; x_wconf 83' lang='lat' dir='ltr'><strong>oportet</strong></span> <span class='ocrx_word' id='word_1_329' title='bbox 688 2417 889 2449; x_wconf 76' lang='lat' dir='ltr'><strong>reviviscere</strong></span> <span class='ocrx_word' id='word_1_330' title='bbox 923 2425 963 2447; x_wconf 84' lang='lat' dir='ltr'><strong>ex</strong></span> <span class='ocrx_word' id='word_1_331' title='bbox 997 2421 1114 2447; x_wconf 90' lang='lat' dir='ltr'><strong>morte.</strong></span> 
     </span>
     <span class='ocr_line' id='line_1_48' title="bbox 143 2460 525 2493; baseline -0.01 0"><span class='ocrx_word' id='word_1_332' title='bbox 143 2462 232 2493; x_wconf 72' lang='lat' dir='ltr'><strong>{acc</strong></span> <span class='ocrx_word' id='word_1_333' title='bbox 256 2469 331 2492; x_wconf 69' lang='lat' dir='ltr'><strong>sunt.</strong></span> <span class='ocrx_word' id='word_1_334' title='bbox 355 2462 385 2491; x_wconf 93' lang='lat' dir='ltr'><strong>in</strong></span> <span class='ocrx_word' id='word_1_335' title='bbox 411 2460 525 2491; x_wconf 68' lang='lat' dir='ltr'><strong>moise.</strong></span> 
     </span>
    </p>

    <p class='ocr_par' dir='ltr' id='par_1_8' title="bbox 140 2509 1116 2640">
     <span class='ocr_line' id='line_1_49' title="bbox 229 2509 1116 2551; baseline -0.005 -7"><span class='ocrx_word' id='word_1_336' title='bbox 229 2511 349 2544; x_wconf 80' lang='lat' dir='ltr'><strong>Postea</strong></span> <span class='ocrx_word' id='word_1_337' title='bbox 383 2518 458 2543; x_wconf 73' lang='lat' dir='ltr'><strong>sunt</strong></span> <span class='ocrx_word' id='word_1_338' title='bbox 492 2511 679 2544; x_wconf 84' lang='lat' dir='ltr'><strong>testimonia</strong></span> <span class='ocrx_word' id='word_1_339' title='bbox 710 2509 850 2543; x_wconf 81' lang='lat' dir='ltr'><strong>illustria</strong></span> <span class='ocrx_word' id='word_1_340' title='bbox 879 2510 911 2541; x_wconf 87' lang='lat' dir='ltr'><strong>ln</strong></span> <span class='ocrx_word' id='word_1_341' title='bbox 937 2509 1116 2551; x_wconf 86' lang='lat' dir='ltr'><strong>prophetis,</strong></span> 
     </span>
     <span class='ocr_line' id='line_1_50' title="bbox 143 2554 1116 2596; baseline -0.004 -9"><span class='ocrx_word' id='word_1_342' title='bbox 143 2563 175 2588; x_wconf 90' lang='lat' dir='ltr'><strong>ut</strong></span> <span class='ocrx_word' id='word_1_343' title='bbox 207 2556 238 2587; x_wconf 81' lang='grc'><strong>’111</strong></span> <span class='ocrx_word' id='word_1_344' title='bbox 267 2555 356 2586; x_wconf 78' lang='lat' dir='ltr'><strong>Osca</strong></span> <span class='ocrx_word' id='word_1_345' title='bbox 384 2554 564 2596; x_wconf 81' lang='lat' dir='ltr'><strong>[cap.13.]:</strong></span> <span class='ocrx_word' id='word_1_346' title='bbox 611 2555 639 2584; x_wconf 84' lang='lat'>0</span> <span class='ocrx_word' id='word_1_347' title='bbox 662 2565 759 2589; x_wconf 76' lang='grc' dir='ltr'>ηιοη,</span> <span class='ocrx_word' id='word_1_348' title='bbox 793 2564 847 2584; x_wconf 81' lang='lat' dir='ltr'><strong>ero</strong></span> <span class='ocrx_word' id='word_1_349' title='bbox 874 2564 955 2583; x_wconf 84' lang='lat' dir='ltr'><strong>mors</strong></span> <span class='ocrx_word' id='word_1_350' title='bbox 983 2557 1053 2587; x_wconf 77' lang='lat' dir='ltr'><strong>tun.</strong></span> <span class='ocrx_word' id='word_1_351' title='bbox 1088 2557 1116 2583; x_wconf 72' lang='lat' dir='ltr'><strong>rt</strong></span> 
     </span>
     <span class='ocr_line' id='line_1_51' title="bbox 140 2596 1116 2640; baseline 0.001 -13"><span class='ocrx_word' id='word_1_352' title='bbox 140 2599 238 2638; x_wconf 74' lang='lat' dir='ltr'><strong>pestis</strong></span> <span class='ocrx_word' id='word_1_353' title='bbox 262 2602 331 2632; x_wconf 76' lang='lat' dir='ltr'><strong>tua.</strong></span> <span class='ocrx_word' id='word_1_354' title='bbox 355 2609 373 2630; x_wconf 89' lang='lat' dir='ltr'><strong>o</strong></span> <span class='ocrx_word' id='word_1_355' title='bbox 396 2599 513 2635; x_wconf 70' lang='lat' dir='ltr'><strong>inser-ne</strong></span> <span class='ocrx_word' id='word_1_356' title='bbox 570 2597 631 2630; x_wconf 81' lang='lat' dir='ltr'><strong>Est</strong></span> <span class='ocrx_word' id='word_1_357' title='bbox 652 2596 750 2630; x_wconf 75' lang='lat' dir='ltr'><strong>valde</strong></span> <span class='ocrx_word' id='word_1_358' title='bbox 773 2596 946 2640; x_wconf 81' lang='lat' dir='ltr'><strong>pulchrum</strong></span> <span class='ocrx_word' id='word_1_359' title='bbox 970 2597 1116 2629; x_wconf 78' lang='lat' dir='ltr'><strong>testimo-</strong></span> 
     </span>
    </p>
   </div>
   <div class='ocr_carea' id='block_1_7' title="bbox 1160 239 2144 2637">
    <p class='ocr_par' dir='ltr' id='par_1_9' title="bbox 1160 239 2137 752">
     <span class='ocr_line' id='line_1_52' title="bbox 1160 239 2131 281; baseline 0.001 -9"><span class='ocrx_word' id='word_1_360' title='bbox 1160 240 1264 278; x_wconf 90' lang='lat' dir='ltr'><strong>nium,</strong></span> <span class='ocrx_word' id='word_1_361' title='bbox 1301 241 1401 272; x_wconf 85' lang='lat' dir='ltr'><strong>breve</strong></span> <span class='ocrx_word' id='word_1_362' title='bbox 1454 240 1578 278; x_wconf 86' lang='lat' dir='ltr'><strong>uidem,</strong></span> <span class='ocrx_word' id='word_1_363' title='bbox 1612 240 1671 271; x_wconf 89' lang='lat' dir='ltr'><strong>sed</strong></span> <span class='ocrx_word' id='word_1_364' title='bbox 1706 245 1815 272; x_wconf 87' lang='lat' dir='ltr'><strong>tamen</strong></span> <span class='ocrx_word' id='word_1_365' title='bbox 1847 239 2131 281; x_wconf 85' lang='lat' dir='ltr'><strong>comprehendens</strong></span> 
     </span>
     <span class='ocr_line' id='line_1_53' title="bbox 1160 280 2134 324; baseline 0.002 -10"><span class='ocrx_word' id='word_1_366' title='bbox 1160 291 1215 314; x_wconf 90' lang='lat' dir='ltr'><strong>res</strong></span> <span class='ocrx_word' id='word_1_367' title='bbox 1239 291 1387 324; x_wconf 80' lang='lat' dir='ltr'><strong>magnas.</strong></span> <span class='ocrx_word' id='word_1_368' title='bbox 1465 283 1521 315; x_wconf 91' lang='lat' dir='ltr'><strong>icit</strong></span> <span class='ocrx_word' id='word_1_369' title='bbox 1543 283 1700 314; x_wconf 80' lang='lat' dir='ltr'><strong>Messiam</strong></span> <span class='ocrx_word' id='word_1_370' title='bbox 1722 280 1839 314; x_wconf 89' lang='lat' dir='ltr'><strong>tollere</strong></span> <span class='ocrx_word' id='word_1_371' title='bbox 1861 288 2017 322; x_wconf 89' lang='lat' dir='ltr'><strong>mortem,</strong></span> <span class='ocrx_word' id='word_1_372' title='bbox 2039 290 2071 315; x_wconf 90' lang='lat' dir='ltr'><strong>et</strong></span> <span class='ocrx_word' id='word_1_373' title='bbox 2094 282 2134 316; x_wconf 80' lang='lat' dir='ltr'><strong>li-</strong></span> 
     </span>
     <span class='ocr_line' id='line_1_54' title="bbox 1160 323 2134 366; baseline 0.001 -11"><span class='ocrx_word' id='word_1_374' title='bbox 1160 325 1277 356; x_wconf 86' lang='lat' dir='ltr'><strong>berare</strong></span> <span class='ocrx_word' id='word_1_375' title='bbox 1306 334 1348 357; x_wconf 83' lang='lat' dir='ltr'><strong>ex</strong></span> <span class='ocrx_word' id='word_1_376' title='bbox 1378 323 1520 357; x_wconf 84' lang='lat' dir='ltr'><strong>inferno.</strong></span> <span class='ocrx_word' id='word_1_377' title='bbox 1570 325 1605 356; x_wconf 88' lang='lat' dir='ltr'><strong>ln</strong></span> <span class='ocrx_word' id='word_1_378' title='bbox 1635 324 1796 357; x_wconf 84' lang='lat' dir='ltr'><strong>Zacharia</strong></span> <span class='ocrx_word' id='word_1_379' title='bbox 1824 335 1896 366; x_wconf 87' lang='lat' dir='ltr'><strong>cap.</strong></span> <span class='ocrx_word' id='word_1_380' title='bbox 1916 325 1964 356; x_wconf 80' lang='lat'><strong>9.:</strong></span> <span class='ocrx_word' id='word_1_381' title='bbox 2008 326 2134 357; x_wconf 65' lang='lat' dir='ltr'><strong>Educ-es</strong></span> 
     </span>
     <span class='ocr_line' id='line_1_55' title="bbox 1160 367 2132 411; baseline 0.001 -15"><span class='ocrx_word' id='word_1_382' title='bbox 1160 369 1281 399; x_wconf 70' lang='lat' dir='ltr'><strong>vinctos</strong></span> <span class='ocrx_word' id='word_1_383' title='bbox 1302 371 1373 398; x_wconf 77' lang='lat' dir='ltr'><strong>tuos</strong></span> <span class='ocrx_word' id='word_1_384' title='bbox 1395 378 1412 398; x_wconf 78' lang='lat' dir='ltr'><strong>e</strong></span> <span class='ocrx_word' id='word_1_385' title='bbox 1433 368 1521 407; x_wconf 73' lang='lat' dir='ltr'><strong>lacu,</strong></span> <span class='ocrx_word' id='word_1_386' title='bbox 1551 369 1584 398; x_wconf 79' lang='lat' dir='ltr'><strong>iu</strong></span> <span class='ocrx_word' id='word_1_387' title='bbox 1613 378 1672 408; x_wconf 80' lang='lat' dir='ltr'><strong>quo</strong></span> <span class='ocrx_word' id='word_1_388' title='bbox 1700 378 1762 398; x_wconf 82' lang='lat' dir='ltr'><strong>non</strong></span> <span class='ocrx_word' id='word_1_389' title='bbox 1783 372 1829 398; x_wconf 81' lang='lat' dir='ltr'><strong>est</strong></span> <span class='ocrx_word' id='word_1_390' title='bbox 1852 378 1944 408; x_wconf 78' lang='grc' dir='ltr'><strong><em>ιιφισ.</em></strong></span> <span class='ocrx_word' id='word_1_391' title='bbox 1989 367 2132 411; x_wconf 72' lang='lat' dir='ltr'><strong>insignis</strong></span> 
     </span>
     <span class='ocr_line' id='line_1_56' title="bbox 1161 409 2136 451; baseline 0.002 -10"><span class='ocrx_word' id='word_1_392' title='bbox 1161 416 1213 441; x_wconf 79' lang='lat' dir='ltr'><strong>est</strong></span> <span class='ocrx_word' id='word_1_393' title='bbox 1235 409 1404 451; x_wconf 86' lang='lat' dir='ltr'><strong>emphasis</strong></span> <span class='ocrx_word' id='word_1_394' title='bbox 1427 412 1458 442; x_wconf 93' lang='lat' dir='ltr'><strong>in</strong></span> <span class='ocrx_word' id='word_1_395' title='bbox 1483 421 1577 449; x_wconf 85' lang='lat' dir='ltr'><strong>voce,</strong></span> <span class='ocrx_word' id='word_1_396' title='bbox 1595 414 1677 440; x_wconf 78' lang='lat' dir='ltr'><strong>tuos:</strong></span> <span class='ocrx_word' id='word_1_397' title='bbox 1700 409 1846 442; x_wconf 83' lang='lat' dir='ltr'><strong>Messias</strong></span> <span class='ocrx_word' id='word_1_398' title='bbox 1864 411 1974 442; x_wconf 87' lang='lat' dir='ltr'><strong>educit</strong></span> <span class='ocrx_word' id='word_1_399' title='bbox 1992 412 2136 451; x_wconf 78' lang='lat' dir='ltr'><strong>vinctos,</strong></span> 
     </span>
     <span class='ocr_line' id='line_1_57' title="bbox 1161 452 2135 492; baseline 0.003 -8"><span class='ocrx_word' id='word_1_400' title='bbox 1161 462 1228 484; x_wconf 89' lang='lat' dir='ltr'><strong>non</strong></span> <span class='ocrx_word' id='word_1_401' title='bbox 1250 463 1382 491; x_wconf 80' lang='lat' dir='ltr'><strong>omnes3</strong></span> <span class='ocrx_word' id='word_1_402' title='bbox 1412 464 1477 484; x_wconf 91' lang='lat' dir='ltr'><strong>non</strong></span> <span class='ocrx_word' id='word_1_403' title='bbox 1509 454 1616 486; x_wconf 85' lang='lat' dir='ltr'><strong>educit</strong></span> <span class='ocrx_word' id='word_1_404' title='bbox 1640 452 1810 492; x_wconf 87' lang='lat' dir='ltr'><strong>diabolos,</strong></span> <span class='ocrx_word' id='word_1_405' title='bbox 1836 464 1902 485; x_wconf 92' lang='lat' dir='ltr'><strong>non</strong></span> <span class='ocrx_word' id='word_1_406' title='bbox 1926 453 2011 485; x_wconf 88' lang='lat' dir='ltr'><strong>alios</strong></span> <span class='ocrx_word' id='word_1_407' title='bbox 2034 454 2135 488; x_wconf 80' lang='lat' dir='ltr'><strong>desti·</strong></span> 
     </span>
     <span class='ocr_line' id='line_1_58' title="bbox 1160 495 2135 538; baseline 0.002 -12"><span class='ocrx_word' id='word_1_408' title='bbox 1160 501 1259 527; x_wconf 87' lang='lat' dir='ltr'><strong>natos</strong></span> <span class='ocrx_word' id='word_1_409' title='bbox 1291 496 1334 527; x_wconf 89' lang='lat' dir='ltr'><strong>ad</strong></span> <span class='ocrx_word' id='word_1_410' title='bbox 1366 503 1504 529; x_wconf 89' lang='lat' dir='ltr'><strong>mortem</strong></span> <span class='ocrx_word' id='word_1_411' title='bbox 1543 503 1575 528; x_wconf 91' lang='lat' dir='ltr'><strong>et</strong></span> <span class='ocrx_word' id='word_1_412' title='bbox 1610 496 1869 534; x_wconf 83' lang='lat' dir='ltr'><strong>damnationem,</strong></span> <span class='ocrx_word' id='word_1_413' title='bbox 1903 495 2135 538; x_wconf 55' lang='lat' dir='ltr'><strong>blasphemum</strong></span> 
     </span>
     <span class='ocr_line' id='line_1_59' title="bbox 1162 537 2135 582; baseline 0.005 -14"><span class='ocrx_word' id='word_1_414' title='bbox 1162 538 1223 570; x_wconf 81' lang='lat' dir='ltr'><strong>sed</strong></span> <span class='ocrx_word' id='word_1_415' title='bbox 1245 538 1356 570; x_wconf 83' lang='lat' dir='ltr'><strong>educit</strong></span> <span class='ocrx_word' id='word_1_416' title='bbox 1376 541 1496 570; x_wconf 82' lang='lat' dir='ltr'><strong>vim-tos</strong></span> <span class='ocrx_word' id='word_1_417' title='bbox 1518 550 1609 578; x_wconf 74' lang='lat' dir='ltr'><strong>suos,</strong></span> <span class='ocrx_word' id='word_1_418' title='bbox 1631 539 1664 570; x_wconf 89' lang='lat' dir='ltr'><strong>id</strong></span> <span class='ocrx_word' id='word_1_419' title='bbox 1688 545 1756 576; x_wconf 85' lang='lat' dir='ltr'><strong>est,</strong></span> <span class='ocrx_word' id='word_1_420' title='bbox 1779 537 1922 576; x_wconf 83' lang='lat' dir='ltr'><strong>electos;</strong></span> <span class='ocrx_word' id='word_1_421' title='bbox 1945 540 1999 581; x_wconf 88' lang='lat' dir='ltr'><strong>qui</strong></span> <span class='ocrx_word' id='word_1_422' title='bbox 2023 550 2135 582; x_wconf 75' lang='lat' dir='ltr'><strong>quam·</strong></span> 
     </span>
     <span class='ocr_line' id='line_1_60' title="bbox 1161 580 2137 623; baseline 0.003 -12"><span class='ocrx_word' id='word_1_423' title='bbox 1161 591 1260 622; x_wconf 88' lang='lat' dir='ltr'><strong>quam</strong></span> <span class='ocrx_word' id='word_1_424' title='bbox 1281 587 1358 613; x_wconf 81' lang='lat' dir='ltr'><strong>sunt</strong></span> <span class='ocrx_word' id='word_1_425' title='bbox 1379 580 1492 620; x_wconf 88' lang='lat' dir='ltr'><strong>electi,</strong></span> <span class='ocrx_word' id='word_1_426' title='bbox 1515 588 1625 614; x_wconf 83' lang='lat' dir='ltr'><strong>tamen</strong></span> <span class='ocrx_word' id='word_1_427' title='bbox 1646 581 1778 614; x_wconf 82' lang='lat' dir='ltr'><strong>fuerunt</strong></span> <span class='ocrx_word' id='word_1_428' title='bbox 1800 583 1951 623; x_wconf 83' lang='lat' dir='ltr'><strong>oppressi</strong></span> <span class='ocrx_word' id='word_1_429' title='bbox 1975 588 2080 615; x_wconf 86' lang='lat' dir='ltr'><strong>morte</strong></span> <span class='ocrx_word' id='word_1_430' title='bbox 2103 587 2137 614; x_wconf 55' lang='lat' dir='ltr'><strong>en</strong></span> 
     </span>
     <span class='ocr_line' id='line_1_61' title="bbox 1162 624 2135 664; baseline 0.003 -10"><span class='ocrx_word' id='word_1_431' title='bbox 1162 629 1320 664; x_wconf 88' lang='lat' dir='ltr'><strong>peccato:</strong></span> <span class='ocrx_word' id='word_1_432' title='bbox 1354 631 1448 656; x_wconf 90' lang='lat' dir='ltr'><strong>erant</strong></span> <span class='ocrx_word' id='word_1_433' title='bbox 1474 626 1538 656; x_wconf 85' lang='lat' dir='ltr'><strong>iam</strong></span> <span class='ocrx_word' id='word_1_434' title='bbox 1565 626 1684 662; x_wconf 77' lang='lat' dir='ltr'><strong>vincti,</strong></span> <span class='ocrx_word' id='word_1_435' title='bbox 1718 625 1778 656; x_wconf 87' lang='lat' dir='ltr'><strong>sed</strong></span> <span class='ocrx_word' id='word_1_436' title='bbox 1807 625 1907 656; x_wconf 86' lang='lat' dir='ltr'><strong>vineti</strong></span> <span class='ocrx_word' id='word_1_437' title='bbox 1938 624 2000 656; x_wconf 88' lang='lat' dir='ltr'><strong>Dei</strong></span> <span class='ocrx_word' id='word_1_438' title='bbox 2029 631 2135 657; x_wconf 81' lang='lat' dir='ltr'><strong>erant.</strong></span> 
     </span>
     <span class='ocr_line' id='line_1_62' title="bbox 1163 666 2136 708; baseline 0.004 -13"><span class='ocrx_word' id='word_1_439' title='bbox 1163 666 1214 696; x_wconf 87' lang='lat' dir='ltr'><strong>De</strong></span> <span class='ocrx_word' id='word_1_440' title='bbox 1235 666 1323 701; x_wconf 74' lang='grc' dir='ltr'><strong><em>Ιασιι,</em></strong></span> <span class='ocrx_word' id='word_1_441' title='bbox 1357 669 1390 696; x_wconf 78' lang='lat' dir='ltr'><strong>in</strong></span> <span class='ocrx_word' id='word_1_442' title='bbox 1412 678 1472 707; x_wconf 81' lang='lat' dir='ltr'><strong>quo</strong></span> <span class='ocrx_word' id='word_1_443' title='bbox 1495 679 1556 697; x_wconf 85' lang='lat' dir='ltr'><strong>non</strong></span> <span class='ocrx_word' id='word_1_444' title='bbox 1579 672 1623 698; x_wconf 81' lang='lat' dir='ltr'><strong>est</strong></span> <span class='ocrx_word' id='word_1_445' title='bbox 1647 678 1745 708; x_wconf 77' lang='lat' dir='ltr'><strong>aquo,</strong></span> <span class='ocrx_word' id='word_1_446' title='bbox 1780 667 1904 704; x_wconf 74' lang='lat' dir='ltr'><strong>educet,</strong></span> <span class='ocrx_word' id='word_1_447' title='bbox 1933 668 1966 699; x_wconf 87' lang='lat' dir='ltr'><strong>id</strong></span> <span class='ocrx_word' id='word_1_448' title='bbox 1995 674 2062 706; x_wconf 76' lang='lat' dir='ltr'><strong>est,</strong></span> <span class='ocrx_word' id='word_1_449' title='bbox 2094 678 2136 699; x_wconf 85' lang='lat' dir='ltr'><strong>ex</strong></span> 
     </span>
     <span class='ocr_line' id='line_1_63' title="bbox 1163 707 1806 752; baseline 0 -12"><span class='ocrx_word' id='word_1_450' title='bbox 1163 707 1287 744; x_wconf 82' lang='lat' dir='ltr'><strong>inferis.</strong></span> <span class='ocrx_word' id='word_1_451' title='bbox 1331 709 1393 740; x_wconf 85' lang='lat' dir='ltr'><strong>Est</strong></span> <span class='ocrx_word' id='word_1_452' title='bbox 1415 711 1594 752; x_wconf 86' lang='lat' dir='ltr'><strong>descriptio</strong></span> <span class='ocrx_word' id='word_1_453' title='bbox 1618 709 1806 742; x_wconf 80' lang='lat' dir='ltr'><strong>inferorum.</strong></span> 
     </span>
    </p>

    <p class='ocr_par' dir='ltr' id='par_1_10' title="bbox 1163 751 2141 1221">
     <span class='ocr_line' id='line_1_64' title="bbox 1248 751 2138 793; baseline 0.002 -11"><span class='ocrx_word' id='word_1_454' title='bbox 1248 751 1335 782; x_wconf 88' lang='lat' dir='ltr'><strong>Inter</strong></span> <span class='ocrx_word' id='word_1_455' title='bbox 1374 759 1506 784; x_wconf 85' lang='lat' dir='ltr'><strong>caetera</strong></span> <span class='ocrx_word' id='word_1_456' title='bbox 1543 754 1732 784; x_wconf 88' lang='lat' dir='ltr'><strong>testimonia</strong></span> <span class='ocrx_word' id='word_1_457' title='bbox 1765 753 1826 793; x_wconf 91' lang='lat' dir='ltr'><strong>ipsi</strong></span> <span class='ocrx_word' id='word_1_458' title='bbox 1862 751 2016 793; x_wconf 80' lang='lat' dir='ltr'><strong>Apostoli</strong></span> <span class='ocrx_word' id='word_1_459' title='bbox 2049 751 2138 784; x_wconf 88' lang='lat' dir='ltr'><strong>huuc</strong></span> 
     </span>
     <span class='ocr_line' id='line_1_65' title="bbox 1163 792 2138 836; baseline 0 -10"><span class='ocrx_word' id='word_1_460' title='bbox 1163 792 1331 827; x_wconf 81' lang='lat' dir='ltr'><strong>Psalmum</strong></span> <span class='ocrx_word' id='word_1_461' title='bbox 1353 795 1510 833; x_wconf 87' lang='lat' dir='ltr'><strong>recitant,</strong></span> <span class='ocrx_word' id='word_1_462' title='bbox 1539 805 1601 826; x_wconf 88' lang='lat' dir='ltr'><strong>nec</strong></span> <span class='ocrx_word' id='word_1_463' title='bbox 1624 794 1777 827; x_wconf 79' lang='lat' dir='ltr'><strong>volumus</strong></span> <span class='ocrx_word' id='word_1_464' title='bbox 1801 795 1968 836; x_wconf 81' lang='lat' dir='ltr'><strong>disputare</strong></span> <span class='ocrx_word' id='word_1_465' title='bbox 1990 796 2072 834; x_wconf 88' lang='lat' dir='ltr'><strong>iam,</strong></span> <span class='ocrx_word' id='word_1_466' title='bbox 2094 805 2138 826; x_wconf 87' lang='lat' dir='ltr'><strong>an</strong></span> 
     </span>
     <span class='ocr_line' id='line_1_66' title="bbox 1163 835 2138 878; baseline 0 -10"><span class='ocrx_word' id='word_1_467' title='bbox 1163 836 1272 868; x_wconf 81' lang='lat' dir='ltr'><strong>David</strong></span> <span class='ocrx_word' id='word_1_468' title='bbox 1302 835 1456 878; x_wconf 85' lang='lat' dir='ltr'><strong>loquatur</strong></span> <span class='ocrx_word' id='word_1_469' title='bbox 1485 838 1525 868; x_wconf 85' lang='lat' dir='ltr'><strong>de</strong></span> <span class='ocrx_word' id='word_1_470' title='bbox 1554 839 1710 878; x_wconf 84' lang='lat' dir='ltr'><strong>passione</strong></span> <span class='ocrx_word' id='word_1_471' title='bbox 1740 837 1878 875; x_wconf 76' lang='lat' dir='ltr'><strong>Christi,</strong></span> <span class='ocrx_word' id='word_1_472' title='bbox 1912 837 1964 869; x_wconf 76' lang='lat' dir='ltr'><strong>vel</strong></span> <span class='ocrx_word' id='word_1_473' title='bbox 1994 838 2035 870; x_wconf 88' lang='lat' dir='ltr'><strong>de</strong></span> <span class='ocrx_word' id='word_1_474' title='bbox 2065 848 2138 878; x_wconf 81' lang='lat' dir='ltr'><strong>per·</strong></span> 
     </span>
     <span class='ocr_line' id='line_1_67' title="bbox 1163 879 2138 922; baseline 0.001 -11"><span class='ocrx_word' id='word_1_475' title='bbox 1163 890 1247 911; x_wconf 87' lang='lat' dir='ltr'><strong>sona</strong></span> <span class='ocrx_word' id='word_1_476' title='bbox 1282 889 1359 911; x_wconf 84' lang='lat' dir='ltr'><strong>sua:</strong></span> <span class='ocrx_word' id='word_1_477' title='bbox 1399 889 1574 921; x_wconf 85' lang='lat' dir='ltr'><strong>sequamur</strong></span> <span class='ocrx_word' id='word_1_478' title='bbox 1608 879 1800 921; x_wconf 76' lang='lat' dir='ltr'><strong>Apostolos.</strong></span> <span class='ocrx_word' id='word_1_479' title='bbox 1864 880 1934 912; x_wconf 78' lang='lat' dir='ltr'><strong>Etsi</strong></span> <span class='ocrx_word' id='word_1_480' title='bbox 1973 881 2138 922; x_wconf 85' lang='lat' dir='ltr'><strong>quaedam</strong></span> 
     </span>
     <span class='ocr_line' id='line_1_68' title="bbox 1164 921 2138 964; baseline 0.001 -11"><span class='ocrx_word' id='word_1_481' title='bbox 1164 928 1350 964; x_wconf 82' lang='lat' dir='ltr'><strong>congruunt</strong></span> <span class='ocrx_word' id='word_1_482' title='bbox 1378 923 1474 954; x_wconf 86' lang='lat' dir='ltr'><strong>etiam</strong></span> <span class='ocrx_word' id='word_1_483' title='bbox 1504 923 1545 953; x_wconf 86' lang='lat' dir='ltr'><strong>ad</strong></span> <span class='ocrx_word' id='word_1_484' title='bbox 1575 922 1751 959; x_wconf 75' lang='lat' dir='ltr'><strong>Davidem,</strong></span> <span class='ocrx_word' id='word_1_485' title='bbox 1780 930 1886 955; x_wconf 88' lang='lat' dir='ltr'><strong>tamen</strong></span> <span class='ocrx_word' id='word_1_486' title='bbox 1917 921 2068 963; x_wconf 81' lang='lat' dir='ltr'><strong>Apostoli</strong></span> <span class='ocrx_word' id='word_1_487' title='bbox 2091 924 2138 954; x_wconf 91' lang='lat' dir='ltr'><strong>in-</strong></span> 
     </span>
     <span class='ocr_line' id='line_1_69' title="bbox 1164 964 2138 1007; baseline 0.001 -10"><span class='ocrx_word' id='word_1_488' title='bbox 1164 971 1388 1006; x_wconf 86' lang='lat' dir='ltr'><strong>terpretantur</strong></span> <span class='ocrx_word' id='word_1_489' title='bbox 1410 965 1451 996; x_wconf 90' lang='lat' dir='ltr'><strong>de</strong></span> <span class='ocrx_word' id='word_1_490' title='bbox 1475 964 1625 1003; x_wconf 84' lang='lat' dir='ltr'><strong>Christo,</strong></span> <span class='ocrx_word' id='word_1_491' title='bbox 1653 966 1693 996; x_wconf 89' lang='lat' dir='ltr'><strong>de</strong></span> <span class='ocrx_word' id='word_1_492' title='bbox 1717 976 1782 1007; x_wconf 92' lang='lat' dir='ltr'><strong>quo</strong></span> <span class='ocrx_word' id='word_1_493' title='bbox 1805 973 1834 996; x_wconf 90' lang='lat' dir='ltr'><strong>et</strong></span> <span class='ocrx_word' id='word_1_494' title='bbox 1860 976 1921 996; x_wconf 90' lang='lat' dir='ltr'><strong>nos</strong></span> <span class='ocrx_word' id='word_1_495' title='bbox 1945 967 2138 1006; x_wconf 73' lang='lat' dir='ltr'><strong>interpreta—</strong></span> 
     </span>
     <span class='ocr_line' id='line_1_70' title="bbox 1165 1006 2139 1049; baseline -0.001 -8"><span class='ocrx_word' id='word_1_496' title='bbox 1165 1009 1287 1041; x_wconf 82' lang='lat' dir='ltr'><strong>bimur:</strong></span> <span class='ocrx_word' id='word_1_497' title='bbox 1326 1007 1413 1043; x_wconf 82' lang='lat' dir='ltr'><strong>Quia</strong></span> <span class='ocrx_word' id='word_1_498' title='bbox 1446 1008 1591 1039; x_wconf 82' lang='lat' dir='ltr'><strong>continet</strong></span> <span class='ocrx_word' id='word_1_499' title='bbox 1624 1009 1785 1048; x_wconf 84' lang='lat' dir='ltr'><strong>quaedam</strong></span> <span class='ocrx_word' id='word_1_500' title='bbox 1819 1006 2019 1049; x_wconf 84' lang='lat' dir='ltr'><strong>singularia,</strong></span> <span class='ocrx_word' id='word_1_501' title='bbox 2053 1018 2139 1049; x_wconf 74' lang='lat' dir='ltr'><strong>quae</strong></span> 
     </span>
     <span class='ocr_line' id='line_1_71' title="bbox 1165 1049 2140 1092; baseline -0.001 -10"><span class='ocrx_word' id='word_1_502' title='bbox 1165 1061 1231 1083; x_wconf 90' lang='lat' dir='ltr'><strong>non</strong></span> <span class='ocrx_word' id='word_1_503' title='bbox 1254 1051 1296 1082; x_wconf 91' lang='lat' dir='ltr'><strong>ad</strong></span> <span class='ocrx_word' id='word_1_504' title='bbox 1319 1049 1418 1082; x_wconf 88' lang='lat' dir='ltr'><strong>alium</strong></span> <span class='ocrx_word' id='word_1_505' title='bbox 1441 1050 1687 1082; x_wconf 84' lang='lat' dir='ltr'><strong>accommodari</strong></span> <span class='ocrx_word' id='word_1_506' title='bbox 1710 1058 1862 1092; x_wconf 85' lang='lat' dir='ltr'><strong>possunt,</strong></span> <span class='ocrx_word' id='word_1_507' title='bbox 1885 1056 1941 1081; x_wconf 82' lang='lat' dir='ltr'><strong>aut</strong></span> <span class='ocrx_word' id='word_1_508' title='bbox 1965 1056 2057 1081; x_wconf 87' lang='lat' dir='ltr'><strong>certe</strong></span> <span class='ocrx_word' id='word_1_509' title='bbox 2073 1050 2140 1090; x_wconf 84' lang='lat' dir='ltr'><strong>pri—</strong></span> 
     </span>
     <span class='ocr_line' id='line_1_72' title="bbox 1165 1092 2140 1135; baseline -0.002 -9"><span class='ocrx_word' id='word_1_510' title='bbox 1165 1105 1270 1130; x_wconf 78' lang='lat' dir='ltr'><strong>mum3</strong></span> <span class='ocrx_word' id='word_1_511' title='bbox 1302 1104 1343 1125; x_wconf 87' lang='lat' dir='ltr'><strong>ac</strong></span> <span class='ocrx_word' id='word_1_512' title='bbox 1371 1092 1594 1135; x_wconf 86' lang='lat' dir='ltr'><strong>principaliter</strong></span> <span class='ocrx_word' id='word_1_513' title='bbox 1628 1103 1693 1126; x_wconf 85' lang='lat' dir='ltr'><strong>non</strong></span> <span class='ocrx_word' id='word_1_514' title='bbox 1727 1099 1867 1134; x_wconf 87' lang='lat' dir='ltr'><strong>possunt</strong></span> <span class='ocrx_word' id='word_1_515' title='bbox 1897 1092 2140 1124; x_wconf 85' lang='lat' dir='ltr'><strong>accommodari</strong></span> 
     </span>
     <span class='ocr_line' id='line_1_73' title="bbox 1165 1135 2141 1178; baseline -0.002 -9"><span class='ocrx_word' id='word_1_516' title='bbox 1165 1137 1207 1169; x_wconf 83' lang='lat' dir='ltr'><strong>ad</strong></span> <span class='ocrx_word' id='word_1_517' title='bbox 1229 1135 1344 1168; x_wconf 87' lang='lat' dir='ltr'><strong>alium:</strong></span> <span class='ocrx_word' id='word_1_518' title='bbox 1367 1136 1427 1167; x_wconf 87' lang='lat' dir='ltr'><strong>sed</strong></span> <span class='ocrx_word' id='word_1_519' title='bbox 1451 1146 1529 1177; x_wconf 79' lang='lat' dir='ltr'><strong>per,</strong></span> <span class='ocrx_word' id='word_1_520' title='bbox 1558 1147 1598 1168; x_wconf 88' lang='lat' dir='ltr'><strong>ac</strong></span> <span class='ocrx_word' id='word_1_521' title='bbox 1621 1143 1756 1178; x_wconf 83' lang='lat' dir='ltr'><strong>propter</strong></span> <span class='ocrx_word' id='word_1_522' title='bbox 1779 1135 1935 1168; x_wconf 51' lang='lat' dir='ltr'><strong>messiam</strong></span> <span class='ocrx_word' id='word_1_523' title='bbox 1959 1136 2019 1177; x_wconf 89' lang='lat' dir='ltr'><strong>ipsi</strong></span> <span class='ocrx_word' id='word_1_524' title='bbox 2043 1136 2141 1167; x_wconf 83' lang='lat' dir='ltr'><strong>etiam</strong></span> 
     </span>
     <span class='ocr_line' id='line_1_74' title="bbox 1166 1178 1630 1221; baseline -0.006 -9"><span class='ocrx_word' id='word_1_525' title='bbox 1166 1180 1286 1212; x_wconf 88' lang='lat' dir='ltr'><strong>Davidi</strong></span> <span class='ocrx_word' id='word_1_526' title='bbox 1309 1179 1446 1221; x_wconf 84' lang='lat' dir='ltr'><strong>contigit</strong></span> <span class='ocrx_word' id='word_1_527' title='bbox 1468 1178 1630 1211; x_wconf 79' lang='lat' dir='ltr'><strong>liberatio.</strong></span> 
     </span>
    </p>

    <p class='ocr_par' dir='ltr' id='par_1_11' title="bbox 1165 1220 2142 1563">
     <span class='ocr_line' id='line_1_75' title="bbox 1251 1220 2141 1254; baseline -0.004 0"><span class='ocrx_word' id='word_1_528' title='bbox 1251 1222 1312 1254; x_wconf 89' lang='lat' dir='ltr'><strong>Est</strong></span> <span class='ocrx_word' id='word_1_529' title='bbox 1334 1228 1445 1253; x_wconf 88' lang='lat' dir='ltr'><strong>autem</strong></span> <span class='ocrx_word' id='word_1_530' title='bbox 1469 1220 1592 1253; x_wconf 88' lang='lat' dir='ltr'><strong>Psalmi</strong></span> <span class='ocrx_word' id='word_1_531' title='bbox 1615 1223 1711 1253; x_wconf 82' lang='lat' dir='ltr'><strong>istius</strong></span> <span class='ocrx_word' id='word_1_532' title='bbox 1733 1220 1880 1253; x_wconf 89' lang='lat' dir='ltr'><strong>Titulus:</strong></span> <span class='ocrx_word' id='word_1_533' title='bbox 1909 1221 2026 1251; x_wconf 77' lang='lat' dir='ltr'><strong>Monile</strong></span> <span class='ocrx_word' id='word_1_534' title='bbox 2044 1221 2141 1251; x_wconf 66' lang='lat' dir='ltr'><strong>Davi-</strong></span> 
     </span>
     <span class='ocr_line' id='line_1_76' title="bbox 1165 1262 2142 1306; baseline 0 -11"><span class='ocrx_word' id='word_1_535' title='bbox 1165 1266 1232 1300; x_wconf 70' lang='lat' dir='ltr'><strong>dz’s,</strong></span> <span class='ocrx_word' id='word_1_536' title='bbox 1255 1266 1288 1297; x_wconf 88' lang='lat' dir='ltr'><strong>id</strong></span> <span class='ocrx_word' id='word_1_537' title='bbox 1312 1270 1380 1302; x_wconf 89' lang='lat' dir='ltr'><strong>est,</strong></span> <span class='ocrx_word' id='word_1_538' title='bbox 1404 1271 1650 1303; x_wconf 85' lang='lat' dir='ltr'><strong>ornamentum,</strong></span> <span class='ocrx_word' id='word_1_539' title='bbox 1673 1270 1824 1306; x_wconf 87' lang='lat' dir='ltr'><strong>torques,</strong></span> <span class='ocrx_word' id='word_1_540' title='bbox 1848 1262 2027 1306; x_wconf 83' lang='lat' dir='ltr'><strong>cingulum,</strong></span> <span class='ocrx_word' id='word_1_541' title='bbox 2051 1274 2142 1295; x_wconf 89' lang='lat' dir='ltr'><strong>amu-</strong></span> 
     </span>
     <span class='ocr_line' id='line_1_77' title="bbox 1166 1306 2140 1345; baseline -0.002 -6"><span class='ocrx_word' id='word_1_542' title='bbox 1166 1307 1283 1339; x_wconf 84' lang='lat' dir='ltr'><strong>letum:</strong></span> <span class='ocrx_word' id='word_1_543' title='bbox 1308 1307 1393 1342; x_wconf 89' lang='lat' dir='ltr'><strong>Quia</strong></span> <span class='ocrx_word' id='word_1_544' title='bbox 1416 1306 1518 1338; x_wconf 79' lang='lat' dir='ltr'><strong>voluit</strong></span> <span class='ocrx_word' id='word_1_545' title='bbox 1540 1317 1616 1337; x_wconf 75' lang='lat' dir='ltr'><strong>esse</strong></span> <span class='ocrx_word' id='word_1_546' title='bbox 1639 1307 1824 1338; x_wconf 72' lang='lat' dir='ltr'><strong>vaticinium</strong></span> <span class='ocrx_word' id='word_1_547' title='bbox 1849 1313 1999 1338; x_wconf 87' lang='lat' dir='ltr'><strong>ornatum</strong></span> <span class='ocrx_word' id='word_1_548' title='bbox 2018 1306 2140 1345; x_wconf 72' lang='lat' dir='ltr'><strong>insigni</strong></span> 
     </span>
     <span class='ocr_line' id='line_1_78' title="bbox 1166 1346 2140 1390; baseline -0.004 -10"><span class='ocrx_word' id='word_1_549' title='bbox 1166 1349 1276 1389; x_wconf 83' lang='lat' dir='ltr'><strong>titulo,</strong></span> <span class='ocrx_word' id='word_1_550' title='bbox 1300 1351 1387 1380; x_wconf 81' lang='lat' dir='ltr'><strong>Sicut</strong></span> <span class='ocrx_word' id='word_1_551' title='bbox 1410 1360 1568 1380; x_wconf 80' lang='lat' dir='ltr'><strong>vocamus</strong></span> <span class='ocrx_word' id='word_1_552' title='bbox 1597 1349 1734 1390; x_wconf 75' lang='lat' dir='ltr'><strong>Idyma,</strong></span> <span class='ocrx_word' id='word_1_553' title='bbox 1768 1349 1988 1387; x_wconf 58' lang='lat' dir='ltr'><strong>intantum-ulus.</strong></span> <span class='ocrx_word' id='word_1_554' title='bbox 2041 1346 2140 1380; x_wconf 61' lang='lat' dir='ltr'><strong>Inser-</strong></span> 
     </span>
     <span class='ocr_line' id='line_1_79' title="bbox 1166 1390 2141 1433; baseline -0.002 -9"><span class='ocrx_word' id='word_1_555' title='bbox 1166 1394 1242 1424; x_wconf 89' lang='lat' dir='ltr'><strong>dum</strong></span> <span class='ocrx_word' id='word_1_556' title='bbox 1272 1393 1363 1433; x_wconf 90' lang='lat' dir='ltr'><strong>ponit</strong></span> <span class='ocrx_word' id='word_1_557' title='bbox 1391 1391 1423 1422; x_wconf 88' lang='lat' dir='ltr'><strong>in</strong></span> <span class='ocrx_word' id='word_1_558' title='bbox 1456 1391 1557 1422; x_wconf 90' lang='lat' dir='ltr'><strong>titulis</strong></span> <span class='ocrx_word' id='word_1_559' title='bbox 1586 1402 1713 1426; x_wconf 84' lang='lat' dir='ltr'><strong>rosam,</strong></span> <span class='ocrx_word' id='word_1_560' title='bbox 1749 1390 1802 1422; x_wconf 82' lang='lat' dir='ltr'><strong>vel</strong></span> <span class='ocrx_word' id='word_1_561' title='bbox 1832 1390 1896 1422; x_wconf 88' lang='lat' dir='ltr'><strong>tale</strong></span> <span class='ocrx_word' id='word_1_562' title='bbox 1920 1390 2054 1432; x_wconf 78' lang='lat' dir='ltr'><strong>aliquid.</strong></span> <span class='ocrx_word' id='word_1_563' title='bbox 2105 1390 2141 1422; x_wconf 89' lang='lat' dir='ltr'><strong>ln</strong></span> 
     </span>
     <span class='ocr_line' id='line_1_80' title="bbox 1165 1431 2141 1477; baseline -0.003 -10"><span class='ocrx_word' id='word_1_564' title='bbox 1165 1436 1278 1477; x_wconf 71' lang='lat' dir='ltr'><strong>primis</strong></span> <span class='ocrx_word' id='word_1_565' title='bbox 1301 1440 1452 1467; x_wconf 82' lang='lat' dir='ltr'><strong>vetustas</strong></span> <span class='ocrx_word' id='word_1_566' title='bbox 1475 1435 1544 1466; x_wconf 89' lang='lat' dir='ltr'><strong>suis</strong></span> <span class='ocrx_word' id='word_1_567' title='bbox 1568 1435 1769 1466; x_wconf 84' lang='lat' dir='ltr'><strong>carminibus</strong></span> <span class='ocrx_word' id='word_1_568' title='bbox 1792 1435 1901 1465; x_wconf 78' lang='lat' dir='ltr'><strong>tribuit</strong></span> <span class='ocrx_word' id='word_1_569' title='bbox 1925 1432 2010 1465; x_wconf 83' lang='lat' dir='ltr'><strong>tales</strong></span> <span class='ocrx_word' id='word_1_570' title='bbox 2033 1431 2141 1476; x_wconf 75' lang='lat' dir='ltr'><strong>appel-</strong></span> 
     </span>
     <span class='ocr_line' id='line_1_81' title="bbox 1166 1476 2142 1519; baseline -0.003 -9"><span class='ocrx_word' id='word_1_571' title='bbox 1166 1478 1307 1510; x_wconf 84' lang='lat' dir='ltr'><strong>lationes</strong></span> <span class='ocrx_word' id='word_1_572' title='bbox 1330 1476 1531 1519; x_wconf 77' lang='lat' dir='ltr'><strong>singulareS,</strong></span> <span class='ocrx_word' id='word_1_573' title='bbox 1555 1484 1587 1509; x_wconf 82' lang='lat' dir='ltr'><strong>et</strong></span> <span class='ocrx_word' id='word_1_574' title='bbox 1609 1478 1663 1509; x_wconf 90' lang='lat' dir='ltr'><strong>hic</strong></span> <span class='ocrx_word' id='word_1_575' title='bbox 1682 1476 1794 1509; x_wconf 92' lang='lat' dir='ltr'><strong>titulus</strong></span> <span class='ocrx_word' id='word_1_576' title='bbox 1817 1476 1980 1519; x_wconf 82' lang='lat' dir='ltr'><strong>significat</strong></span> <span class='ocrx_word' id='word_1_577' title='bbox 1999 1477 2142 1508; x_wconf 79' lang='lat' dir='ltr'><strong>eminea-</strong></span> 
     </span>
     <span class='ocr_line' id='line_1_82' title="bbox 1165 1519 1688 1563; baseline -0.006 -9"><span class='ocrx_word' id='word_1_578' title='bbox 1165 1522 1242 1554; x_wconf 88' lang='lat' dir='ltr'><strong>tiam</strong></span> <span class='ocrx_word' id='word_1_579' title='bbox 1266 1531 1346 1563; x_wconf 88' lang='lat' dir='ltr'><strong>prae</strong></span> <span class='ocrx_word' id='word_1_580' title='bbox 1369 1521 1509 1552; x_wconf 81' lang='lat' dir='ltr'><strong>caeteris</strong></span> <span class='ocrx_word' id='word_1_581' title='bbox 1534 1519 1688 1553; x_wconf 87' lang='lat' dir='ltr'><strong>Psalmis.</strong></span> 
     </span>
    </p>

    <p class='ocr_par' dir='ltr' id='par_1_12' title="bbox 1166 1560 2144 2207">
     <span class='ocr_line' id='line_1_83' title="bbox 1252 1560 2142 1605; baseline -0.002 -10"><span class='ocrx_word' id='word_1_582' title='bbox 1252 1564 1456 1605; x_wconf 86' lang='lat' dir='ltr'><strong>Quamquam</strong></span> <span class='ocrx_word' id='word_1_583' title='bbox 1480 1568 1531 1595; x_wconf 87' lang='lat' dir='ltr'><strong>est</strong></span> <span class='ocrx_word' id='word_1_584' title='bbox 1553 1563 1750 1600; x_wconf 80' lang='lat' dir='ltr'><strong>vaticinium,</strong></span> <span class='ocrx_word' id='word_1_585' title='bbox 1773 1568 1882 1594; x_wconf 88' lang='lat' dir='ltr'><strong>tamen</strong></span> <span class='ocrx_word' id='word_1_586' title='bbox 1906 1568 1958 1594; x_wconf 85' lang='lat' dir='ltr'><strong>est</strong></span> <span class='ocrx_word' id='word_1_587' title='bbox 1981 1560 2142 1593; x_wconf 76' lang='lat' dir='ltr'><strong>transfor·</strong></span> 
     </span>
     <span class='ocr_line' id='line_1_84' title="bbox 1166 1605 2143 1649; baseline -0.003 -10"><span class='ocrx_word' id='word_1_588' title='bbox 1166 1614 1254 1640; x_wconf 84' lang='lat' dir='ltr'><strong>mata</strong></span> <span class='ocrx_word' id='word_1_589' title='bbox 1276 1607 1448 1649; x_wconf 82' lang='lat' dir='ltr'><strong>prophetia</strong></span> <span class='ocrx_word' id='word_1_590' title='bbox 1471 1607 1503 1639; x_wconf 90' lang='lat' dir='ltr'><strong>in</strong></span> <span class='ocrx_word' id='word_1_591' title='bbox 1526 1607 1762 1648; x_wconf 80' lang='lat' dir='ltr'><strong>precationem,</strong></span> <span class='ocrx_word' id='word_1_592' title='bbox 1784 1611 1817 1637; x_wconf 86' lang='lat' dir='ltr'><strong>et</strong></span> <span class='ocrx_word' id='word_1_593' title='bbox 1838 1606 2017 1647; x_wconf 79' lang='lat' dir='ltr'><strong>gratiarum</strong></span> <span class='ocrx_word' id='word_1_594' title='bbox 2039 1605 2143 1637; x_wconf 79' lang='lat' dir='ltr'><strong>actio·</strong></span> 
     </span>
     <span class='ocr_line' id='line_1_85' title="bbox 1167 1646 2141 1691; baseline -0.004 -9"><span class='ocrx_word' id='word_1_595' title='bbox 1167 1661 1251 1682; x_wconf 87' lang='lat' dir='ltr'><strong>nem.</strong></span> <span class='ocrx_word' id='word_1_596' title='bbox 1301 1649 1406 1682; x_wconf 88' lang='lat' dir='ltr'><strong>Totus</strong></span> <span class='ocrx_word' id='word_1_597' title='bbox 1431 1648 1585 1681; x_wconf 88' lang='lat' dir='ltr'><strong>Psalmus</strong></span> <span class='ocrx_word' id='word_1_598' title='bbox 1609 1655 1661 1681; x_wconf 88' lang='lat' dir='ltr'><strong>est</strong></span> <span class='ocrx_word' id='word_1_599' title='bbox 1684 1649 1820 1691; x_wconf 92' lang='lat' dir='ltr'><strong>primum</strong></span> <span class='ocrx_word' id='word_1_600' title='bbox 1844 1649 2011 1689; x_wconf 83' lang='lat' dir='ltr'><strong>precatio,</strong></span> <span class='ocrx_word' id='word_1_601' title='bbox 2033 1654 2080 1685; x_wconf 89' lang='lat' dir='ltr'><strong>ut,</strong></span> <span class='ocrx_word' id='word_1_602' title='bbox 2104 1646 2141 1679; x_wconf 74' lang='grc'><strong>11·</strong></span> 
     </span>
     <span class='ocr_line' id='line_1_86' title="bbox 1167 1689 2142 1732; baseline -0.004 -7"><span class='ocrx_word' id='word_1_603' title='bbox 1167 1695 1318 1732; x_wconf 90' lang='lat' dir='ltr'><strong>beretur,</strong></span> <span class='ocrx_word' id='word_1_604' title='bbox 1347 1699 1382 1724; x_wconf 88' lang='lat' dir='ltr'><strong>ut</strong></span> <span class='ocrx_word' id='word_1_605' title='bbox 1411 1698 1617 1724; x_wconf 88' lang='lat' dir='ltr'><strong>sustentetur</strong></span> <span class='ocrx_word' id='word_1_606' title='bbox 1645 1692 1677 1723; x_wconf 90' lang='lat' dir='ltr'><strong>in</strong></span> <span class='ocrx_word' id='word_1_607' title='bbox 1706 1689 1761 1727; x_wconf 81' lang='lat' dir='ltr'><strong>illa</strong></span> <span class='ocrx_word' id='word_1_608' title='bbox 1789 1691 1989 1728; x_wconf 82' lang='lat' dir='ltr'><strong>afflictione,</strong></span> <span class='ocrx_word' id='word_1_609' title='bbox 2012 1691 2042 1721; x_wconf 92' lang='lat' dir='ltr'><strong>in</strong></span> <span class='ocrx_word' id='word_1_610' title='bbox 2066 1700 2142 1732; x_wconf 73' lang='lat' dir='ltr'><strong>pas·</strong></span> 
     </span>
     <span class='ocr_line' id='line_1_87' title="bbox 1167 1734 2143 1775; baseline -0.005 -6"><span class='ocrx_word' id='word_1_611' title='bbox 1167 1737 1272 1769; x_wconf 84' lang='lat' dir='ltr'><strong>sione.</strong></span> <span class='ocrx_word' id='word_1_612' title='bbox 1316 1735 1395 1768; x_wconf 79' lang='lat' dir='ltr'><strong>Mox</strong></span> <span class='ocrx_word' id='word_1_613' title='bbox 1421 1735 1551 1767; x_wconf 83' lang='lat' dir='ltr'><strong>accedit</strong></span> <span class='ocrx_word' id='word_1_614' title='bbox 1573 1745 1688 1772; x_wconf 86' lang='lat' dir='ltr'><strong>causa,</strong></span> <span class='ocrx_word' id='word_1_615' title='bbox 1706 1744 1809 1775; x_wconf 89' lang='lat' dir='ltr'><strong>quare</strong></span> <span class='ocrx_word' id='word_1_616' title='bbox 1827 1735 1970 1775; x_wconf 83' lang='lat' dir='ltr'><strong>patiatur</strong></span> <span class='ocrx_word' id='word_1_617' title='bbox 1988 1734 2050 1765; x_wconf 88' lang='lat' dir='ltr'><strong>iste</strong></span> <span class='ocrx_word' id='word_1_618' title='bbox 2070 1742 2143 1774; x_wconf 86' lang='lat' dir='ltr'><strong>pre-</strong></span> 
     </span>
     <span class='ocr_line' id='line_1_88' title="bbox 1168 1776 2144 1820; baseline -0.004 -8"><span class='ocrx_word' id='word_1_619' title='bbox 1168 1790 1265 1812; x_wconf 87' lang='lat' dir='ltr'><strong>cans:</strong></span> <span class='ocrx_word' id='word_1_620' title='bbox 1288 1786 1405 1820; x_wconf 86' lang='lat' dir='ltr'><strong>postea</strong></span> <span class='ocrx_word' id='word_1_621' title='bbox 1428 1785 1478 1809; x_wconf 91' lang='lat' dir='ltr'><strong>est</strong></span> <span class='ocrx_word' id='word_1_622' title='bbox 1501 1778 1677 1819; x_wconf 79' lang='lat' dir='ltr'><strong>gratiarum</strong></span> <span class='ocrx_word' id='word_1_623' title='bbox 1701 1777 1786 1808; x_wconf 89' lang='lat' dir='ltr'><strong>actio</strong></span> <span class='ocrx_word' id='word_1_624' title='bbox 1811 1777 1851 1808; x_wconf 77' lang='lat' dir='ltr'><strong>de</strong></span> <span class='ocrx_word' id='word_1_625' title='bbox 1875 1776 2086 1814; x_wconf 85' lang='lat' dir='ltr'><strong>liberatione,</strong></span> <span class='ocrx_word' id='word_1_626' title='bbox 2109 1781 2144 1807; x_wconf 79' lang='lat' dir='ltr'><strong>et</strong></span> 
     </span>
     <span class='ocr_line' id='line_1_89' title="bbox 1168 1817 2142 1864; baseline -0.003 -11"><span class='ocrx_word' id='word_1_627' title='bbox 1168 1822 1331 1864; x_wconf 85' lang='lat' dir='ltr'><strong>expositio</strong></span> <span class='ocrx_word' id='word_1_628' title='bbox 1359 1822 1446 1852; x_wconf 91' lang='lat' dir='ltr'><strong>modi</strong></span> <span class='ocrx_word' id='word_1_629' title='bbox 1473 1819 1687 1851; x_wconf 87' lang='lat' dir='ltr'><strong>liberationis.</strong></span> <span class='ocrx_word' id='word_1_630' title='bbox 1740 1819 1787 1850; x_wconf 84' lang='lat' dir='ltr'><strong>lta</strong></span> <span class='ocrx_word' id='word_1_631' title='bbox 1814 1819 1997 1850; x_wconf 80' lang='lat' dir='ltr'><strong>distribuite</strong></span> <span class='ocrx_word' id='word_1_632' title='bbox 2019 1817 2142 1860; x_wconf 87' lang='lat' dir='ltr'><strong>simpli-</strong></span> 
     </span>
     <span class='ocr_line' id='line_1_90' title="bbox 1169 1861 2142 1899; baseline -0.003 -3"><span class='ocrx_word' id='word_1_633' title='bbox 1169 1865 1317 1899; x_wconf 81' lang='lat' dir='ltr'><strong>cissime,</strong></span> <span class='ocrx_word' id='word_1_634' title='bbox 1348 1870 1426 1895; x_wconf 88' lang='lat' dir='ltr'><strong>tunc</strong></span> <span class='ocrx_word' id='word_1_635' title='bbox 1450 1863 1602 1894; x_wconf 65' lang='lat' dir='ltr'><strong>videbitis¹</strong></span> <span class='ocrx_word' id='word_1_636' title='bbox 1630 1870 1720 1894; x_wconf 86' lang='lat' dir='ltr'><strong>recte</strong></span> <span class='ocrx_word' id='word_1_637' title='bbox 1742 1861 1938 1893; x_wconf 86' lang='lat' dir='ltr'><strong>cohaerere:</strong></span> <span class='ocrx_word' id='word_1_638' title='bbox 1968 1862 2086 1893; x_wconf 84' lang='lat' dir='ltr'><strong>Amate</strong></span> <span class='ocrx_word' id='word_1_639' title='bbox 2109 1862 2142 1893; x_wconf 86' lang='lat' dir='ltr'><strong>in</strong></span> 
     </span>
     <span class='ocr_line' id='line_1_91' title="bbox 1169 1904 2142 1948; baseline -0.004 -9"><span class='ocrx_word' id='word_1_640' title='bbox 1169 1908 1320 1939; x_wconf 82' lang='lat' dir='ltr'><strong>omnibus</strong></span> <span class='ocrx_word' id='word_1_641' title='bbox 1354 1907 1502 1948; x_wconf 70' lang='lat' dir='ltr'><strong>partibus</strong></span> <span class='ocrx_word' id='word_1_642' title='bbox 1536 1906 1717 1937; x_wconf 71' lang='lat' dir='ltr'><strong>studiorum</strong></span> <span class='ocrx_word' id='word_1_643' title='bbox 1759 1904 2010 1946; x_wconf 80' lang='lat' dir='ltr'><strong>simplieitatem.</strong></span> <span class='ocrx_word' id='word_1_644' title='bbox 2066 1904 2142 1936; x_wconf 84' lang='lat' dir='ltr'><strong>Non</strong></span> 
     </span>
     <span class='ocr_line' id='line_1_92' title="bbox 1167 1946 2142 1992; baseline -0.003 -10"><span class='ocrx_word' id='word_1_645' title='bbox 1167 1951 1314 1992; x_wconf 78' lang='lat' dir='ltr'><strong>quaerite</strong></span> <span class='ocrx_word' id='word_1_646' title='bbox 1333 1950 1496 1991; x_wconf 88' lang='lat' dir='ltr'><strong>quomodo</strong></span> <span class='ocrx_word' id='word_1_647' title='bbox 1516 1949 1650 1989; x_wconf 69' lang='lat' dir='ltr'><strong>possitis</strong></span> <span class='ocrx_word' id='word_1_648' title='bbox 1669 1950 1870 1980; x_wconf 83' lang='lat' dir='ltr'><strong>conturbare</strong></span> <span class='ocrx_word' id='word_1_649' title='bbox 1886 1946 2052 1990; x_wconf 75' lang='lat' dir='ltr'><strong>simplices</strong></span> <span class='ocrx_word' id='word_1_650' title='bbox 2068 1957 2142 1979; x_wconf 86' lang='lat' dir='ltr'><strong>sen-</strong></span> 
     </span>
     <span class='ocr_line' id='line_1_93' title="bbox 1168 1989 2143 2034; baseline -0.003 -9"><span class='ocrx_word' id='word_1_651' title='bbox 1168 1994 1304 2030; x_wconf 73' lang='lat' dir='ltr'><strong>tentius,</strong></span> <span class='ocrx_word' id='word_1_652' title='bbox 1338 1992 1425 2034; x_wconf 88' lang='lat' dir='ltr'><strong>quod</strong></span> <span class='ocrx_word' id='word_1_653' title='bbox 1459 1998 1509 2023; x_wconf 63' lang='lat' dir='ltr'><strong>est</strong></span> <span class='ocrx_word' id='word_1_654' title='bbox 1543 1990 1657 2027; x_wconf 80' lang='lat' dir='ltr'><strong>sacile;</strong></span> <span class='ocrx_word' id='word_1_655' title='bbox 1690 1989 1750 2022; x_wconf 87' lang='lat' dir='ltr'><strong>sed</strong></span> <span class='ocrx_word' id='word_1_656' title='bbox 1785 1992 1930 2033; x_wconf 88' lang='lat' dir='ltr'><strong>quaerite</strong></span> <span class='ocrx_word' id='word_1_657' title='bbox 1959 1989 2143 2032; x_wconf 86' lang='lat' dir='ltr'><strong>simplicem</strong></span> 
     </span>
     <span class='ocr_line' id='line_1_94' title="bbox 1168 2033 2141 2075; baseline -0.003 -8"><span class='ocrx_word' id='word_1_658' title='bbox 1168 2036 1381 2070; x_wconf 86' lang='lat' dir='ltr'><strong>sententiam,</strong></span> <span class='ocrx_word' id='word_1_659' title='bbox 1416 2042 1447 2066; x_wconf 86' lang='lat' dir='ltr'><strong>et</strong></span> <span class='ocrx_word' id='word_1_660' title='bbox 1481 2036 1511 2066; x_wconf 90' lang='lat' dir='ltr'><strong>in</strong></span> <span class='ocrx_word' id='word_1_661' title='bbox 1548 2046 1587 2066; x_wconf 88' lang='lat' dir='ltr'><strong>ea</strong></span> <span class='ocrx_word' id='word_1_662' title='bbox 1620 2035 1832 2075; x_wconf 82' lang='lat' dir='ltr'><strong>acquiescite.</strong></span> <span class='ocrx_word' id='word_1_663' title='bbox 1889 2033 2076 2075; x_wconf 86' lang='lat' dir='ltr'><strong>Loquamur</strong></span> <span class='ocrx_word' id='word_1_664' title='bbox 2107 2033 2141 2064; x_wconf 88' lang='lat' dir='ltr'><strong>in</strong></span> 
     </span>
     <span class='ocr_line' id='line_1_95' title="bbox 1169 2076 2141 2119; baseline -0.004 -9"><span class='ocrx_word' id='word_1_665' title='bbox 1169 2078 1320 2111; x_wconf 81' lang='lat' dir='ltr'><strong>Ecclesia</strong></span> <span class='ocrx_word' id='word_1_666' title='bbox 1343 2085 1548 2116; x_wconf 75' lang='lat' dir='ltr'><strong>reverenter,</strong></span> <span class='ocrx_word' id='word_1_667' title='bbox 1579 2088 1757 2119; x_wconf 63' lang='lat' dir='ltr'><strong>sequamur</strong></span> <span class='ocrx_word' id='word_1_668' title='bbox 1782 2076 1983 2119; x_wconf 79' lang='lat' dir='ltr'><strong>Apostolos,</strong></span> <span class='ocrx_word' id='word_1_669' title='bbox 2009 2087 2074 2108; x_wconf 89' lang='lat' dir='ltr'><strong>non</strong></span> <span class='ocrx_word' id='word_1_670' title='bbox 2098 2076 2141 2107; x_wconf 89' lang='lat' dir='ltr'><strong>si-</strong></span> 
     </span>
     <span class='ocr_line' id='line_1_96' title="bbox 1168 2118 2142 2162; baseline -0.003 -9"><span class='ocrx_word' id='word_1_671' title='bbox 1168 2132 1283 2153; x_wconf 85' lang='lat' dir='ltr'><strong>namus</strong></span> <span class='ocrx_word' id='word_1_672' title='bbox 1313 2119 1504 2153; x_wconf 76' lang='lat' dir='ltr'><strong>label&#39;actari</strong></span> <span class='ocrx_word' id='word_1_673' title='bbox 1534 2119 1816 2158; x_wconf 70' lang='lat' dir='ltr'><strong>cavillationibus,</strong></span> <span class='ocrx_word' id='word_1_674' title='bbox 1840 2120 1928 2162; x_wconf 89' lang='lat' dir='ltr'><strong>quod</strong></span> <span class='ocrx_word' id='word_1_675' title='bbox 1952 2118 2048 2152; x_wconf 81' lang='lat' dir='ltr'><strong>facile</strong></span> <span class='ocrx_word' id='word_1_676' title='bbox 2072 2119 2142 2151; x_wconf 85' lang='lat' dir='ltr'><strong>fieri</strong></span> 
     </span>
     <span class='ocr_line' id='line_1_97' title="bbox 1167 2171 1288 2207; baseline -0.017 -11"><span class='ocrx_word' id='word_1_677' title='bbox 1167 2171 1288 2207; x_wconf 87' lang='lat' dir='ltr'><strong>potest.</strong></span> 
     </span>
    </p>

    <p class='ocr_par' dir='ltr' id='par_1_13' title="bbox 1168 2205 2142 2336">
     <span class='ocr_line' id='line_1_98' title="bbox 1255 2205 2141 2249; baseline 0 -11"><span class='ocrx_word' id='word_1_678' title='bbox 1255 2207 1449 2249; x_wconf 79' lang='lat' dir='ltr'><strong>Principium</strong></span> <span class='ocrx_word' id='word_1_679' title='bbox 1479 2215 1529 2239; x_wconf 86' lang='lat' dir='ltr'><strong>est</strong></span> <span class='ocrx_word' id='word_1_680' title='bbox 1553 2207 1722 2249; x_wconf 77' lang='lat' dir='ltr'><strong>precatio;</strong></span> <span class='ocrx_word' id='word_1_681' title='bbox 1751 2207 1822 2248; x_wconf 85' lang='lat' dir='ltr'><strong>ipse</strong></span> <span class='ocrx_word' id='word_1_682' title='bbox 1847 2205 1952 2238; x_wconf 87' lang='lat' dir='ltr'><strong>Deum</strong></span> <span class='ocrx_word' id='word_1_683' title='bbox 1975 2211 2141 2247; x_wconf 77' lang='lat' dir='ltr'><strong>precatur:</strong></span> 
     </span>
     <span class='ocr_line' id='line_1_99' title="bbox 1168 2249 2142 2291; baseline -0.001 -10"><span class='ocrx_word' id='word_1_684' title='bbox 1168 2252 1262 2281; x_wconf 72' lang='lat' dir='ltr'><strong>Sci-ru</strong></span> <span class='ocrx_word' id='word_1_685' title='bbox 1294 2261 1337 2280; x_wconf 70' lang='lat' dir='ltr'><strong>mc</strong></span> <span class='ocrx_word' id='word_1_686' title='bbox 1368 2251 1508 2284; x_wconf 70' lang='lat' dir='ltr'><strong>Domine.</strong></span> <span class='ocrx_word' id='word_1_687' title='bbox 1538 2253 1612 2291; x_wconf 77' lang='lat' dir='ltr'><strong>quia</strong></span> <span class='ocrx_word' id='word_1_688' title='bbox 1640 2252 1764 2289; x_wconf 68' lang='lat' dir='ltr'><strong>speravi</strong></span> <span class='ocrx_word' id='word_1_689' title='bbox 1792 2251 1825 2278; x_wconf 77' lang='lat' dir='ltr'><strong>e&#39;n</strong></span> <span class='ocrx_word' id='word_1_690' title='bbox 1848 2253 1886 2278; x_wconf 72' lang='lat' dir='ltr'><strong>te.</strong></span> <span class='ocrx_word' id='word_1_691' title='bbox 1945 2249 2005 2281; x_wconf 81' lang='lat' dir='ltr'><strong>Est</strong></span> <span class='ocrx_word' id='word_1_692' title='bbox 2035 2255 2142 2281; x_wconf 73' lang='lat' dir='ltr'><strong>autem</strong></span> 
     </span>
     <span class='ocr_line' id='line_1_100' title="bbox 1169 2293 1938 2336; baseline -0.007 -11"><span class='ocrx_word' id='word_1_693' title='bbox 1169 2295 1332 2336; x_wconf 85' lang='lat' dir='ltr'><strong>repetitio:</strong></span> <span class='ocrx_word' id='word_1_694' title='bbox 1356 2294 1439 2324; x_wconf 64' lang='lat' dir='ltr'><strong>Dixi</strong></span> <span class='ocrx_word' id='word_1_695' title='bbox 1462 2294 1610 2324; x_wconf 81' lang='lat' dir='ltr'><strong>Domino:</strong></span> <span class='ocrx_word' id='word_1_696' title='bbox 1633 2293 1718 2323; x_wconf 84' lang='lat' dir='ltr'><strong>Dens</strong></span> <span class='ocrx_word' id='word_1_697' title='bbox 1740 2303 1820 2322; x_wconf 76' lang='lat' dir='ltr'><strong>mem</strong></span> <span class='ocrx_word' id='word_1_698' title='bbox 1843 2303 1874 2321; x_wconf 77' lang='lat' dir='ltr'><strong>cs</strong></span> <span class='ocrx_word' id='word_1_699' title='bbox 1896 2296 1938 2321; x_wconf 76' lang='lat' dir='ltr'><strong>tu.</strong></span> 
     </span>
    </p>

    <p class='ocr_par' dir='ltr' id='par_1_14' title="bbox 1168 2333 2143 2594">
     <span class='ocr_line' id='line_1_101' title="bbox 1256 2333 2143 2378; baseline -0.005 -11"><span class='ocrx_word' id='word_1_700' title='bbox 1256 2337 1378 2368; x_wconf 80' lang='lat' dir='ltr'><strong>Postea</strong></span> <span class='ocrx_word' id='word_1_701' title='bbox 1407 2338 1555 2378; x_wconf 86' lang='lat' dir='ltr'><strong>sequitur</strong></span> <span class='ocrx_word' id='word_1_702' title='bbox 1581 2337 1666 2368; x_wconf 86' lang='lat' dir='ltr'><strong>haec</strong></span> <span class='ocrx_word' id='word_1_703' title='bbox 1694 2333 1868 2377; x_wconf 80' lang='lat' dir='ltr'><strong>particula:</strong></span> <span class='ocrx_word' id='word_1_704' title='bbox 1903 2335 1976 2365; x_wconf 72' lang='lat' dir='ltr'><strong>Non</strong></span> <span class='ocrx_word' id='word_1_705' title='bbox 1999 2339 2045 2365; x_wconf 74' lang='lat' dir='ltr'><strong>cst</strong></span> <span class='ocrx_word' id='word_1_706' title='bbox 2066 2334 2143 2364; x_wconf 66' lang='lat' dir='ltr'><strong>mt&#39;ka‘</strong></span> 
     </span>
     <span class='ocr_line' id='line_1_102' title="bbox 1168 2377 2143 2420; baseline -0.003 -11"><span class='ocrx_word' id='word_1_707' title='bbox 1168 2381 1240 2409; x_wconf 73' lang='lat' dir='ltr'><strong>benc</strong></span> <span class='ocrx_word' id='word_1_708' title='bbox 1263 2380 1348 2420; x_wconf 72' lang='lat' dir='ltr'><strong>opud</strong></span> <span class='ocrx_word' id='word_1_709' title='bbox 1372 2385 1414 2411; x_wconf 74' lang='lat' dir='ltr'><strong>tc:</strong></span> <span class='ocrx_word' id='word_1_710' title='bbox 1439 2379 1504 2415; x_wconf 70' lang='lat' dir='ltr'><strong>vel.</strong></span> <span class='ocrx_word' id='word_1_711' title='bbox 1527 2391 1586 2410; x_wconf 83' lang='lat' dir='ltr'><strong>non</strong></span> <span class='ocrx_word' id='word_1_712' title='bbox 1610 2384 1654 2410; x_wconf 79' lang='lat' dir='ltr'><strong>est</strong></span> <span class='ocrx_word' id='word_1_713' title='bbox 1677 2379 1750 2408; x_wconf 82' lang='lat' dir='ltr'><strong>milu&#39;</strong></span> <span class='ocrx_word' id='word_1_714' title='bbox 1772 2378 1844 2408; x_wconf 68' lang='lat' dir='ltr'><strong>beno</strong></span> <span class='ocrx_word' id='word_1_715' title='bbox 1861 2382 1991 2417; x_wconf 72' lang='lat' dir='ltr'><strong>propter</strong></span> <span class='ocrx_word' id='word_1_716' title='bbox 2009 2382 2048 2407; x_wconf 71' lang='lat' dir='ltr'><strong>te.</strong></span> <span class='ocrx_word' id='word_1_717' title='bbox 2090 2377 2143 2409; x_wconf 76' lang='lat' dir='ltr'><strong>De</strong></span> 
     </span>
     <span class='ocr_line' id='line_1_103' title="bbox 1169 2420 2143 2465; baseline -0.005 -10"><span class='ocrx_word' id='word_1_718' title='bbox 1169 2425 1232 2455; x_wconf 69' lang='lat' dir='ltr'><strong>linc</strong></span> <span class='ocrx_word' id='word_1_719' title='bbox 1256 2423 1417 2464; x_wconf 85' lang='lat' dir='ltr'><strong>particula</strong></span> <span class='ocrx_word' id='word_1_720' title='bbox 1439 2424 1620 2465; x_wconf 76' lang='lat' dir='ltr'><strong>disputant:</strong></span> <span class='ocrx_word' id='word_1_721' title='bbox 1645 2433 1708 2463; x_wconf 72' lang='lat' dir='ltr'><strong>ego</strong></span> <span class='ocrx_word' id='word_1_722' title='bbox 1732 2420 1810 2453; x_wconf 86' lang='grc'><strong>1111111</strong></span> <span class='ocrx_word' id='word_1_723' title='bbox 1834 2423 1981 2463; x_wconf 82' lang='lat' dir='ltr'><strong>disputo:</strong></span> <span class='ocrx_word' id='word_1_724' title='bbox 2016 2422 2044 2452; x_wconf 76' lang='lat' dir='ltr'><strong>si</strong></span> <span class='ocrx_word' id='word_1_725' title='bbox 2067 2420 2143 2462; x_wconf 82' lang='lat' dir='ltr'><strong>quis</strong></span> 
     </span>
     <span class='ocr_line' id='line_1_104' title="bbox 1170 2464 2143 2506; baseline -0.003 -10"><span class='ocrx_word' id='word_1_726' title='bbox 1170 2467 1264 2497; x_wconf 65' lang='grc'><strong>11111101</strong></span> <span class='ocrx_word' id='word_1_727' title='bbox 1298 2468 1519 2498; x_wconf 72' lang='lat' dir='ltr'><strong>venustiorem</strong></span> <span class='ocrx_word' id='word_1_728' title='bbox 1551 2466 1871 2506; x_wconf 71' lang='lat' dir='ltr'><strong>interpretationem.</strong></span> <span class='ocrx_word' id='word_1_729' title='bbox 1929 2475 2001 2495; x_wconf 80' lang='lat' dir='ltr'><strong>uam</strong></span> <span class='ocrx_word' id='word_1_730' title='bbox 2032 2464 2143 2501; x_wconf 68' lang='lat' dir='ltr'><strong>istam,</strong></span> 
     </span>
     <span class='ocr_line' id='line_1_105' title="bbox 1169 2475 2142 2551; baseline -0.004 -10"><span class='ocrx_word' id='word_1_731' title='bbox 1169 2511 1305 2541; x_wconf 72' lang='lat' dir='ltr'><strong>retineat</strong></span> <span class='ocrx_word' id='word_1_732' title='bbox 1329 2520 1412 2541; x_wconf 78' lang='lat' dir='ltr'><strong>enni.</strong></span> <span class='ocrx_word' id='word_1_733' title='bbox 1460 2509 1531 2551; x_wconf 75' lang='lat' dir='ltr'><strong>Ego</strong></span> <span class='ocrx_word' id='word_1_734' title='bbox 1554 2511 1603 2541; x_wconf 88' lang='lat' dir='ltr'><strong>sic</strong></span> <span class='ocrx_word' id='word_1_735' title='bbox 1628 2519 1775 2550; x_wconf 80' lang='lat' dir='ltr'><strong>expono:</strong></span> <span class='ocrx_word' id='word_1_736' title='bbox 1799 2507 1870 2549; x_wconf 68' lang='lat' dir='ltr'><strong>Ego</strong></span> <span class='ocrx_word' id='word_1_737' title='bbox 1893 2475 2045 2548; x_wconf 58' lang='lat' dir='ltr'><strong>n‘l‘lligon</strong></span> <span class='ocrx_word' id='word_1_738' title='bbox 2061 2505 2142 2537; x_wconf 84' lang='lat' dir='ltr'><strong>&#39;sum</strong></span> 
     </span>
     <span class='ocr_line' id='line_1_106' title="bbox 1180 2548 2143 2594; baseline -0.003 -11"><span class='ocrx_word' id='word_1_739' title='bbox 1180 2564 1350 2584; x_wconf 69' lang='lat' dir='ltr'><strong>iet-cussus</strong></span> <span class='ocrx_word' id='word_1_740' title='bbox 1373 2564 1394 2584; x_wconf 81' lang='lat' dir='ltr'><strong>a</strong></span> <span class='ocrx_word' id='word_1_741' title='bbox 1417 2560 1460 2590; x_wconf 85' lang='lat' dir='ltr'><strong>tc,</strong></span> <span class='ocrx_word' id='word_1_742' title='bbox 1483 2562 1515 2584; x_wconf 86' lang='lat' dir='ltr'><strong>et</strong></span> <span class='ocrx_word' id='word_1_743' title='bbox 1539 2564 1611 2585; x_wconf 68' lang='lat' dir='ltr'><strong>sum</strong></span> <span class='ocrx_word' id='word_1_744' title='bbox 1635 2561 1816 2594; x_wconf 74' lang='lat' dir='ltr'><strong>percussus</strong></span> <span class='ocrx_word' id='word_1_745' title='bbox 1841 2557 1975 2592; x_wconf 80' lang='lat' dir='ltr'><strong>propter</strong></span> <span class='ocrx_word' id='word_1_746' title='bbox 1999 2557 2046 2581; x_wconf 81' lang='lat' dir='ltr'><strong>te:</strong></span> <span class='ocrx_word' id='word_1_747' title='bbox 2070 2548 2143 2590; x_wconf 75' lang='lat' dir='ltr'><strong>Ego</strong></span> 
     </span>
    </p>

    <p class='ocr_par' dir='ltr' id='par_1_15' title="bbox 1203 2590 2142 2637">
     <span class='ocr_line' id='line_1_107' title="bbox 1203 2590 2142 2637; baseline -0.005 -10"><span class='ocrx_word' id='word_1_748' title='bbox 1203 2606 1241 2628; x_wconf 90' lang='lat' dir='ltr'><strong>eo</strong></span> <span class='ocrx_word' id='word_1_749' title='bbox 1266 2603 1400 2637; x_wconf 80' lang='lat' dir='ltr'><strong>praesto</strong></span> <span class='ocrx_word' id='word_1_750' title='bbox 1419 2596 1505 2628; x_wconf 78' lang='lat' dir='ltr'><strong>lianc</strong></span> <span class='ocrx_word' id='word_1_751' title='bbox 1525 2596 1752 2629; x_wconf 79' lang='lat' dir='ltr'><strong>obedientiam.</strong></span> <span class='ocrx_word' id='word_1_752' title='bbox 1798 2593 1957 2636; x_wconf 78' lang='lat' dir='ltr'><strong>Congruit</strong></span> <span class='ocrx_word' id='word_1_753' title='bbox 1976 2603 2050 2626; x_wconf 86' lang='lat' dir='ltr'><strong>cum</strong></span> <span class='ocrx_word' id='word_1_754' title='bbox 2068 2590 2142 2624; x_wconf 71' lang='grc'><strong>11101</strong></span> 
     </span>
    </p>
   </div>
  </div>
 </body>
</html>
