2324 2958
266 150 279 163 U

141 263 220 338 ἕζεο
248 260 378 302 quidem
411 259 562 301 exempla
595 269 662 291 non
690 267 832 300 possunt
859 269 938 291 esse
967 260 1038 291 uni-

64 316 140 341 vers
175 305 219 342 'a,
251 304 328 344 quia
350 312 415 334 non
441 312 556 334 omnes
583 302 748 343 accipiunt
773 303 1038 343 promissionem,

64 359 124 382 nec
145 355 260 379 omnes
282 346 399 377 eodem
422 345 521 377 modo
545 344 728 376 liberantur
750 345 781 376 in
806 344 1037 387 corporalibus

63 390 165 426 malis.
208 388 365 420 lonathas
393 389 445 420 vir
472 389 580 419 bonus
609 394 642 419 et
669 394 824 426 sanctus,
851 394 962 419 tamen
990 388 1037 418 in-

64 433 218 468 terficitur
240 432 273 463 in
295 429 434 473 proelio,
459 437 491 462 et
514 431 645 472 quidem
668 431 701 462 in
725 440 777 468 eo,
800 431 833 462 in
857 440 922 472 quo
945 436 1038 472 pater

63 478 131 511 eius
155 485 212 507 rex
236 475 354 516 impius
378 474 483 515 periit.
529 473 602 505 Hoc
626 480 717 505 certe
740 479 791 504 est
813 472 961 504 mirabile
974 473 1037 505 Dei

61 516 244 554 consilium.
286 517 462 549 Manasses
487 526 592 557 agens
614 517 847 556 poenitentiam
870 517 1038 548 reducitur

28 574 36 579 ·
61 572 100 596 ex
123 561 322 603 captivitate.
365 559 458 591 Multi
481 558 535 590 alii
559 559 666 591 sancti
690 560 749 591 viri
773 559 905 591 abducti
927 560 960 590 in
984 570 1038 591 ca-

58 604 240 648 ptivitatem
263 613 329 634 non
353 610 429 634 sunt
453 603 592 634 reversi.>

145 646 213 677 Sed
232 647 375 677 sciamus
394 653 501 676 tamen
521 646 672 677 omnibus
692 646 723 676 in
743 654 866 686 genere
882 643 1038 676 auxilium

58 689 256 731 promissum
279 695 368 727 esse,
393 689 447 730 qui
471 695 560 719 recte
583 687 691 719 Deum
715 688 882 725 invocant,
907 694 942 719 ut
961 688 1038 718 dici-

57 739 127 764 tur:
164 731 282 763 Omnis
315 732 370 773 qui
404 731 607 762 invocaverit
642 741 760 762 nomen
789 730 939 769 Domini,
972 729 1038 762 sal-

58 784 120 807 vus
143 775 215 806 erit.

213 930 276 979 De
309 939 533 979 discrimine
566 940 884 994 promissionum.

143 1029 383 1062 Discernamus
412 1036 519 1062 autem
547 1031 803 1071 promissionem
832 1028 1036 1071 spiritualem

57 1080 90 1106 et
111 1074 365 1115 promissionem
390 1075 548 1105 bonorum
579 1072 810 1114 corporalium.
855 1073 1035 1104 Promissio

55 1115 236 1158 spiritualis
259 1115 382 1148 nullam
405 1116 505 1148 habet
527 1117 754 1157 exceptionem
782 1116 947 1154 additam,
976 1115 1036 1146 sed

54 1159 149 1192 Deus
172 1160 321 1197 mandat,
350 1166 385 1190 ut
407 1160 617 1200 promissioni
640 1157 685 1190 illi
709 1159 899 1197 credamus,
922 1165 955 1190 et
977 1169 1035 1190 no-

51 1204 197 1235 minatim
229 1208 379 1243 petamus
409 1209 442 1233 et
469 1202 670 1243 accipiamus
700 1202 930 1233 remissionem
958 1212 1035 1242 pec·

52 1252 200 1278 catorum
224 1252 257 1277 et
280 1246 379 1276 vitam
402 1251 585 1283 aeternam,
610 1245 699 1276 iuxta
723 1255 840 1276 vocem
864 1246 1035 1277 iuramenti

51 1289 166 1321 divini:
208 1288 286 1320 Viro
314 1299 390 1330 eyo,
420 1289 495 1319 nolo
523 1292 654 1319 martem
681 1289 885 1328 ματαίω-ῖς,
915 1289 973 1319 sed
999 1292 1032 1319 ut

52 1336 262 1364 coum-tatur
284 1336 314 1362 et
336 1332 436 1362 vivat.
482 1332 575 1362 item:
612 1332 668 1362 Sic
694 1331 781 1362 Deus
811 1332 924 1363 dile-tit
947 1341 1032 1362 nnm-

49 1376 137 1412 dum,
160 1379 218 1406 etc.
265 1374 361 1406 ltem:
392 1374 564 1416 lttstz’ficati
583 1374 657 1415 fide,
680 1378 739 1405 etc.

137 1416 237 1449 Tales
261 1416 392 1458 aliquae
415 1417 600 1448 sententiae
623 1426 756 1457 semper
778 1417 875 1448 nobis
899 1417 931 1448 in
955 1427 1033 1448 con-

54 1467 171 1501 spectu
193 1470 271 1491 esse
294 1460 428 1498 debent,
450 1467 605 1501 tanquam
627 1461 793 1491 axiomata
817 1458 968 1498 illustria,
990 1460 1033 1491 ad

52 1513 138 1545 quae
161 1501 344 1534 reseramus
368 1512 442 1542 nos,
465 1503 496 1534 in
521 1501 575 1534 illa
600 1501 725 1533 difficili
749 1509 779 1534 et
805 1503 899 1546 gravi
923 1503 1034 1544 dispu-

52 1547 177 1578 tatione
199 1547 317 1577 mentis
336 1546 376 1577 de
396 1546 503 1588 gratia
522 1553 552 1577 et
572 1544 844 1578 reconciliatione
863 1557 936 1578 cum
949 1546 1033 1578 Deo.

12 1620 21 1627 ,
49 1587 93 1620 Et
121 1588 206 1619 baec
237 1594 289 1620 est
316 1599 382 1620 vox
411 1588 603 1630 Evangelii,
633 1599 718 1630 quae
749 1590 926 1621 discrimen
956 1588 1034 1621 facit

50 1632 136 1663 inter
153 1630 327 1663 Ethnicam
346 1632 542 1669 doctrinam,
566 1639 597 1663 et
617 1632 850 1663 Christianam.
896 1631 974 1664 ltem
994 1632 1035 1663 de

50 1675 115 1707 hac
142 1675 380 1715 promissione,
414 1681 446 1706 et
472 1684 553 1706 vero
583 1675 679 1706 huius
709 1674 878 1707 intellectu
906 1675 1034 1716 praeci-

48 1728 114 1760 pue
138 1727 323 1760 pugnamus
347 1728 420 1749 cum
443 1718 646 1749 adversariis
670 1718 865 1749 Pontificiis.
889 1746 893 1749 .

136 1760 276 1802 Semper
310 1761 407 1792 etiam
441 1759 637 1802 praelucere
671 1767 803 1801 oportet
838 1760 925 1792 hanc
958 1770 1034 1801 pro-

49 1803 240 1835 missionem
275 1803 496 1845 spiritualem,
531 1810 562 1835 et
595 1804 682 1835 hanc
716 1804 812 1835 tidem
847 1803 956 1835 afferri
991 1804 1033 1834 ad

48 1847 239 1888 petitionem
268 1857 539 1888 quorumcunque
567 1848 748 1885 bonorum,
780 1848 868 1889 quod
897 1853 1034 1889 propter

51 1889 218 1921 Christum
243 1890 439 1931 recipiamur
469 1897 501 1921 et
528 1891 756 1922 exaudiamur:
791 1890 832 1921 Et
863 1891 938 1931 quia
966 1900 1032 1921 non

49 1933 149 1965 modo
172 1932 429 1974 particularitas,
451 1933 510 1965 sed
531 1934 627 1965 etiam
646 1934 824 1975 indignitas
844 1940 959 1965 nostra
978 1934 1032 1964 de-

50 1982 153 2008 terret
186 1986 249 2007 nos
284 1977 326 2007 ab
361 1976 590 2014 invocatione,
630 1982 662 2007 et
699 1986 760 2018 spe
799 1977 1031 2014 exauditionis,

49 2019 193 2051 sciamus
215 2020 469 2061 promissionem
492 2018 712 2060 spiritualem,
742 2030 808 2052 non
837 2020 935 2051 modo
964 2020 1032 2051 uni-

49 2060 213 2095 versalem
243 2072 338 2101 esse,
369 2063 429 2093 sed
459 2062 556 2094 etiam
585 2063 777 2104 gratuitam,
808 2064 841 2094 id
865 2068 933 2101 est,
964 2073 1032 2094 non

48 2106 196 2148 pendere
218 2116 260 2137 ex
284 2106 474 2138 conditione
496 2106 650 2147 propriae
673 2106 857 2149 dignitatis,
887 2106 946 2137 sed
969 2116 1031 2137 nos

49 2149 154 2191 gratis
183 2150 287 2191 recipi
315 2159 357 2180 ex
385 2149 629 2187 misericordia,
661 2154 693 2180 et
720 2150 868 2181 exaudiri
895 2156 1033 2191 propter

49 2190 160 2224 solum
183 2191 283 2224 filium
306 2191 382 2228 Dei,
404 2198 439 2223 ut
461 2199 593 2223 maneat
616 2193 778 2224 certitudo
802 2192 888 2224 fidei.

136 2234 216 2274 lam,
243 2235 331 2277 quod
354 2235 397 2266 ad
420 2235 660 2276 promissiones
685 2234 905 2276 corporalium
927 2237 1032 2268 bono-

49 2288 122 2310 rum
145 2279 294 2319 pertinet,
318 2278 412 2310 Deus
435 2278 498 2309 bas
517 2278 615 2310 etiam
638 2279 780 2318 tradidit,
804 2286 939 2321 propter
958 2289 1031 2321 gra-

49 2322 205 2353 vissimas
229 2331 367 2360 causas,
398 2332 535 2363 quarum
563 2322 667 2363 prima
695 2329 762 2361 est,
791 2329 827 2354 ut
854 2321 929 2354 illae
956 2333 1031 2364 prc-

50 2365 227 2397 missiones
250 2365 316 2396 sint
337 2365 575 2402 testimonium,
604 2364 692 2406 quod
721 2366 809 2397 bona
835 2364 892 2397 illa
915 2375 1032 2406 corpo—

51 2406 134 2439 ralia
156 2418 223 2439 non
247 2408 369 2440 dentur
394 2417 486 2439 casu.
530 2407 615 2438 Nam
643 2408 718 2449 quia
742 2407 834 2440 Deus
863 2409 1031 2450 promittit,

52 2456 86 2482 et
106 2449 179 2483 vult
200 2457 233 2482 te
255 2451 368 2482 iuvare
392 2451 488 2482 etlam
512 2451 543 2481 in
568 2449 631 2481 hac
654 2451 739 2490 vita,
762 2461 904 2484 necesse
926 2458 977 2484 est
1000 2459 1032 2483 te

51 2499 206 2532 statuere,
229 2494 318 2535 quod
342 2493 422 2525 nibil
446 2494 489 2525 sit
512 2492 658 2524 casuale.

139 2536 210 2567 Nos
234 2537 364 2579 quidem
387 2537 432 2568 ita
456 2538 544 2568 caeci
570 2546 696 2574 sumuS‚
720 2543 752 2567 ut
777 2547 844 2568 non
867 2547 1031 2581 agnosca-

51 2589 126 2611 mus
144 2578 359 2610 liberationes
378 2580 519 2618 divinas,
541 2586 577 2611 ut
597 2581 623 2610 si
644 2579 716 2621 quis
736 2580 846 2611 incidit
866 2581 896 2612 in
915 2591 1032 2623 aquas,

51 2628 85 2654 et
107 2622 183 2654 inde
206 2632 322 2654 rursus
345 2629 470 2661 enatat,
495 2623 526 2654 id
550 2629 641 2663 putat
667 2632 744 2653 esse
768 2622 913 2656 casuale.

743 165 960 198 POSTlLLA
981 163 1382 198 MELANTHONIANA.

1061 633 1067 658 Ι

1061 659 1068 679 l

1054 2006 1061 2474 Ι

1055 2636 1059 2657 l

2001 165 2064 198 294

1176 256 1243 289 Sed
1275 263 1391 288 contra
1421 256 1507 289 hanc
1536 259 1726 290 caecitatem
1748 257 1842 290 Deus
1872 259 1970 289 edidit
1994 270 2068 300 pro-

1089 301 1266 332 missiones
1290 300 1331 331 de
1355 300 1450 331 bonis
1472 300 1714 342 corporalibus,
1736 307 1771 332 ut
1789 302 1931 333 sciamus
1950 300 2070 333 libera·

1090 344 1195 375 tiones
1218 353 1296 374 esse
1324 343 1433 374 divina
1462 343 1640 382 beneficia,
1674 350 1706 374 et
1737 343 1805 375 fieri
1829 344 1904 375 Deo
1934 351 2069 386 regente

1089 393 1122 418 et
1145 387 1368 428 gubernante,
1400 386 1486 417 sicut
1509 386 1640 417 dicitur:
1675 386 1751 417 Nou
1772 397 1889 426 passer
1910 397 1992 418 unus
2015 399 2068 420 ca-

1090 430 1138 460 dit
1173 431 1204 460 ιή
1238 433 1361 460 terram
1389 429 1458 459 siue
1484 429 1648 460 voluntate
1679 431 1788 469 patris
1823 431 1931 461 vestri.
1977 430 2068 469 ltem,

1097 471 1159 503 Vos
1187 473 1292 503 multis
1316 472 1508 512 passeribus
1535 473 1681 503 meliores
1707 474 1794 503 estis.
1840 472 1909 504 Nee
1936 473 2069 505 dubium

1091 521 1158 553 est,
1181 515 1258 556 quin
1281 515 1392 545 divina
1414 515 1561 546 bonitate
1584 520 1735 546 servetur
1758 514 1926 554 Ecclesia,
1950 523 1982 547 et
2005 517 2069 547 sin-

1091 556 1158 599 guli
1182 564 1341 595 nostrum,
1364 558 1450 588 inter
1471 563 1519 589 tot
1544 557 1666 589 fluctus
1690 564 1721 588 et
1744 557 1925 598 procellas,
1949 560 2069 600 quibus

1091 611 1193 641 saepe
1215 601 1258 632 ita
1281 601 1461 638 obruimur,
1484 607 1519 631 ut
1541 601 1742 642 pereundum
1765 601 1861 631 nobis
1881 609 1981 639 esset,
2006 603 2069 633 nisi

1091 644 1201 675 divino
1219 643 1386 676 beneficio
1407 642 1633 675 liberaremur.
1678 644 1789 685 Atque
1817 645 1938 675 utinam
1967 655 2068 686 agno-

1090 696 1261 718 sceremus
1284 687 1366 718 haec
1391 686 1552 718 beneficia
1575 686 1704 724 divina,
1736 694 1767 717 et
1798 687 1886 717 serio
1918 688 2069 728 deplora-

1090 739 1200 760 remus
1224 728 1421 770 profundam
1445 729 1636 761 caecitatem
1660 735 1819 767 nostram,
1843 735 1875 760 et
1893 737 2068 771 perpetuas

1091 773 1323 810 dubitationes,
1347 773 1465 813 quibus
1489 772 1631 804 subinde
1653 770 1842 814 affligimur.

1178 815 1329 846 Secunda
1359 824 1459 846 causa
1491 820 1559 853 est,
1592 825 1651 846 cur
1677 816 1817 846 traditae
1843 816 1907 846 sint
1937 816 2072 856 promis-

1090 859 1204 889 siones
1228 867 1338 889 rerum
1361 857 1600 899 corporalium,
1623 859 1699 899 quia
1722 857 1816 890 Deus
1839 857 1911 889 vult
1934 859 2069 890 excitari

1090 900 1187 932 fidem
1211 902 1242 931 in
1265 902 1520 932 necessitatibus
1543 900 1783 941 corporalibus.
1824 900 1903 932 Vult
1926 903 1992 941 peti
2016 903 2070 933 be-

1089 944 1224 975 neficia:
1249 942 1318 975 vult
1342 943 1504 975 celebrari
1522 951 1657 984 propter
1675 945 1785 985 priora
1804 944 1977 982 beneficia,
2001 942 2069 975 vult

1089 987 1186 1017 fidem
1212 996 1365 1018 crescere
1388 987 1420 1018 in
1445 987 1517 1018 istis
1541 987 1716 1018 exercitiis.
1762 986 1872 1028 Atque
1895 987 1969 1018 ideo
1995 987 2071 1018 sinit

1088 1028 1275 1061 Ecclesiam
1300 1031 1401 1070 premi
1425 1029 1684 1068 calamitatibus,
1712 1036 1745 1061 ut
1770 1029 1950 1061 habeamus
1975 1040 2070 1061 occa-

1089 1073 1217 1103 sionem
1241 1073 1416 1103 exercendi
1441 1072 1548 1104 tidem.
1592 1073 1686 1104 Sicut
1708 1072 1826 1104 Esaias
1850 1073 1968 1114 inquit:
2004 1075 2070 1103 An-

1085 1117 1196 1156 qus-tia
1225 1116 1444 1146 tribulationis
1477 1120 1524 1147 est
1555 1117 1600 1147 eis
1629 1117 1805 1156 disciplina
1835 1117 2003 1153 clamoris,
2038 1116 2069 1147 id

1087 1164 1157 1195 est,
1185 1159 1422 1200 castigationes
1452 1160 1583 1190 divinae
1610 1160 1763 1191 erudiunt
1791 1166 1823 1190 et
1847 1157 2069 1190 commonefa-

1089 1202 1178 1232 ciunt
1202 1202 1244 1232 de
1266 1202 1331 1233 fide
1355 1209 1385 1233 et
1409 1202 1628 1233 invocatione.

1172 1244 1246 1276 Non
1270 1251 1321 1276 est
1344 1255 1424 1276 vera
1447 1246 1630 1283 invocatio,
1661 1245 1793 1287 quando
1822 1255 1888 1276 non
1919 1251 2069 1285 expecta·

1087 1298 1159 1319 mus
1184 1287 1247 1318 fide
1271 1289 1489 1326 beneficium,
1520 1289 1607 1329 quod
1637 1289 1786 1329 petimus.
1833 1288 1909 1319 ldeo
1939 1297 2069 1329 semper

1086 1332 1119 1362 in
1149 1331 1214 1362 fine
1244 1331 1446 1371 precationis
1477 1332 1651 1362 dicendum
1682 1338 1751 1362 est:
1785 1332 1888 1363 credo
1917 1329 2069 1368 Domine,

1087 1380 1119 1406 te
1144 1375 1300 1405 exaudire
1328 1375 1570 1414 precationem,
1605 1374 1664 1406 sed
1694 1374 1744 1405 l'er
1774 1384 1870 1415 opem
1898 1372 2069 1405 imbecilli·

1087 1417 1143 1448 tati
1167 1426 1270 1448 meae.
1315 1417 1388 1448 Hoc
1411 1427 1476 1448 non
1500 1417 1536 1448 fit
1559 1418 1632 1448 sine
1656 1427 1776 1459 magna
1800 1417 1901 1448 lucta.

1172 1459 1249 1490 Non
1271 1459 1395 1492 habent
1419 1470 1535 1491 omnes
1558 1466 1624 1492 tam
1654 1460 1780 1491 firmam
1809 1460 1924 1498 fidem,
1951 1468 1984 1491 τι
2015 1459 2068 1491 hic

1085 1501 1238 1534 laudatur
1261 1501 1343 1534 fides
1368 1503 1595 1541 Centurionis,
1628 1502 1763 1534 Tantum
1786 1503 1839 1534 dz‘c
1863 1502 2008 1539 verbum,
2037 1503 2067 1533 id

1086 1552 1154 1584 est,
1191 1553 1226 1577 tu
1260 1547 1364 1577 verbo
1395 1547 1537 1587 imperas
1567 1552 1723 1584 naturae,
1758 1545 1858 1577 multo
1889 1546 2068 1587 potentius,

1087 1600 1183 1631 quam
1209 1599 1273 1629 ego
1306 1590 1387 1620 meis
1417 1590 1576 1620 ministris
1609 1590 1769 1630 imperare
1800 1599 1947 1629 possum.
1995 1588 2067 1620 Fuit

1086 1631 1180 1663 miles
1200 1631 1375 1670 Ethnicus,
1399 1638 1429 1663 et
1451 1639 1560 1663 tamen
1579 1631 1716 1663 multum
1736 1631 1897 1663 intellexit
1921 1633 1962 1663 de
1980 1631 2068 1662 Mes-

1086 1676 1145 1706 sia.
1197 1674 1325 1715 Estque
1353 1674 1554 1715 exemplum,
1588 1676 1676 1716 quod
1705 1674 1861 1706 Ecclesia
1891 1674 2068 1716 colligatur

1086 1728 1127 1749 ex
1152 1718 1307 1760 gentibus
1331 1724 1363 1749 et
1386 1718 1526 1749 ludaeis.

1172 1760 1285 1791 Tertia
1309 1771 1409 1792 causa
1433 1768 1495 1799 est,
1520 1761 1596 1802 quia
1615 1761 1854 1801 promissiones
1873 1760 2067 1800 corporales

1086 1814 1218 1845 semper
1248 1810 1325 1835 sunt
1353 1803 1688 1836 commonefactiones
1723 1804 1764 1835 de
1798 1803 1957 1845 spirituali
1994 1815 2067 1844 pro-

1085 1848 1254 1879 missione.
1299 1847 1373 1878 Non
1404 1848 1488 1878 enim
1518 1857 1698 1888 possumus
1732 1854 1846 1888 petere
1878 1849 1962 1878 bona
1996 1857 2067 1878 cor-

1084 1889 1230 1932 poralia,
1261 1891 1323 1921 nisi
1354 1891 1446 1931 prius
1476 1898 1626 1931 petamus
1655 1891 1883 1921 remissionem
1914 1897 2066 1932 peccato-

1084 1944 1166 1965 rum.
1217 1934 1356 1974 Oportet
1387 1943 1519 1975 semper
1548 1933 1645 1964 fidem
1673 1933 1905 1965 iustificantem
1936 1932 2066 1974 praelu-

1083 1986 1158 2008 cere
1182 1976 1257 2008 n'dei
1280 1982 1312 2007 et
1335 1978 1406 2017 spei
1436 1978 1467 2007 in
1495 1975 1567 2008 aliis
1597 1977 1698 2008 rebus
1726 1977 1874 2017 petendis
1905 1983 1934 2007 et
1968 1986 2065 2017 expe—

1084 2020 1223 2052 ctandiS.
1270 2019 1337 2050 lmo
1373 2021 1612 2060 promissiones
1647 2019 1840 2060 corporales
1876 2026 1954 2052 sunt
1982 2018 2065 2050 refe-

1083 2063 1207 2095 rendae
1230 2064 1271 2094 ad
1296 2063 1549 2104 promissionem
1574 2062 1784 2103 spiritualem.

1169 2106 1295 2142 Quarta
1330 2116 1434 2138 causa
1468 2113 1529 2138 est.
1575 2105 1668 2137 Deus
1703 2106 1754 2137 his
1789 2106 2065 2146 promissionibus

1082 2149 1153 2181 vult
1182 2150 1313 2187 testari,
1348 2149 1436 2191 quod
1467 2148 1544 2181 velit
1576 2159 1714 2180 servare
1746 2148 1942 2180 Ecclesiam.
1989 2147 2065 2179 ldeo

1082 2191 1207 2224 Paulus
1231 2192 1326 2224 dicit:
1361 2192 1474 2224 Pietas
1496 2193 1590 2224 habet
1612 2193 1853 2233 proim'szsw'onem
1878 2192 2064 2232 prum-entis

1081 2237 1169 2267 vitae
1192 2240 1221 2267 et
1240 2234 1385 2275 futurae.
1427 2235 1520 2267 Haec
1544 2242 1595 2267 est
1618 2236 1758 2277 insignis
1782 2235 1956 2272 sententia,
1979 2244 2065 2275 quae

1082 2290 1146 2311 nos
1168 2286 1281 2311 monet
1303 2279 1400 2310 etiam
1424 2279 1465 2310 de
1487 2278 1545 2311 illo
1565 2278 1687 2310 Psalmi
1712 2279 1817 2309 dicto:
1854 2277 1930 2309 Non
1948 2278 2068 2308 mortui

1081 2322 1260 2354 laudabunt
1284 2327 1314 2353 te
1336 2322 1482 2359 Domffle.
1524 2322 1607 2353 Nam
1630 2322 1658 2352 si
1682 2320 1837 2352 Ecclesia
1860 2330 1926 2351 non
1951 2330 2064 2351 serva-

1081 2371 1172 2397 retur
1195 2366 1349 2397 divinitus
1374 2366 1458 2397 inter
1481 2366 1565 2397 istos
1588 2363 1764 2402 tumultus,
1793 2374 1835 2394 ne
1861 2364 1991 2405 quidem
2015 2373 2065 2395 es-

1082 2415 1134 2441 set
1157 2407 1312 2441 Ecclesia
1334 2409 1366 2440 in
1390 2408 1442 2440 his
1469 2409 1576 2440 terris.
1623 2407 1747 2438 Verum
1776 2417 1841 2437 non
1870 2407 1968 2438 modo
1998 2405 2064 2438 col-

1081 2451 1169 2494 ligit,
1197 2453 1257 2483 sed
1280 2453 1377 2484 etiam
1402 2458 1514 2483 servat
1536 2451 1629 2482 Deus
1654 2448 1721 2480 filio
1746 2449 1930 2481 Ecclesiam
1953 2451 1985 2480 in
2009 2459 2064 2490 ge-

1082 2505 1162 2527 nere
1192 2496 1350 2533 humano,
1380 2496 1464 2526 sicut
1494 2495 1611 2525 dicitur
1639 2494 1669 2524 in
1694 2492 1844 2525 Psalmo:
1880 2493 2014 2524 Postula
2043 2504 2063 2523 (1

1082 2549 1141 2577 mc,
1165 2543 1194 2569 e!
1218 2539 1302 2570 dabo
1325 2538 1384 2569 tibi
1401 2542 1521 2578 (smiles,
1547 2541 1603 2567 etc.

1172 2581 1212 2613 Ut
1245 2583 1345 2619 igitur
1379 2582 1458 2611 certi
1494 2581 1596 2611 simus
1635 2580 1676 2610 de
1712 2579 1777 2611 hoc
1818 2579 1966 2611 mirando
2000 2577 2062 2609 Dei

1083 2634 1202 2665 opere,
1235 2620 1323 2665 quod
1347 2623 1424 2654 velit
1452 2622 1611 2662 colligere
1640 2630 1669 2653 et
1699 2633 1837 2654 servare
1865 2621 2062 2657 Ecclesiam,

1812 2683 1858 2706 19·
