2324 2958
179 153 244 185 519

179 247 250 288 ipse
282 256 343 287 pro
377 246 516 288 pecunia
549 247 624 278 emit
657 245 801 279 calceos.

180 294 285 321 vatur.

264 330 325 362 Est
352 331 527 363 distinctus
555 337 746 364 contractus
775 333 948 374 emptionis
979 339 1011 364 et
1040 333 1150 364 ven-'li-

181 374 278 405 tionis
301 384 321 404 a
343 374 530 405 donatione.
565 373 658 406 Deus
681 376 730 406 sic
750 375 923 414 ordinavit,
946 381 980 406 ut
1003 375 1150 407 homines

179 414 325 458 oolligati
358 417 423 448 sint
458 415 567 448 multis
602 418 746 449 diversis
779 418 898 450 officiis
953 418 1026 449 Non
1056 417 1150 449 solus

177 469 248 492 mas
272 459 386 508 gignit,
403 469 470 491 non
492 458 565 491 sola
589 459 731 492 foemina
754 461 853 501 parit:
878 460 982 491 Nemo
1001 466 1151 492 nostrum

201 501 282 534 otuit
311 502 417 533 ioveri
446 503 487 533 ab
521 500 674 541 infantia,
707 504 779 534 sine
813 501 984 534 multorum
1018 502 1150 535 auxilio.

209 545 306 576 idetis
335 555 432 586 quam
455 543 630 576 multorum
653 555 754 586 opera
787 546 829 576 ad
859 545 1063 577 educandum
1093 545 1152 577 ho-

175 587 295 619 minem
317 597 401 628 opus
424 589 475 619 sit.

262 629 414 672 Cogitate
449 640 508 661 vos
545 631 640 661 etiam
663 640 743 662 usos
766 629 881 661 alienis
916 629 1052 661 officiis:
1085 641 1150 662 non

176 674 247 704 sitis
277 673 322 704 ita
345 671 533 714 C·clopici,
560 680 595 704 ut
619 674 788 715 cogitetis,
821 673 908 714 quod
938 674 1079 705 mundus
1108 674 1151 705 sit

176 721 300 753 vester,
320 721 351 747 et
372 683 469 747 iiceat
483 716 578 746 vobis
603 725 730 746 omnem
744 714 955 756 petulantiam
980 725 1149 747 exercere:

178 758 308 790 Vexare
331 763 363 790 et
385 757 535 799 affligere
557 768 684 796 omnes,
718 764 753 789 ut
785 757 914 799 aliquae
950 759 1076 790 bestiae
1106 759 1151 790 vi-

175 806 266 833 vunt.
311 800 399 832 Vere
433 800 497 832 hoc
527 806 577 832 est
607 801 718 832 vivere
748 800 940 838 bestialiter,
976 806 1009 832 et
1042 807 1151 833 tamen

175 842 266 876 multi
289 849 420 885 putant,
450 844 514 875 hoc
538 853 614 874 esse
635 842 820 885 pulchrum,
854 850 885 875 et
913 849 1034 875 vocant
1055 842 1150 875 liber-

174 892 274 918 tatem
297 885 529 924 Christianam,
563 885 656 917 Deus
678 886 761 917 adsit
783 886 890 923 nobis,
916 891 947 917 et
969 892 1064 918 sanet
1082 885 1151 918 vul-

176 939 256 961 nera
278 934 403 959 nostra.
449 928 663 970 Nequaquam
687 929 818 970 probari
844 929 951 966 debet,
986 930 1073 970 quod
1107 930 1150 960 ita

174 972 350 1004 barbarice
374 971 505 1008 vivitur,
529 982 603 1003 cum
626 977 815 1012 contemptu
839 971 901 1003 Dei
925 977 957 1002 et
973 970 1150 1010 hominum,

175 1021 207 1046 et
230 1014 430 1055 praetexitur
453 1019 560 1045 tamen
583 1024 601 1044 a
625 1013 734 1045 multis
758 1024 875 1045 nomen
900 1013 970 1045 Filii
993 1014 1072 1053 Dei,
1096 1015 1149 1056 qui

175 1056 284 1089 sactus
313 1063 363 1087 est
392 1067 452 1097 pro
487 1057 583 1087 nobis
607 1056 758 1088 Victima.
803 1056 875 1088 Hoc
904 1057 1020 1098 ingens
1053 1068 1150 1099 opus,

176 1105 210 1132 et
234 1099 428 1131 beneficium
452 1098 523 1130 Filii
558 1098 620 1130 Dei
639 1100 796 1131 vertimus
820 1101 850 1130 in
881 1099 1048 1138 εἷσέλγειανε
1076 1100 1150 1131 ideo

174 1151 314 1174 necesse
336 1148 386 1173 est
407 1143 519 1173 venire
541 1152 677 1183 poenas·

260 1184 476 1216 Considerate
505 1191 614 1216 autem
643 1184 706 1215 hoe
731 1194 872 1226 quoque.
917 1183 1011 1216 Deus
1030 1185 1148 1216 doctri-

174 1237 249 1259 nam
273 1227 314 1257 de
336 1227 476 1265 iustitia,
498 1233 530 1258 et
553 1226 766 1269 aequalitate,
790 1226 859 1258 vult.
883 1228 1030 1267 conspici
1054 1228 1148 1259 etiam

173 1271 206 1302 in
229 1269 466 1307 contractibus,
489 1276 523 1301 ut
535 1271 678 1301 sciamus
691 1279 763 1301 eum
781 1279 856 1300 esse
879 1268 1060 1310 aequalem,
1082 1280 1147 1301 non

173 1312 439 1354 προςωπολῇπτην,
463 1312 542 1344 utin
554 1312 725 1353 Scriptura
747 1312 880 1343 dicitur:
903 1314 973 1344 Non
997 1317 1047 1344 est
1067 1316 1149 1344 ineo

173 1357 419 1397 πζρςωποληψία,
441 1356 501 1386 sed
519 1358 660 1394 aequalis
677 1359 730 1386 est
746 1356 898 1387 omnibus.
943 1354 995 1386 De
1016 1354 1149 1386 Christo

173 1398 362 1430 nominatim
380 1397 498 1429 dicitur
520 1398 550 1428 in
565 1397 662 1428 Esaia
672 1409 682 1429 .·
704 1399 773 1429 Non
796 1401 846 1429 ese
866 1401 1040 1438 acceptatio
1062 1397 1149 1438 apud

173 1449 252 1473 eum.
297 1439 363 1472 Sed
387 1441 428 1470 de
451 1450 490 1470 ea
508 1450 544 1471 re
567 1439 651 1471 alias
675 1440 822 1471 dicimus.
861 1440 958 1471 Nunc
980 1440 1149 1471 veniamus

172 1484 215 1515 ad
245 1481 341 1515 locos
375 1483 556 1520 doctrinae,
590 1483 722 1514 omissis
756 1481 922 1514 inutilibus
957 1482 1150 1523 phantasiis,

173 1535 370 1568 quaeramus
394 1525 496 1557 utilia:
532 1526 674 1557 Primum
698 1531 881 1566 repetemus
902 1526 1084 1557 doctrinam
1108 1526 1150 1557 de

172 1567 351 1607 miraculis,
386 1569 461 1610 quia
494 1574 545 1599 est
578 1569 674 1600 etiam
707 1569 792 1600 inter
825 1567 983 1600 miracula
1016 1567 1080 1600 hoc
1104 1567 1149 1600 sa-

173 1618 270 1644 ctum.

856 249 902 280 tta
935 255 1074 291 uterque
1107 249 1151 280 iu-

174 1761 343 1816 Propter
375 1775 473 1814 quas
505 1776 644 1801 causas
676 1761 892 1801 recitantur
933 1760 1147 1801 miracula?

260 1851 397 1891 Propter
421 1858 498 1882 tres.
544 1851 636 1887 Quae
667 1858 717 1883 est
748 1852 873 1892 prima?
917 1851 959 1882 Ut
988 1849 1147 1882 miracula

173 1896 238 1926 sint
261 1895 446 1925 testimonia
469 1895 648 1925 ‹lot-trinae.
678 1894 715 1933 ll,
744 1901 777 1925 ut
813 1895 876 1925 sint
901 1893 1049 1935 exempla
1071 1904 1146 1934 pro-

172 1938 372 1969 missionum.
404 1937 454 1975 nl,
489 1945 522 1968 ut
556 1938 621 1968 sint
650 1935 798 1977 exempla
827 1935 1065 1978 applicationis,
1111 1937 1145 1968 Si

172 1978 330 2012 miracula
352 1986 427 2011 suut
463 1979 611 2021 exempla
646 1980 911 2021 promissionum,
946 1981 1038 2010 cuius
1072 1990 1146 2020 pro-

173 2023 339 2055 missionis
363 2021 544 2064 exemplum
579 2029 630 2053 est
664 2023 727 2053 lioc
754 2022 961 2054 miraculum:
997 2021 1145 2063 Respon—

175 2067 250 2098 deo:
275 2065 467 2107 Corporalis
490 2066 727 2107 promissionis.

174 2215 249 2255 Dic
281 2214 479 2269 regulam,
522 2213 614 2267 quia
647 2213 832 2267 exempla
864 2221 957 2253 sunt
988 2228 1145 2253 necom-

414 2290 616 2330 modanda
648 2291 699 2330 ad
730 2291 919 2343 regulam.

260 2391 399 2422 Primum
424 2390 570 2431 quaerite
598 2400 734 2429 regnum
759 2388 831 2421 Dei.
865 2396 892 2420 et
919 2396 1047 2420 caetera
1071 2390 1148 2421 adii-

175 2434 300 2465 cientur
324 2435 432 2466 vobis:
456 2433 487 2464 id
512 2439 578 2470 est,
604 2432 696 2464 Deus
721 2433 888 2464 verissime
901 2431 967 2463 vult
992 2443 1068 2463 esse
1091 2443 1147 2464 nu—

175 2477 285 2513 tritor,
320 2484 444 2513 custo-s,
478 2484 507 2506 et
544 2476 702 2506 defensor
731 2486 812 2506 suae
846 2474 1019 2506 eroli-siae.
1076 2475 1146 2505 lto«-

177 2518 351 2561 diligenter
377 2527 425 2549 est
456 2519 662 2550 ‹list-endum:
686 2519 761 2560 quia
785 2516 1054 2549 ‹lillicultcrsultit
1079 2520 1146 2549 aui-

176 2573 272 2599 mum,
307 2563 392 2603 quod
419 2561 509 2592 Deus
544 2568 633 2593 curet
670 2562 819 2593 humana.
865 2561 902 2591 Et
939 2567 1012 2591 suut
1047 2560 1145 2602 aliqui

177 2606 274 2646 inepti
298 2606 498 2646 scriptorem
524 2606 577 2646 qui
602 2606 724 2636 dicum:
748 2605 841 2636 Boua
864 2602 1047 2645 corporalia
1073 2611 1146 2635 sunt

808 153 920 187 PHIL.
942 153 1046 187 MEL.
1071 153 1257 187 SCRIPTA
1279 154 1543 190 EXEGETICA.

1198 428 1326 459 panem.

2110 164 2174 196 520

1203 248 1348 290 indigna,
1381 250 1422 282 de
1444 251 1562 292 quibus
1596 261 1738 283 oremus,
1782 251 1890 285 Etiam
1913 253 2174 297 chrysostomus

1204 292 1382 333 corrumpit
1405 293 1584 324 orationem
1603 293 1822 333 Dominicam,
1854 302 1888 327 et
1918 297 1995 328 dicit
2018 297 2174 330 Christia-

1203 343 1280 364 num
1301 344 1367 365 non
1391 335 1512 368 debere
1525 346 1601 367 esse
1613 335 1786 369 sollic’tum
1809 339 1851 369 ‹le
1861 349 1958 380 pane,
1981 346 2012 371 et
2024 340 2174 372 ἐπιούσιον

1202 377 1366 416 nominat,
1400 389 1464 409 non
1498 380 1723 419 quotidianum,
1757 381 1816 412 sed
1838 384 2174 423 supersubstantialem

1372 420 1406 451 Id
1437 420 1526 452 multi
1550 422 1723 462 arripiunt:
1755 423 1866 455 dicunt
1897 435 2010 465 panem
2039 435 2104 457 non
2126 426 2175 458 in·

1203 460 1415 504 telligendum
1445 464 1486 494 de
1508 463 1674 505 corporali
1701 465 1800 497 dono.
1844 467 1910 498 Sed
1938 468 2002 498 ista
2028 474 2175 510 pugnam

1203 504 1300 535 etiam
1322 515 1394 537 eum
1418 505 1648 539 Grammatica.

1415 686 1523 736 Quid
1538 688 1735 743 significat
1754 691 1966 733 ἐπιούσιονῬ

1289 783 1484 824 0rasta’num,
1506 785 1559 817 vel
1581 793 1763 828 sequentem
1791 791 1890 828 diem,
1914 797 1945 822 et
1968 790 2097 832 quidem
2117 793 2177 831 fur

1202 826 1265 858 vnd
1284 829 1362 866 sur:
1384 828 1459 869 quia
1470 829 1622 860 ἐπιούσιον
1633 831 1797 871 significat
1810 833 1962 873 quiddam
1977 834 2175 866 continuum.

1203 868 1359 902 Scribunt
1381 871 1477 902 etiam
1511 872 1541 902 in
1566 872 1728 906 Hebraico
1751 874 1916 907 Matthaeo
1947 875 2048 907 fuisse
2077 887 2175 908 voca-

1204 910 1314 943 bulum
1360 915 1488 951 Malear,
1532 916 1620 956 quod
1665 917 1831 957 significat
1863 919 1946 950 diem
1986 923 2175 951 crastimtm·

1203 954 1288 989 Quid
1322 961 1374 987 est
1407 954 1535 988 dulcius
1569 957 1676 989 bonae
1704 961 1812 998 menti,
1834 971 1930 1001 quam
1964 962 2175 994 considerare

1202 996 1286 1028 haec
1310 999 1543 1030 Grammatica.
1589 999 1737 1042 Nequam
1770 1007 1802 1032 et
1835 1003 2041 1034 barbaricum
2072 1003 2175 1035 homi-

1202 1049 1276 1071 nem
1300 1050 1377 1072 esse
1399 1047 1545 1082 oportet,
1576 1043 1628 1084 qui
1654 1054 1717 1074 non
1742 1043 1873 1075 adhibet
1896 1055 1967 1075 eam
1991 1055 2120 1083 curam,
2141 1051 2177 1077 ut

1200 1084 1431 1123 proprietatem
1461 1084 1713 1117 Grammaticam
1736 1087 1768 1117 in
1792 1086 1960 1127 Scriptura
1979 1088 2176 1119 consideret.

1201 1126 1267 1156 Sed
1295 1137 1398 1167 pergo
1423 1127 1532 1158 dicere
1555 1128 1595 1158 de
1619 1126 1699 1159 locis
1723 1130 1901 1160 doctrinae.
1948 1129 2018 1160 {loc
2039 1131 2176 1162 miracu·

1200 1166 1265 1198 lum
1290 1175 1339 1199 est
1359 1169 1541 1209 exemplum
1555 1171 1782 1211 promissionis
1796 1171 1893 1209 illius,
1917 1172 2061 1204 Primum
2082 1183 2176 1212 quae-

1199 1214 1262 1242 rite
1283 1221 1417 1250 reynnm
1438 1211 1512 1252 Dei,
1533 1218 1566 1245 ec
1596 1215 1718 1253 relt'qua
1751 1216 1941 1246 allit‘cielmtr
1973 1217 2065 1247 robis.
2109 1215 2176 1247 Ad-

1200 1253 1371 1295 iungemus
1391 1255 1488 1295 igitur
1500 1265 1703 1287 communem
1718 1257 1898 1288 doctrinam
1912 1258 1951 1289 de
1964 1259 2173 1289 distinctione

1199 1306 1462 1337 promissionum.

1245 1468 1461 1519 Quomodo
1493 1471 1792 1525 distinguuntur
1821 1473 2126 1527 promissiones?

1288 1567 1382 1601 Aliae
1400 1575 1477 1601 sunt
1498 1569 1699 1612 spirituales,
1720 1570 1806 1603 aliae
1829 1570 2031 1612 corporales.

1327 1733 1441 1784 Quae
1474 1742 1535 1774 est
1566 1736 1773 1789 spiritualis
1806 1737 2038 1789 promissio?

1286 1832 1345 1864 Est
1369 1834 1472 1874 prima
1491 1840 1523 1864 et
1546 1835 1722 1875 praecipua
1747 1836 1900 1871 omnium,
1923 1834 2072 1867 videlieet
2098 1848 2171 1878 pro-

1199 1875 1313 1907 missio
1338 1876 1474 1917 gradae,
1507 1887 1602 1917 quam
1633 1876 1696 1908 ltoc
1726 1877 1823 1908 unico
1848 1878 1935 1909 dicto
1959 1880 2170 1920 conlprehen—

1200 1919 1245 1949 dit
1268 1917 1424 1956 loannes,
1449 1930 1522 1950 cum
1544 1920 1643 1960 inquit
1658 1931 1667 1946 :
1703 1922 1815 1951 Gratia
1848 1926 1880 1951 et
1901 1926 2018 1953 reritas
2036 1932 2098 1962 per
2124 1922 2172 1953 Ie·

1198 1971 1268 1993 snm
1288 1962 1448 1993 Christum
1468 1965 1558 2001 fat-ta
1581 1967 1636 1994 est.
1673 1962 1787 1994 Gratia
1812 1962 2038 2004 complevtimr
2061 1965 2172 1996 remis-

1197 2004 1323 2035 sionem
1336 2011 1558 2045 peccatorum,
1576 2004 1888 2043 reconciliationem,
1900 2007 2172 2045 iustilicationem,

1198 2048 1456 2084 renovationem,
1492 2058 1576 2088 quae
1600 2047 1633 2078 lit
1656 2048 1838 2080 immediate
1862 2059 1919 2089 per
1950 2048 2074 2087 filium,
2109 2050 2171 2081 etsi

1198 2089 1293 2120 simul
1319 2089 1352 2120 lit
1375 2100 1433 2131 per
1458 2089 1602 2127 Patrem,
1627 2089 1755 2129 Filium,
1779 2097 1809 2121 et
1833 2091 1988 2131 Spiritum
2011 2099 2170 2124 sanctum.

1199 2133 1264 2164 Sed
1289 2132 1352 2163 lio(-
1375 2133 1504 2163 ordine:
1540 2132 1639 2164 Filius
1663 2134 1737 2165 divit
1763 2133 2036 2171 consolationem,
2072 2143 2104 2167 et
2127 2136 2170 2166 vi-

1199 2175 1319 2212 vificat,
1343 2182 1372 2206 et
1398 2176 1473 2206 dato
1487 2175 1606 2217 Spiritu
1621 2184 1753 2213 sancto,
1783 2178 1933 2208 accendit
1956 2184 2065 2208 motus
2094 2189 2171 2210 con-

1199 2219 1369 2249 venientes
1410 2218 1440 2248 iu
1477 2220 1585 2250 corde.
1643 2219 1819 2250 Praeterea
1860 2219 1970 2250 Gratia
2008 2220 2171 2262 significat

1199 2261 1406 2292 donationem
1431 2263 1515 2292 vitae
1538 2269 1710 2293 aeternae:
1740 2263 1813 2292 item
1844 2263 2044 2294 incrementa
2068 2264 2170 2294 dono-

1199 2314 1268 2334 rum
1293 2303 1516 2344 spiritualium.
1563 2304 1596 2335 ln
1620 2303 1676 2336 illo
1699 2305 1804 2335 dicto:
1835 2307 1896 2336 I’er
1914 2309 2055 2344 aratiam
2077 2309 2171 2337 omitt-v

1199 2346 1337 2385 (seilicet
1363 2347 1437 2388 quia
1461 2347 1562 2379 Filius
1596 2346 1752 2389 diligitur)
1785 2349 1879 2378 datur
1908 2350 1997 2379 nohis
2011 2352 2120 2387 aratia
2141 2354 2174 2380 et

1199 2391 1311 2420 dommi
1333 2400 1394 2430 per
1417 2393 1511 2422 illum.
1557 2390 1670 2422 Gratia
1693 2397 1741 2421 est
1772 2391 1921 2421 remissio
1946 2398 2169 2430 pet-vatorum,

1200 2431 1433 2471 ret-onciliatio,
1455 2434 1656 2474 dormitatio,
1684 2433 1883 2464 iustilivatio:
1913 2434 1986 2474 quia
2010 2432 2064 2464 illa
2087 2434 2171 2465 idem

1199 2476 1396 2515 significant.
1444 2476 1585 2509 Donum.
1609 2484 1657 2507 cst
1693 2476 1920 2508 sanctificatio.
1944 2487 2028 2517 quae
2051 2478 2111 2507 etsi
2136 2476 2170 2507 fit

1200 2529 1257 2559 per
1282 2518 1422 2552 Patrem.
1446 2517 1570 2551 Filium.
1594 2526 1622 2550 ct
1642 2519 1795 2560 Spiritum
1819 2526 1968 2549 §.anctum
1992 2517 2172 2550 essentiali-

1199 2568 1262 2597 Ιιϊ,
1287 2568 1315 2592 et
1341 2568 1491 2602 potenter
1513 2560 1682 2593 ellicaccm
1717 2563 1747 2593 in
1773 2562 1911 2593 homine.
1947 2569 2054 2592 tamon
2079 2560 2171 2593 Deus

1198 2602 1313 2635 litwrut
1337 2615 1379 2635 ex
1409 2611 1512 2636 morte
1540 2611 1684 2642 aeterna,
1720 2605 1862 2635 xixitivat
1897 2615 1955 2645 per
1984 2603 2110 2643 Filium,
2139 2611 2170 2636 et
