2324 2958
59 151 123 184 129

741 144 955 176 POSTlLLA
978 143 1377 175 MELANTHONJANA.

1998 143 2059 175 130

59 245 118 277 Et:
150 244 291 283 Quorum
313 245 386 274 sunt
405 244 533 282 patres,
559 250 597 271 et·
620 239 732 280 quibus
755 239 904 269 Christus
926 247 1035 269 secun·
1061 236 1064 264 Ι
1087 237 1190 268 Recte
1214 244 1323 269 autem
1352 238 1536 269 nominatur
1565 238 1647 269 haec
1676 238 1862 278 praesentia
1891 238 2059 277 separabi-

60 289 133 319 «lum
156 296 293 318 caruem.

146 329 260 361 Maluit
278 334 385 360 autem
404 326 569 357 lohannes
588 325 756 355 nominare
775 333 918 361 carnem,
938 334 1034 364 quam

61 374 246 411 hominem,-
270 378 305 404 ut
331 369 531 412 significaret
554 366 812 399 imbecillitatem
836 372 867 397 et
891 365 1034 397 mortali·

60 423 171 448 tatem.
214 414 304 447 Talis
327 414 412 445 enim
434 410 495 443 fuit
517 418 634 442 natura
656 410 798 442 humana
817 408 957 446 Christi,
988 416 1033 447 ut,

61 469 247 501 quanquam
271 458 342 489 sine
363 461 502 497 peccato
525 460 628 491 esset,
652 459 759 484 tamen
782 451 954 483 affectibus
977 462 1033 482 na-

60 501 222 534 turalibus
252 500 403 532 omnibus
433 503 523 529 esset
553 496 718 537 praedita:
754 501 905 536 praterea
938 495 1033 525 etiam

60 543 208 576 mortalis
239 549 341 574 esset.
385 541 573 573 Secundum
605 539 692 570 hauc
727 538 838 569 esuriit
870 536 1033 575 Christus,

60 587 148 625 sitiit,
172 585 371 627 defatigatus
390 590 452 622 est,
473 583 597 621 metuit,
620 582 775 623 speravit,
797 579 908 621 doluit,
932 579 1033 611 laeta-

59 635 113 661 tus
133 636 195 667 est,
218 627 447 670 lachrymavit,
472 627 576 657 iratus
595 631 658 662 est,
681 624 785 655 sensit
805 629 927 654 tantam
947 633 1032 654 moe-

59 672 191 710 stitiam,
211 678 245 704 ut
264 672 399 702 sudaret
417 669 619 711 sauguinem.
664 667 832 708 Denique3
853 664 961 697 sactus
981 673 1033 697 est

59 715 208 753 victima,
243 720 397 754 expertus
432 719 482 743 est
516 721 652 743 sensum
682 711 749 741 irae
777 708 842 740 Dei
870 709 1033 740 adversus

58 764 230 798 peecatum
254 756 385 799 generis
408 754 550 786 humaui.

146 799 231 832 Cum
255 806 362 830 autem
391 799 522 829 dicitur:
557 796 684 828 verbum
716 804 796 825 caro
821 792 946 834 factum
973 798 1032 831 est,

59 853 126 874 non
149 843 312 884 cogitetur
334 841 561 873 transmutatio
588 850 650 871 seu
678 839 854 869 conversio
878 838 971 868 verbi
1000 838 1033 868 iu

59 891 206 916 naturam
228 884 402 916 humanam
425 890 481 915 aut
504 883 614 914 caruis
636 884 667 912 iu
692 888 840 912 naturam
864 880 970 917 verbi,
999 886 1033 910 ut

59 938 132 959 cum
156 927 254 958 dicis:
289 928 376 958 Cera
407 933 458 958 est
485 925 573 957 sacta
603 925 708 967 iguis,
737 924 834 965 Aqua
863 929 916 954 est
945 921 1033 953 lacta

58 968 186 1002 vinum:
220 970 288 1002 Sed
322 970 500 1001 retineatur
531 967 625 1000 Pauli
659 966 899 1007 interpretatio,
934 976 1033 1007 quam

59 1014 163 1045 secuti
186 1020 262 1045 sunt
285 1020 416 1044 veteres
441 1018 556 1043 contra
579 1011 768 1042 Nestorium
791 1014 824 1040 et
846 1007 1032 1050 Eutychen,

57 1057 193 1087 verbum
223 1056 403 1096 assumpsit
437 1061 586 1086 naturam
619 1053 810 1089 humanam,
842 1052 887 1082 ita
920 1057 955 1082 ut
990 1052 1032 1082 sit

59 1109 123 1129 una
145 1108 288 1140 persona
312 1098 472 1129 Dominus
494 1103 609 1128 noster
631 1096 722 1127 lesus
747 1094 909 1132 Christus,
932 1095 1032 1136 quue

58 1142 131 1172 sine
153 1142 408 1182 permutatione,
437 1139 631 1171 confusione
655 1145 712 1169 aut
741 1137 954 1183 permixtione
981 1147 1032 1168 es-

57 1185 182 1215 sentiae
204 1188 260 1215 aut
282 1184 534 1224 proprietatum,
558 1188 589 1213 et
612 1182 684 1212 sine
706 1181 891 1212 divulsione
915 1190 957 1212 ac
981 1191 1032 1212 58-

55 1226 227 1267 paratione
250 1227 386 1257 duarum
409 1232 611 1257 naturarum.

140 1268 281 1300 Weteres
304 1269 354 1300 usi
378 1274 455 1299 sunt
478 1266 699 1309 appellatione
721 1266 851 1297 unionis
874 1265 1031 1308 hyposta—

54 1311 149 1343 ticae.
187 1310 240 1342 De
263 1322 327 1353 qua
350 1310 438 1342 facta
461 1317 537 1342 sunt
560 1311 694 1341 decreta
716 1310 748 1340 in
767 1310 904 1351 Synodo
923 1308 1031 1350 Ephe-

53 1355 128 1386 sina
150 1361 182 1386 et
205 1353 486 1386 chalcedonensi:
515 1353 556 1384 Et
578 1352 674 1384 huius
693 1353 823 1384 unionis
847 1351 1030 1393 exemplum

54 1403 279 1429 monstrarunt
302 1398 334 1428 in
356 1397 498 1428 homine.
543 1396 584 1427 Et
602 1406 666 1437 ego
686 1396 799 1433 credo,
823 1396 912 1436 quod
930 1395 1030 1426 homo

54 1440 105 1471 sic
127 1440 170 1471 sit
193 1440 364 1478 conditus,
398 1445 434 1470 ut
462 1445 590 1470 constet
619 1449 659 1469 ex
688 1447 828 1479 corpore
858 1443 890 1469 et
911 1439 1030 1476 anima,

53 1489 91 1514 ut
113 1483 155 1513 sit
178 1482 417 1524 qualiscunque
445 1488 543 1524 typus
571 1481 782 1513 admirandae
812 1479 1030 1521 copulationis

53 1524 184 1556 divinae
214 1531 246 1556 et
270 1526 433 1556 humanae
458 1530 595 1556 naturae
624 1525 657 1556 in
686 1523 839 1561 Christo,
870 1524 932 1555 etsi
963 1534 1029 1555 non

52 1577 114 1609 per
132 1567 239 1598 omnia
259 1568 412 1609 congruit
434 1567 624 1599 similitudo.
660 1567 790 1608 Corpus
813 1577 880 1598 non
902 1573 1028 1598 tautum

52 1616 105 1641 est
126 1609 350 1641 habitaculum
374 1610 514 1647 animae,
537 1611 625 1642 sicut
648 1611 764 1641 domus
787 1615 838 1640 est
861 1609 1028 1641 habitacu-

51 1652 120 1685 lum
143 1653 314 1684 continens
336 1652 570 1684 inhabitantes.
614 1652 663 1684 Ita
684 1663 751 1683 non
774 1659 825 1683 est
848 1653 1028 1695 imaginan—

52 1696 131 1727 dum
152 1696 326 1728 humanam
349 1702 499 1727 naturam
522 1701 648 1727 tautum
676 1705 753 1726 esse
782 1694 958 1736 hospitium
982 1696 1028 1726 ‹li-

53 1739 150 1770 vinae
183 1745 338 1777 naturae,
372 1739 456 1770 sicut
488 1737 615 1770 habitat
649 1738 791 1778 Spiritus
824 1745 961 1770 sanctus
995 1739 1028 1769 111

52 1782 189 1819 renatis,
211 1787 244 1813 et
267 1788 318 1813 est
338 1782 371 1812 in
394 1782 441 1812 eis
466 1780 599 1814 efficax.
629 1780 695 1813 Sed
718 1787 753 1812 ut
774 1781 883 1813 anima
906 1787 938 1812 et
957 1791 1027 1812 cor-

52 1835 115 1866 pus
138 1831 216 1856 sunt
238 1835 338 1856 unum
367 1824 661 1866 hyphistamenon‚
691 1834 753 1855 seu
780 1834 846 1855 una
874 1834 1030 1866 persona,

53 1868 102 1899 sic
130 1868 215 1906 λόγος
243 1877 436 1906 assumens,
464 1874 497 1899 et
526 1878 604 1899 caro
634 1873 806 1909 assumpta
832 1868 864 1898 in
895 1866 1029 1899 Christo

53 1916 131 1942 sunt
153 1920 252 1942 unum
276 1909 561 1952 hyphistamenon.

141 1954 192 1984 Ac
215 1953 257 1984 ad
281 1953 534 1985 declarationem
558 1954 694 1994 prodest
717 1953 750 1984 in
770 1959 953 1994 conspectu
973 1952 1030 1984 ha-

54 1996 134 2027 bere
163 1996 314 2027 diversos
345 1997 462 2028 modos
491 2006 551 2028 seu
578 1997 701 2039 gradus
729 1997 938 2038 praesentiae
966 1995 1030 2027 Dei

54 2049 86 2070 111
110 2040 282 2070 creaturis.

140 2081 269 2113 Primus
294 2088 344 2113 est
366 2082 554 2123 praesentia
583 2082 800 2121 universalis,
831 2092 896 2124 qua
924 2087 1030 2124 pater,

55 2123 160 2163 tilius,
190 2133 221 2155 et
245 2125 387 2166 Spiritus
417 2132 553 2157 sauctus
582 2125 703 2157 adsunt
726 2126 877 2157 omnibus
901 2131 1029 2157 creatu-

54 2168 112 2205 ris,
135 2166 242 2205 coelo,
265 2174 388 2205 terrae,
412 2168 647 2206 animantibus,
670 2168 876 2207 hominibus,
900 2167 1029 2210 angelis

54 2211 150 2242 bonis
176 2217 209 2241 et
231 2209 341 2248 malis,
365 2216 397 2241 et
419 2211 622 2242 substantias
645 2217 869 2243 creaturarum
893 2221 1029 2243 conser-

53 2260 150 2291 vant,
181 2254 286 2285 donec
310 2251 426 2285 volunt
453 2263 511 2285 eas
540 2264 752 2286 conservare.
797 2254 849 2286 De
872 2254 936 2285 hac
959 2255 1028 2286 uui-

53 2295 175 2328 versali
199 2296 386 2337 praesentia
409 2297 526 2327 dicitur
548 2296 661 2328 lerem.
679 2297 732 2329 33.
761 2297 888 2329 eoelum
911 2301 941 2328 et
965 2301 1028 2328 ter-

53 2349 125 2371 ram
144 2349 201 2380 eqo
219 2340 344 2380 impleo.
388 2339 431 2371 Et
452 2339 530 2371 Esa.
549 2339 601 2370 66.
636 2340 762 2372 Coelum
784 2341 876 2372 sedes
898 2351 976 2380 mea,
998 2344 1028 2372 ct

54 2387 146 2414 terra
168 2383 338 2414 scabellum
358 2383 473 2423 pedum
491 2392 643 2413 meorum.
681 2383 774 2415 Item:
800 2383 909 2419 Emer,
930 2394 1027 2424 prae-

54 2429 160 2457 senter
183 2425 272 2457 Deus
294 2426 345 2456 ln'c
367 2429 396 2456 ct
419 2426 543 2466 ubique,
565 2429 721 2466 potenter.
756 2426 846 2458 Haec
870 2437 1027 2467 praescn-

54 2469 97 2499 tia
121 2468 302 2510 generalis,
330 2478 415 2510 quae
445 2475 495 2499 est
526 2470 721 2500 sustentatio
749 2476 956 2508 naturarum,
986 2480 1027 2501 ex

55 2511 170 2543 ordine
193 2513 389 2549 creationis,
412 2511 632 2543 discernenda
657 2518 706 2543 est
729 2512 770 2543 ab
793 2511 849 2543 illa
872 2523 1027 2553 praesen.-

55 2554 111 2591 tia,
135 2564 219 2595 quae
242 2564 282 2585 ex
305 2554 440 2595 speciali
465 2555 570 2596 gratia
593 2555 648 2585 dat
671 2560 803 2586 aeterna
827 2556 914 2587 bona
938 2566 1028 2587 crea-

54 2598 137 2629 turis
161 2596 395 2635 rationalibus,
430 2607 516 2639 quae
545 2604 621 2629 sunt
648 2596 822 2639 copulatae
845 2609 919 2630 cum
943 2598 1026 2630 Deo.

214 2665 361 2685 mxcviii.
371 2665 443 2685 &PER
466 2665 610 2684 vt=1,.xx1*»⁴

1086 279 1144 311 lis:
1179 279 1278 318 Quia,
1312 281 1444 321 quaudo
1475 281 1686 312 destruuntur
1715 291 1769 312 res
1801 286 1949 318 creatae,
1983 286 2060 311 sunt

1087 324 1240 355 desertae
1264 334 1282 354 a
1305 322 1395 362 Deo,
1426 324 1458 354 id
1481 330 1549 361 est,
1579 323 1672 355 Deus
1702 334 1767 354 non
1799 330 1978 354 conservat
2001 332 2059 354 eas

1086 366 1217 398 diutius.

1172 409 1345 440 Secundus
1369 409 1486 440 modus
1511 409 1733 449 praesentiae,
1763 415 1814 440 851
1844 409 1876 439 111
1901 409 2004 440 beatis
2027 409 2059 439 in

1085 452 1152 483 vita
1169 459 1316 490 aeterna,
1340 462 1404 493 qua
1422 462 1487 483 non
1505 457 1628 482 tantum
1649 459 1889 483 conservantur
1906 453 2060 482 substan-

1086 495 1166 532 tiae,
1189 496 1249 525 sed
1274 496 1368 526 etiam
1393 495 1651 525 communicatur
1673 493 1746 532 lux,
1772 495 1947 535 sapientia,
1972 495 2061 525 iusti-

1086 538 1142 576 tia=
1167 537 1290 569 laetitia
1306 537 1388 568 Dei:
1420 537 1461 568 Et
1480 537 1572 568 Deus
1595 535 1768 567 visibiliter
1792 537 1898 574 adest,
1921 544 1951 567 et
1977 547 2060 568 sem-

1086 591 1143 621 per
1166 581 1197 612 in
1222 582 1269 612 eis
1293 587 1345 612 est
1368 579 1498 611 efficax.
1542 579 1594 610 De.
1625 580 1690 610 hoc
1720 580 1825 620 gradu
1854 581 2061 620 praesentiae

1086 624 1187 665 inquit
1217 623 1354 655 Paulus:
1396 623 1468 655 Erit
1502 622 1593 653 Dens
1626 623 1733 653 0711715'11
1770 623 1801 653 iu
1835 623 1994 661 omuibus,
2027 623 2061 653 111

1087 673 1149 704 est,
1174 667 1327 698 Ostendit
1349 677 1387 698 se
1409 667 1526 703 beatis,
1551 672 1580 696 et
1605 666 1788 697 immediate
1812 663 1931 696 efficiet
1955 667 1988 696 in
2010 666 2058 697 eis

1087 720 1206 740 novam
1229 710 1434 750 sapientiam,
1458 709 1622 747 iustitiam,
1646 708 1812 746 laetitiam,
1837 714 1867 739 et
1891 707 1975 739 alios
1993 720 2060 740 mo-

1086 758 1139 782 tus
1169 753 1231 793 ipsi
1260 751 1460 783 conformes.
1506 751 1701 792 Quanquam
1731 757 1840 782 autem
1874 751 1960 782 beati
1994 761 2060 782 non

1087 795 1294 832 deseruntur,
1317 802 1425 826 tamen
1443 794 1536 825 Deus
1561 800 1593 826 et
1614 792 1766 835 angeluS,
1790 804 1849 825 seu
1867 793 1965 825 homo
1984 795 2061 825 bea-

1086 844 1151 875 tus,
1176 848 1241 869 non
1261 844 1336 869 sunt
1355 848 1453 869 unum
1471 837 1758 879 hyphistamenon.
1795 837 1871 868 ldeo
1890 847 1956 868 non
1976 835 2061 868 male

1086 881 1215 919 dicitur,
1238 882 1327 922 quod
1349 881 1435 912 adsit
1459 881 1507 911 eis
1530 887 1655 911 tautum
1678 880 1850 917 societate,
1875 881 1935 911 sed
1952 886 2061 911 tamen

1085 923 1356 964 inseparabiliter.

1170 966 1300 997 Tertius
1337 967 1454 998 modus
1490 975 1541 997 est
1576 966 1781 1008 praeseutia,
1822 964 1895 1000 Qua
1934 966 1965 996 iu
1998 965 2061 996 hac

1085 1008 1214 1040 mortali
1244 1011 1311 1041 vita
1340 1009 1434 1040 Deus
1463 1008 1589 1040 habitat
1618 1009 1649 1039 in
1678 1009 1819 1047 sanctis,
1854 1018 1919 1039 non
1953 1007 2062 1040 solum

1086 1062 1290 1083 conservans
1315 1053 1520 1083 substantias
1544 1062 1668 1089 eorum,
1692 1057 1723 1082 et
1747 1058 1939 1082 sustentans
1962 1051 2062 1082 vitam

1085 1095 1170 1126 hanc
1201 1094 1393 1133 animalem,
1427 1095 1487 1126 sed
1515 1095 1610 1127 etiam
1641 1094 1803 1125 inchoans
1832 1095 1864 1125 in
1895 1095 1942 1125 eis
1973 1094 2061 1125 initia

1084 1139 1172 1169 vitae
1195 1144 1363 1176 aeternae,
1388 1144 1420 1169 et
1443 1137 1620 1179 spiritualis
1644 1138 1810 1175 novitatis,
1835 1138 1923 1178 quod
1943 1136 1978 1167 fit
1995 1137 2061 1169 1108

1085 1181 1209 1212 ordine.
1255 1180 1356 1212 Filius
1379 1180 1442 1212 Dei
1465 1191 1549 1212 voce
1572 1179 1745 1222 Evangelii
1772 1180 1925 1211 accendit
1953 1181 1984 1210 in
2013 1180 2060 1211 eis

1083 1234 1204 1255 novam
1227 1223 1354 1262 lucem,
1383 1230 1415 1255 et
1439 1223 1584 1255 viviticat
1607 1233 1684 1260 eOS,
1715 1229 1748 1254 et
1776 1223 1911 1254 effundit
1940 1223 1971 1253 in
2001 1233 2060 1254 eos

1084 1266 1239 1308 Spiritum
1264 1273 1432 1305 sanctum,
1459 1273 1495 1298 ut
1524 1277 1631 1298 novos
1655 1272 1762 1297 motus
1792 1266 1853 1307 ipsi
1877 1276 2061 1308 congruen—

1085 1316 1146 1347 185,
1170 1315 1201 1341 81
1224 1308 1382 1341 laetitiam
1406 1310 1438 1340 iu
1462 1310 1510 1340 eis
1535 1310 1709 1340 exuscitet.
1743 1309 1818 1340 Nou
1838 1315 1945 1340 autem
1965 1310 2060 1340 adest

1083 1353 1115 1384 in
1144 1353 1297 1385 hac‘vita
1327 1353 1453 1384 sanctis
1484 1352 1671 1391 visibiliter,
1700 1362 1763 1383 nec
1792 1351 1919 1393 perficit
1949 1352 1981 1382 in
2012 1353 2060 1384 eis

1083 1396 1243 1437 integram
1265 1396 1463 1434 novitatem,
1494 1396 1570 1427 (lum
1601 1395 1710 1427 adhuc
1734 1405 1867 1426 carnem
1889 1394 2061 1427 mortalem

1084 1437 1326 1470 circumferunt.
1371 1439 1413 1470 Et
1437 1439 1545 1470 deseri
1567 1439 1609 1470 ad
1638 1445 1766 1479 tempus
1796 1439 1891 1469 etiam
1922 1445 2060 1469 sanctos

1083 1488 1116 1513 ct
1138 1492 1217 1513 vere
1240 1488 1375 1512 renatos
1399 1492 1418 1512 a
1440 1481 1526 1520 Deo,
1550 1488 1650 1523 atque
1673 1482 1717 1512 ita
1739 1480 1958 1522 separabilem
1982 1490 2060 1513 8558

1083 1523 1169 1556 11308
1197 1525 1417 1565 praesentiam
1447 1525 1610 1565 scriptura
1640 1523 1798 1562 affirmat,
1828 1530 1859 1554 et
1883 1524 2060 1555 tristissimi

1082 1566 1196 1609 lapsus
1228 1573 1418 1598 sanctorum
1449 1567 1638 1599 ostendunt.
1682 1566 1810 1608 Estque
1844 1566 1927 1598 haec
1962 1567 2060 1598 etiam

1081 1612 1280 1652 praeseutia,
1303 1616 1429 1641 tautum
1448 1610 1618 1641 societatis
1635 1619 1695 1641 seu
1717 1610 1974 1648 inhabitationis,
1996 1620 2060 1641 nee

1082 1659 1133 1684 est
1162 1654 1240 1685 unio
1270 1653 1482 1695 hypostatica
1512 1652 1569 1684 filii
1602 1659 1659 1684 aut
1681 1653 1822 1694 Spiritus
1851 1653 1958 1684 sancti
1987 1663 2060 1684 811111

1080 1696 1210 1727 11001108
1233 1706 1396 1727 converso
1419 1706 1479 1727 seu
1501 1701 1627 1727 renato.

1169 1738 1314 1774 Quartus
1344 1739 1441 1781 igitur
1469 1739 1588 1770 modus
1617 1748 1755 1779 prorsus
1787 1736 1966 1778 singularis
1995 1744 2059 1777 est,

1081 1792 1146 1823 quo
1171 1781 1255 1813 haec
1278 1780 1352 1813 sola
1374 1791 1518 1823 persona
1541 1781 1628 1820 λόγος
1654 1782 1793 1813 assumit
1824 1788 1946 1812 certam
1974 1791 2060 1812 mas-

1082 1835 1155 1856 sam
1179 1835 1220 1856 ex
1244 1835 1368 1867 genere
1386 1825 1541 1862 humano,
1565 1835 1630 1855 non
1654 1824 1762 1856 solum
1786 1823 2060 1865 inseparabiliter,

1082 1869 1143 1900 sed
1165 1869 1263 1899 etiam
1286 1866 1342 1899 tali
1367 1868 1504 1905 unione,
1529 1874 1563 1899 ut
1585 1868 1628 1898 sit
1649 1878 1749 1899 uuum
1772 1866 2060 1908 hyphistamenou,

1083 1911 1170 1950 λόγος
1197 1917 1230 1943 81
1256 1917 1428 1951 assumpta
1451 1917 1567 1942 natura
1598 1910 1756 1942 humana:
1791 1909 1831 1941 Et
1861 1911 1946 1941 sicut
1974 1910 2058 1942 haec

1081 1964 1226 1995 persona
1255 1954 1341 1994 λόγος
1368 1961 1503 1985 aeterua
1530 1959 1598 1992 est,
1632 1954 1679 1985 lta
1708 1960 1827 1994 postea
1856 1952 2060 1995 impo÷stbile

1082 1998 1140 2034 sit,
1167 1997 1254 2028 hanc
1276 2007 1419 2028 massam
1443 1997 1504 2038 ipsi
1527 1997 1683 2028 insertam
1705 2007 1771 2027 non
1794 1994 1891 2027 simul
1914 2006 2057 2028 manere.

1084 2040 1181 2075 Quod
1204 2041 1290 2071 enim
1314 2039 1417 2071 semel
1440 2040 1616 2080 assumpsit
1639 2046 1788 2071 naturam
1810 2039 1985 2070 humanam
2009 2040 2058 2069 λό-

1081 2095 1142 2123 γος,
1166 2093 1239 2114 8310
1262 2093 1427 2125 nunquam
1450 2083 1596 2124 deponit,
1619 2093 1726 2124 neque
1751 2082 1883 2114 deserit.

1166 2126 1364 2157 Nominatim
1388 2133 1497 2157 autem
1517 2127 1645 2164 dicitur,
1668 2126 1755 2167 quod
1780 2123 1870 2156 solus
1895 2125 1982 2164 λόγος
2005 2134 2058 2156 35-

1081 2170 1259 2210 sumpserit
1286 2177 1438 2200 naturam
1467 2169 1660 2209 humanam,
1691 2168 1775 2204 Quia
1803 2169 1880 2199 unio
1911 2179 1977 2199 non
2009 2173 2060 2199 est

1080 2212 1170 2244 facta
1192 2223 1266 2244 cum
1289 2211 1345 2243 illa
1367 2222 1529 2253 persona,
1560 2222 1645 2253 quae
1672 2218 1723 2243 est
1747 2211 1863 2249 Pater,
1894 2221 1956 2242 uec
1984 2221 2058 2242 cum

1079 2265 1225 2297 persona
1254 2254 1327 2293 illa,
1359 2265 1442 2297 quae
1467 2261 1517 2286 est
1547 2254 1686 2296 Spiritus
1715 2260 1863 2285 sanctus.
1909 2253 1977 2285 Sed
2006 2264 2058 2285 se-

1081 2299 1188 2330 cunda
1210 2308 1356 2339 persona
1380 2304 1520 2336 tantum,
1546 2308 1630 2339 quae
1653 2304 1704 2328 est
1730 2297 1824 2335 λόγος,
1849 2297 1898 2328 518
1921 2297 2058 2328 assumit

1081 2348 1229 2373 naturam
1252 2341 1444 2379 humanam,
1472 2347 1507 2373 ut
1534 2342 1577 2371 sit
1609 2351 1673 2371 nou
1702 2341 1800 2372 modo
1825 2338 2057 2381 inseparabilis

1081 2383 1258 2425 copulatio,
1280 2384 1341 2415 sed
1364 2385 1460 2415 etiam
1483 2383 1705 2426 hypostatica,
1728 2383 1759 2413 id
1783 2388 1845 2420 est,
1870 2389 1905 2413 ut
1927 2383 1970 2413 sit
1993 2392 2058 2414 una

1080 2437 1234 2469 persona.
1281 2426 1321 2458 Et
1344 2438 1530 2468 quanquam
1554 2427 1637 2465 λόγος
1666 2425 1754 2457 lucet
1782 2426 1814 2456 in
1845 2431 1912 2457 tota
1939 2432 2057 2457 natura

1079 2476 1267 2511 assumpta,
1296 2476 1327 2501 et
1349 2471 1381 2501 in
1405 2481 1443 2502 ea
1467 2470 1573 2500 omnia
1596 2470 1659 2499 iam
1683 2469 1766 2510 agit,
1797 2467 1896 2499 multa
1926 2478 2056 2510 quoque

1079 2524 1139 2554 per
1168 2523 1240 2545 eam
1263 2519 1435 2553 operatur,
1464 2514 1550 2543 sicut
1580 2521 1701 2553 corpus
1731 2518 1782 2542 est
1811 2511 1906 2542 etiam
1937 2513 2056 2542 instru-

1080 2563 1222 2588 mentum
1247 2562 1278 2587 et
1303 2567 1480 2596 organum,
1509 2556 1540 2585 in
1571 2565 1634 2596 quo
1658 2555 1725 2596 agit
1752 2554 1878 2592 anima,
1907 2561 1939 2586 et
1963 2555 2056 2586 cuius

1079 2599 1260 2631 ministeiio
1290 2599 1391 2630 multa
1421 2609 1522 2639 opera
1553 2608 1613 2629 sua
1643 2598 1750 2628 anima
1780 2595 1897 2629 efficit:
1932 2597 2055 2628 Tamen

1852 2658 1867 2681 9
