2324 2958
169 153 230 185 851
827 152 937 185 PHlL.
961 153 1063 185 MEL.
1083 154 1268 187 SCRIPTA
1293 154 1556 187 EXEGEthA.
2111 159 2176 192 852

170 257 236 279 non
259 246 443 279 habuerunt
467 256 566 278 veras
590 244 844 279 consolationes.
892 248 959 279 Sed
983 249 1036 279 ubi
1060 248 1146 280 exci-
1169 257 1172 285 ρ
1196 246 1403 279 vocabulum.

169 296 239 322 tata
262 297 311 321 est
347 288 480 321 flamma
514 299 613 320 verae
646 289 830 330 doctrinae,
865 290 1016 322 homines
1043 301 1145 333 agno·
1169 310 1172 340 Ι

169 340 301 364 scentes
325 332 388 363 iam
410 342 524 364 verum
546 331 672 370 Deum,
706 334 918 374 experiuntur
946 343 1045 364 veras
1068 343 1147 365 con-

169 374 363 412 solationeS,
385 385 464 406 vere
487 375 657 412 invocant,
679 381 712 406 et
733 376 847 407 vivunt
874 377 906 407 in
929 374 1002 407 luce
1025 376 1145 407 divina.

255 417 353 449 Mons
376 417 451 455 Dei,
473 417 504 448 id
529 423 592 455 est,
615 418 762 460 grandis.
808 418 906 449 Mons
979 422 1146 458 aet-uptus,

169 470 255 492 mons
277 461 486 501 coayttlatus,
517 461 547 491 id
572 468 641 498 est,
675 461 850 493 abundans
874 471 913 492 co
941 461 1025 492 ibus.
1070 460 1096 491 E
1122 461 1146 491 i-

168 502 332 546 phonema
354 510 405 534 est
429 503 471 536 de
493 502 660 541 Ecclesia,
682 510 713 535 et
737 503 928 546 gratulatio,
951 513 1015 545 qua
1029 502 1098 535 Ecc
1113 513 1144 534 e-

168 547 238 578 siae
259 544 443 588 gratulatur
465 547 764 578 conservationem.
788 546 942 578 Ecclesia
965 547 1025 577 erit
1048 555 1145 577 mons

167 590 304 632 grandis
339 595 371 620 et
405 589 553 631 pinguis:
587 587 761 631 colligetur
784 599 825 621 ex
848 595 916 620 toto
941 598 1063 629 genere
1086 588 1144 620 hu-

167 642 278 669 mano,
300 632 361 663 erit
382 633 520 664 invicta:
539 630 672 664 Diaboli
695 642 761 663 non
785 638 934 663 evertent
956 641 1039 662 eam.

259 674 302 706 st
324 675 402 715 qnid
424 675 635 716 suspicamini
648 679 767 706 mames
777 674 989 716 coagulatos?
1034 674 1145 712 Mons,

166 719 201 749 t'n
222 728 285 759 quo
314 717 546 759 beneplacitum
568 722 615 749 est
641 717 722 756 Deo,
757 718 906 749 habitare
928 718 961 747 ίπ
982 727 1028 747 eo.
1076 717 1143 749 Do-

165 763 269 793 minus
290 759 447 793 habitabit
469 762 503 792 in
523 761 622 803 finem.
628 765 636 799 j
682 760 755 792 Hoc
766 759 836 791 vult
853 761 974 797 dicere,
998 769 1060 791 vos
1084 759 1143 791 lm-

165 804 257 846 peria
279 813 383 846 quare
412 803 510 836 vultis
539 810 692 835 evertere
717 802 926 835 Ecclesiam?
969 801 1018 834 Tu
1041 802 1143 843 Impe-

166 846 280 878 rator?
301 852 336 878 tu
359 846 491 879 Turea‘?
513 854 549 879 tu
567 845 679 887 Papa?
723 845 767 877 Ut
789 847 852 877 iam
875 845 974 877 Turci
997 846 1144 888 cogitant

165 899 204 921 se
238 889 408 922 deleturus
442 896 544 922 totum
573 890 687 920 orbem
715 888 956 924 Christianum;
991 887 1083 930 Papa
1104 898 1143 920 se

165 931 349 964 deleturum
373 943 488 965 omnes
501 931 725 974 Evangelicas
743 930 925 964 Ecclesias.
971 931 1065 963 Facit
1085 941 1142 963 an·

165 975 300 1007 tithesin
326 975 538 1017 imperim-tun
567 981 600 1007 et
626 973 809 1006 Ecclesiae.
855 974 954 1006 Mons
976 974 1144 1017 signifieat

166 1019 286 1050 usitate
309 1017 495 1060 Imperium,
519 1019 570 1049 ein
593 1018 766 1059 Reyiment.
790 1017 942 1050 Debebat
965 1026 1058 1049 esse:
1083 1028 1143 1049 cur

165 1061 356 1102 suspicitis?
379 1072 439 1093 cur
460 1061 686 1093 admiramini?
709 1071 768 1092 cur
779 1060 993 1092 accendimini
1012 1061 1088 1092 odio
1111 1066 1144 1092 et
1165 1077 1170 1088 ·

165 1104 416 1147 indignatione?
450 1115 509 1136 cur
543 1104 659 1136 odistis
682 1103 870 1136 Ecclesiam
893 1110 925 1135 et
947 1101 1047 1135 vultis
1070 1113 1143 1135 eam

165 1145 300 1180 delere?
367 1146 530 1190 Congruit
565 1157 639 1179 eum
667 1147 803 1179 exordio
837 1145 961 1177 Psalmi
989 1147 1144 1178 secundi:

167 1189 280 1229 Quare
299 1192 503 1230 hemum-unt
530 1194 653 1232 yemes,
681 1195 714 1221 ec
739 1193 951 1221 convenerunt
975 1190 1007 1220 in
1031 1189 1145 1221 unum?

165 1231 278 1275 Reges
301 1234 493 1274 conspirant
515 1233 679 1265 adversus
690 1231 892 1265 Ecclesiam:
914 1233 976 1263 sed
998 1238 1050 1264 est
1074 1231 1145 1264 dul·

166 1275 215 1307 cis
228 1275 406 1316 descriptio
419 1274 603 1313 Ecclesiae,
627 1275 715 1317 quod
729 1276 771 1306 sit
782 1285 890 1313 monS,
912 1275 945 1306 in
964 1285 1030 1316 quo
1050 1274 1145 1307 Deus

165 1318 300 1350 habitet.
347 1318 571 1360 significatur,
595 1318 684 1360 quod
696 1317 851 1350 Ecclesia
874 1318 917 1349 sit
941 1324 1056 1349 coetus
1079 1328 1144 1349 am-

166 1359 379 1403 plectentium
402 1360 636 1403 Evangelium,
667 1361 699 1391 in
724 1371 788 1402 quo
813 1358 913 1392 Filius
938 1367 987 1391 est
1013 1358 1145 1399 efficax,

167 1411 197 1435 et
223 1404 346 1436 habitet
369 1404 424 1435 ibi.

534 1569 751 1620 Q'uomodo
761 1570 778 1610 ’ζ

254 1661 347 1693 Voce
382 1660 566 1704 Evangelii,
600 1667 632 1692 et
651 1661 774 1702 Spiritu
798 1668 928 1699 sancto,
963 1662 1059 1692 adest
1082 1660 1145 1692 ibi:
1168 1625 1173 1704 i

166 1703 351 1736 sanctificat
387 1704 561 1736 credentes
595 1703 793 1746 Evangelio,
829 1704 989 1736 defendit:
1013 1703 1053 1735 Et
1075 1704 1145 1745 qui-

167 1748 253 1785 dem,
276 1748 309 1778 iu
330 1749 434 1788 finem,
456 1748 487 1778 id
512 1754 575 1782 est,
599 1747 629 1778 in
654 1754 723 1778 tota
736 1747 941 1779 aeternitate.
987 1747 1146 1789 Loquitur

167 1791 209 1822 de
232 1789 385 1821 Ecclesia
408 1791 440 1821 in
465 1791 528 1822 hac
553 1791 628 1826 vita,
652 1796 683 1821 et
706 1797 783 1831 post
807 1790 893 1823 hanc
911 1791 1021 1822 vitam.
1068 1790 1145 1822 lnde

167 1834 328 1875 sequitur,
353 1834 442 1875 quod
465 1834 609 1865 manebit
631 1832 794 1867 Ecclesia,
818 1844 882 1865 non
906 1833 1080 1865 delebitur.

254 1876 381 1907 Currus
408 1876 471 1907 Dm?
491 1877 595 1907 decem
611 1877 749 1908 millibus
761 1878 937 1918 multipler,
960 1877 1058 1908 millia
1081 1878 1146 1908 Iae—
1171 1873 1174 1912 ι’
1198 1876 1375 1908 inveniunt.

1172 1915 1304 1962 {Etiam
1340 1918 1507 1950 Lucianus
1542 1919 1590 1949 sic
1625 1917 1717 1949 ludit.
1753 1918 1841 1959 quod
1883 1918 1946 1948 sint
1982 1917 2124 1950 cancelli
2147 1919 2179 1949 in

829 1964 897 1994 rius
927 1963 1023 1994 dixit:
1058 1963 1148 1994 Deus
1171 1975 1174 1992 ι
1200 1960 1307 2000 coelo,
1342 1969 1373 1993 et
1408 1962 1540 2003 quando
1566 1959 1650 1993 sorte
1675 1962 1761 1992 venit
1787 1960 1909 2002 iupiter
1933 1961 1974 1992 ad
1999 1959 2180 1999 cancellos,

167 1921 301 1950 ttmtt'um
326 1919 483 1950 Dominus
506 1921 537 1949 in
561 1921 606 1950 eis
629 1923 661 1950 [u.
684 1920 789 1957 Sinni,
812 1921 843 1950 1‘11
868 1921 1006 1956 Sancto,
1037 1929 1146 1951 ascen-

166 1963 247 1994 disti
267 1964 298 1993 ίπ
324 1964 447 2002 numm]
515 1962 659 2004 Repetit,
695 1964 782 2004 quod

1453 249 1619 280 Ascendit:
1655 249 1742 291 Eryo
1775 251 1869 291 pn'us
1892 251 2065 282 dest-emm.
2111 251 2176 283 Re-

1196 290 1357 331 spondeo.
1402 289 1480 322 Ideo
1502 290 1568 322 hoc
1590 297 1643 323 est
1664 293 1820 333 positum,
1858 298 1893 324 ut
1915 293 2060 325 sciamus
2083 294 2176 335 prius

1196 341 1273 364 esse
1295 331 1499 365 humiliatum
1522 333 1650 373 Filium,
1672 339 1705 366 et
1727 340 1847 376 postea
1870 334 2089 379 glorificatum
2112 337 2175 368 sic-

1196 381 1232 407 ut
1250 376 1368 417 inquit:
1392 374 1551 418 Glorifica
1573 387 1621 408 me
1640 378 1761 419 ylma,
1784 388 1878 419 quam
1900 379 2001 411 halma·
2020 379 2111 420 apud
2134 384 2175 418 te,

1196 422 1272 449 ante
1293 419 1383 450 iacta
1401 417 1616 458 fundamenta
1637 421 1756 452 mundi.
1802 420 1964 464 Cogitate,
1987 428 2111 464 quanta
2133 423 2176 454 sit

1196 461 1261 492 ista
1293 459 1443 501 altitudo,
1477 463 1565 504 quod
1599 461 1655 494 ille
1688 461 1804 501 Filius,
1838 465 1892 506 qui
1923 473 1975 497 est
2009 463 2101 496 Deus
2125 472 2175 497 est

1196 503 1314 542 Homo,
1336 511 1454 547 regnat
1475 515 1550 537 cum
1572 512 1710 537 aeterno
1734 506 1845 544 Patre,
1867 514 1900 539 et
1912 505 2099 539 collocatur
2121 517 2176 540 su·

1195 556 1256 587 per
1290 557 1406 579 omnes
1438 547 1591 590 angelos.
1658 547 1720 580 Illa
1754 559 1816 581 nos
1841 549 2008 582 discemus
2031 550 2064 581 in
2087 551 2175 582 omni

1196 589 1402 622 aeternitate.
1446 590 1626 624 Discamus
1650 601 1733 634 ergo
1755 592 1845 623 initia
1874 591 1931 624 illa
1953 592 2017 625 fide
2041 600 2073 624 et
2097 594 2176 635 peti-

1195 633 1286 664 tione
1309 631 1429 664 auxilii.
1475 633 1672 666 Invocemus
1685 635 1774 666 hunc
1792 633 1984 674 Dominum,
2007 641 2038 667 et
2061 644 2175 678 spere·

1195 685 1269 707 mus
1292 685 1332 707 ac
1354 682 1586 718 exspectemus
1608 675 1783 716 auxilium,
1816 677 1999 710 habeamus
2023 679 2176 711 consola-

1194 719 1329 757 tionem,
1353 725 1384 750 et
1407 719 1611 760 experiemur
1631 719 1690 752 illa
1713 729 1792 752 vera
1814 730 1903 753 csse.

1271 926 1379 976 Quid
1413 934 1491 966 est:
1525 933 1696 973 Captivum
1730 934 1825 965 ‹itt-tit
1850 936 2091 975 captivitatem?
2121 965 2132 974 ,

1284 1060 1317 1092 ld
1342 1067 1404 1098 est,
1428 1060 1478 1092 Tu
1500 1070 1580 1092 vere
1603 1069 1641 1092 es
1666 1061 1773 1092 victor
1796 1068 1829 1093 et
1851 1062 2081 1104 triumphator.
2115 1065 2176 1095 Su·

1195 1104 1319 1135 sttdficti
1338 1103 1584 1144 captivitatem]
1607 1104 1640 1134 id
1664 1110 1728 1141 est,
1751 1102 1828 1136 illas
1850 1113 1922 1143 res,
1953 1114 2038 1147 quae
2074 1106 2176 1147 capti—

1196 1157 1258 1178 vos
1281 1156 1344 1178 nos
1367 1147 1536 1178 tenebant.
1567 1145 1738 1178 Sustulisti
1761 1153 1947 1188 peccatum,
1971 1153 2005 1179 et
2026 1154 2178 1186 mortem,

1196 1190 1384 1232 repressisti
1418 1187 1609 1227 Diabolum,
1638 1190 1728 1220 iuxta
1761 1191 2032 1231 promissionem:
2066 1190 2177 1222 Semen

1195 1233 1339 1264 rmdieris
1361 1232 1559 1263 conculcabit
1577 1237 1677 1273 caput
1698 1234 1867 1273 serpentis.

1282 1275 1350 1304 Dat
1373 1275 1456 1304 {Iona
1478 1274 1673 1313 hominibus-fl
1720 1274 1755 1306 ln
1779 1274 1932 1307 Hebraeo
1957 1283 2024 1307 est:
2059 1278 2179 1315 accipit

1196 1319 1283 1347 dona
1304 1319 1347 1351 ιἠ,
1367 1316 1432 1355 vel,
1453 1327 1513 1356 pro
1535 1317 1715 1347 homnibus.
1762 1316 1888 1349 Paulus
1912 1318 2063 1360 exponit:
2087 1318 2179 1348 Dm

1196 1361 1281 1390 dona
1304 1359 1489 1390 horruinibus:
1509 1360 1569 1391 sed
1592 1360 1677 1391 idem
1700 1366 1762 1397 est,
1786 1361 1864 1402 quia
1886 1359 1990 1392 Filius
2007 1360 2070 1392 Dei
2092 1362 2179 1393 acci-

1195 1403 1242 1445 pit
1264 1403 1351 1433 dona
1374 1403 1416 1434 ab
1440 1408 1577 1433 aeterno
1601 1402 1710 1441 Patre,
1732 1403 1840 1434 danda
1863 1403 2062 1434 hominibus.
2091 1402 2180 1435 Con-

1197 1446 1344 1477 sentiunt
1366 1446 1430 1477 ista
1453 1445 1539 1476 inter
1563 1455 1600 1476 se
1624 1452 1789 1488 tamquam
1815 1444 2023 1479 correlativa.
2075 1444 2180 1478 Filius

1197 1488 1261 1520 Dei
1285 1489 1433 1520 ascendit
1460 1497 1526 1519 non
1549 1495 1585 1519 ut
1607 1488 1651 1520 ibi
1675 1489 1718 1519 nit
1744 1488 1885 1526 otiosus,
1908 1494 1941 1520 et
1958 1486 2087 1520 frua’tur
2108 1489 2180 1520 suis

1197 1530 1442 1573 voluptatibus,
1476 1540 1542 1562 nou
1576 1538 1670 1562 curet
1698 1540 1779 1568 nos;
1813 1531 1873 1562 sed
1897 1531 2001 1573 ipsius
2025 1541 2178 1574 regnare,

1199 1581 1250 1606 est
1274 1584 1337 1606 nos
1361 1584 1491 1606 curare.
1537 1574 1610 1605 Nos
1634 1575 1819 1616 cogitemus
1842 1579 1875 1606 et
1898 1573 1985 1606 hanc
2008 1573 2178 1606 correlati-

1199 1627 1290 1649 vam:
1316 1617 1416 1647 filins
1430 1617 1491 1647 Dei
1514 1617 1572 1646 dat
1595 1617 1680 1647 donn
1702 1616 1889 1647 bomim'bus:
1914 1615 2001 1655 Ergo
2024 1621 2070 1647 est
2093 1619 2178 1647 ι’κοο·

1199 1660 1327 1691 candus.

1284 1703 1359 1735 Non
1383 1704 1609 1746 imaginemur,
1632 1704 1721 1745 quod
1742 1703 1785 1734 ibi
1799 1703 1926 1741 sedeat,
1945 1709 2000 1734 aut
2022 1704 2179 1735 obambu-

1169 1709 1173 1787 i
1197 1746 1254 1785 let,
1277 1747 1363 1778 sicut
1387 1746 1549 1778 Homerus
1574 1747 1666 1788 tingit
1688 1745 1781 1777 Deos
1803 1746 1906 1776 iw'sse
1928 1746 1969 1777 ad
1983 1745 2178 1787 Aethiopas.

1199 1789 1360 1822 Homines
1385 1788 1578 1821 naturaliter
1600 1790 1643 1820 ita
1668 1789 1834 1831 cogitant:
1859 1788 2029 1820 Humanae
2051 1795 2180 1820 mentes

1170 1843 1173 1870 ¹,
1198 1833 1385 1876 ascendunt
1408 1832 1440 1863 in
1464 1831 1606 1870 coelum,
1630 1838 1661 1863 et
1685 1838 1847 1873 quaerunt
1877 1830 2001 1869 Deum,
2029 1831 2090 1863 sed
2113 1841 2179 1864 non

1442 1874 1537 1906 Hanc
1578 1875 1814 1906 dubitationem
1857 1875 1958 1916 pingit
2003 1874 2179 1907 Homerus.

167 2006 331 2037 deses-ndi!
355 2006 386 2036 in
413 2006 550 2037 Arabos.
585 2005 625 2036 Et
649 2016 766 2037 rursus
789 2016 809 2037 a
826 2004 905 2037 ludit
928 2007 968 2037 ad
993 2016 1147 2048 pompam
1172 2000 1175 2033 l
1201 2005 1277 2036 dicit
1301 2005 1447 2036 exaudiri
1472 2004 1623 2035 homines
1636 2010 1782 2041 oranteS,
1807 2004 1866 2035 sed
1890 2014 1956 2035 non
1980 2004 2086 2036 audiri
2110 2014 2181 2042 eos,

167 2047 409 2090 triumphalem,
433 2049 474 2079 ad
498 2059 593 2090 quem
619 2049 685 2079 dixi
707 2054 816 2086 antea,
847 2047 983 2080 Paulum
1015 2059 1147 2090 (tuoque
1172 2057 1175 2081 1
1201 2057 1275 2079 cum
1299 2047 1365 2079 alio
1385 2055 1532 2089 tempore
1556 2048 1723 2079 invocant.

167 2091 329 2125 alludere.
352 2092 405 2133 qui
426 2092 508 2123 haec
531 2093 631 2123 verba
657 2093 734 2122 citat
757 2090 879 2132 Ephes.
899 2093 929 2123 4.
954 2098 986 2123 et
1009 2092 1084 2123 inde
1097 2102 1148 2123 ar·
1172 2090 1175 2123 ἶ

168 2141 392 2177 gutnentatur:
417 2134 507 2177 Ergo
531 2135 624 2177 prius
646 2141 696 2165 est
712 2133 910 2172 humiliatus,
933 2135 1052 2166 deinde
1075 2133 1147 2176 glo·
1171 2129 1175 2162 ἶ

396 2177 558 2209 Curruum
583 2178 703 2209 mentio
727 2179 864 2219 pertinet
899 2179 940 2209 ad
974 2176 1147 2210 Ecclesiae
1172 2194 1175 2215 ¹.
1200 2178 1302 2208 tristis
1337 2177 1507 2209 dubitatio.
1543 2176 1619 2207 hnic
1642 2183 1768 2217 oportet
1794 2187 1855 2208 nos
1880 2177 2035 2207 resistere
2059 2183 2090 2207 et
2114 2184 2180 2208 sta-

169 2178 325 2209 rificatus.

168 2222 436 2263 descriptionem,
448 2231 547 2263 quam
560 2221 661 2262 pinxit
674 2221 920 2261 comparatione
934 2232 1007 2253 runi
1021 2227 1147 2254 monte}

1770 2047 1853 2079 Sunt
1878 2047 2097 2089 cogitationes
2120 2047 2179 2079 ho-

1200 2091 1320 2122 minum
1356 2091 1572 2122 deridentium
1609 2091 1850 2121 invocationem
1887 2097 2052 2132 tamquam
2081 2091 2181 2122 inane

1200 2144 1354 2165 murmur.
1423 2133 1456 2164 ln
1492 2134 1633 2164 oninium
1670 2132 1835 2164 lit-minum
1871 2133 2028 2164 cordibus
2051 2140 2101 2164 est
2124 2132 2180 2165 illa

1202 2227 1304 2258 tuere,
1328 2221 1414 2262 quod
1440 2229 1518 2251 vvre
1543 2220 1777 2255 exaudiamur,
1811 2220 1900 2261 quod
1923 2219 2078 2251 Christus
2101 2230 2180 2251 con-

170 2263 322 2296 Ecclesia
346 2271 395 2295 est
421 2265 518 2295 sedes
532 2263 654 2295 Christi
680 2265 770 2306 regis
793 2269 825 2295 et
848 2265 1044 2296 sacerdotis.
1073 2263 1147 2295 Non
1172 2259 1175 2309 ἱ
1200 2264 1333 2295 stitutus
1357 2264 1397 2294 sit
1423 2263 1595 2301 Mediator,
1618 2269 1651 2294 ut
1677 2264 1817 2305 gemitus
1841 2269 1988 2296 nostros.
2011 2268 2042 2294 et
2065 2269 2182 2295 nostra

169 2308 298 2339 debetis
318 2309 361 2339 ita
385 2309 485 2339 rudes
509 2317 603 2344 esso,
633 2314 667 2338 ut
691 2317 757 2339 non
782 2308 936 2349 cogitetis
959 2308 991 2338 in
1015 2316 1147 2347 poema·
1172 2319 1175 2334 ι
1201 2313 1277 2337 voto
1302 2307 1473 2338 verissime
1496 2306 1639 2347 perferat
1664 2307 1704 2338 ad
1731 2304 1870 2337 Patrem.

170 2351 211 2381 tis
235 2349 338 2382 multa
360 2360 437 2382 esse
459 2350 695 2391 metaphorica.
741 2350 809 2381 Sed
832 2350 873 2382 ad
892 2351 1146 2391 descriptionem

169 2392 315 2426 Messiae
339 2394 491 2435 pertinet,
516 2394 604 2435 quod
629 2394 670 2425 de
692 2394 889 2426 assensione
911 2394 1039 2425 dicitur.

255 2437 398 2469 Contra:

303 2496 389 2528 Deus
411 2508 535 2538 xmnpm·
558 2502 604 2528 est
628 2499 659 2527 t'n
683 2498 766 2529 alen.-

304 2540 388 2581 l-Iryo
412 2551 471 2572 non
491 2541 646 2572 ascendit.

259 2607 329 2639 Hoc
353 2610 461 2640 obiicit
487 2607 611 2641 Paulus
634 2609 675 2640 ad
701 2608 885 2650 Ephesios,
911 2616 941 2640 et
967 2616 1060 2652 urget
1086 2609 1148 2640 hoc
1173 2596 1176 2604 ⁴

1939 2304 1997 2336 Est
2022 2316 2042 2337 ο
2067 2306 2180 2338 timum

1200 2356 1429 2391 argumentum
1458 2360 1497 2381 ex
1527 2356 1646 2381 natura
1676 2347 1961 2381 correlativornm.
2044 2358 2101 2388 pn
2122 2348 2180 2378 dat

1172 2393 1176 2435 ι
1201 2394 1302 2422 donn*
1332 2392 1419 2432 Eryo
1448 2392 1501 2422 ille
1533 2392 1682 2422 Dum-‘mas
1711 2396 1756 2422 ut
1785 2392 1978 2422 invocandus
2038 2390 2179 2421 Potenti·

1173 2444 1175 2481 ξ
1201 2441 1270 2465 ncne
1294 2436 1331 2464 ab
1355 2447 1390 2464 m
1414 2436 1507 2466 dona.

2299 1998 2317 2075 ..θα
2303 1983 2309 1992 “
2303 1932 2316 1978 „8⁷-
