<?xml version="1.0" encoding="UTF-8"?>
<!DOCTYPE html PUBLIC "-//W3C//DTD XHTML 1.0 Transitional//EN"
    "http://www.w3.org/TR/xhtml1/DTD/xhtml1-transitional.dtd">
<html xmlns="http://www.w3.org/1999/xhtml" xml:lang="en" lang="en">
 <head>
  <title>
</title>
<meta http-equiv="Content-Type" content="text/html;charset=utf-8" />
  <meta name='ocr-system' content='tesseract 3.04.00' />
  <meta name='ocr-capabilities' content='ocr_page ocr_carea ocr_par ocr_line ocrx_word'/>
</head>
<body>
  <div class='ocr_page' id='page_1' title='image "./operaquaesupersu24melauoft/operaquaesupersu24melauoft_0458.png"; bbox 0 0 2324 2958; ppageno 0'>
   <div class='ocr_carea' id='block_1_1' title="bbox 129 153 194 187">
    <p class='ocr_par' dir='ltr' id='par_1_1' title="bbox 129 153 194 187">
     <span class='ocr_line' id='line_1_1' title="bbox 129 153 194 187; baseline -0.031 0"><span class='ocrx_word' id='word_1_1' title='bbox 129 153 194 187; x_wconf 79' lang='lat'><strong>863</strong></span> 
     </span>
    </p>
   </div>
   <div class='ocr_carea' id='block_1_2' title="bbox 131 249 1139 306">
    <p class='ocr_par' dir='ltr' id='par_1_2' title="bbox 131 249 1139 306">
     <span class='ocr_line' id='line_1_2' title="bbox 131 249 1139 306; baseline -0.002 -14"><span class='ocrx_word' id='word_1_2' title='bbox 131 250 239 303; x_wconf 84' lang='lat' dir='ltr'><strong>Quid</strong></span> <span class='ocrx_word' id='word_1_3' title='bbox 284 250 484 306; x_wconf 84' lang='lat' dir='ltr'><strong>significat</strong></span> <span class='ocrx_word' id='word_1_4' title='bbox 529 250 630 291; x_wconf 87' lang='lat' dir='ltr'><strong>haec</strong></span> <span class='ocrx_word' id='word_1_5' title='bbox 682 263 766 290; x_wconf 84' lang='lat' dir='ltr'><strong>vox</strong></span> <span class='ocrx_word' id='word_1_6' title='bbox 810 249 852 291; x_wconf 90' lang='lat' dir='ltr'><strong>in</strong></span> <span class='ocrx_word' id='word_1_7' title='bbox 889 249 954 290; x_wconf 85' lang='lat' dir='ltr'><strong>illo</strong></span> <span class='ocrx_word' id='word_1_8' title='bbox 999 250 1139 290; x_wconf 69' lang='lat' dir='ltr'><strong>dicto«</strong></span> 
     </span>
    </p>
   </div>
   <div class='ocr_carea' id='block_1_3' title="bbox 1132 288 1629 320">
    <p class='ocr_par' dir='ltr' id='par_1_3' title="bbox 1132 288 1629 320">
     <span class='ocr_line' id='line_1_3' title="bbox 1132 288 1629 320; baseline -0.004 0"><span class='ocrx_word' id='word_1_9' title='bbox 1132 291 1137 311; x_wconf 58' lang='grc' dir='ltr'><strong><em>θ</em></strong></span> <span class='ocrx_word' id='word_1_10' title='bbox 1161 289 1304 320; x_wconf 85' lang='lat' dir='ltr'><strong>ctionem</strong></span> <span class='ocrx_word' id='word_1_11' title='bbox 1327 289 1360 319; x_wconf 91' lang='lat' dir='ltr'><strong>in</strong></span> <span class='ocrx_word' id='word_1_12' title='bbox 1382 288 1480 319; x_wconf 89' lang='lat' dir='ltr'><strong>nobis</strong></span> <span class='ocrx_word' id='word_1_13' title='bbox 1503 288 1629 320; x_wconf 75' lang='lat' dir='ltr'><strong>attinet.</strong></span> 
     </span>
    </p>
   </div>
   <div class='ocr_carea' id='block_1_4' title="bbox 766 150 1502 185">
    <p class='ocr_par' dir='ltr' id='par_1_4' title="bbox 766 150 1502 185">
     <span class='ocr_line' id='line_1_4' title="bbox 766 150 1502 185; baseline -0.001 -2"><span class='ocrx_word' id='word_1_14' title='bbox 766 151 877 184; x_wconf 84' lang='lat' dir='ltr'><strong>PHlL.</strong></span> <span class='ocrx_word' id='word_1_15' title='bbox 899 151 1005 184; x_wconf 78' lang='lat' dir='ltr'><strong>MEL.</strong></span> <span class='ocrx_word' id='word_1_16' title='bbox 1028 150 1215 185; x_wconf 75' lang='lat' dir='ltr'>SCRIPTA</span> <span class='ocrx_word' id='word_1_17' title='bbox 1238 150 1502 184; x_wconf 77' lang='lat' dir='ltr'><strong>EXEGETICA.</strong></span> 
     </span>
    </p>
   </div>
   <div class='ocr_carea' id='block_1_5' title="bbox 2073 152 2139 186">
    <p class='ocr_par' dir='ltr' id='par_1_5' title="bbox 2073 152 2139 186">
     <span class='ocr_line' id='line_1_5' title="bbox 2073 152 2139 186; baseline 0 0"><span class='ocrx_word' id='word_1_18' title='bbox 2073 152 2139 186; x_wconf 74' lang='lat'><strong>864</strong></span> 
     </span>
    </p>
   </div>
   <div class='ocr_carea' id='block_1_6' title="bbox 1249 243 2139 321">
    <p class='ocr_par' dir='ltr' id='par_1_6' title="bbox 1249 243 2139 321">
     <span class='ocr_line' id='line_1_6' title="bbox 1249 243 2139 287; baseline 0.001 -10"><span class='ocrx_word' id='word_1_19' title='bbox 1249 245 1393 286; x_wconf 77' lang='lat' dir='ltr'><strong>Spiritus</strong></span> <span class='ocrx_word' id='word_1_20' title='bbox 1416 250 1553 276; x_wconf 82' lang='lat' dir='ltr'><strong>sanctus</strong></span> <span class='ocrx_word' id='word_1_21' title='bbox 1576 251 1629 276; x_wconf 82' lang='lat' dir='ltr'><strong>est</strong></span> <span class='ocrx_word' id='word_1_22' title='bbox 1648 243 1856 286; x_wconf 81' lang='lat' dir='ltr'><strong>paracletus,</strong></span> <span class='ocrx_word' id='word_1_23' title='bbox 1884 245 1972 287; x_wconf 85' lang='lat' dir='ltr'><strong>quod</strong></span> <span class='ocrx_word' id='word_1_24' title='bbox 1996 246 2040 277; x_wconf 82' lang='lat' dir='ltr'><strong>ad</strong></span> <span class='ocrx_word' id='word_1_25' title='bbox 2063 245 2139 278; x_wconf 78' lang='lat' dir='ltr'><strong>effe·</strong></span> 
     </span>
     <span class='ocr_line' id='line_1_7' title="bbox 1682 287 2138 321; baseline 0.007 -3"><span class='ocrx_word' id='word_1_26' title='bbox 1682 287 1755 319; x_wconf 82' lang='lat' dir='ltr'><strong>Ciet</strong></span> <span class='ocrx_word' id='word_1_27' title='bbox 1777 288 1864 319; x_wconf 88' lang='lat' dir='ltr'><strong>euim</strong></span> <span class='ocrx_word' id='word_1_28' title='bbox 1893 289 1926 320; x_wconf 92' lang='lat' dir='ltr'><strong>in</strong></span> <span class='ocrx_word' id='word_1_29' title='bbox 1949 289 2046 320; x_wconf 87' lang='lat' dir='ltr'><strong>nobis</strong></span> <span class='ocrx_word' id='word_1_30' title='bbox 2069 298 2138 321; x_wconf 89' lang='lat' dir='ltr'><strong>mo-</strong></span> 
     </span>
    </p>
   </div>
   <div class='ocr_carea' id='block_1_7' title="bbox 83 328 2138 374">
    <p class='ocr_par' dir='ltr' id='par_1_7' title="bbox 83 328 2138 374">
     <span class='ocr_line' id='line_1_8' title="bbox 83 328 2138 374; baseline 0 -11"><span class='ocrx_word' id='word_1_31' title='bbox 83 351 92 363; x_wconf 83' lang='lat'><strong>.</strong></span> <span class='ocrx_word' id='word_1_32' title='bbox 127 328 294 370; x_wconf 76' lang='lat' dir='ltr'><strong>Psalmi:</strong></span> <span class='ocrx_word' id='word_1_33' title='bbox 340 333 496 366; x_wconf 65' lang='lat' dir='ltr'><strong>Tem-ibib·</strong></span> <span class='ocrx_word' id='word_1_34' title='bbox 515 338 546 365; x_wconf 75' lang='lat' dir='ltr'><strong>et</strong></span> <span class='ocrx_word' id='word_1_35' title='bbox 565 333 705 374; x_wconf 71' lang='lat' dir='ltr'><strong>potenti,</strong></span> <span class='ocrx_word' id='word_1_36' title='bbox 739 333 797 374; x_wconf 72' lang='grc' dir='ltr'><strong>φη·</strong></span> <span class='ocrx_word' id='word_1_37' title='bbox 816 330 927 373; x_wconf 68' lang='lat' dir='ltr'><strong>aufert</strong></span> <span class='ocrx_word' id='word_1_38' title='bbox 949 331 1109 374; x_wconf 75' lang='lat' dir='ltr'><strong>sz&#39;n&#39;ttmt</strong></span> <span class='ocrx_word' id='word_1_39' title='bbox 1161 337 1233 368; x_wconf 89' lang='lat' dir='ltr'><strong>tus;</strong></span> <span class='ocrx_word' id='word_1_40' title='bbox 1254 336 1290 362; x_wconf 89' lang='lat' dir='ltr'><strong>ut</strong></span> <span class='ocrx_word' id='word_1_41' title='bbox 1311 331 1514 372; x_wconf 80' lang='lat' dir='ltr'><strong>accipiamus</strong></span> <span class='ocrx_word' id='word_1_42' title='bbox 1537 330 1701 362; x_wconf 85' lang='lat' dir='ltr'><strong>beneficia</strong></span> <span class='ocrx_word' id='word_1_43' title='bbox 1723 328 1808 362; x_wconf 85' lang='lat' dir='ltr'><strong>Filii.</strong></span> <span class='ocrx_word' id='word_1_44' title='bbox 1838 331 1934 370; x_wconf 90' lang='lat' dir='ltr'><strong>item,</strong></span> <span class='ocrx_word' id='word_1_45' title='bbox 1962 332 2053 363; x_wconf 82' lang='lat' dir='ltr'><strong>iuvat</strong></span> <span class='ocrx_word' id='word_1_46' title='bbox 2073 341 2138 363; x_wconf 89' lang='lat' dir='ltr'><strong>nos</strong></span> 
     </span>
    </p>
   </div>
   <div class='ocr_carea' id='block_1_8' title="bbox 510 400 730 443">
    <p class='ocr_par' dir='ltr' id='par_1_8' title="bbox 510 400 730 443">
     <span class='ocr_line' id='line_1_9' title="bbox 510 400 730 443; baseline -0.005 -10"><span class='ocrx_word' id='word_1_47' title='bbox 510 400 699 443; x_wconf 71' lang='lat' dir='ltr'><strong>Principum</strong></span> <span class='ocrx_word' id='word_1_48' title='bbox 714 401 730 432; x_wconf 69' lang='lat'><strong><em>2</em></strong></span> 
     </span>
    </p>
   </div>
   <div class='ocr_carea' id='block_1_9' title="bbox 125 494 1107 753">
    <p class='ocr_par' dir='ltr' id='par_1_9' title="bbox 125 494 1107 753">
     <span class='ocr_line' id='line_1_10' title="bbox 213 494 1106 538; baseline -0.006 -10"><span class='ocrx_word' id='word_1_49' title='bbox 213 495 357 538; x_wconf 80' lang='lat' dir='ltr'><strong>Spiritus</strong></span> <span class='ocrx_word' id='word_1_50' title='bbox 396 496 451 528; x_wconf 92' lang='lat' dir='ltr'><strong>hic</strong></span> <span class='ocrx_word' id='word_1_51' title='bbox 489 494 655 537; x_wconf 82' lang='lat' dir='ltr'><strong>significat</strong></span> <span class='ocrx_word' id='word_1_52' title='bbox 691 495 847 537; x_wconf 87' lang='lat' dir='ltr'><strong>impetum</strong></span> <span class='ocrx_word' id='word_1_53' title='bbox 880 504 941 525; x_wconf 91' lang='lat' dir='ltr'><strong>seu</strong></span> <span class='ocrx_word' id='word_1_54' title='bbox 981 499 1106 524; x_wconf 90' lang='lat' dir='ltr'><strong>motum</strong></span> 
     </span>
     <span class='ocr_line' id='line_1_11' title="bbox 126 536 1107 580; baseline -0.005 -9"><span class='ocrx_word' id='word_1_55' title='bbox 126 545 284 578; x_wconf 83' lang='lat' dir='ltr'><strong>creatum,</strong></span> <span class='ocrx_word' id='word_1_56' title='bbox 306 545 341 570; x_wconf 86' lang='lat' dir='ltr'><strong>nt</strong></span> <span class='ocrx_word' id='word_1_57' title='bbox 364 539 397 570; x_wconf 93' lang='lat' dir='ltr'><strong>in</strong></span> <span class='ocrx_word' id='word_1_58' title='bbox 421 537 613 570; x_wconf 83' lang='lat' dir='ltr'><strong>Alexandro</strong></span> <span class='ocrx_word' id='word_1_59' title='bbox 636 544 688 570; x_wconf 85' lang='lat' dir='ltr'><strong>est</strong></span> <span class='ocrx_word' id='word_1_60' title='bbox 710 539 865 580; x_wconf 82' lang='lat' dir='ltr'><strong>spiritus;</strong></span> <span class='ocrx_word' id='word_1_61' title='bbox 893 537 926 568; x_wconf 87' lang='lat' dir='ltr'><strong>id</strong></span> <span class='ocrx_word' id='word_1_62' title='bbox 949 541 1021 573; x_wconf 81' lang='lat' dir='ltr'><strong>est,</strong></span> <span class='ocrx_word' id='word_1_63' title='bbox 1049 536 1107 566; x_wconf 89' lang='lat' dir='ltr'><strong>im·</strong></span> 
     </span>
     <span class='ocr_line' id='line_1_12' title="bbox 125 577 1106 625; baseline -0.005 -11"><span class='ocrx_word' id='word_1_64' title='bbox 125 589 223 625; x_wconf 88' lang='lat' dir='ltr'><strong>petus</strong></span> <span class='ocrx_word' id='word_1_65' title='bbox 247 581 326 614; x_wconf 91' lang='lat' dir='ltr'><strong>belli</strong></span> <span class='ocrx_word' id='word_1_66' title='bbox 350 582 498 624; x_wconf 84' lang='lat' dir='ltr'><strong>gerendi,</strong></span> <span class='ocrx_word' id='word_1_67' title='bbox 528 588 560 613; x_wconf 88' lang='lat' dir='ltr'><strong>et</strong></span> <span class='ocrx_word' id='word_1_68' title='bbox 588 582 774 622; x_wconf 88' lang='lat' dir='ltr'><strong>occupandi</strong></span> <span class='ocrx_word' id='word_1_69' title='bbox 806 581 975 620; x_wconf 77' lang='lat' dir='ltr'><strong>imperium</strong></span> <span class='ocrx_word' id='word_1_70' title='bbox 999 577 1106 610; x_wconf 85' lang='lat' dir='ltr'><strong>Persi·</strong></span> 
     </span>
     <span class='ocr_line' id='line_1_13' title="bbox 126 621 1105 666; baseline -0.006 -8"><span class='ocrx_word' id='word_1_71' title='bbox 126 636 211 659; x_wconf 84' lang='lat' dir='ltr'><strong>cum.</strong></span> <span class='ocrx_word' id='word_1_72' title='bbox 268 625 310 657; x_wconf 86' lang='lat' dir='ltr'><strong>Et</strong></span> <span class='ocrx_word' id='word_1_73' title='bbox 332 625 387 657; x_wconf 92' lang='lat' dir='ltr'><strong>hic</strong></span> <span class='ocrx_word' id='word_1_74' title='bbox 409 626 549 666; x_wconf 82' lang='lat' dir='ltr'><strong>impetus</strong></span> <span class='ocrx_word' id='word_1_75' title='bbox 574 630 623 656; x_wconf 86' lang='lat' dir='ltr'><strong>est</strong></span> <span class='ocrx_word' id='word_1_76' title='bbox 647 624 726 655; x_wconf 77' lang='lat' dir='ltr'><strong>felix</strong></span> <span class='ocrx_word' id='word_1_77' title='bbox 756 630 787 655; x_wconf 89' lang='lat' dir='ltr'><strong>et</strong></span> <span class='ocrx_word' id='word_1_78' title='bbox 811 622 1017 660; x_wconf 87' lang='lat' dir='ltr'><strong>fortunatus,</strong></span> <span class='ocrx_word' id='word_1_79' title='bbox 1052 621 1105 652; x_wconf 94' lang='lat' dir='ltr'><strong>cui</strong></span> 
     </span>
     <span class='ocr_line' id='line_1_14' title="bbox 125 665 1106 709; baseline -0.005 -9"><span class='ocrx_word' id='word_1_80' title='bbox 125 678 223 700; x_wconf 90' lang='lat' dir='ltr'><strong>nemo</strong></span> <span class='ocrx_word' id='word_1_81' title='bbox 257 669 413 701; x_wconf 83' lang='lat' dir='ltr'><strong>resistere</strong></span> <span class='ocrx_word' id='word_1_82' title='bbox 447 674 575 709; x_wconf 75' lang='lat' dir='ltr'><strong>potest,</strong></span> <span class='ocrx_word' id='word_1_83' title='bbox 610 673 641 698; x_wconf 86' lang='lat' dir='ltr'><strong>et</strong></span> <span class='ocrx_word' id='word_1_84' title='bbox 665 668 718 709; x_wconf 90' lang='lat' dir='ltr'><strong>qui</strong></span> <span class='ocrx_word' id='word_1_85' title='bbox 747 665 849 699; x_wconf 91' lang='lat' dir='ltr'><strong>multa</strong></span> <span class='ocrx_word' id='word_1_86' title='bbox 871 665 951 697; x_wconf 81' lang='lat' dir='ltr'><strong>facit</strong></span> <span class='ocrx_word' id='word_1_87' title='bbox 973 669 1106 706; x_wconf 81' lang='lat' dir='ltr'><strong>praeter</strong></span> 
     </span>
     <span class='ocr_line' id='line_1_15' title="bbox 125 710 680 753; baseline -0.004 -10"><span class='ocrx_word' id='word_1_88' title='bbox 125 712 313 753; x_wconf 85' lang='lat' dir='ltr'><strong>opinionem</strong></span> <span class='ocrx_word' id='word_1_89' title='bbox 336 712 479 744; x_wconf 90' lang='lat' dir='ltr'><strong>omnium</strong></span> <span class='ocrx_word' id='word_1_90' title='bbox 504 710 680 742; x_wconf 87' lang='lat' dir='ltr'><strong>hominum.</strong></span> 
     </span>
    </p>
   </div>
   <div class='ocr_carea' id='block_1_10' title="bbox 1104 760 1263 795">
    <p class='ocr_par' dir='ltr' id='par_1_10' title="bbox 1104 760 1263 795">
     <span class='ocr_line' id='line_1_16' title="bbox 1104 760 1263 795; baseline -0.013 -4"><span class='ocrx_word' id='word_1_91' title='bbox 1104 791 1105 795; x_wconf 68' lang='grc'>,</span> <span class='ocrx_word' id='word_1_92' title='bbox 1158 760 1263 791; x_wconf 89' lang='lat' dir='ltr'><strong>vinae.</strong></span> 
     </span>
    </p>
   </div>
   <div class='ocr_carea' id='block_1_11' title="bbox 126 876 1108 1006">
    <p class='ocr_par' dir='ltr' id='par_1_11' title="bbox 126 876 1108 1006">
     <span class='ocr_line' id='line_1_17' title="bbox 126 876 1108 932; baseline -0.012 -13"><span class='ocrx_word' id='word_1_93' title='bbox 126 876 236 927; x_wconf 73' lang='lat' dir='ltr'><strong>Quid</strong></span> <span class='ocrx_word' id='word_1_94' title='bbox 267 877 467 932; x_wconf 68' lang='lat' dir='ltr'><strong>Significat</strong></span> <span class='ocrx_word' id='word_1_95' title='bbox 506 880 716 911; x_wconf 71' lang='lat' dir='ltr'><em>Paracletus?</em></span> <span class='ocrx_word' id='word_1_96' title='bbox 754 879 829 909; x_wconf 79' lang='lat' dir='ltr'><strong>Cum</strong></span> <span class='ocrx_word' id='word_1_97' title='bbox 857 879 973 909; x_wconf 72' lang='lat' dir='ltr'><strong>verterit</strong></span> <span class='ocrx_word' id='word_1_98' title='bbox 1004 877 1108 907; x_wconf 67' lang='lat' dir='ltr'><strong>Para&lt;</strong></span> 
     </span>
     <span class='ocr_line' id='line_1_18' title="bbox 392 953 839 1006; baseline -0.007 -12"><span class='ocrx_word' id='word_1_99' title='bbox 392 959 499 992; x_wconf 70' lang='lat' dir='ltr'><strong>cletus,</strong></span> <span class='ocrx_word' id='word_1_100' title='bbox 531 953 661 1006; x_wconf 79' lang='lat' dir='ltr'><strong>inquit.</strong></span> <span class='ocrx_word' id='word_1_101' title='bbox 691 957 839 992; x_wconf 83' lang='lat' dir='ltr'><strong>textus.</strong></span> 
     </span>
    </p>
   </div>
   <div class='ocr_carea' id='block_1_12' title="bbox 123 1049 1110 1305">
    <p class='ocr_par' dir='ltr' id='par_1_12' title="bbox 123 1049 1110 1305">
     <span class='ocr_line' id='line_1_19' title="bbox 211 1049 1107 1095; baseline -0.004 -11"><span class='ocrx_word' id='word_1_102' title='bbox 211 1053 421 1095; x_wconf 81' lang='lat' dir='ltr'><strong>RespondeO.</strong></span> <span class='ocrx_word' id='word_1_103' title='bbox 491 1051 684 1084; x_wconf 76' lang='lat' dir='ltr'><strong>Paracletus</strong></span> <span class='ocrx_word' id='word_1_104' title='bbox 707 1051 840 1092; x_wconf 82' lang='lat' dir='ltr'><strong>proprie</strong></span> <span class='ocrx_word' id='word_1_105' title='bbox 863 1049 1027 1093; x_wconf 84' lang='lat' dir='ltr'><strong>significat</strong></span> <span class='ocrx_word' id='word_1_106' title='bbox 1050 1050 1107 1081; x_wconf 84' lang='lat' dir='ltr'><strong>ad-</strong></span> 
     </span>
     <span class='ocr_line' id='line_1_20' title="bbox 124 1092 1107 1135; baseline -0.005 -7"><span class='ocrx_word' id='word_1_107' title='bbox 124 1102 298 1135; x_wconf 87' lang='lat' dir='ltr'><strong>vocatum,</strong></span> <span class='ocrx_word' id='word_1_108' title='bbox 326 1097 424 1126; x_wconf 70' lang='lat' dir='ltr'><strong>Einen</strong></span> <span class='ocrx_word' id='word_1_109' title='bbox 449 1095 610 1135; x_wconf 72' lang='lat' dir='ltr'><strong>heystattd,</strong></span> <span class='ocrx_word' id='word_1_110' title='bbox 634 1105 652 1125; x_wconf 87' lang='lat' dir='ltr'><strong>a</strong></span> <span class='ocrx_word' id='word_1_111' title='bbox 672 1094 765 1135; x_wconf 75' lang='grc' dir='ltr'><em>παρά,</em></span> <span class='ocrx_word' id='word_1_112' title='bbox 790 1100 821 1125; x_wconf 88' lang='lat' dir='ltr'><strong>et</strong></span> <span class='ocrx_word' id='word_1_113' title='bbox 844 1097 948 1124; x_wconf 77' lang='grc' dir='ltr'><em>καλέω.</em></span> <span class='ocrx_word' id='word_1_114' title='bbox 994 1092 1107 1123; x_wconf 77' lang='lat' dir='ltr'><strong>Nostri</strong></span> 
     </span>
     <span class='ocr_line' id='line_1_21' title="bbox 123 1136 1108 1177; baseline -0.005 -6"><span class='ocrx_word' id='word_1_115' title='bbox 123 1139 273 1171; x_wconf 86' lang='lat' dir='ltr'><strong>homines</strong></span> <span class='ocrx_word' id='word_1_116' title='bbox 308 1140 392 1170; x_wconf 81' lang='lat' dir='ltr'><strong>bene</strong></span> <span class='ocrx_word' id='word_1_117' title='bbox 427 1145 607 1176; x_wconf 76' lang='lat' dir='ltr'><strong>verterunt,</strong></span> <span class='ocrx_word' id='word_1_118' title='bbox 640 1137 740 1167; x_wconf 79' lang='lat' dir='ltr'><strong>Einen</strong></span> <span class='ocrx_word' id='word_1_119' title='bbox 781 1136 922 1170; x_wconf 59' lang='lat' dir='ltr'><strong>Trostem</strong></span> <span class='ocrx_word' id='word_1_120' title='bbox 953 1136 1030 1177; x_wconf 84' lang='lat' dir='ltr'><strong>quia</strong></span> <span class='ocrx_word' id='word_1_121' title='bbox 1052 1145 1108 1166; x_wconf 81' lang='lat' dir='ltr'><strong>ex-</strong></span> 
     </span>
     <span class='ocr_line' id='line_1_22' title="bbox 126 1178 1108 1225; baseline -0.004 -12"><span class='ocrx_word' id='word_1_122' title='bbox 126 1189 322 1225; x_wconf 79' lang='lat' dir='ltr'><strong>presserunt</strong></span> <span class='ocrx_word' id='word_1_123' title='bbox 347 1181 422 1219; x_wconf 79' lang='lat' dir='ltr'><strong>hoc,</strong></span> <span class='ocrx_word' id='word_1_124' title='bbox 446 1182 533 1223; x_wconf 86' lang='lat' dir='ltr'><strong>quod</strong></span> <span class='ocrx_word' id='word_1_125' title='bbox 558 1181 725 1222; x_wconf 73' lang='lat' dir='ltr'><strong>proprium</strong></span> <span class='ocrx_word' id='word_1_126' title='bbox 750 1186 799 1211; x_wconf 78' lang='lat' dir='ltr'><strong>est</strong></span> <span class='ocrx_word' id='word_1_127' title='bbox 826 1180 966 1220; x_wconf 78' lang='lat' dir='ltr'><strong>Spiritus</strong></span> <span class='ocrx_word' id='word_1_128' title='bbox 990 1178 1108 1216; x_wconf 89' lang='lat' dir='ltr'><strong>sancti,</strong></span> 
     </span>
     <span class='ocr_line' id='line_1_23' title="bbox 126 1221 1108 1262; baseline -0.006 -5"><span class='ocrx_word' id='word_1_129' title='bbox 126 1224 294 1262; x_wconf 82' lang='lat' dir='ltr'><strong>videlicet,</strong></span> <span class='ocrx_word' id='word_1_130' title='bbox 319 1223 500 1262; x_wconf 77' lang='lat' dir='ltr'><strong>consolari,</strong></span> <span class='ocrx_word' id='word_1_131' title='bbox 525 1224 742 1260; x_wconf 73' lang='lat' dir='ltr'><strong>contu-mare,</strong></span> <span class='ocrx_word' id='word_1_132' title='bbox 774 1221 885 1254; x_wconf 82' lang='lat' dir='ltr'><strong>facere</strong></span> <span class='ocrx_word' id='word_1_133' title='bbox 907 1223 1108 1253; x_wconf 74' lang='lat' dir='ltr'><strong>animosum:</strong></span> 
     </span>
     <span class='ocr_line' id='line_1_24' title="bbox 127 1263 1110 1305; baseline -0.007 -5"><span class='ocrx_word' id='word_1_134' title='bbox 127 1269 218 1301; x_wconf 81' lang='lat' dir='ltr'><strong>Sicut</strong></span> <span class='ocrx_word' id='word_1_135' title='bbox 232 1268 369 1299; x_wconf 82' lang='lat' dir='ltr'><strong>dicitnr:</strong></span> <span class='ocrx_word' id='word_1_136' title='bbox 388 1267 490 1297; x_wconf 74' lang='lat' dir='ltr'><strong>Dedit</strong></span> <span class='ocrx_word' id='word_1_137' title='bbox 503 1268 592 1296; x_wconf 63' lang='lat' dir='ltr'><strong>uobis</strong></span> <span class='ocrx_word' id='word_1_138' title='bbox 603 1268 755 1305; x_wconf 71' lang='lat' dir='ltr'><strong>Spt&#39;rt&#39;tttm</strong></span> <span class='ocrx_word' id='word_1_139' title='bbox 767 1277 827 1295; x_wconf 80' lang='lat' dir='ltr'><strong>mm</strong></span> <span class='ocrx_word' id='word_1_140' title='bbox 842 1265 1034 1299; x_wconf 75' lang='lat' dir='ltr'><strong>timiditatis,</strong></span> <span class='ocrx_word' id='word_1_141' title='bbox 1053 1263 1110 1293; x_wconf 82' lang='lat' dir='ltr'><strong>setl</strong></span> 
     </span>
    </p>
   </div>
   <div class='ocr_carea' id='block_1_13' title="bbox 126 1306 1456 1356">
    <p class='ocr_par' dir='ltr' id='par_1_13' title="bbox 126 1306 1456 1356">
     <span class='ocr_line' id='line_1_25' title="bbox 126 1306 1456 1356; baseline -0.005 -15"><span class='ocrx_word' id='word_1_142' title='bbox 126 1311 262 1341; x_wconf 78' lang='lat' dir='ltr'><strong>roboris.</strong></span> <span class='ocrx_word' id='word_1_143' title='bbox 287 1312 353 1343; x_wconf 88' lang='lat' dir='ltr'><strong>Sed</strong></span> <span class='ocrx_word' id='word_1_144' title='bbox 368 1311 395 1341; x_wconf 89' lang='lat' dir='ltr'><strong>si</strong></span> <span class='ocrx_word' id='word_1_145' title='bbox 409 1309 562 1341; x_wconf 76' lang='lat' dir='ltr'><strong>vocabuli</strong></span> <span class='ocrx_word' id='word_1_146' title='bbox 587 1311 690 1348; x_wconf 79' lang='grc' dir='ltr'><strong><em>ἐίυμυν</em></strong></span> <span class='ocrx_word' id='word_1_147' title='bbox 703 1309 906 1347; x_wconf 83' lang='lat' dir='ltr'><strong>consideres,</strong></span> <span class='ocrx_word' id='word_1_148' title='bbox 918 1306 1108 1348; x_wconf 85' lang='lat' dir='ltr'><strong>paracletus</strong></span> <span class='ocrx_word' id='word_1_149' title='bbox 1130 1318 1136 1343; x_wconf 65' lang='grc' dir='ltr'><strong>ι</strong></span> <span class='ocrx_word' id='word_1_150' title='bbox 1161 1316 1305 1356; x_wconf 63' lang='lat' dir='ltr'><strong>Spiritus</strong></span> <span class='ocrx_word' id='word_1_151' title='bbox 1338 1315 1456 1345; x_wconf 53' lang='lat' dir='ltr'><strong>sancti,</strong></span> 
     </span>
    </p>
   </div>
   <div class='ocr_carea' id='block_1_14' title="bbox 124 1350 1112 2000">
    <p class='ocr_par' dir='ltr' id='par_1_14' title="bbox 124 1350 1112 1656">
     <span class='ocr_line' id='line_1_26' title="bbox 126 1350 1108 1395; baseline -0.007 -8"><span class='ocrx_word' id='word_1_152' title='bbox 126 1360 177 1387; x_wconf 82' lang='lat' dir='ltr'><strong>est</strong></span> <span class='ocrx_word' id='word_1_153' title='bbox 191 1355 292 1393; x_wconf 81' lang='lat' dir='ltr'><strong>idem,</strong></span> <span class='ocrx_word' id='word_1_154' title='bbox 317 1354 406 1395; x_wconf 88' lang='lat' dir='ltr'><strong>quod</strong></span> <span class='ocrx_word' id='word_1_155' title='bbox 428 1364 490 1384; x_wconf 79' lang='lat' dir='ltr'><strong>nos</strong></span> <span class='ocrx_word' id='word_1_156' title='bbox 504 1353 653 1390; x_wconf 83' lang='lat' dir='ltr'><strong>dicimus,</strong></span> <span class='ocrx_word' id='word_1_157' title='bbox 676 1351 776 1381; x_wconf 68' lang='lat' dir='ltr'><strong>Eineu</strong></span> <span class='ocrx_word' id='word_1_158' title='bbox 800 1351 964 1391; x_wconf 72' lang='lat' dir='ltr'><strong>heystamI:</strong></span> <span class='ocrx_word' id='word_1_159' title='bbox 987 1350 1020 1381; x_wconf 92' lang='lat' dir='ltr'><strong>id</strong></span> <span class='ocrx_word' id='word_1_160' title='bbox 1044 1355 1108 1387; x_wconf 88' lang='lat' dir='ltr'><strong>est,</strong></span> 
     </span>
     <span class='ocr_line' id='line_1_27' title="bbox 125 1393 1108 1435; baseline -0.007 -6"><span class='ocrx_word' id='word_1_161' title='bbox 125 1398 328 1435; x_wconf 87' lang='lat' dir='ltr'><strong>advocatus,</strong></span> <span class='ocrx_word' id='word_1_162' title='bbox 352 1397 514 1428; x_wconf 73' lang='lat' dir='ltr'><strong>assistens</strong></span> <span class='ocrx_word' id='word_1_163' title='bbox 528 1406 588 1427; x_wconf 84' lang='lat' dir='ltr'><strong>reo</strong></span> <span class='ocrx_word' id='word_1_164' title='bbox 611 1395 641 1426; x_wconf 91' lang='lat' dir='ltr'><strong>in</strong></span> <span class='ocrx_word' id='word_1_165' title='bbox 666 1395 802 1426; x_wconf 86' lang='lat' dir='ltr'><strong>iudicio:</strong></span> <span class='ocrx_word' id='word_1_166' title='bbox 831 1394 898 1423; x_wconf 84' lang='lat' dir='ltr'><strong>Der</strong></span> <span class='ocrx_word' id='word_1_167' title='bbox 921 1395 1016 1423; x_wconf 75' lang='lat' dir='ltr'><strong>ciuem</strong></span> <span class='ocrx_word' id='word_1_168' title='bbox 1039 1393 1108 1433; x_wconf 75' lang='lat' dir='ltr'><strong>bey-</strong></span> 
     </span>
     <span class='ocr_line' id='line_1_28' title="bbox 126 1435 1110 1479; baseline -0.006 -8"><span class='ocrx_word' id='word_1_169' title='bbox 126 1440 228 1471; x_wconf 73' lang='lat' dir='ltr'><strong>steltet</strong></span> <span class='ocrx_word' id='word_1_170' title='bbox 253 1443 294 1470; x_wconf 85' lang='lat' dir='ltr'><strong>im</strong></span> <span class='ocrx_word' id='word_1_171' title='bbox 325 1440 410 1469; x_wconf 72' lang='lat' dir='ltr'><strong>rer-ht</strong></span> <span class='ocrx_word' id='word_1_172' title='bbox 433 1439 509 1468; x_wconf 84' lang='lat' dir='ltr'><strong>oder</strong></span> <span class='ocrx_word' id='word_1_173' title='bbox 528 1440 583 1477; x_wconf 77' lang='lat' dir='ltr'><strong>ft&#39;ir</strong></span> <span class='ocrx_word' id='word_1_174' title='bbox 605 1437 734 1477; x_wconf 55' lang='lat' dir='ltr'><strong>fierit-ht.</strong></span> <span class='ocrx_word' id='word_1_175' title='bbox 780 1439 961 1479; x_wconf 61' lang='lat' dir='ltr'><strong>nxpaxale&#39;m</strong></span> <span class='ocrx_word' id='word_1_176' title='bbox 985 1435 1110 1478; x_wconf 83' lang='lat' dir='ltr'><strong>signifi—</strong></span> 
     </span>
     <span class='ocr_line' id='line_1_29' title="bbox 127 1477 1112 1522; baseline -0.007 -6"><span class='ocrx_word' id='word_1_177' title='bbox 127 1490 180 1516; x_wconf 84' lang='lat' dir='ltr'><strong>cat</strong></span> <span class='ocrx_word' id='word_1_178' title='bbox 214 1484 356 1521; x_wconf 67' lang='lat' dir='ltr'><strong>advoco,</strong></span> <span class='ocrx_word' id='word_1_179' title='bbox 386 1483 584 1514; x_wconf 79' lang='lat' dir='ltr'><strong>advocatum</strong></span> <span class='ocrx_word' id='word_1_180' title='bbox 614 1491 767 1518; x_wconf 88' lang='lat' dir='ltr'><strong>accerso,</strong></span> <span class='ocrx_word' id='word_1_181' title='bbox 800 1478 935 1522; x_wconf 88' lang='lat' dir='ltr'><strong>postulo</strong></span> <span class='ocrx_word' id='word_1_182' title='bbox 969 1477 1112 1520; x_wconf 78' lang='lat' dir='ltr'><strong>aliquem</strong></span> 
     </span>
     <span class='ocr_line' id='line_1_30' title="bbox 124 1522 1109 1569; baseline -0.007 -10"><span class='ocrx_word' id='word_1_183' title='bbox 124 1532 311 1569; x_wconf 78' lang='lat' dir='ltr'><strong>patronum,</strong></span> <span class='ocrx_word' id='word_1_184' title='bbox 342 1525 482 1567; x_wconf 83' lang='lat' dir='ltr'><strong>imploro</strong></span> <span class='ocrx_word' id='word_1_185' title='bbox 516 1524 614 1555; x_wconf 68' lang='lat' dir='ltr'><strong>fidem</strong></span> <span class='ocrx_word' id='word_1_186' title='bbox 647 1522 787 1555; x_wconf 81' lang='lat' dir='ltr'><strong>alicuius</strong></span> <span class='ocrx_word' id='word_1_187' title='bbox 821 1529 852 1555; x_wconf 90' lang='lat' dir='ltr'><strong>et</strong></span> <span class='ocrx_word' id='word_1_188' title='bbox 876 1523 1109 1564; x_wconf 75' lang='lat' dir='ltr'><strong>patrociniun13</strong></span> 
     </span>
     <span class='ocr_line' id='line_1_31' title="bbox 125 1567 1112 1612; baseline -0.007 -9"><span class='ocrx_word' id='word_1_189' title='bbox 125 1571 202 1603; x_wconf 88' lang='lat' dir='ltr'><strong>inde</strong></span> <span class='ocrx_word' id='word_1_190' title='bbox 235 1571 431 1612; x_wconf 71' lang='grc' dir='ltr'><strong>παράκλητος,</strong></span> <span class='ocrx_word' id='word_1_191' title='bbox 455 1568 651 1606; x_wconf 71' lang='lat' dir='ltr'><strong>accersitus,</strong></span> <span class='ocrx_word' id='word_1_192' title='bbox 675 1573 707 1599; x_wconf 90' lang='lat' dir='ltr'><strong>et</strong></span> <span class='ocrx_word' id='word_1_193' title='bbox 729 1573 881 1610; x_wconf 79' lang='lat' dir='ltr'><strong>rogatus,</strong></span> <span class='ocrx_word' id='word_1_194' title='bbox 913 1567 1112 1604; x_wconf 85' lang='lat' dir='ltr'><strong>advocatus,</strong></span> 
     </span>
     <span class='ocr_line' id='line_1_32' title="bbox 124 1621 298 1656; baseline -0.017 -10"><span class='ocrx_word' id='word_1_195' title='bbox 124 1621 298 1656; x_wconf 81' lang='lat' dir='ltr'><strong>patronus.</strong></span> 
     </span>
    </p>

    <p class='ocr_par' dir='ltr' id='par_1_15' title="bbox 124 1649 1110 1867">
     <span class='ocr_line' id='line_1_33' title="bbox 212 1649 1110 1699; baseline -0.007 -11"><span class='ocrx_word' id='word_1_196' title='bbox 212 1657 280 1689; x_wconf 87' lang='lat' dir='ltr'><strong>Cur</strong></span> <span class='ocrx_word' id='word_1_197' title='bbox 302 1666 384 1699; x_wconf 84' lang='lat' dir='ltr'><strong>ergo</strong></span> <span class='ocrx_word' id='word_1_198' title='bbox 409 1654 607 1686; x_wconf 76' lang='lat' dir='ltr'><strong>Gemanica</strong></span> <span class='ocrx_word' id='word_1_199' title='bbox 630 1653 740 1685; x_wconf 89' lang='lat' dir='ltr'><strong>versio</strong></span> <span class='ocrx_word' id='word_1_200' title='bbox 763 1651 877 1684; x_wconf 82' lang='lat' dir='ltr'><strong>maluit</strong></span> <span class='ocrx_word' id='word_1_201' title='bbox 895 1652 942 1684; x_wconf 88' lang='lat' dir='ltr'><strong>uti</strong></span> <span class='ocrx_word' id='word_1_202' title='bbox 965 1649 1110 1693; x_wconf 83' lang='lat' dir='ltr'><strong>appella-</strong></span> 
     </span>
     <span class='ocr_line' id='line_1_34' title="bbox 126 1695 1108 1739; baseline -0.007 -7"><span class='ocrx_word' id='word_1_203' title='bbox 126 1701 216 1732; x_wconf 82' lang='lat' dir='ltr'><strong>tione</strong></span> <span class='ocrx_word' id='word_1_204' title='bbox 242 1699 402 1731; x_wconf 70' lang='lat' dir='ltr'><strong>&#39;frosm-,2</strong></span> <span class='ocrx_word' id='word_1_205' title='bbox 436 1698 648 1739; x_wconf 85' lang='lat' dir='ltr'><strong>Respondeo.</strong></span> <span class='ocrx_word' id='word_1_206' title='bbox 683 1697 880 1728; x_wconf 85' lang='lat' dir='ltr'><strong>Advocatus</strong></span> <span class='ocrx_word' id='word_1_207' title='bbox 904 1696 980 1727; x_wconf 91' lang='lat' dir='ltr'><strong>ideo</strong></span> <span class='ocrx_word' id='word_1_208' title='bbox 1002 1695 1108 1731; x_wconf 80' lang='lat' dir='ltr'><strong>adest,</strong></span> 
     </span>
     <span class='ocr_line' id='line_1_35' title="bbox 124 1737 1108 1776; baseline -0.007 0"><span class='ocrx_word' id='word_1_209' title='bbox 124 1750 161 1776; x_wconf 87' lang='lat' dir='ltr'><strong>ut</strong></span> <span class='ocrx_word' id='word_1_210' title='bbox 183 1745 227 1775; x_wconf 86' lang='lat' dir='ltr'><strong>sit</strong></span> <span class='ocrx_word' id='word_1_211' title='bbox 250 1743 463 1775; x_wconf 77' lang='lat' dir='ltr'><strong>confirmator</strong></span> <span class='ocrx_word' id='word_1_212' title='bbox 487 1747 517 1772; x_wconf 80' lang='lat' dir='ltr'><strong>et</strong></span> <span class='ocrx_word' id='word_1_213' title='bbox 542 1741 796 1775; x_wconf 63' lang='lat' dir='ltr'><strong>corroboratum</strong></span> <span class='ocrx_word' id='word_1_214' title='bbox 828 1740 871 1770; x_wconf 89' lang='lat' dir='ltr'><strong>ab</strong></span> <span class='ocrx_word' id='word_1_215' title='bbox 894 1737 960 1770; x_wconf 85' lang='lat' dir='ltr'><strong>hoc</strong></span> <span class='ocrx_word' id='word_1_216' title='bbox 990 1738 1108 1769; x_wconf 78' lang='lat' dir='ltr'><strong>effectu</strong></span> 
     </span>
     <span class='ocr_line' id='line_1_36' title="bbox 125 1780 1107 1828; baseline -0.007 -9"><span class='ocrx_word' id='word_1_217' title='bbox 125 1793 290 1828; x_wconf 87' lang='lat' dir='ltr'><strong>sumptum</strong></span> <span class='ocrx_word' id='word_1_218' title='bbox 314 1793 364 1817; x_wconf 67' lang='lat' dir='ltr'><strong>est</strong></span> <span class='ocrx_word' id='word_1_219' title='bbox 389 1796 448 1827; x_wconf 87' lang='lat' dir='ltr'><strong>per</strong></span> <span class='ocrx_word' id='word_1_220' title='bbox 471 1783 665 1825; x_wconf 75' lang='lat' dir='ltr'><strong>metalepsin</strong></span> <span class='ocrx_word' id='word_1_221' title='bbox 690 1781 891 1814; x_wconf 83' lang='lat' dir='ltr'><strong>vocabulum</strong></span> <span class='ocrx_word' id='word_1_222' title='bbox 919 1780 1000 1814; x_wconf 83' lang='lat' dir='ltr'><strong>illud</strong></span> <span class='ocrx_word' id='word_1_223' title='bbox 1025 1781 1107 1813; x_wconf 85' lang='lat' dir='ltr'><strong>Ger·</strong></span> 
     </span>
     <span class='ocr_line' id='line_1_37' title="bbox 125 1829 474 1867; baseline -0.011 -5"><span class='ocrx_word' id='word_1_224' title='bbox 125 1831 303 1867; x_wconf 84' lang='lat' dir='ltr'><strong>manicum,</strong></span> <span class='ocrx_word' id='word_1_225' title='bbox 329 1829 474 1860; x_wconf 54' lang='lat' dir='ltr'><strong>&#39;Iros-ter.</strong></span> 
     </span>
    </p>

    <p class='ocr_par' dir='ltr' id='par_1_16' title="bbox 125 1867 1108 2000">
     <span class='ocr_line' id='line_1_38' title="bbox 212 1867 1108 1912; baseline -0.007 -8"><span class='ocrx_word' id='word_1_226' title='bbox 212 1872 330 1904; x_wconf 89' lang='lat' dir='ltr'><strong>Nonne</strong></span> <span class='ocrx_word' id='word_1_227' title='bbox 354 1873 384 1903; x_wconf 86' lang='lat' dir='ltr'><strong>in</strong></span> <span class='ocrx_word' id='word_1_228' title='bbox 411 1869 559 1912; x_wconf 78' lang='lat' dir='ltr'><strong>Epistola</strong></span> <span class='ocrx_word' id='word_1_229' title='bbox 582 1868 738 1900; x_wconf 84' lang='lat' dir='ltr'><strong>iohannis</strong></span> <span class='ocrx_word' id='word_1_230' title='bbox 762 1869 857 1900; x_wconf 87' lang='lat' dir='ltr'><strong>etiam</strong></span> <span class='ocrx_word' id='word_1_231' title='bbox 880 1868 983 1900; x_wconf 71' lang='lat' dir='ltr'><strong>fitius</strong></span> <span class='ocrx_word' id='word_1_232' title='bbox 1005 1867 1108 1898; x_wconf 91' lang='lat' dir='ltr'><strong>nomi-</strong></span> 
     </span>
     <span class='ocr_line' id='line_1_39' title="bbox 125 1912 1107 1954; baseline -0.005 -7"><span class='ocrx_word' id='word_1_233' title='bbox 125 1922 223 1948; x_wconf 81' lang='lat' dir='ltr'><strong>natur</strong></span> <span class='ocrx_word' id='word_1_234' title='bbox 241 1915 460 1946; x_wconf 67' lang='lat' dir='ltr'><strong>Paracletus?</strong></span> <span class='ocrx_word' id='word_1_235' title='bbox 504 1914 543 1945; x_wconf 64' lang='lat' dir='ltr'><strong>Sa·</strong></span> <span class='ocrx_word' id='word_1_236' title='bbox 565 1914 634 1954; x_wconf 63' lang='grc' dir='ltr'><em>(μιῆς</em></span> <span class='ocrx_word' id='word_1_237' title='bbox 658 1914 816 1954; x_wconf 72' lang='lat' dir='ltr'><strong>peccarit,</strong></span> <span class='ocrx_word' id='word_1_238' title='bbox 835 1912 983 1943; x_wconf 81' lang='lat' dir='ltr'><strong>habemus</strong></span> <span class='ocrx_word' id='word_1_239' title='bbox 1004 1921 1107 1952; x_wconf 81' lang='lat' dir='ltr'><strong>para-</strong></span> 
     </span>
     <span class='ocr_line' id='line_1_40' title="bbox 127 1956 925 2000; baseline -0.008 -8"><span class='ocrx_word' id='word_1_240' title='bbox 127 1961 238 1992; x_wconf 75' lang='lat' dir='ltr'><strong>cletum</strong></span> <span class='ocrx_word' id='word_1_241' title='bbox 262 1959 352 2000; x_wconf 84' lang='lat' dir='ltr'><strong>apud</strong></span> <span class='ocrx_word' id='word_1_242' title='bbox 374 1958 520 1995; x_wconf 71' lang='lat' dir='ltr'><strong>Patrem,</strong></span> <span class='ocrx_word' id='word_1_243' title='bbox 542 1959 641 1988; x_wconf 64' lang='lat' dir='ltr'><strong>Issum</strong></span> <span class='ocrx_word' id='word_1_244' title='bbox 666 1956 840 1993; x_wconf 73' lang='lat' dir='ltr'><strong>Christum,</strong></span> <span class='ocrx_word' id='word_1_245' title='bbox 863 1962 925 1987; x_wconf 86' lang='lat' dir='ltr'><strong>etc.</strong></span> 
     </span>
    </p>
   </div>
   <div class='ocr_carea' id='block_1_15' title="bbox 126 2123 1109 2177">
    <p class='ocr_par' dir='ltr' id='par_1_17' title="bbox 126 2123 1109 2177">
     <span class='ocr_line' id='line_1_41' title="bbox 126 2123 1109 2177; baseline -0.011 -10"><span class='ocrx_word' id='word_1_246' title='bbox 126 2125 243 2177; x_wconf 82' lang='lat' dir='ltr'><strong>Quae</strong></span> <span class='ocrx_word' id='word_1_247' title='bbox 277 2132 338 2165; x_wconf 72' lang='lat' dir='ltr'><strong>est</strong></span> <span class='ocrx_word' id='word_1_248' title='bbox 369 2123 610 2164; x_wconf 69' lang='lat' dir='ltr'><strong>differentia:</strong></span> <span class='ocrx_word' id='word_1_249' title='bbox 656 2127 824 2166; x_wconf 76' lang='lat' dir='ltr'><strong>Quomodo</strong></span> <span class='ocrx_word' id='word_1_250' title='bbox 857 2127 1002 2167; x_wconf 70' lang='lat' dir='ltr'><strong>Spiritus</strong></span> <span class='ocrx_word' id='word_1_251' title='bbox 1035 2135 1109 2157; x_wconf 74' lang='lat' dir='ltr'><strong>san-</strong></span> 
     </span>
    </p>
   </div>
   <div class='ocr_carea' id='block_1_16' title="bbox 187 2193 1049 2247">
    <p class='ocr_par' dir='ltr' id='par_1_18' title="bbox 187 2193 1049 2247">
     <span class='ocr_line' id='line_1_42' title="bbox 187 2193 1049 2247; baseline -0.006 -8"><span class='ocrx_word' id='word_1_252' title='bbox 187 2213 257 2240; x_wconf 71' lang='lat' dir='ltr'><strong>ctus</strong></span> <span class='ocrx_word' id='word_1_253' title='bbox 291 2211 337 2238; x_wconf 62' lang='lat' dir='ltr'><strong>pst</strong></span> <span class='ocrx_word' id='word_1_254' title='bbox 365 2207 554 2247; x_wconf 72' lang='lat' dir='ltr'><strong>paracletus</strong></span> <span class='ocrx_word' id='word_1_255' title='bbox 586 2207 628 2240; x_wconf 79' lang='lat' dir='ltr'><strong>et</strong></span> <span class='ocrx_word' id='word_1_256' title='bbox 659 2205 817 2247; x_wconf 77' lang='lat' dir='ltr'><strong>quomodo</strong></span> <span class='ocrx_word' id='word_1_257' title='bbox 839 2193 1049 2236; x_wconf 45' lang='lat' dir='ltr'><strong>Fu’Iu’uffDci&#39;?</strong></span> 
     </span>
    </p>
   </div>
   <div class='ocr_carea' id='block_1_17' title="bbox 125 2306 1108 2656">
    <p class='ocr_par' dir='ltr' id='par_1_19' title="bbox 125 2306 1108 2656">
     <span class='ocr_line' id='line_1_43' title="bbox 213 2306 1107 2353; baseline -0.006 -11"><span class='ocrx_word' id='word_1_258' title='bbox 213 2311 426 2353; x_wconf 78' lang='lat' dir='ltr'><strong>Respondeo.</strong></span> <span class='ocrx_word' id='word_1_259' title='bbox 474 2309 629 2341; x_wconf 60' lang='lat' dir='ltr'><strong>(hristus</strong></span> <span class='ocrx_word' id='word_1_260' title='bbox 652 2315 703 2340; x_wconf 78' lang='lat' dir='ltr'><strong>cst</strong></span> <span class='ocrx_word' id='word_1_261' title='bbox 727 2306 931 2350; x_wconf 77' lang='lat' dir='ltr'><strong>paracletus,</strong></span> <span class='ocrx_word' id='word_1_262' title='bbox 954 2307 1041 2349; x_wconf 87' lang='lat' dir='ltr'><strong>quod</strong></span> <span class='ocrx_word' id='word_1_263' title='bbox 1066 2306 1107 2337; x_wconf 83' lang='lat' dir='ltr'><strong>ad</strong></span> 
     </span>
     <span class='ocr_line' id='line_1_44' title="bbox 126 2350 1108 2396; baseline -0.006 -9"><span class='ocrx_word' id='word_1_264' title='bbox 126 2355 276 2387; x_wconf 81' lang='lat' dir='ltr'><strong>meritum</strong></span> <span class='ocrx_word' id='word_1_265' title='bbox 301 2355 511 2396; x_wconf 71' lang='lat' dir='ltr'><strong>deprecantis</strong></span> <span class='ocrx_word' id='word_1_266' title='bbox 536 2354 659 2383; x_wconf 86' lang='lat' dir='ltr'><strong>attinet.</strong></span> <span class='ocrx_word' id='word_1_267' title='bbox 690 2352 749 2383; x_wconf 78' lang='lat' dir='ltr'><strong>Est</strong></span> <span class='ocrx_word' id='word_1_268' title='bbox 772 2351 854 2383; x_wconf 83' lang='lat' dir='ltr'><strong>enim</strong></span> <span class='ocrx_word' id='word_1_269' title='bbox 879 2351 1031 2381; x_wconf 75' lang='lat' dir='ltr'><strong>Clu-istus</strong></span> <span class='ocrx_word' id='word_1_270' title='bbox 1055 2350 1108 2381; x_wconf 86' lang='lat' dir='ltr'><strong>de-</strong></span> 
     </span>
     <span class='ocr_line' id='line_1_45' title="bbox 147 2394 1108 2435; baseline -0.007 -6"><span class='ocrx_word' id='word_1_271' title='bbox 147 2404 291 2435; x_wconf 74' lang='lat' dir='ltr'><strong>recator,</strong></span> <span class='ocrx_word' id='word_1_272' title='bbox 325 2404 356 2429; x_wconf 84' lang='lat' dir='ltr'><strong>et</strong></span> <span class='ocrx_word' id='word_1_273' title='bbox 391 2398 606 2434; x_wconf 69' lang='lat' dir='ltr'><strong>intercessor,</strong></span> <span class='ocrx_word' id='word_1_274' title='bbox 637 2402 666 2427; x_wconf 83' lang='lat' dir='ltr'><strong>ct</strong></span> <span class='ocrx_word' id='word_1_275' title='bbox 702 2401 735 2427; x_wconf 82' lang='lat' dir='ltr'><strong>ut</strong></span> <span class='ocrx_word' id='word_1_276' title='bbox 770 2405 915 2426; x_wconf 71' lang='lat' dir='ltr'><strong>sciamus</strong></span> <span class='ocrx_word' id='word_1_277' title='bbox 946 2394 1108 2425; x_wconf 76' lang='lat' dir='ltr'><strong>sacerdos</strong></span> 
     </span>
     <span class='ocr_line' id='line_1_46' title="bbox 125 2409 1107 2474; baseline -0.006 -2"><span class='ocrx_word' id='word_1_278' title='bbox 125 2409 299 2473; x_wconf 48' lang='lat' dir='ltr'><strong>{eclesiae</strong></span> <span class='ocrx_word' id='word_1_279' title='bbox 334 2447 397 2471; x_wconf 72' lang='lat' dir='ltr'><strong>stat</strong></span> <span class='ocrx_word' id='word_1_280' title='bbox 436 2441 466 2471; x_wconf 89' lang='lat' dir='ltr'><strong>in</strong></span> <span class='ocrx_word' id='word_1_281' title='bbox 491 2451 614 2471; x_wconf 73' lang='lat' dir='ltr'><strong>arcano</strong></span> <span class='ocrx_word' id='word_1_282' title='bbox 639 2437 780 2470; x_wconf 80' lang='lat' dir='ltr'><strong>consilio</strong></span> <span class='ocrx_word' id='word_1_283' title='bbox 805 2437 996 2474; x_wconf 77' lang='lat' dir='ltr'><strong>divinitatis,</strong></span> <span class='ocrx_word' id='word_1_284' title='bbox 1030 2436 1107 2467; x_wconf 78' lang='lat' dir='ltr'><strong>offe-</strong></span> 
     </span>
     <span class='ocr_line' id='line_1_47' title="bbox 126 2481 1107 2518; baseline -0.006 -2"><span class='ocrx_word' id='word_1_285' title='bbox 126 2495 204 2516; x_wconf 81' lang='lat' dir='ltr'><strong>rens</strong></span> <span class='ocrx_word' id='word_1_286' title='bbox 240 2492 269 2516; x_wconf 89' lang='lat' dir='ltr'><strong>et</strong></span> <span class='ocrx_word' id='word_1_287' title='bbox 306 2485 486 2515; x_wconf 71' lang='lat' dir='ltr'><strong>oste-miens</strong></span> <span class='ocrx_word' id='word_1_288' title='bbox 523 2484 610 2514; x_wconf 84' lang='lat' dir='ltr'><strong>l’atri</strong></span> <span class='ocrx_word' id='word_1_289' title='bbox 642 2493 734 2513; x_wconf 80' lang='lat' dir='ltr'><strong>sunm</strong></span> <span class='ocrx_word' id='word_1_290' title='bbox 770 2481 1012 2518; x_wconf 70' lang='lat' dir='ltr'><strong>otwittenttnm,</strong></span> <span class='ocrx_word' id='word_1_291' title='bbox 1047 2490 1107 2511; x_wconf 79' lang='lat' dir='ltr'><strong>sun</strong></span> 
     </span>
     <span class='ocr_line' id='line_1_48' title="bbox 125 2522 1106 2568; baseline -0.005 -10"><span class='ocrx_word' id='word_1_292' title='bbox 125 2528 240 2559; x_wconf 87' lang='lat' dir='ltr'><strong>merita</strong></span> <span class='ocrx_word' id='word_1_293' title='bbox 265 2538 324 2568; x_wconf 89' lang='lat' dir='ltr'><strong>pro</strong></span> <span class='ocrx_word' id='word_1_294' title='bbox 350 2528 457 2557; x_wconf 57' lang='lat' dir='ltr'><strong>nobis:</strong></span> <span class='ocrx_word' id='word_1_295' title='bbox 483 2534 512 2557; x_wconf 78' lang='lat' dir='ltr'><strong>et</strong></span> <span class='ocrx_word' id='word_1_296' title='bbox 539 2537 578 2557; x_wconf 87' lang='lat' dir='ltr'><strong>ea</strong></span> <span class='ocrx_word' id='word_1_297' title='bbox 599 2526 669 2567; x_wconf 63' lang='lat' dir='ltr'><strong>ipsa</strong></span> <span class='ocrx_word' id='word_1_298' title='bbox 695 2523 866 2566; x_wconf 73' lang='lat' dir='ltr'><strong>applicans·</strong></span> <span class='ocrx_word' id='word_1_299' title='bbox 887 2524 994 2555; x_wconf 83' lang='lat' dir='ltr'><strong>nobis.</strong></span> <span class='ocrx_word' id='word_1_300' title='bbox 1024 2522 1106 2554; x_wconf 84' lang='lat' dir='ltr'><strong>Nam</strong></span> 
     </span>
     <span class='ocr_line' id='line_1_49' title="bbox 125 2569 1107 2612; baseline -0.004 -11"><span class='ocrx_word' id='word_1_301' title='bbox 125 2569 190 2601; x_wconf 85' lang='lat' dir='ltr'><strong>boc</strong></span> <span class='ocrx_word' id='word_1_302' title='bbox 213 2578 264 2601; x_wconf 80' lang='lat' dir='ltr'><strong>est</strong></span> <span class='ocrx_word' id='word_1_303' title='bbox 288 2571 453 2612; x_wconf 81' lang='lat' dir='ltr'><strong>proprium</strong></span> <span class='ocrx_word' id='word_1_304' title='bbox 479 2570 572 2601; x_wconf 62' lang='lat' dir='ltr'><strong>istius</strong></span> <span class='ocrx_word' id='word_1_305' title='bbox 597 2579 774 2609; x_wconf 70' lang='lat' dir='ltr'><strong>personae,</strong></span> <span class='ocrx_word' id='word_1_306' title='bbox 812 2578 897 2610; x_wconf 85' lang='lat' dir='ltr'><strong>quae</strong></span> <span class='ocrx_word' id='word_1_307' title='bbox 920 2577 1022 2609; x_wconf 75' lang='lat' dir='ltr'><strong>possa</strong></span> <span class='ocrx_word' id='word_1_308' title='bbox 1044 2573 1107 2603; x_wconf 77' lang='lat' dir='ltr'><strong>est,</strong></span> 
     </span>
     <span class='ocr_line' id='line_1_50' title="bbox 126 2613 653 2656; baseline -0.008 -10"><span class='ocrx_word' id='word_1_309' title='bbox 126 2624 197 2652; x_wconf 73' lang='lat' dir='ltr'><strong>seu,</strong></span> <span class='ocrx_word' id='word_1_310' title='bbox 222 2624 306 2656; x_wconf 84' lang='lat' dir='ltr'><strong>quae</strong></span> <span class='ocrx_word' id='word_1_311' title='bbox 327 2613 414 2645; x_wconf 73' lang='lat' dir='ltr'><strong>sacta</strong></span> <span class='ocrx_word' id='word_1_312' title='bbox 437 2620 488 2644; x_wconf 73' lang='lat' dir='ltr'><strong>est</strong></span> <span class='ocrx_word' id='word_1_313' title='bbox 513 2614 653 2644; x_wconf 73' lang='lat' dir='ltr'><strong>victima.</strong></span> 
     </span>
    </p>
   </div>
   <div class='ocr_carea' id='block_1_18' title="bbox 1131 1484 1139 1658">
    <p class='ocr_par' dir='ltr' id='par_1_20' title="bbox 1131 1484 1139 1658">
     <span class='ocr_line' id='line_1_51' title="bbox 1131 1484 1139 1658; baseline 0 0"><span class='ocrx_word' id='word_1_314' title='bbox 1131 1484 1139 1658; x_wconf 95' lang='lat' dir='ltr'><strong> </strong></span> 
     </span>
    </p>
   </div>
   <div class='ocr_carea' id='block_1_19' title="bbox 1129 2443 1135 2641">
    <p class='ocr_par' dir='ltr' id='par_1_21' title="bbox 1129 2443 1135 2641">
     <span class='ocr_line' id='line_1_52' title="bbox 1129 2443 1135 2641; baseline 0 317"><span class='ocrx_word' id='word_1_315' title='bbox 1129 2443 1135 2641; x_wconf 95' lang='lat' dir='ltr'><strong> </strong></span> 
     </span>
    </p>
   </div>
   <div class='ocr_carea' id='block_1_20' title="bbox 1157 373 2144 2606">
    <p class='ocr_par' dir='ltr' id='par_1_22' title="bbox 1158 373 2138 457">
     <span class='ocr_line' id='line_1_53' title="bbox 1159 373 2138 412; baseline 0.001 -7"><span class='ocrx_word' id='word_1_316' title='bbox 1159 375 1192 405; x_wconf 94' lang='lat' dir='ltr'><strong>in</strong></span> <span class='ocrx_word' id='word_1_317' title='bbox 1215 373 1438 412; x_wconf 87' lang='lat' dir='ltr'><strong>invocatione,</strong></span> <span class='ocrx_word' id='word_1_318' title='bbox 1454 380 1487 405; x_wconf 90' lang='lat' dir='ltr'><strong>et</strong></span> <span class='ocrx_word' id='word_1_319' title='bbox 1506 373 1679 405; x_wconf 85' lang='lat' dir='ltr'><strong>confirmat</strong></span> <span class='ocrx_word' id='word_1_320' title='bbox 1694 374 1823 405; x_wconf 72' lang='lat' dir='ltr'><strong>animoa</strong></span> <span class='ocrx_word' id='word_1_321' title='bbox 1845 374 1876 405; x_wconf 93' lang='lat' dir='ltr'><strong>in</strong></span> <span class='ocrx_word' id='word_1_322' title='bbox 1899 375 2138 406; x_wconf 82' lang='lat' dir='ltr'><strong>tentationibus</strong></span> 
     </span>
     <span class='ocr_line' id='line_1_54' title="bbox 1158 412 1614 457; baseline -0.004 -9"><span class='ocrx_word' id='word_1_323' title='bbox 1158 422 1193 448; x_wconf 86' lang='lat' dir='ltr'><strong>et</strong></span> <span class='ocrx_word' id='word_1_324' title='bbox 1215 412 1521 457; x_wconf 53' lang='lat' dir='ltr'><strong>persecutionibus]</strong></span> <span class='ocrx_word' id='word_1_325' title='bbox 1610 443 1614 446; x_wconf 85' lang='lat'><strong>.</strong></span> 
     </span>
    </p>

    <p class='ocr_par' dir='ltr' id='par_1_23' title="bbox 1157 458 2140 672">
     <span class='ocr_line' id='line_1_55' title="bbox 1245 458 2138 501; baseline 0.001 -11"><span class='ocrx_word' id='word_1_326' title='bbox 1245 458 1338 491; x_wconf 86' lang='lat' dir='ltr'><strong>Haec</strong></span> <span class='ocrx_word' id='word_1_327' title='bbox 1365 465 1443 490; x_wconf 91' lang='lat' dir='ltr'><strong>sunt</strong></span> <span class='ocrx_word' id='word_1_328' title='bbox 1472 459 1731 495; x_wconf 83' lang='lat' dir='ltr'><strong>consideranda3</strong></span> <span class='ocrx_word' id='word_1_329' title='bbox 1761 460 1837 501; x_wconf 89' lang='lat' dir='ltr'><strong>quia</strong></span> <span class='ocrx_word' id='word_1_330' title='bbox 1865 458 2000 491; x_wconf 83' lang='lat' dir='ltr'><strong>multum</strong></span> <span class='ocrx_word' id='word_1_331' title='bbox 2024 458 2138 499; x_wconf 77' lang='lat' dir='ltr'><strong>refert,</strong></span> 
     </span>
     <span class='ocr_line' id='line_1_56' title="bbox 1159 500 2139 543; baseline 0.001 -10"><span class='ocrx_word' id='word_1_332' title='bbox 1159 511 1236 533; x_wconf 86' lang='lat' dir='ltr'><strong>esse</strong></span> <span class='ocrx_word' id='word_1_333' title='bbox 1259 500 1447 543; x_wconf 85' lang='lat' dir='ltr'><strong>diligentem</strong></span> <span class='ocrx_word' id='word_1_334' title='bbox 1471 503 1503 532; x_wconf 91' lang='lat' dir='ltr'><strong>in</strong></span> <span class='ocrx_word' id='word_1_335' title='bbox 1527 502 1728 543; x_wconf 82' lang='lat' dir='ltr'><strong>proprietate</strong></span> <span class='ocrx_word' id='word_1_336' title='bbox 1757 503 1932 533; x_wconf 83' lang='lat' dir='ltr'><strong>sermonis.</strong></span> <span class='ocrx_word' id='word_1_337' title='bbox 1983 502 2054 534; x_wconf 84' lang='lat' dir='ltr'><strong>Nos</strong></span> <span class='ocrx_word' id='word_1_338' title='bbox 2085 503 2139 534; x_wconf 87' lang='lat' dir='ltr'><strong>de-</strong></span> 
     </span>
     <span class='ocr_line' id='line_1_57' title="bbox 1159 544 2139 587; baseline 0.001 -11"><span class='ocrx_word' id='word_1_339' title='bbox 1159 545 1274 576; x_wconf 86' lang='lat' dir='ltr'><strong>bemus</strong></span> <span class='ocrx_word' id='word_1_340' title='bbox 1298 554 1375 576; x_wconf 89' lang='lat' dir='ltr'><strong>esse</strong></span> <span class='ocrx_word' id='word_1_341' title='bbox 1396 544 1550 586; x_wconf 87' lang='lat' dir='ltr'><strong>discipuli</strong></span> <span class='ocrx_word' id='word_1_342' title='bbox 1573 545 1736 575; x_wconf 83' lang='lat' dir='ltr'><strong>sermonis</strong></span> <span class='ocrx_word' id='word_1_343' title='bbox 1760 545 1872 583; x_wconf 89' lang='lat' dir='ltr'><strong>divini,</strong></span> <span class='ocrx_word' id='word_1_344' title='bbox 1889 555 1954 576; x_wconf 87' lang='lat' dir='ltr'><strong>non</strong></span> <span class='ocrx_word' id='word_1_345' title='bbox 1969 552 2139 587; x_wconf 85' lang='lat' dir='ltr'><strong>corrupte-</strong></span> 
     </span>
     <span class='ocr_line' id='line_1_58' title="bbox 1158 585 2140 629; baseline 0.003 -12"><span class='ocrx_word' id='word_1_346' title='bbox 1158 585 1209 618; x_wconf 82' lang='lat' dir='ltr'><strong>las</strong></span> <span class='ocrx_word' id='word_1_347' title='bbox 1231 587 1406 626; x_wconf 86' lang='lat' dir='ltr'><strong>invehere,</strong></span> <span class='ocrx_word' id='word_1_348' title='bbox 1428 594 1484 619; x_wconf 85' lang='lat' dir='ltr'><strong>aut</strong></span> <span class='ocrx_word' id='word_1_349' title='bbox 1508 586 1630 619; x_wconf 83' lang='lat' dir='ltr'><strong>inferre</strong></span> <span class='ocrx_word' id='word_1_350' title='bbox 1652 593 1786 619; x_wconf 71' lang='lat' dir='ltr'><strong>nostras</strong></span> <span class='ocrx_word' id='word_1_351' title='bbox 1808 587 2076 629; x_wconf 84' lang='lat' dir='ltr'><strong>imaginationes,</strong></span> <span class='ocrx_word' id='word_1_352' title='bbox 2104 593 2140 620; x_wconf 72' lang='lat' dir='ltr'><strong>ut</strong></span> 
     </span>
     <span class='ocr_line' id='line_1_59' title="bbox 1157 628 1926 672; baseline 0.001 -12"><span class='ocrx_word' id='word_1_353' title='bbox 1157 628 1284 662; x_wconf 81' lang='lat' dir='ltr'><strong>faciunt</strong></span> <span class='ocrx_word' id='word_1_354' title='bbox 1306 629 1370 668; x_wconf 89' lang='lat' dir='ltr'><strong>illi,</strong></span> <span class='ocrx_word' id='word_1_355' title='bbox 1392 630 1447 672; x_wconf 90' lang='lat' dir='ltr'><strong>qui</strong></span> <span class='ocrx_word' id='word_1_356' title='bbox 1471 636 1688 672; x_wconf 84' lang='lat' dir='ltr'><strong>corrumpunt</strong></span> <span class='ocrx_word' id='word_1_357' title='bbox 1710 631 1926 670; x_wconf 73' lang='lat' dir='ltr'><strong>scripturam.</strong></span> 
     </span>
    </p>

    <p class='ocr_par' dir='ltr' id='par_1_24' title="bbox 1158 671 2140 876">
     <span class='ocr_line' id='line_1_60' title="bbox 1244 671 2139 715; baseline 0.002 -11"><span class='ocrx_word' id='word_1_358' title='bbox 1244 671 1357 704; x_wconf 88' lang='lat' dir='ltr'><strong>Solius</strong></span> <span class='ocrx_word' id='word_1_359' title='bbox 1379 671 1452 704; x_wconf 87' lang='lat' dir='ltr'><strong>Filii</strong></span> <span class='ocrx_word' id='word_1_360' title='bbox 1474 683 1582 711; x_wconf 89' lang='lat' dir='ltr'><strong>mors,</strong></span> <span class='ocrx_word' id='word_1_361' title='bbox 1606 674 1737 714; x_wconf 84' lang='lat' dir='ltr'><strong>passio,</strong></span> <span class='ocrx_word' id='word_1_362' title='bbox 1768 673 1969 704; x_wconf 80' lang='lat' dir='ltr'><strong>sacrificium</strong></span> <span class='ocrx_word' id='word_1_363' title='bbox 1992 679 2043 704; x_wconf 82' lang='lat' dir='ltr'><strong>est</strong></span> <span class='ocrx_word' id='word_1_364' title='bbox 2065 683 2139 715; x_wconf 80' lang='lat' dir='ltr'><strong>pre·</strong></span> 
     </span>
     <span class='ocr_line' id='line_1_61' title="bbox 1158 714 2139 758; baseline 0.001 -11"><span class='ocrx_word' id='word_1_365' title='bbox 1158 717 1236 747; x_wconf 90' lang='lat' dir='ltr'><strong>tium</strong></span> <span class='ocrx_word' id='word_1_366' title='bbox 1259 721 1290 747; x_wconf 87' lang='lat' dir='ltr'><strong>et</strong></span> <span class='ocrx_word' id='word_1_367' title='bbox 1313 715 1503 758; x_wconf 77' lang='grc' dir='ltr'><em>ἀντίλυτρον,</em></span> <span class='ocrx_word' id='word_1_368' title='bbox 1527 726 1593 758; x_wconf 87' lang='lat' dir='ltr'><strong>quo</strong></span> <span class='ocrx_word' id='word_1_369' title='bbox 1616 714 1824 747; x_wconf 84' lang='lat' dir='ltr'><strong>satisfactum</strong></span> <span class='ocrx_word' id='word_1_370' title='bbox 1848 722 1901 747; x_wconf 85' lang='lat' dir='ltr'><strong>est</strong></span> <span class='ocrx_word' id='word_1_371' title='bbox 1925 716 2069 748; x_wconf 85' lang='lat' dir='ltr'><strong>iustitiae</strong></span> <span class='ocrx_word' id='word_1_372' title='bbox 2092 717 2139 748; x_wconf 85' lang='lat' dir='ltr'><strong>di·</strong></span> 
     </span>
     <span class='ocr_line' id='line_1_62' title="bbox 1321 757 2140 800; baseline 0.001 -11"><span class='ocrx_word' id='word_1_373' title='bbox 1321 757 1397 789; x_wconf 90' lang='lat' dir='ltr'><strong>ldeo</strong></span> <span class='ocrx_word' id='word_1_374' title='bbox 1432 757 1586 790; x_wconf 83' lang='lat' dir='ltr'><strong>Christus</strong></span> <span class='ocrx_word' id='word_1_375' title='bbox 1617 765 1670 790; x_wconf 88' lang='lat' dir='ltr'><strong>est</strong></span> <span class='ocrx_word' id='word_1_376' title='bbox 1702 757 1891 800; x_wconf 86' lang='lat' dir='ltr'><strong>paracletus</strong></span> <span class='ocrx_word' id='word_1_377' title='bbox 1922 765 2054 797; x_wconf 85' lang='lat' dir='ltr'><strong>noster,</strong></span> <span class='ocrx_word' id='word_1_378' title='bbox 2087 769 2140 790; x_wconf 83' lang='lat' dir='ltr'><strong>re-</strong></span> 
     </span>
     <span class='ocr_line' id='line_1_63' title="bbox 1158 800 2140 875; baseline 0.001 -43"><span class='ocrx_word' id='word_1_379' title='bbox 1158 802 1308 875; x_wconf 59' lang='lat' dir='ltr'><strong>splective</strong></span> <span class='ocrx_word' id='word_1_380' title='bbox 1342 801 1383 832; x_wconf 86' lang='lat' dir='ltr'><strong>ad</strong></span> <span class='ocrx_word' id='word_1_381' title='bbox 1419 800 1568 839; x_wconf 83' lang='lat' dir='ltr'><strong>Patrem,</strong></span> <span class='ocrx_word' id='word_1_382' title='bbox 1602 801 1744 843; x_wconf 87' lang='lat' dir='ltr'><strong>Spiritus</strong></span> <span class='ocrx_word' id='word_1_383' title='bbox 1778 807 1915 834; x_wconf 84' lang='lat' dir='ltr'><strong>sanctus</strong></span> <span class='ocrx_word' id='word_1_384' title='bbox 1950 803 2140 843; x_wconf 81' lang='lat' dir='ltr'><strong>respective</strong></span> 
     </span>
     <span class='ocr_line' id='line_1_64' title="bbox 1158 853 1298 876; baseline -0.021 0"><span class='ocrx_word' id='word_1_385' title='bbox 1158 855 1178 876; x_wconf 87' lang='lat' dir='ltr'><strong>a</strong></span> <span class='ocrx_word' id='word_1_386' title='bbox 1225 853 1298 875; x_wconf 77' lang='lat' dir='ltr'><strong>nos,</strong></span> 
     </span>
    </p>

    <p class='ocr_par' dir='ltr' id='par_1_25' title="bbox 1159 886 2142 1228">
     <span class='ocr_line' id='line_1_65' title="bbox 1245 886 2140 929; baseline 0 -11"><span class='ocrx_word' id='word_1_387' title='bbox 1245 886 1337 918; x_wconf 78' lang='lat' dir='ltr'><strong>Haec</strong></span> <span class='ocrx_word' id='word_1_388' title='bbox 1370 886 1532 918; x_wconf 81' lang='lat' dir='ltr'><strong>beneficia</strong></span> <span class='ocrx_word' id='word_1_389' title='bbox 1564 886 1638 918; x_wconf 89' lang='lat' dir='ltr'><strong>Filii</strong></span> <span class='ocrx_word' id='word_1_390' title='bbox 1667 892 1700 918; x_wconf 86' lang='lat' dir='ltr'><strong>et</strong></span> <span class='ocrx_word' id='word_1_391' title='bbox 1730 886 1874 928; x_wconf 73' lang='lat' dir='ltr'><strong>Spiritus</strong></span> <span class='ocrx_word' id='word_1_392' title='bbox 1906 887 2012 918; x_wconf 87' lang='lat' dir='ltr'><strong>sancti</strong></span> <span class='ocrx_word' id='word_1_393' title='bbox 2049 887 2140 929; x_wconf 82' lang='lat' dir='ltr'><strong>cogi·</strong></span> 
     </span>
     <span class='ocr_line' id='line_1_66' title="bbox 1159 929 2139 971; baseline -0.001 -10"><span class='ocrx_word' id='word_1_394' title='bbox 1159 929 1260 961; x_wconf 85' lang='lat' dir='ltr'><strong>tanda</strong></span> <span class='ocrx_word' id='word_1_395' title='bbox 1282 935 1360 961; x_wconf 87' lang='lat' dir='ltr'><strong>sunt</strong></span> <span class='ocrx_word' id='word_1_396' title='bbox 1389 929 1421 960; x_wconf 90' lang='lat' dir='ltr'><strong>in</strong></span> <span class='ocrx_word' id='word_1_397' title='bbox 1445 929 1672 965; x_wconf 88' lang='lat' dir='ltr'><strong>invocatione,</strong></span> <span class='ocrx_word' id='word_1_398' title='bbox 1701 935 1734 961; x_wconf 86' lang='lat' dir='ltr'><strong>et</strong></span> <span class='ocrx_word' id='word_1_399' title='bbox 1764 930 1980 971; x_wconf 84' lang='lat' dir='ltr'><strong>agnoscenda</strong></span> <span class='ocrx_word' id='word_1_400' title='bbox 2008 935 2061 961; x_wconf 86' lang='lat' dir='ltr'><strong>est</strong></span> <span class='ocrx_word' id='word_1_401' title='bbox 2082 930 2139 961; x_wconf 89' lang='lat' dir='ltr'><strong>im-</strong></span> 
     </span>
     <span class='ocr_line' id='line_1_67' title="bbox 1159 970 2140 1004; baseline 0 -1"><span class='ocrx_word' id='word_1_402' title='bbox 1159 982 1274 1003; x_wconf 90' lang='lat' dir='ltr'><strong>mensa</strong></span> <span class='ocrx_word' id='word_1_403' title='bbox 1303 973 1434 1003; x_wconf 85' lang='lat' dir='ltr'><strong>bonitas</strong></span> <span class='ocrx_word' id='word_1_404' title='bbox 1463 971 1526 1003; x_wconf 90' lang='lat' dir='ltr'><strong>Dei</strong></span> <span class='ocrx_word' id='word_1_405' title='bbox 1554 970 1722 1003; x_wconf 86' lang='lat' dir='ltr'><strong>declarata</strong></span> <span class='ocrx_word' id='word_1_406' title='bbox 1751 982 1817 1003; x_wconf 93' lang='lat' dir='ltr'><strong>non</strong></span> <span class='ocrx_word' id='word_1_407' title='bbox 1846 978 1972 1004; x_wconf 78' lang='lat' dir='ltr'><strong>tantum</strong></span> <span class='ocrx_word' id='word_1_408' title='bbox 1999 973 2032 1004; x_wconf 93' lang='lat' dir='ltr'><strong>in</strong></span> <span class='ocrx_word' id='word_1_409' title='bbox 2062 973 2140 1003; x_wconf 80' lang='lat' dir='ltr'><strong>mis-</strong></span> 
     </span>
     <span class='ocr_line' id='line_1_68' title="bbox 1159 1013 2141 1055; baseline 0 -9"><span class='ocrx_word' id='word_1_410' title='bbox 1159 1016 1254 1046; x_wconf 82' lang='lat' dir='ltr'><strong>sione</strong></span> <span class='ocrx_word' id='word_1_411' title='bbox 1278 1013 1370 1054; x_wconf 89' lang='lat' dir='ltr'><strong>Filii,</strong></span> <span class='ocrx_word' id='word_1_412' title='bbox 1394 1015 1453 1047; x_wconf 90' lang='lat' dir='ltr'><strong>sed</strong></span> <span class='ocrx_word' id='word_1_413' title='bbox 1479 1015 1576 1046; x_wconf 85' lang='lat' dir='ltr'><strong>etiam</strong></span> <span class='ocrx_word' id='word_1_414' title='bbox 1600 1016 1632 1046; x_wconf 88' lang='lat' dir='ltr'><strong>in</strong></span> <span class='ocrx_word' id='word_1_415' title='bbox 1656 1015 1834 1046; x_wconf 83' lang='lat' dir='ltr'><strong>donatione</strong></span> <span class='ocrx_word' id='word_1_416' title='bbox 1857 1014 1999 1055; x_wconf 80' lang='lat' dir='ltr'><strong>Spiritus</strong></span> <span class='ocrx_word' id='word_1_417' title='bbox 2023 1016 2141 1046; x_wconf 81' lang='lat' dir='ltr'><strong>sancti.</strong></span> 
     </span>
     <span class='ocr_line' id='line_1_69' title="bbox 1160 1057 2142 1100; baseline 0 -11"><span class='ocrx_word' id='word_1_418' title='bbox 1160 1057 1280 1094; x_wconf 51' lang='lat' dir='ltr'><strong>Cogita</strong></span> <span class='ocrx_word' id='word_1_419' title='bbox 1303 1059 1406 1096; x_wconf 85' lang='lat' dir='ltr'><strong>enim,</strong></span> <span class='ocrx_word' id='word_1_420' title='bbox 1431 1063 1555 1100; x_wconf 82' lang='lat' dir='ltr'><strong>quanta</strong></span> <span class='ocrx_word' id='word_1_421' title='bbox 1577 1067 1633 1089; x_wconf 79' lang='lat' dir='ltr'><strong>res</strong></span> <span class='ocrx_word' id='word_1_422' title='bbox 1656 1058 1715 1098; x_wconf 83' lang='lat' dir='ltr'><strong>sit,</strong></span> <span class='ocrx_word' id='word_1_423' title='bbox 1745 1058 1834 1099; x_wconf 90' lang='lat' dir='ltr'><strong>quod</strong></span> <span class='ocrx_word' id='word_1_424' title='bbox 1858 1058 2012 1090; x_wconf 86' lang='lat' dir='ltr'><strong>divinitas</strong></span> <span class='ocrx_word' id='word_1_425' title='bbox 2035 1058 2079 1089; x_wconf 85' lang='lat' dir='ltr'><strong>ita</strong></span> <span class='ocrx_word' id='word_1_426' title='bbox 2103 1066 2142 1089; x_wconf 81' lang='lat' dir='ltr'><strong>se</strong></span> 
     </span>
     <span class='ocr_line' id='line_1_70' title="bbox 1160 1099 2142 1138; baseline -0.002 -5"><span class='ocrx_word' id='word_1_427' title='bbox 1160 1101 1295 1133; x_wconf 77' lang='lat' dir='ltr'><strong>effundit</strong></span> <span class='ocrx_word' id='word_1_428' title='bbox 1324 1101 1355 1131; x_wconf 91' lang='lat' dir='ltr'><strong>in</strong></span> <span class='ocrx_word' id='word_1_429' title='bbox 1384 1099 1471 1131; x_wconf 91' lang='lat' dir='ltr'><strong>hanc</strong></span> <span class='ocrx_word' id='word_1_430' title='bbox 1500 1101 1654 1132; x_wconf 79' lang='lat' dir='ltr'><strong>miseram</strong></span> <span class='ocrx_word' id='word_1_431' title='bbox 1683 1106 1851 1138; x_wconf 85' lang='lat' dir='ltr'><strong>naturam,</strong></span> <span class='ocrx_word' id='word_1_432' title='bbox 1885 1107 1918 1132; x_wconf 90' lang='lat' dir='ltr'><strong>ut</strong></span> <span class='ocrx_word' id='word_1_433' title='bbox 1942 1111 2008 1132; x_wconf 89' lang='lat' dir='ltr'><strong>non</strong></span> <span class='ocrx_word' id='word_1_434' title='bbox 2032 1099 2142 1132; x_wconf 88' lang='lat' dir='ltr'><strong>solum</strong></span> 
     </span>
     <span class='ocr_line' id='line_1_71' title="bbox 1161 1142 2141 1185; baseline 0 -10"><span class='ocrx_word' id='word_1_435' title='bbox 1161 1145 1262 1175; x_wconf 89' lang='lat' dir='ltr'><strong>donet</strong></span> <span class='ocrx_word' id='word_1_436' title='bbox 1285 1143 1384 1175; x_wconf 91' lang='lat' dir='ltr'><strong>nobis</strong></span> <span class='ocrx_word' id='word_1_437' title='bbox 1407 1142 1540 1182; x_wconf 83' lang='lat' dir='ltr'><strong>Filium,</strong></span> <span class='ocrx_word' id='word_1_438' title='bbox 1564 1144 1625 1175; x_wconf 89' lang='lat' dir='ltr'><strong>sed</strong></span> <span class='ocrx_word' id='word_1_439' title='bbox 1649 1144 1746 1175; x_wconf 86' lang='lat' dir='ltr'><strong>etiam</strong></span> <span class='ocrx_word' id='word_1_440' title='bbox 1769 1153 1832 1175; x_wconf 85' lang='lat' dir='ltr'><strong>suo</strong></span> <span class='ocrx_word' id='word_1_441' title='bbox 1856 1144 1975 1185; x_wconf 88' lang='lat' dir='ltr'><strong>Spiritu</strong></span> <span class='ocrx_word' id='word_1_442' title='bbox 1998 1154 2060 1175; x_wconf 82' lang='lat' dir='ltr'><strong>nos</strong></span> <span class='ocrx_word' id='word_1_443' title='bbox 2084 1153 2141 1175; x_wconf 86' lang='lat' dir='ltr'><strong>co-</strong></span> 
     </span>
     <span class='ocr_line' id='line_1_72' title="bbox 1161 1185 1347 1228; baseline -0.005 -10"><span class='ocrx_word' id='word_1_444' title='bbox 1161 1185 1249 1228; x_wconf 90' lang='lat' dir='ltr'><strong>pulet</strong></span> <span class='ocrx_word' id='word_1_445' title='bbox 1273 1187 1347 1217; x_wconf 87' lang='lat' dir='ltr'><strong>sibi.</strong></span> 
     </span>
    </p>

    <p class='ocr_par' dir='ltr' id='par_1_26' title="bbox 1160 1228 2144 1657">
     <span class='ocr_line' id='line_1_73' title="bbox 1247 1228 2142 1271; baseline 0.001 -11"><span class='ocrx_word' id='word_1_446' title='bbox 1247 1229 1313 1260; x_wconf 86' lang='lat' dir='ltr'><strong>Pro</strong></span> <span class='ocrx_word' id='word_1_447' title='bbox 1348 1229 1399 1260; x_wconf 92' lang='lat' dir='ltr'><strong>his</strong></span> <span class='ocrx_word' id='word_1_448' title='bbox 1433 1228 1604 1260; x_wconf 77' lang='lat' dir='ltr'><strong>beneficiis</strong></span> <span class='ocrx_word' id='word_1_449' title='bbox 1638 1229 1835 1259; x_wconf 81' lang='lat' dir='ltr'><strong>deberemus</strong></span> <span class='ocrx_word' id='word_1_450' title='bbox 1866 1238 1944 1260; x_wconf 87' lang='lat' dir='ltr'><strong>esse</strong></span> <span class='ocrx_word' id='word_1_451' title='bbox 1975 1231 2078 1271; x_wconf 83' lang='lat' dir='ltr'><strong>grati,</strong></span> <span class='ocrx_word' id='word_1_452' title='bbox 2108 1235 2142 1261; x_wconf 84' lang='lat' dir='ltr'><strong>et</strong></span> 
     </span>
     <span class='ocr_line' id='line_1_74' title="bbox 1160 1270 2142 1314; baseline 0 -11"><span class='ocrx_word' id='word_1_453' title='bbox 1160 1278 1285 1314; x_wconf 89' lang='lat' dir='ltr'><strong>petere,</strong></span> <span class='ocrx_word' id='word_1_454' title='bbox 1305 1278 1340 1303; x_wconf 89' lang='lat' dir='ltr'><strong>ut</strong></span> <span class='ocrx_word' id='word_1_455' title='bbox 1360 1271 1452 1303; x_wconf 89' lang='lat' dir='ltr'><strong>Deus</strong></span> <span class='ocrx_word' id='word_1_456' title='bbox 1474 1277 1611 1313; x_wconf 85' lang='lat' dir='ltr'><strong>propter</strong></span> <span class='ocrx_word' id='word_1_457' title='bbox 1629 1270 1743 1302; x_wconf 77' lang='lat' dir='ltr'><strong>filium</strong></span> <span class='ocrx_word' id='word_1_458' title='bbox 1768 1270 1866 1302; x_wconf 84' lang='lat' dir='ltr'><strong>saciat</strong></span> <span class='ocrx_word' id='word_1_459' title='bbox 1889 1281 1951 1302; x_wconf 87' lang='lat' dir='ltr'><strong>nos</strong></span> <span class='ocrx_word' id='word_1_460' title='bbox 1975 1271 2142 1304; x_wconf 74' lang='lat' dir='ltr'><strong>domicilia</strong></span> 
     </span>
     <span class='ocr_line' id='line_1_75' title="bbox 1515 1314 2141 1356; baseline 0.002 -11"><span class='ocrx_word' id='word_1_461' title='bbox 1515 1314 1669 1349; x_wconf 86' lang='lat' dir='ltr'><strong>Quotidie</strong></span> <span class='ocrx_word' id='word_1_462' title='bbox 1702 1314 1851 1356; x_wconf 80' lang='lat' dir='ltr'><strong>agendae</strong></span> <span class='ocrx_word' id='word_1_463' title='bbox 1885 1321 1978 1345; x_wconf 85' lang='lat' dir='ltr'><strong>erant</strong></span> <span class='ocrx_word' id='word_1_464' title='bbox 2014 1315 2141 1356; x_wconf 81' lang='lat' dir='ltr'><strong>gratiae</strong></span> 
     </span>
     <span class='ocr_line' id='line_1_76' title="bbox 1161 1355 2142 1397; baseline 0 -8"><span class='ocrx_word' id='word_1_465' title='bbox 1161 1357 1256 1395; x_wconf 88' lang='lat' dir='ltr'><strong>Deo,</strong></span> <span class='ocrx_word' id='word_1_466' title='bbox 1294 1366 1362 1388; x_wconf 89' lang='lat' dir='ltr'><strong>non</strong></span> <span class='ocrx_word' id='word_1_467' title='bbox 1403 1355 1511 1388; x_wconf 91' lang='lat' dir='ltr'><strong>solum</strong></span> <span class='ocrx_word' id='word_1_468' title='bbox 1551 1367 1612 1397; x_wconf 88' lang='lat' dir='ltr'><strong>pro</strong></span> <span class='ocrx_word' id='word_1_469' title='bbox 1648 1357 1818 1388; x_wconf 84' lang='lat' dir='ltr'><strong>creatione</strong></span> <span class='ocrx_word' id='word_1_470' title='bbox 1851 1362 1883 1387; x_wconf 83' lang='lat' dir='ltr'><strong>et</strong></span> <span class='ocrx_word' id='word_1_471' title='bbox 1917 1355 2142 1397; x_wconf 76' lang='lat' dir='ltr'><strong>patefactione</strong></span> 
     </span>
     <span class='ocr_line' id='line_1_77' title="bbox 1162 1398 2143 1440; baseline -0.001 -8"><span class='ocrx_word' id='word_1_472' title='bbox 1162 1401 1266 1438; x_wconf 89' lang='lat' dir='ltr'><strong>verbi,</strong></span> <span class='ocrx_word' id='word_1_473' title='bbox 1289 1400 1349 1431; x_wconf 89' lang='lat' dir='ltr'><strong>sed</strong></span> <span class='ocrx_word' id='word_1_474' title='bbox 1373 1400 1470 1431; x_wconf 85' lang='lat' dir='ltr'><strong>etiam</strong></span> <span class='ocrx_word' id='word_1_475' title='bbox 1493 1409 1554 1440; x_wconf 89' lang='lat' dir='ltr'><strong>pro</strong></span> <span class='ocrx_word' id='word_1_476' title='bbox 1579 1399 1802 1440; x_wconf 86' lang='lat' dir='ltr'><strong>redemptione</strong></span> <span class='ocrx_word' id='word_1_477' title='bbox 1825 1409 1885 1440; x_wconf 85' lang='lat' dir='ltr'><strong>per</strong></span> <span class='ocrx_word' id='word_1_478' title='bbox 1907 1398 2086 1439; x_wconf 86' lang='lat' dir='ltr'><strong>Christum,</strong></span> <span class='ocrx_word' id='word_1_479' title='bbox 2109 1405 2143 1431; x_wconf 75' lang='lat' dir='ltr'><strong>et</strong></span> 
     </span>
     <span class='ocr_line' id='line_1_78' title="bbox 1162 1441 2144 1485; baseline 0.001 -12"><span class='ocrx_word' id='word_1_480' title='bbox 1162 1454 1223 1485; x_wconf 90' lang='lat' dir='ltr'><strong>pro</strong></span> <span class='ocrx_word' id='word_1_481' title='bbox 1248 1443 1424 1474; x_wconf 78' lang='lat' dir='ltr'><strong>donatione</strong></span> <span class='ocrx_word' id='word_1_482' title='bbox 1448 1441 1591 1483; x_wconf 87' lang='lat' dir='ltr'><strong>Spiritus</strong></span> <span class='ocrx_word' id='word_1_483' title='bbox 1616 1443 1733 1474; x_wconf 88' lang='lat' dir='ltr'><strong>sancti.</strong></span> <span class='ocrx_word' id='word_1_484' title='bbox 1785 1441 1907 1473; x_wconf 85' lang='lat' dir='ltr'><strong>Postea</strong></span> <span class='ocrx_word' id='word_1_485' title='bbox 1939 1451 2001 1473; x_wconf 89' lang='lat' dir='ltr'><strong>suo</strong></span> <span class='ocrx_word' id='word_1_486' title='bbox 2025 1443 2144 1474; x_wconf 80' lang='lat' dir='ltr'><strong>ordino</strong></span> 
     </span>
     <span class='ocr_line' id='line_1_79' title="bbox 1162 1485 2142 1528; baseline -0.001 -11"><span class='ocrx_word' id='word_1_487' title='bbox 1162 1487 1315 1518; x_wconf 85' lang='lat' dir='ltr'><strong>addenda</strong></span> <span class='ocrx_word' id='word_1_488' title='bbox 1350 1491 1421 1517; x_wconf 86' lang='lat' dir='ltr'><strong>erat</strong></span> <span class='ocrx_word' id='word_1_489' title='bbox 1455 1485 1636 1528; x_wconf 85' lang='lat' dir='ltr'><strong>gratiarum</strong></span> <span class='ocrx_word' id='word_1_490' title='bbox 1670 1485 1758 1516; x_wconf 84' lang='lat' dir='ltr'><strong>actio</strong></span> <span class='ocrx_word' id='word_1_491' title='bbox 1786 1495 1848 1526; x_wconf 89' lang='lat' dir='ltr'><strong>pro</strong></span> <span class='ocrx_word' id='word_1_492' title='bbox 1877 1485 2046 1524; x_wconf 84' lang='lat' dir='ltr'><strong>doctrina,</strong></span> <span class='ocrx_word' id='word_1_493' title='bbox 2080 1493 2142 1526; x_wconf 87' lang='lat' dir='ltr'><strong>pro</strong></span> 
     </span>
     <span class='ocr_line' id='line_1_80' title="bbox 1162 1528 2143 1570; baseline 0 -10"><span class='ocrx_word' id='word_1_494' title='bbox 1162 1529 1354 1563; x_wconf 84' lang='lat' dir='ltr'><strong>nutritione,</strong></span> <span class='ocrx_word' id='word_1_495' title='bbox 1377 1538 1439 1570; x_wconf 89' lang='lat' dir='ltr'><strong>pro</strong></span> <span class='ocrx_word' id='word_1_496' title='bbox 1464 1529 1718 1560; x_wconf 78' lang='lat' dir='ltr'><strong>conservatione</strong></span> <span class='ocrx_word' id='word_1_497' title='bbox 1740 1528 1862 1569; x_wconf 91' lang='lat' dir='ltr'><strong>politici</strong></span> <span class='ocrx_word' id='word_1_498' title='bbox 1887 1528 2026 1559; x_wconf 82' lang='lat' dir='ltr'><strong>ordinis:</strong></span> <span class='ocrx_word' id='word_1_499' title='bbox 2056 1529 2143 1560; x_wconf 87' lang='lat' dir='ltr'><strong>sicut</strong></span> 
     </span>
     <span class='ocr_line' id='line_1_81' title="bbox 1162 1569 2142 1613; baseline -0.002 -9"><span class='ocrx_word' id='word_1_500' title='bbox 1162 1572 1324 1604; x_wconf 84' lang='lat' dir='ltr'><strong>eiusmodi</strong></span> <span class='ocrx_word' id='word_1_501' title='bbox 1353 1569 1480 1603; x_wconf 68' lang='lat' dir='ltr'><strong>sot-mae</strong></span> <span class='ocrx_word' id='word_1_502' title='bbox 1508 1571 1686 1613; x_wconf 87' lang='lat' dir='ltr'><strong>gratiarum</strong></span> <span class='ocrx_word' id='word_1_503' title='bbox 1715 1571 1856 1603; x_wconf 86' lang='lat' dir='ltr'><strong>actionis</strong></span> <span class='ocrx_word' id='word_1_504' title='bbox 1885 1577 1918 1602; x_wconf 87' lang='lat' dir='ltr'><strong>et</strong></span> <span class='ocrx_word' id='word_1_505' title='bbox 1941 1571 2142 1612; x_wconf 80' lang='lat' dir='ltr'><strong>precationis</strong></span> 
     </span>
     <span class='ocr_line' id='line_1_82' title="bbox 1162 1613 1885 1657; baseline -0.003 -12"><span class='ocrx_word' id='word_1_506' title='bbox 1162 1625 1265 1657; x_wconf 86' lang='lat' dir='ltr'><strong>saepe</strong></span> <span class='ocrx_word' id='word_1_507' title='bbox 1286 1620 1482 1657; x_wconf 83' lang='lat' dir='ltr'><strong>repetuntur</strong></span> <span class='ocrx_word' id='word_1_508' title='bbox 1504 1615 1537 1646; x_wconf 90' lang='lat' dir='ltr'><strong>in</strong></span> <span class='ocrx_word' id='word_1_509' title='bbox 1560 1615 1686 1646; x_wconf 88' lang='lat' dir='ltr'><strong>nostris</strong></span> <span class='ocrx_word' id='word_1_510' title='bbox 1710 1613 1885 1646; x_wconf 78' lang='lat' dir='ltr'><strong>EcclesiiS.</strong></span> 
     </span>
    </p>

    <p class='ocr_par' dir='ltr' id='par_1_27' title="bbox 1160 1655 2143 1906">
     <span class='ocr_line' id='line_1_83' title="bbox 1249 1655 2142 1698; baseline -0.003 -7"><span class='ocrx_word' id='word_1_511' title='bbox 1249 1659 1282 1691; x_wconf 92' lang='lat' dir='ltr'><strong>Si</strong></span> <span class='ocrx_word' id='word_1_512' title='bbox 1315 1657 1469 1690; x_wconf 91' lang='lat' dir='ltr'><strong>volumus</strong></span> <span class='ocrx_word' id='word_1_513' title='bbox 1504 1668 1580 1690; x_wconf 89' lang='lat' dir='ltr'><strong>esse</strong></span> <span class='ocrx_word' id='word_1_514' title='bbox 1612 1658 1760 1689; x_wconf 87' lang='lat' dir='ltr'><strong>membra</strong></span> <span class='ocrx_word' id='word_1_515' title='bbox 1795 1655 1983 1694; x_wconf 77' lang='lat' dir='ltr'><strong>Ecclesiae,</strong></span> <span class='ocrx_word' id='word_1_516' title='bbox 2017 1666 2142 1698; x_wconf 77' lang='lat' dir='ltr'><strong>nequa-</strong></span> 
     </span>
     <span class='ocr_line' id='line_1_84' title="bbox 1161 1699 2143 1744; baseline -0.002 -11"><span class='ocrx_word' id='word_1_517' title='bbox 1161 1712 1259 1744; x_wconf 84' lang='lat' dir='ltr'><strong>quam</strong></span> <span class='ocrx_word' id='word_1_518' title='bbox 1290 1701 1449 1733; x_wconf 86' lang='lat' dir='ltr'><strong>debemus</strong></span> <span class='ocrx_word' id='word_1_519' title='bbox 1482 1701 1526 1733; x_wconf 88' lang='lat' dir='ltr'><strong>ita</strong></span> <span class='ocrx_word' id='word_1_520' title='bbox 1560 1710 1637 1732; x_wconf 89' lang='lat' dir='ltr'><strong>esse</strong></span> <span class='ocrx_word' id='word_1_521' title='bbox 1667 1699 1773 1738; x_wconf 80' lang='lat' dir='ltr'><strong>efferi,</strong></span> <span class='ocrx_word' id='word_1_522' title='bbox 1808 1706 1842 1731; x_wconf 88' lang='lat' dir='ltr'><strong>ut</strong></span> <span class='ocrx_word' id='word_1_523' title='bbox 1873 1706 2026 1740; x_wconf 87' lang='lat' dir='ltr'><strong>putemus</strong></span> <span class='ocrx_word' id='word_1_524' title='bbox 2050 1706 2143 1740; x_wconf 80' lang='lat' dir='ltr'><strong>petu—</strong></span> 
     </span>
     <span class='ocr_line' id='line_1_85' title="bbox 1160 1742 2143 1785; baseline -0.003 -9"><span class='ocrx_word' id='word_1_525' title='bbox 1160 1744 1293 1776; x_wconf 86' lang='lat' dir='ltr'><strong>lantiam</strong></span> <span class='ocrx_word' id='word_1_526' title='bbox 1316 1755 1461 1783; x_wconf 86' lang='lat' dir='ltr'><strong>morunt,</strong></span> <span class='ocrx_word' id='word_1_527' title='bbox 1484 1751 1515 1775; x_wconf 88' lang='lat' dir='ltr'><strong>et</strong></span> <span class='ocrx_word' id='word_1_528' title='bbox 1540 1742 1782 1785; x_wconf 79' lang='lat' dir='ltr'><strong>neglectionem</strong></span> <span class='ocrx_word' id='word_1_529' title='bbox 1807 1744 1950 1774; x_wconf 85' lang='lat' dir='ltr'><strong>omnium</strong></span> <span class='ocrx_word' id='word_1_530' title='bbox 1973 1743 2143 1774; x_wconf 76' lang='lat' dir='ltr'><strong>exercitio-</strong></span> 
     </span>
     <span class='ocr_line' id='line_1_86' title="bbox 1162 1785 2143 1829; baseline -0.002 -10"><span class='ocrx_word' id='word_1_531' title='bbox 1162 1799 1232 1820; x_wconf 88' lang='lat' dir='ltr'><strong>rum</strong></span> <span class='ocrx_word' id='word_1_532' title='bbox 1256 1787 1399 1829; x_wconf 87' lang='lat' dir='ltr'><strong>pietatis,</strong></span> <span class='ocrx_word' id='word_1_533' title='bbox 1419 1797 1496 1819; x_wconf 83' lang='lat' dir='ltr'><strong>esse</strong></span> <span class='ocrx_word' id='word_1_534' title='bbox 1519 1786 1701 1818; x_wconf 87' lang='lat' dir='ltr'><strong>libertatem</strong></span> <span class='ocrx_word' id='word_1_535' title='bbox 1722 1786 1956 1817; x_wconf 80' lang='lat' dir='ltr'><strong>Christianam.</strong></span> <span class='ocrx_word' id='word_1_536' title='bbox 2003 1785 2068 1816; x_wconf 82' lang='lat' dir='ltr'><strong>lsta</strong></span> <span class='ocrx_word' id='word_1_537' title='bbox 2091 1790 2143 1817; x_wconf 79' lang='lat' dir='ltr'><strong>est</strong></span> 
     </span>
     <span class='ocr_line' id='line_1_87' title="bbox 1161 1829 2143 1874; baseline -0.002 -12"><span class='ocrx_word' id='word_1_538' title='bbox 1161 1829 1344 1874; x_wconf 75' lang='lat' dir='ltr'><strong>Cyclopum</strong></span> <span class='ocrx_word' id='word_1_539' title='bbox 1372 1836 1404 1862; x_wconf 88' lang='lat' dir='ltr'><strong>et</strong></span> <span class='ocrx_word' id='word_1_540' title='bbox 1432 1830 1685 1861; x_wconf 75' lang='lat' dir='ltr'><strong>Antinomorum</strong></span> <span class='ocrx_word' id='word_1_541' title='bbox 1715 1830 1796 1863; x_wconf 68' lang='lat' dir='ltr'><strong>vitm</strong></span> <span class='ocrx_word' id='word_1_542' title='bbox 1828 1836 1859 1860; x_wconf 89' lang='lat' dir='ltr'><strong>et</strong></span> <span class='ocrx_word' id='word_1_543' title='bbox 1882 1834 1935 1860; x_wconf 85' lang='lat' dir='ltr'><strong>est</strong></span> <span class='ocrx_word' id='word_1_544' title='bbox 1959 1829 2143 1867; x_wconf 78' lang='lat' dir='ltr'><strong>barbaries,</strong></span> 
     </span>
     <span class='ocr_line' id='line_1_88' title="bbox 1161 1872 1923 1906; baseline -0.005 -1"><span class='ocrx_word' id='word_1_545' title='bbox 1161 1873 1276 1906; x_wconf 80' lang='lat' dir='ltr'><strong>similis</strong></span> <span class='ocrx_word' id='word_1_546' title='bbox 1301 1872 1462 1905; x_wconf 84' lang='lat' dir='ltr'><strong>Ethnicae</strong></span> <span class='ocrx_word' id='word_1_547' title='bbox 1485 1879 1540 1904; x_wconf 84' lang='lat' dir='ltr'><strong>aut</strong></span> <span class='ocrx_word' id='word_1_548' title='bbox 1563 1872 1725 1904; x_wconf 86' lang='lat' dir='ltr'><strong>Turcicae</strong></span> <span class='ocrx_word' id='word_1_549' title='bbox 1749 1872 1923 1903; x_wconf 74' lang='lat' dir='ltr'><strong>barbarici.</strong></span> 
     </span>
    </p>

    <p class='ocr_par' dir='ltr' id='par_1_28' title="bbox 1160 1914 2142 2251">
     <span class='ocr_line' id='line_1_89' title="bbox 1248 1914 2142 1952; baseline -0.003 -4"><span class='ocrx_word' id='word_1_550' title='bbox 1248 1918 1359 1952; x_wconf 79' lang='lat' dir='ltr'><strong>Quare</strong></span> <span class='ocrx_word' id='word_1_551' title='bbox 1387 1915 1516 1947; x_wconf 84' lang='lat' dir='ltr'><strong>Turcae</strong></span> <span class='ocrx_word' id='word_1_552' title='bbox 1545 1917 1576 1947; x_wconf 90' lang='lat' dir='ltr'><strong>in</strong></span> <span class='ocrx_word' id='word_1_553' title='bbox 1604 1915 1766 1946; x_wconf 75' lang='lat' dir='ltr'><strong>vaticiniis</strong></span> <span class='ocrx_word' id='word_1_554' title='bbox 1792 1915 1949 1944; x_wconf 76' lang='lat' dir='ltr'><strong>Methode&#39;e&#39;</strong></span> <span class='ocrx_word' id='word_1_555' title='bbox 1970 1914 2142 1945; x_wconf 84' lang='lat' dir='ltr'><strong>nominan-</strong></span> 
     </span>
     <span class='ocr_line' id='line_1_90' title="bbox 1160 1956 2141 1999; baseline -0.002 -8"><span class='ocrx_word' id='word_1_556' title='bbox 1160 1968 1232 1999; x_wconf 91' lang='lat' dir='ltr'><strong>tur,</strong></span> <span class='ocrx_word' id='word_1_557' title='bbox 1255 1960 1307 1989; x_wconf 78' lang='lat' dir='ltr'><strong>die</strong></span> <span class='ocrx_word' id='word_1_558' title='bbox 1330 1958 1436 1989; x_wconf 74' lang='lat' dir='ltr'><strong>rothen</strong></span> <span class='ocrx_word' id='word_1_559' title='bbox 1461 1959 1574 1989; x_wconf 82' lang='lat' dir='ltr'><strong>Itulett.</strong></span> <span class='ocrx_word' id='word_1_560' title='bbox 1605 1958 1678 1990; x_wconf 81' lang='lat' dir='ltr'><strong>ruffi</strong></span> <span class='ocrx_word' id='word_1_561' title='bbox 1707 1958 1839 1990; x_wconf 77' lang='lat' dir='ltr'><strong>ludaei?</strong></span> <span class='ocrx_word' id='word_1_562' title='bbox 1885 1956 2074 1989; x_wconf 73' lang='lat' dir='ltr'><strong>Methodius</strong></span> <span class='ocrx_word' id='word_1_563' title='bbox 2097 1957 2141 1989; x_wconf 77' lang='lat' dir='ltr'><strong>ibt</strong></span> 
     </span>
     <span class='ocr_line' id='line_1_91' title="bbox 1161 1999 2141 2044; baseline -0.003 -9"><span class='ocrx_word' id='word_1_564' title='bbox 1161 2005 1254 2035; x_wconf 79' lang='lat' dir='ltr'><strong>dicit.</strong></span> <span class='ocrx_word' id='word_1_565' title='bbox 1285 2003 1372 2044; x_wconf 86' lang='lat' dir='ltr'><strong>quod</strong></span> <span class='ocrx_word' id='word_1_566' title='bbox 1402 2000 1518 2043; x_wconf 88' lang='lat' dir='ltr'><strong>vulpes</strong></span> <span class='ocrx_word' id='word_1_567' title='bbox 1548 2002 1651 2033; x_wconf 77' lang='lat' dir='ltr'><strong>ruffos</strong></span> <span class='ocrx_word' id='word_1_568' title='bbox 1681 2001 1823 2033; x_wconf 85' lang='lat' dir='ltr'><strong>ludaeos</strong></span> <span class='ocrx_word' id='word_1_569' title='bbox 1849 2001 1966 2032; x_wconf 78' lang='lat' dir='ltr'><strong>educet</strong></span> <span class='ocrx_word' id='word_1_570' title='bbox 1991 2010 2032 2031; x_wconf 83' lang='lat' dir='ltr'><strong>ex</strong></span> <span class='ocrx_word' id='word_1_571' title='bbox 2056 1999 2141 2032; x_wconf 81' lang='lat' dir='ltr'><strong>Cau—</strong></span> 
     </span>
     <span class='ocr_line' id='line_1_92' title="bbox 1162 2044 2141 2087; baseline -0.003 -10"><span class='ocrx_word' id='word_1_572' title='bbox 1162 2057 1258 2078; x_wconf 89' lang='lat' dir='ltr'><strong>caso:</strong></span> <span class='ocrx_word' id='word_1_573' title='bbox 1292 2047 1324 2076; x_wconf 92' lang='lat' dir='ltr'><strong>id</strong></span> <span class='ocrx_word' id='word_1_574' title='bbox 1360 2052 1427 2079; x_wconf 80' lang='lat' dir='ltr'><strong>est.</strong></span> <span class='ocrx_word' id='word_1_575' title='bbox 1462 2045 1620 2087; x_wconf 85' lang='lat' dir='ltr'><strong>praedicit</strong></span> <span class='ocrx_word' id='word_1_576' title='bbox 1655 2045 1868 2086; x_wconf 72' lang='lat' dir='ltr'><strong>irruptionem</strong></span> <span class='ocrx_word' id='word_1_577' title='bbox 1897 2044 2080 2075; x_wconf 78' lang='lat' dir='ltr'><strong>&#39;l&#39;urcarum</strong></span> <span class='ocrx_word' id='word_1_578' title='bbox 2108 2044 2141 2074; x_wconf 87' lang='lat' dir='ltr'><strong>in</strong></span> 
     </span>
     <span class='ocr_line' id='line_1_93' title="bbox 1163 2086 2140 2128; baseline -0.002 -8"><span class='ocrx_word' id='word_1_579' title='bbox 1163 2090 1288 2127; x_wconf 75' lang='lat' dir='ltr'><strong>Asiam,</strong></span> <span class='ocrx_word' id='word_1_580' title='bbox 1307 2099 1346 2120; x_wconf 84' lang='lat' dir='ltr'><strong>ex</strong></span> <span class='ocrx_word' id='word_1_581' title='bbox 1372 2088 1541 2120; x_wconf 82' lang='lat' dir='ltr'><strong>saucibus.</strong></span> <span class='ocrx_word' id='word_1_582' title='bbox 1572 2089 1709 2128; x_wconf 85' lang='lat' dir='ltr'><strong>rupibus</strong></span> <span class='ocrx_word' id='word_1_583' title='bbox 1732 2086 1786 2119; x_wconf 89' lang='lat' dir='ltr'><strong>vel</strong></span> <span class='ocrx_word' id='word_1_584' title='bbox 1811 2086 1968 2119; x_wconf 79' lang='lat' dir='ltr'><strong>claustris</strong></span> <span class='ocrx_word' id='word_1_585' title='bbox 1987 2086 2140 2118; x_wconf 75' lang='lat' dir='ltr'><strong>Caucasi.</strong></span> 
     </span>
     <span class='ocr_line' id='line_1_94' title="bbox 1161 2130 2141 2173; baseline -0.002 -11"><span class='ocrx_word' id='word_1_586' title='bbox 1161 2131 1289 2173; x_wconf 83' lang='lat' dir='ltr'><strong>Vulpes</strong></span> <span class='ocrx_word' id='word_1_587' title='bbox 1313 2138 1362 2162; x_wconf 76' lang='lat' dir='ltr'><strong>est</strong></span> <span class='ocrx_word' id='word_1_588' title='bbox 1389 2132 1555 2164; x_wconf 78' lang='lat' dir='ltr'><strong>Mahonwt.</strong></span> <span class='ocrx_word' id='word_1_589' title='bbox 1586 2133 1640 2173; x_wconf 88' lang='lat' dir='ltr'><strong>qui</strong></span> <span class='ocrx_word' id='word_1_590' title='bbox 1669 2131 1782 2163; x_wconf 77' lang='lat' dir='ltr'><strong>eduxit</strong></span> <span class='ocrx_word' id='word_1_591' title='bbox 1805 2130 1934 2161; x_wconf 72' lang='lat' dir='ltr'><strong>&#39;Furcas</strong></span> <span class='ocrx_word' id='word_1_592' title='bbox 1958 2131 1989 2161; x_wconf 89' lang='lat' dir='ltr'><strong>in</strong></span> <span class='ocrx_word' id='word_1_593' title='bbox 2015 2130 2141 2168; x_wconf 76' lang='lat' dir='ltr'><strong>Asiam,</strong></span> 
     </span>
     <span class='ocr_line' id='line_1_95' title="bbox 1162 2173 2141 2216; baseline -0.002 -10"><span class='ocrx_word' id='word_1_594' title='bbox 1162 2177 1340 2207; x_wconf 78' lang='lat' dir='ltr'><strong>occasione</strong></span> <span class='ocrx_word' id='word_1_595' title='bbox 1375 2174 1555 2213; x_wconf 80' lang='lat' dir='ltr'><strong>bellorum,</strong></span> <span class='ocrx_word' id='word_1_596' title='bbox 1589 2185 1673 2216; x_wconf 84' lang='lat' dir='ltr'><strong>quae</strong></span> <span class='ocrx_word' id='word_1_597' title='bbox 1708 2180 1887 2216; x_wconf 77' lang='lat' dir='ltr'><strong>gesserunt</strong></span> <span class='ocrx_word' id='word_1_598' title='bbox 1920 2173 2141 2214; x_wconf 76' lang='lat' dir='ltr'><strong>lmperatores</strong></span> 
     </span>
     <span class='ocr_line' id='line_1_96' title="bbox 1164 2218 1719 2251; baseline -0.005 -1"><span class='ocrx_word' id='word_1_599' title='bbox 1164 2219 1299 2251; x_wconf 73' lang='lat' dir='ltr'><strong>Romani</strong></span> <span class='ocrx_word' id='word_1_600' title='bbox 1325 2229 1397 2249; x_wconf 82' lang='lat' dir='ltr'><strong>cunt</strong></span> <span class='ocrx_word' id='word_1_601' title='bbox 1422 2218 1545 2249; x_wconf 88' lang='lat' dir='ltr'><strong>Persis.</strong></span> <span class='ocrx_word' id='word_1_602' title='bbox 1712 2244 1719 2251; x_wconf 62' lang='grc'>,</span> 
     </span>
    </p>

    <p class='ocr_par' dir='ltr' id='par_1_29' title="bbox 1160 2258 2141 2606">
     <span class='ocr_line' id='line_1_97' title="bbox 1249 2258 2141 2301; baseline -0.002 -10"><span class='ocrx_word' id='word_1_603' title='bbox 1249 2261 1467 2293; x_wconf 85' lang='lat' dir='ltr'><strong>Nominantur</strong></span> <span class='ocrx_word' id='word_1_604' title='bbox 1478 2267 1586 2293; x_wconf 85' lang='lat' dir='ltr'><strong>autem</strong></span> <span class='ocrx_word' id='word_1_605' title='bbox 1603 2261 1676 2299; x_wconf 72' lang='lat' dir='ltr'><strong>ruffi</strong></span> <span class='ocrx_word' id='word_1_606' title='bbox 1686 2259 1808 2292; x_wconf 81' lang='lat' dir='ltr'><strong>Iudaei.</strong></span> <span class='ocrx_word' id='word_1_607' title='bbox 1822 2260 1898 2301; x_wconf 83' lang='lat' dir='ltr'><strong>quia</strong></span> <span class='ocrx_word' id='word_1_608' title='bbox 1911 2264 1987 2290; x_wconf 88' lang='lat' dir='ltr'><strong>sunt</strong></span> <span class='ocrx_word' id='word_1_609' title='bbox 2001 2258 2141 2296; x_wconf 82' lang='lat' dir='ltr'><strong>cruenti,</strong></span> 
     </span>
     <span class='ocr_line' id='line_1_98' title="bbox 1161 2302 2141 2344; baseline -0.002 -10"><span class='ocrx_word' id='word_1_610' title='bbox 1161 2305 1205 2334; x_wconf 79' lang='lat' dir='ltr'><strong>Es</strong></span> <span class='ocrx_word' id='word_1_611' title='bbox 1228 2305 1330 2334; x_wconf 77' lang='lat' dir='ltr'><strong>set‘ntlt</strong></span> <span class='ocrx_word' id='word_1_612' title='bbox 1349 2305 1413 2334; x_wconf 74' lang='lat' dir='ltr'><strong>mne</strong></span> <span class='ocrx_word' id='word_1_613' title='bbox 1435 2304 1552 2341; x_wconf 48' lang='lat' dir='ltr'><strong>hund&amp;</strong></span> <span class='ocrx_word' id='word_1_614' title='bbox 1575 2310 1608 2335; x_wconf 87' lang='lat' dir='ltr'><strong>ut</strong></span> <span class='ocrx_word' id='word_1_615' title='bbox 1632 2305 1695 2335; x_wconf 82' lang='lat' dir='ltr'><strong>iam</strong></span> <span class='ocrx_word' id='word_1_616' title='bbox 1719 2313 1838 2334; x_wconf 74' lang='lat' dir='ltr'><strong>recens</strong></span> <span class='ocrx_word' id='word_1_617' title='bbox 1859 2313 1898 2333; x_wconf 85' lang='lat' dir='ltr'><strong>ex</strong></span> <span class='ocrx_word' id='word_1_618' title='bbox 1919 2302 2064 2344; x_wconf 62' lang='lat' dir='ltr'><strong>Ungui-ia</strong></span> <span class='ocrx_word' id='word_1_619' title='bbox 2084 2302 2141 2333; x_wconf 73' lang='lat' dir='ltr'><strong>ab·</strong></span> 
     </span>
     <span class='ocr_line' id='line_1_99' title="bbox 1161 2345 2140 2385; baseline -0.003 -7"><span class='ocrx_word' id='word_1_620' title='bbox 1161 2348 1249 2379; x_wconf 89' lang='lat' dir='ltr'><strong>ducti</strong></span> <span class='ocrx_word' id='word_1_621' title='bbox 1281 2354 1357 2379; x_wconf 85' lang='lat' dir='ltr'><strong>sunt</strong></span> <span class='ocrx_word' id='word_1_622' title='bbox 1388 2349 1448 2379; x_wconf 84' lang='lat' dir='ltr'><strong>viri</strong></span> <span class='ocrx_word' id='word_1_623' title='bbox 1477 2347 1666 2385; x_wconf 79' lang='lat' dir='ltr'><strong>lectissimi,</strong></span> <span class='ocrx_word' id='word_1_624' title='bbox 1697 2352 1728 2377; x_wconf 87' lang='lat' dir='ltr'><strong>et</strong></span> <span class='ocrx_word' id='word_1_625' title='bbox 1760 2345 1999 2382; x_wconf 61' lang='lat' dir='ltr'><strong>robustis-situi,</strong></span> <span class='ocrx_word' id='word_1_626' title='bbox 2030 2350 2060 2376; x_wconf 87' lang='lat' dir='ltr'><strong>et</strong></span> <span class='ocrx_word' id='word_1_627' title='bbox 2085 2355 2140 2376; x_wconf 68' lang='lat' dir='ltr'><strong>ve-</strong></span> 
     </span>
     <span class='ocr_line' id='line_1_100' title="bbox 1160 2387 2141 2430; baseline -0.004 -8"><span class='ocrx_word' id='word_1_628' title='bbox 1160 2392 1237 2422; x_wconf 88' lang='lat' dir='ltr'><strong>stitu</strong></span> <span class='ocrx_word' id='word_1_629' title='bbox 1261 2390 1402 2423; x_wconf 77' lang='lat' dir='ltr'><strong>&#39;l&#39;ttrcico</strong></span> <span class='ocrx_word' id='word_1_630' title='bbox 1427 2391 1519 2423; x_wconf 81' lang='lat' dir='ltr'><strong>missi</strong></span> <span class='ocrx_word' id='word_1_631' title='bbox 1543 2391 1584 2422; x_wconf 86' lang='lat' dir='ltr'><strong>ad</strong></span> <span class='ocrx_word' id='word_1_632' title='bbox 1605 2390 1777 2422; x_wconf 75' lang='lat' dir='ltr'><strong>Turricum</strong></span> <span class='ocrx_word' id='word_1_633' title='bbox 1798 2389 2041 2430; x_wconf 58' lang='lat' dir='ltr'><strong>lutpet‘atorem.</strong></span> <span class='ocrx_word' id='word_1_634' title='bbox 2076 2387 2141 2419; x_wconf 77' lang='lat' dir='ltr'><strong>Ve—</strong></span> 
     </span>
     <span class='ocr_line' id='line_1_101' title="bbox 1160 2429 2139 2473; baseline -0.003 -8"><span class='ocrx_word' id='word_1_635' title='bbox 1160 2442 1247 2465; x_wconf 74' lang='lat' dir='ltr'><strong>teres</strong></span> <span class='ocrx_word' id='word_1_636' title='bbox 1272 2435 1481 2466; x_wconf 77' lang='lat' dir='ltr'><strong>deducebant</strong></span> <span class='ocrx_word' id='word_1_637' title='bbox 1506 2433 1668 2471; x_wconf 79' lang='lat' dir='ltr'><strong>colonius,</strong></span> <span class='ocrx_word' id='word_1_638' title='bbox 1687 2433 1717 2464; x_wconf 91' lang='lat' dir='ltr'><strong>id</strong></span> <span class='ocrx_word' id='word_1_639' title='bbox 1742 2440 1801 2468; x_wconf 75' lang='lat' dir='ltr'><strong>cst.</strong></span> <span class='ocrx_word' id='word_1_640' title='bbox 1826 2434 1973 2473; x_wconf 69' lang='lat' dir='ltr'><strong>integras</strong></span> <span class='ocrx_word' id='word_1_641' title='bbox 1998 2429 2139 2462; x_wconf 65' lang='lat' dir='ltr'><strong>fini-ttius</strong></span> 
     </span>
     <span class='ocr_line' id='line_1_102' title="bbox 1160 2472 2140 2509; baseline -0.003 -1"><span class='ocrx_word' id='word_1_642' title='bbox 1160 2477 1404 2509; x_wconf 70' lang='lat' dir='ltr'><strong>transferebant</strong></span> <span class='ocrx_word' id='word_1_643' title='bbox 1434 2478 1465 2509; x_wconf 92' lang='lat' dir='ltr'><strong>in</strong></span> <span class='ocrx_word' id='word_1_644' title='bbox 1496 2476 1561 2509; x_wconf 84' lang='lat' dir='ltr'><strong>alia</strong></span> <span class='ocrx_word' id='word_1_645' title='bbox 1590 2476 1673 2508; x_wconf 82' lang='lat' dir='ltr'><strong>loca.</strong></span> <span class='ocrx_word' id='word_1_646' title='bbox 1730 2475 1858 2507; x_wconf 70' lang='lat' dir='ltr'><strong>Turmu-</strong></span> <span class='ocrx_word' id='word_1_647' title='bbox 1883 2474 2069 2506; x_wconf 81' lang='lat' dir='ltr'><strong>distrahunt</strong></span> <span class='ocrx_word' id='word_1_648' title='bbox 2093 2472 2140 2505; x_wconf 70' lang='lat' dir='ltr'><strong>sa·</strong></span> 
     </span>
     <span class='ocr_line' id='line_1_103' title="bbox 1160 2517 2139 2562; baseline -0.004 -10"><span class='ocrx_word' id='word_1_649' title='bbox 1160 2520 1282 2559; x_wconf 73' lang='lat' dir='ltr'><strong>militis,</strong></span> <span class='ocrx_word' id='word_1_650' title='bbox 1313 2520 1460 2552; x_wconf 65' lang='lat' dir='ltr'><strong>avellunt</strong></span> <span class='ocrx_word' id='word_1_651' title='bbox 1490 2528 1646 2562; x_wconf 84' lang='lat' dir='ltr'><strong>parentes</strong></span> <span class='ocrx_word' id='word_1_652' title='bbox 1669 2530 1688 2550; x_wconf 83' lang='lat' dir='ltr'><strong>a</strong></span> <span class='ocrx_word' id='word_1_653' title='bbox 1713 2517 1805 2557; x_wconf 69' lang='lat' dir='ltr'><strong>tiliis,</strong></span> <span class='ocrx_word' id='word_1_654' title='bbox 1833 2518 1957 2550; x_wconf 79' lang='lat' dir='ltr'><strong>liberos</strong></span> <span class='ocrx_word' id='word_1_655' title='bbox 1981 2529 2000 2549; x_wconf 84' lang='lat' dir='ltr'><strong>a</strong></span> <span class='ocrx_word' id='word_1_656' title='bbox 2024 2526 2139 2559; x_wconf 81' lang='lat' dir='ltr'><strong>paren—</strong></span> 
     </span>
     <span class='ocr_line' id='line_1_104' title="bbox 1160 2564 1724 2606; baseline -0.002 -11"><span class='ocrx_word' id='word_1_657' title='bbox 1160 2566 1264 2602; x_wconf 74' lang='lat' dir='ltr'><strong>tibus,</strong></span> <span class='ocrx_word' id='word_1_658' title='bbox 1288 2565 1449 2606; x_wconf 75' lang='lat' dir='ltr'><strong>coniuges</strong></span> <span class='ocrx_word' id='word_1_659' title='bbox 1472 2574 1490 2595; x_wconf 81' lang='lat' dir='ltr'><strong>a</strong></span> <span class='ocrx_word' id='word_1_660' title='bbox 1518 2564 1724 2605; x_wconf 82' lang='lat' dir='ltr'><strong>coniugibus.</strong></span> 
     </span>
    </p>
   </div>
   <div class='ocr_carea' id='block_1_21' title="bbox 1246 2603 2139 2639">
    <p class='ocr_par' dir='ltr' id='par_1_30' title="bbox 1246 2603 2139 2639">
     <span class='ocr_line' id='line_1_105' title="bbox 1246 2603 2139 2639; baseline -0.004 -1"><span class='ocrx_word' id='word_1_661' title='bbox 1246 2608 1375 2639; x_wconf 85' lang='lat' dir='ltr'><strong>interea</strong></span> <span class='ocrx_word' id='word_1_662' title='bbox 1399 2607 1555 2639; x_wconf 75' lang='lat' dir='ltr'><strong>sedemus</strong></span> <span class='ocrx_word' id='word_1_663' title='bbox 1578 2617 1642 2638; x_wconf 85' lang='lat' dir='ltr'><strong>nos</strong></span> <span class='ocrx_word' id='word_1_664' title='bbox 1666 2612 1698 2638; x_wconf 86' lang='lat' dir='ltr'><strong>et</strong></span> <span class='ocrx_word' id='word_1_665' title='bbox 1721 2603 1916 2637; x_wconf 82' lang='lat' dir='ltr'><strong>hclluamur.</strong></span> <span class='ocrx_word' id='word_1_666' title='bbox 1971 2603 2139 2635; x_wconf 68' lang='lat' dir='ltr'><strong>Doctores</strong></span> 
     </span>
    </p>
   </div>
   <div class='ocr_carea' id='block_1_22' title="bbox 2322 1964 2324 2642">
    <p class='ocr_par' dir='ltr' id='par_1_31' title="bbox 2322 1964 2324 2642">
     <span class='ocr_line' id='line_1_106' title="bbox 2322 1964 2324 2642; baseline 0 0"><span class='ocrx_word' id='word_1_667' title='bbox 2322 1964 2324 2642; x_wconf 95' lang='lat' dir='ltr'><strong> </strong></span> 
     </span>
    </p>
   </div>
   <div class='ocr_carea' id='block_1_23' title="bbox 2262 0 2324 2958">
    <p class='ocr_par' dir='ltr' id='par_1_32' title="bbox 2262 0 2324 2958">
     <span class='ocr_line' id='line_1_107' title="bbox 2262 0 2324 2958; baseline 0 0"><span class='ocrx_word' id='word_1_668' title='bbox 2262 0 2324 2958; x_wconf 95' lang='lat' dir='ltr'><strong> </strong></span> 
     </span>
    </p>
   </div>
  </div>
 </body>
</html>
