2324 2958
312 280 463 322 Oratne
497 278 679 320 Christus
710 285 784 333 pro
814 277 957 318 nobis?

239 371 449 412 Respondet).
494 369 558 400 lta:
603 368 687 404 Quia
710 369 869 409 scripturn
893 374 957 399 est:
991 365 1125 396 Postula

154 427 172 444 a
196 424 256 447 me,
279 417 308 443 et
332 414 414 442 dabo
438 412 495 442 tibi
516 416 622 451 flentes
643 411 865 441 haereditatem
889 415 979 439 tuam.
1029 409 1125 440 ltem:

154 457 224 496 Eyo
245 467 305 495 pro
328 456 393 485 illis
415 466 485 486 oro:
517 459 546 484 et
574 465 635 484 non
657 458 773 484 tantum
794 464 855 492 pro
879 453 958 487 illis,
989 452 1045 481 sed
1063 461 1124 491 pro

155 499 291 530 erunibus
315 498 481 528 credituris
500 507 558 537 per
575 497 695 527 verbum
717 507 828 526 comm.

269 663 422 706 Oratne
454 662 622 718 Spiritus
653 669 812 702 sanctus
843 674 915 715 pro
946 658 1018 698 te‘?

242 755 453 795 Respondeo.
488 753 575 784 Non.
609 752 747 784 Contra:
776 749 900 782 Paulus
919 749 1036 791 inquit:
1059 748 1129 787 Spi-

157 801 236 829 ritus
266 797 445 837 interpellat
469 807 531 835 pro
559 795 646 825 nobis
667 794 830 833 gemitibus
853 790 1129 822 inenarrabilibus?

159 841 368 883 Respondeo.
426 840 569 880 Spiritus
599 836 803 879 interpellat,
832 834 961 867 scilicet
988 843 1127 865 movens

156 894 218 917 nos
241 884 285 915 ad
308 883 520 924 precandum.
565 881 661 914 Item,
685 881 758 921 quia
781 888 878 910 nemo
900 883 1011 919 potest
1034 876 1128 908 Chri-

156 933 243 959 stum
270 927 441 957 Dominum
466 934 598 961 vocare,
621 923 681 954 nisi
705 933 764 963 per
786 922 942 962 Spiritum
964 926 1128 957 sanctum,

157 971 230 1002 ideo
253 969 338 1000 idem
363 967 486 999 Paulus
510 965 685 998 declarans
709 975 746 996 se
768 965 892 1006 ipsum,
914 963 1033 1005 inquit:
1056 962 1127 1001 Spi-

157 1014 236 1043 ritus
259 1012 388 1041 adiuvat
411 1009 647 1039 imbecillitatem
670 1011 814 1037 nostram.
865 1006 926 1038 Est
947 1007 1033 1037 enim
1056 1005 1128 1044 Spi-

158 1057 237 1085 ritus
258 1056 382 1094 yratiae
404 1057 434 1083 et
452 1063 587 1092 precum.
633 1051 783 1087 Gratiae,
814 1050 889 1091 quia
916 1048 1069 1080 accendit
1096 1053 1129 1078 et

158 1097 329 1131 confirmat
352 1096 448 1127 fidem
470 1097 502 1126 in
526 1095 634 1132 nobis,
650 1100 681 1125 et
703 1092 858 1124 laetificat
881 1101 943 1123 nos
962 1091 1129 1133 agnitione

157 1140 414 1173 misericordiae.-
469 1138 616 1171 Preeum,
650 1137 726 1178 quia
757 1136 939 1167 exsuscitat
968 1137 1001 1165 in
1030 1133 1128 1165 nobis

158 1184 411 1215 invocationem.
840 1192 843 1194 v

245 1225 326 1257 Cum
345 1225 527 1255 Stancarus
549 1229 687 1264 negaret
705 1222 859 1263 Spiritum
878 1230 974 1251 orare
993 1229 1053 1260 pro
1072 1228 1130 1249 no-

160 1270 230 1306 bis,
253 1266 337 1299 alius
360 1267 491 1308 quidam
521 1264 623 1296 voluit
647 1265 845 1296 contrarium
868 1263 1028 1304 probare,
1051 1260 1130 1292 alle-

160 1317 237 1342 «rato
261 1310 324 1341 hoc
349 1310 451 1340 dicto:
474 1308 612 1347 Spiritus
634 1307 812 1346 interpellat
831 1316 891 1345 pro
914 1305 1011 1334 nobis.
1063 1303 1130 1335 Sed

159 1337 214 1385 fuit
241 1353 306 1384 hoc
330 1351 471 1383 alienum
495 1361 514 1382 a
537 1360 584 1381 re.
626 1350 767 1390 Spiritus
785 1347 985 1389 interpellat,
1005 1345 1131 1377 scilicet

159 1396 322 1428 movendo
349 1404 409 1425 seu
436 1392 636 1434 impellendo
665 1393 705 1423 ad
734 1392 986 1422 invocationem.
1037 1389 1131 1420 Invo—

160 1440 246 1471 catio
268 1439 342 1479 ipsa
360 1443 410 1468 est
427 1446 523 1477 opus,
542 1436 630 1476 quod
648 1435 841 1466 accenditur
858 1438 1011 1464 movente
1029 1432 1132 1463 corda

160 1482 301 1523 Spiritus
314 1487 448 1512 sancto:
468 1478 633 1516 videlicet,
650 1477 781 1520 quando
795 1477 896 1508 corda
908 1477 1000 1517 prius
1013 1475 1133 1506 edocta

159 1531 235 1556 ⁴sunt
258 1524 377 1561 verbo,
407 1529 440 1554 ut
471 1526 656 1562 agnoscant
686 1530 798 1551 verum
829 1518 956 1556 Deum,
983 1523 1015 1548 et
1037 1527 1134 1558 quem

159 1569 263 1604 misit,
295 1566 400 1598 lesum
431 1564 607 1595 Christum.
659 1563 736 1594 Ideo
765 1561 918 1594 Christus
941 1561 995 1592 hic
1017 1561 1134 1601 inquit:

161 1611 300 1650 Spiritus
330 1609 369 1638 «le
399 1618 463 1637 meo
492 1608 644 1646 accipiet,
678 1606 711 1637 id
741 1611 809 1643 est,
843 1605 987 1645 Spiritus
1015 1603 1136 1644 accipit

161 1654 297 1685 verbum
320 1662 338 1683 a
361 1650 463 1690 Filio,
487 1657 518 1682 et
540 1660 600 1691 per
622 1650 771 1686 verbum,
795 1658 835 1679 ac
858 1658 932 1679 cum
955 1647 1060 1678 verbo
1084 1651 1135 1677 est

162 1695 292 1728 efficax.

209 1860 460 1900 Differuntne
492 1865 684 1912 patronus
716 1864 758 1897 et
789 1856 1012 1897 advocatus
1044 1855 1083 1895 in

481 1935 616 1988 lingua
649 1934 817 1974 Latina?

252 2026 463 2068 Respondeo.
517 2025 647 2056 Patroni
677 2025 885 2061 dicebantur,
913 2024 966 2065 qui
995 2023 1139 2065 agebant

168 2081 288 2102 ttausas
312 2080 372 2110 pro
396 2067 486 2103 aliis,
516 2075 548 2099 et
576 2067 685 2108 lingua
716 2077 775 2097 sua
800 2066 1020 2097 defendebant
1044 2075 1138 2097 reos:

168 2121 199 2144 nt
232 2112 349 2144 Cicero
379 2110 436 2142 suit
468 2117 626 2151 patronus
656 2109 806 2147 Milonis,
839 2120 910 2140 cum
942 2110 1008 2150 egit
1036 2109 1138 2149 ipsius

169 2166 313 2187 causam.
363 2155 399 2185 Et
424 2155 509 2185 enim
532 2161 712 2194 patrorum,
735 2153 828 2193 quasi
852 2162 890 2183 os
914 2152 977 2188 rei,
1002 2151 1059 2181 der
1080 2151 1140 2180 das

176 2199 262 2228 Wort
288 2199 372 2236 suret
403 2208 441 2226 an
469 2197 556 2227 stadt
587 2196 642 2225 ales
664 2195 903 2234 besrhrtldiyten.
951 2195 1014 2226 Sed
1038 2194 1140 2225 advo-

169 2242 232 2273 cati
257 2248 371 2278 erant,
401 2241 454 2281 qui
485 2240 733 2271 advocabantur
756 2249 794 2269 ex
820 2238 955 2268 summis
978 2243 1009 2267 et
1028 2244 1139 2268 aucto-

169 2286 265 2316 n'tate
288 2284 444 2325 prat-ditis
475 2283 570 2320 viris,
601 2289 635 2313 ut
666 2279 836 2313 consilium
860 2286 892 2311 et
915 2279 1139 2311 defensionem

170 2328 367 2369 praeberent
391 2337 448 2357 reo
472 2332 588 2356 contra
612 2323 815 2360 violentiam,
841 2330 870 2354 ct
896 2323 1140 2359 confirmarent,

170 2381 229 2402 seu
260 2368 511 2400 consolarentur
539 2379 622 2399 cnm.
676 2366 768 2398 Multi
793 2372 868 2397 sunt
891 2366 1062 2402 advocati,
1088 2365 1141 2406 qui

171 2424 235 2444 non
261 2421 334 2444 sunt
359 2412 524 2443 causidici.
572 2411 634 2442 Sed
654 2411 816 2441 interdum
836 2407 1031 2451 generaliter
1050 2418 1142 2439 usur-

172 2462 267 2498 patur
295 2465 412 2486 nomen
441 2455 615 2490 advocati,
644 2464 738 2495 qun-m
770 2459 944 2493 propterea
974 2451 1036 2482 sibi
1066 2460 1143 2481 reus

173 2499 337 2539 adiungit,
360 2504 395 2528 ut
417 2498 519 2535 adsit,
543 2503 690 2529 moneat:
713 2502 757 2534 et,
781 2496 809 2526 si
832 2504 917 2536 opus
940 2494 1000 2532 sit,
1022 2493 1144 2534 aliquid

174 2552 232 2583 pro
256 2551 314 2572 reo
337 2541 433 2572 dicat.

784 179 895 213 PfflL.
917 179 1022 213 MEL.
1045 177 1230 212 SCRIPTA
1252 175 1515 210 EXEGE'HCA.

2083 175 2148 211 8⁰8

1262 273 1479 323 Quomodo
1518 271 1687 328 Spiritus
1725 280 1885 314 sanctus
1921 280 2064 328 arguat

1560 349 1767 390 mundum.

1263 438 1534 481 Quandocunque
1560 446 1668 471 autem
1697 450 1760 471 nos
1788 439 1951 482 loquimur
1973 441 2014 472 ile
2036 439 2147 473 officio

1178 481 1323 524 Spiritus
1342 483 1460 521 sancti,
1479 483 1598 514 debent
1619 482 1703 514 haec
1721 483 1785 514 duo
1805 483 2021 515 considerari:
2043 485 2148 524 primo

1179 525 1257 567 quid
1275 531 1354 567 agat
1376 526 1408 556 in
1433 525 1613 556 ministerio
1631 524 1802 567 Evangelii
1821 524 1967 566 publico:
1989 527 2150 564 secundo,

1179 577 1264 608 quae
1298 569 1340 598 sit
1374 566 1523 599 efficacia
1557 569 1627 599 eius
1661 569 1693 599 in
1727 569 1856 609 privata
1885 568 2150 601 sanctificatione

1179 609 1403 651 singulorum,
1432 611 1486 652 qui
1516 616 1753 642 convertuntur
1780 611 1822 641 ad
1848 609 1965 642 Deum.
2018 611 2065 642 lta
2094 611 2150 643 hic

1180 652 1244 684 dici
1266 654 1429 691 sciamus,
1458 653 1597 694 primum
1628 654 1668 684 de
1700 653 1832 694 publico
1853 654 2052 692 ministerio,
2074 655 2150 696 quia

1180 694 1332 727 Christus
1356 696 1464 733 docet,
1482 705 1584 737 quare
1601 697 1762 727 missurus
1781 697 1822 727 sit
1841 694 2035 738 Apostolos,
2053 695 2151 738 quale

1179 738 1392 769 ministerium
1416 736 1495 769 velit
1522 738 1711 777 instituere,
1741 745 1771 770 et
1800 739 1965 780 quomodo
1993 737 2151 782 colligere

1179 779 1258 811 velit
1282 779 1482 812 Ecclesiam:
1510 780 1588 812 ltem
1620 792 1684 823 qua
1713 782 1754 813 de
1784 792 1819 813 re
1848 783 2085 813 concionatura
2107 782 2151 813 sit

1180 833 1245 854 vox
1273 832 1397 854 sonans
1428 823 1459 853 in
1488 824 1679 854 ministerio.
1736 822 1858 855 Paulus
1887 825 2031 856 nominat
2061 824 2151 856 mini-

1179 866 1314 897 sterium
1337 864 1530 907 Evangelii,
1552 867 1750 896 ministerium
1773 866 1926 906 spir-itan
1951 867 2027 908 quia
2050 867 2152 908 Spiri-

1179 914 1233 940 tus
1267 914 1405 940 sanctus
1439 914 1491 939 est
1524 906 1643 939 efficax
1677 918 1761 940 voce
1795 908 1987 952 Evangelii,
2022 917 2052 941 et
2085 909 2151 942 hoc

1178 952 1277 983 modo
1302 949 1401 982 Filius
1425 950 1487 982 Dei
1511 949 1636 993 colligit
1659 952 1722 982 sibi
1743 957 1912 983 aeternam
1935 950 2128 984 Ecclesiam.

1180 1117 1333 1157 Annon
1364 1116 1485 1158 Filius
1516 1117 1670 1171 arguit,
1710 1130 1802 1157 cum
1833 1117 1976 1157 missus
2007 1116 2076 1166 sit,
2108 1122 2154 1156 ut

1181 1193 1232 1234 sit
1270 1193 1446 1234 Doctor‘t
1501 1192 1718 1242 Quomodo
1755 1208 1852 1247 ergo
1889 1193 1953 1233 hic
1992 1193 2152 1233 dicitur:

1194 1275 1332 1315 Spiritus
1361 1279 1486 1305 sanctus
1513 1279 1638 1314 arynel,
1671 1270 1877 1323 quomodo
1908 1277 2134 1323 congl‘llunt

1623 1346 1726 1387 ista?

1270 1436 1479 1477 Respondeo.
1535 1436 1648 1478 Opera
1678 1436 1856 1467 divinitatis
1885 1436 1926 1466 ad
1957 1441 2053 1467 extra
2080 1441 2158 1467 sunt

1186 1481 1369 1512 communia
1397 1480 1502 1511 tribus
1529 1480 1699 1520 personis,
1728 1479 1788 1510 sed
1812 1485 1903 1510 certo
1926 1479 2053 1510 ordine.
2098 1477 2159 1509 Pa-

1185 1529 1252 1560 ter,
1276 1521 1393 1560 Pilius,
1420 1529 1454 1554 et
1476 1522 1619 1564 Spiritus
1643 1527 1800 1558 sanctus,
1827 1527 1970 1562 arguunt
1992 1521 2160 1558 mundum,

1187 1576 1300 1597 verum
1331 1569 1395 1596 boc
1424 1565 1549 1597 ordine.
1604 1563 1706 1596 Pilius
1735 1565 1855 1605 accipit
1876 1562 2092 1605 Evangelium
2114 1564 2156 1595 ab

1190 1615 1326 1640 aeterno
1350 1607 1466 1646 Patre,
1497 1614 1530 1639 et
1552 1607 1678 1639 revelat
1700 1606 1798 1645 illud,
1829 1613 1862 1638 et
1884 1616 1943 1648 per
1965 1616 2038 1637 eum
2063 1606 2160 1637 Pater

1188 1652 1243 1683 dat
1275 1651 1430 1692 Spiritum
1464 1657 1630 1688 sanctum,
1664 1651 1718 1692 qui
1747 1649 1872 1692 arguit,
1906 1655 1938 1680 et
1968 1647 2161 1681 consolami-

1189 1693 1320 1736 publice
1343 1701 1375 1725 ct
1397 1694 1557 1735 privatim.

1275 1735 1411 1768 Publice
1440 1737 1472 1768 in
1501 1736 1700 1773 ministerio,
1729 1735 1817 1776 quod
1846 1733 2039 1765 mirabiliter
2068 1732 2161 1765 Deus

1190 1786 1385 1818 conservat,
1413 1780 1539 1811 etiamsi
1566 1777 1779 1810 horribilibus
1809 1777 1976 1809 turoribus
2007 1775 2161 1809 Ecclesia

1191 1830 1409 1865 oppugnetur.
1466 1822 1570 1854 Nemo
1597 1821 1763 1853 hominum
1792 1827 1901 1861 potest
1931 1820 2018 1852 scire
2046 1828 2161 1850 omne·

1191 1865 1360 1897 machinas
1383 1864 1534 1902 Diaboli,
1565 1865 1683 1906 quibus
1707 1862 1893 1894 Ecclesiam
1921 1863 2084 1903 dissipare
2106 1870 2161 1894 co-

1191 1916 1299 1940 natur.
1344 1908 1487 1940 Subinde
1505 1914 1608 1938 tentat
1625 1905 1789 1937 Diabolus
1808 1915 1914 1937 novas
1933 1906 2017 1943 vias,
2036 1911 2068 1936 et
2086 1913 2162 1935 con-

1192 1951 1265 1983 silia
1293 1961 1381 1982 nova
1413 1951 1453 1981 ad
1483 1950 1731 1990 dissipationes,
1765 1954 1796 1980 et
1829 1948 2064 1979 distractiones
2093 1947 2161 1977 vei-i

1192 2004 1389 2026 consensus.
1437 1993 1528 2024 Deus
1552 1998 1659 2023 tumen
1684 1997 1861 2023 conservat
1883 1991 2012 2033 aliquos
2035 1996 2162 2026 coetus,

1192 2044 1223 2068 et
1246 2038 1375 2078 quidem
1399 2043 1559 2066 sonantes
1584 2043 1717 2069 coetnsz
1765 2035 1817 2065 uin
1841 2045 1905 2065 vox
1921 2033 2093 2075 Evangelii
2111 2039 2162 2063 est

1191 2081 1330 2121 Spiritus
1354 2080 1460 2110 sancti
1484 2089 1565 2109 vox:
1590 2089 1686 2119 quam
1711 2086 1776 2109 vut
1800 2076 1890 2108 Deus
1909 2087 2029 2108 sonare
2052 2077 2082 2106 in
2106 2085 2163 2116 g&

1192 2133 1270 2154 nere
1294 2121 1434 2153 humano
1459 2122 1500 2152 nd
1524 2120 1741 2162 colligendam
1762 2119 1956 2152 Ecclesiam.
1996 2119 2069 2150 Non
2089 2127 2165 2159 pos-

1193 2174 1243 2197 set
1268 2172 1374 2197 nutvni
1400 2165 1469 2195 lieri
1500 2163 1652 2195 collectio
1676 2162 1866 2200 Ecclesiae,
1896 2163 1957 2194 nisl
1983 2162 2078 2193 etiam
2101 2161 2165 2201 pri-

1193 2209 1290 2239 vatim
1321 2209 1462 2249 Spiritus
1493 2214 1630 2239 sanctus
1662 2206 1781 2238 efficax
1811 2212 1900 2237 esset
1930 2206 1961 2236 in
1992 2203 2166 2236 inultorum

1193 2251 1359 2282 cordibus.

1399 2417 1505 2467 Quid
1538 2416 1736 2471 significat
1766 2413 1962 2469 arguere?

1264 2507 1473 2548 Respondeo.
1499 2507 1670 2549 Significat
1690 2506 1887 2538 convincere
1903 2505 1936 2535 in
1951 2503 2167 2537 conscientiis.
