2324 2958
65 199 130 231 205

68 294 109 325 de
137 286 356 331 providentia,
390 292 422 316 et
451 285 491 317 de
514 285 617 325 primo
647 283 703 315 illo
735 283 890 315 articulo:
926 284 1035 315 Credo

69 337 102 367 in
133 334 238 366 Deum
264 329 394 360 Patrem
424 328 689 369 Omnipotentem
725 326 917 358 Creatorem
953 326 1037 358 coeli

70 385 102 410 et
125 384 239 412 terrae.

193 435 329 473 Propter
351 440 431 471 quas
455 440 573 461 causas
595 431 716 461 tradita
745 434 794 460 est
813 433 917 460 series
939 438 1037 459 anno-

233 484 313 514 rum,
349 478 382 505 et
406 477 564 514 perpetuo
596 477 784 504 conservata
810 475 843 502 in
872 472 1039 503 Ecclesia?

152 541 248 576 Nulla
272 542 415 584 gentium
439 541 577 572 historia
600 541 715 571 recitat
738 550 896 570 annorum
921 540 1038 570 seriem

71 597 134 622 tam
146 591 304 621 exactam,
329 590 363 615 ut
377 584 511 615 historia
525 582 708 613 Ecclesiae.
743 581 908 613 Plurimae
922 589 1038 624 gentes

69 639 203 674 prorsus
231 628 408 659 amiserunt
450 626 651 667 antiquitatis
675 626 879 662 memoriam,
915 632 946 656 ut
974 625 1038 655 dixi

69 673 168 710 alias,
204 671 244 702 de
280 669 416 700 Platone
451 669 596 710 fingente
630 676 704 699 ante
742 668 845 698 10000
879 678 1038 698 annorum

68 717 170 749 fuisse
195 713 276 745 alias
301 711 450 743 Athenas
474 710 577 743 multo
613 710 831 751 pulchriores.
890 711 967 741 ltem
998 711 1038 740 de

67 758 257 800 Aegyptiis,
291 765 375 796 quos
399 752 556 785 mirabilia
581 753 715 784 finxisse
750 754 790 784 de
813 754 1039 794 superioribus

67 800 266 842 temporibus
290 799 403 829 scribit
429 796 626 828 Herodotus.

152 842 247 877 Quod
277 841 374 883 igitur
398 842 428 871 in
453 839 606 871 Ecclesia
640 846 772 870 servata
801 845 849 869 est
880 844 1039 879 perpetua

70 886 171 918 series
193 894 364 920 annorum,
383 883 446 913 hae
470 889 544 913 sunt
577 892 698 913 causae
723 883 939 923 praecipuae:
973 879 1038 910 l'm'-

70 939 171 966 mum,
203 934 235 958 ut
261 927 403 957 sciamus
440 926 592 956 mundum
627 927 777 966 coepisse
807 931 838 955 et
861 924 1039 954 desiturum

69 981 153 1004 esse.
203 967 281 1000 Vult
313 969 404 999 Deus
431 969 526 1005 sciri,
560 969 648 1009 quod
673 969 812 998 mundus
850 977 914 997 non
942 965 1040 996 suerit

68 1015 110 1046 ab
132 1020 285 1049 aeteriio,
317 1019 347 1042 et
372 1012 459 1052 quod
490 1012 658 1052 generatio
690 1012 730 1041 sit
761 1010 843 1041 certi
872 1009 1040 1048 temporis,

68 1062 99 1088 et
121 1056 250 1087 tandem
280 1063 463 1091 cessatura,
487 1062 517 1084 et
543 1052 685 1084 futurum
709 1053 878 1089 iudicium,
908 1052 939 1082 in
975 1061 1039 1092 quo

66 1098 159 1130 Deus
178 1098 352 1129 discrimen
373 1099 415 1128 sit
439 1104 635 1127 ostensurus
654 1097 781 1137 piorum
804 1101 835 1126 et
858 1095 1040 1134 impiorum,

67 1149 98 1173 et
126 1148 244 1182 postea
273 1140 401 1171 futurus
432 1140 539 1170 onmia
575 1140 607 1169 in
631 1139 781 1169 omnibus
818 1136 942 1168 electis.
994 1135 1040 1165 lbi

67 1185 153 1216 enim
176 1182 273 1224 plene
297 1183 593 1214 communicaturus
616 1188 665 1212 est
697 1181 793 1211 nobis
824 1190 917 1211 suam
946 1179 1038 1209 boni-

68 1233 167 1258 tatem
191 1227 221 1257 in
245 1232 314 1257 tota
337 1226 539 1256 aeternitate.

153 1269 280 1300 Bonum
311 1274 361 1299 est
383 1267 689 1298 communicativum
718 1267 767 1296 sui
799 1272 830 1296 et
859 1274 1042 1306 congrega-

68 1313 168 1344 tivum
203 1318 235 1342 et
259 1311 525 1342 conservativum
561 1310 611 1340 sui
650 1316 679 1339 et
714 1308 870 1346 aliorum,
908 1308 1001 1338 Sicut
1025 1316 1043 1337 e

68 1355 235 1387 contrario
259 1353 381 1385 Malum
405 1360 456 1385 est
479 1353 716 1383 destructivam
744 1358 775 1382 et
805 1351 1041 1391 dissipativum.

69 1398 179 1439 Atque
200 1397 275 1428 ideo
299 1397 423 1428 creavit
438 1395 531 1427 Deus
556 1396 645 1426 initio
668 1394 818 1425 homines
842 1400 873 1424 et
893 1391 1043 1434 angelos,

69 1447 106 1472 ut
141 1439 275 1470 haberet
313 1444 502 1475 creaturas,
545 1439 664 1478 quibus
700 1447 737 1467 se
775 1437 1042 1467 communicaret.

69 1483 184 1514 Boves
222 1488 253 1513 et
286 1480 370 1512 aliae
403 1481 529 1512 bestiae
553 1491 617 1511 non
650 1478 835 1520 intelligunt
869 1479 960 1509 initia
993 1478 1044 1509 sui

72 1525 216 1567 generis.
281 1522 379 1555 Tales
402 1534 466 1554 non
496 1523 596 1553 simus
622 1532 683 1553 nos
713 1523 744 1552 in
769 1521 937 1558 Ecclesia,
967 1521 1044 1562 quin

71 1574 160 1599 retro
184 1567 368 1607 cogitantes
393 1566 561 1596 videamus
597 1564 706 1606 aliqua
728 1565 817 1596 initia
835 1563 966 1595 humani
990 1573 1045 1605 ge·

70 1610 159 1641 neris
183 1615 215 1640 et
239 1609 334 1639 huius
358 1609 467 1639 mundi
492 1606 639 1639 visibilis.

157 1651 311 1682 Secunda
336 1661 436 1681 causa
461 1658 522 1681 est.
574 1649 653 1681 Vult
671 1649 766 1680 Deus
795 1650 871 1680 sciri
899 1649 1045 1679 ordinem

70 1701 102 1727 et
125 1695 243 1726 scriem
256 1703 389 1724 suarum
403 1691 672 1734 patefactionum,
696 1693 814 1733 quibus
828 1692 1044 1732 temporibus,

72 1744 103 1770 et
124 1738 242 1779 quibus
265 1736 460 1767 testimoniis
485 1735 654 1766 tradiderit
673 1735 809 1765 verbum
826 1745 930 1765 suum.
968 1733 1044 1764 lnde

73 1781 155 1812 enim
178 1778 315 1820 intelligi
341 1785 468 1819 potest,
507 1789 590 1819 quae
619 1779 663 1808 sit
693 1779 853 1808 vetustior
883 1777 1044 1814 doctrina,

73 1823 202 1865 quando
226 1823 348 1853 miserit
372 1820 487 1852 filium
511 1831 617 1852 suum.
663 1820 754 1851 Haec
778 1830 879 1850 causa
902 1819 1046 1863 quotidie

74 1866 249 1907 cogitanda
279 1872 327 1895 est
359 1865 389 1895 in
421 1865 611 1895 recitatione
647 1862 801 1905 symboli.
854 1862 887 1893 ln
909 1860 1044 1894 Daniele

73 1908 163 1940 clare
192 1914 404 1939 numerantur
438 1907 512 1937 anni
536 1907 616 1944 490,
658 1903 704 1936 Et
730 1906 847 1937 (licitur
883 1905 1044 1936 Dominus

72 1959 231 1983 venturus
255 1961 342 1987 esse,
366 1951 396 1980 in
421 1956 537 1990 quarta
560 1949 763 1980 Monarchia.

157 1993 267 2024 Tertia
292 2003 393 2023 causa
417 2000 487 2029 est,
520 1999 551 2023 ut
581 1992 743 2023 sciremus
774 1991 920 2022 ordinem
946 1991 1045 2020 histo-

72 2037 204 2074 riarum,
234 2046 317 2077 quae
344 2035 552 2072 acciderunt,
587 2045 652 2065 non
682 2033 791 2066 solum
820 2035 849 2065 in
881 2032 1044 2071 Ecclesia,

72 2080 132 2112 sed
154 2080 251 2111 etiam
275 2079 306 2109 in
332 2078 454 2120 reliqua
481 2085 570 2117 parte
594 2078 725 2119 generis
750 2077 890 2108 humani.

158 2122 242 2153 Huic
265 2131 388 2152 causae
413 2127 554 2162 cognata
577 2127 628 2151 est
641 2121 863 2151 consideratio
887 2118 1045 2156 utilitatis,

73 2175 169 2207 quam
193 2164 285 2195 affert
320 2171 502 2205 temporum
537 2164 700 2194 distinctio
731 2163 881 2204 privatim
915 2172 1046 2203 quoque

73 2207 212 2249 singulis
235 2208 266 2237 in
291 2207 528 2243 contractibus,
554 2213 583 2237 et
607 2205 680 2237 aliis
703 2207 856 2247 negotiis.
903 2204 1044 2240 Quando

74 2252 167 2282 venis
197 2251 228 2281 in
262 2250 433 2287 iudicium,
469 2255 596 2289 oportet
631 2255 664 2279 te
697 2248 815 2280 afferme
849 2249 1044 2287 testimonia,

74 2293 225 2335 quamdiu
250 2294 391 2323 maiores
415 2293 459 2323 tui
483 2297 657 2323 tenuerunt
678 2291 743 2322 hoc
766 2299 819 2323 aut
844 2290 922 2322 illud
951 2301 1045 2332 prae-

74 2337 175 2368 dium:
210 2335 361 2376 Denique
395 2334 460 2366 late
493 2341 579 2375 patet
608 2334 662 2365 hic
690 2345 770 2365 usus
795 2342 974 2375 temporum
999 2332 1046 2364 fa-

73 2378 208 2410 miliaris
232 2386 262 2409 et
288 2378 508 2419 quotidianus.

159 2421 256 2452 Hunc
278 2432 371 2452 usum
397 2420 489 2451 Deus
513 2420 620 2450 sanxit
645 2420 742 2450 etiam
756 2418 975 2461 pulcherrima
989 2417 1047 2449 illa

75 2464 303 2495 vicissitudine
336 2465 460 2494 dierum
489 2469 521 2493 et
556 2463 700 2493 noctium
729 2472 759 2493 et
790 2463 928 2503 partium
959 2463 1046 2499 anni,

75 2507 175 2538 ven’s.
199 2508 347 2543 aestatis,
370 2506 526 2543 autumni,
548 2504 687 2546 hyemis.

163 2549 256 2580 cnde
279 2549 395 2580 dicitur
419 2548 508 2580 Ver?
554 2547 660 2578 Varro
683 2548 727 2578 ait
749 2557 768 2577 a
791 2547 940 2585 virendo,
971 2548 1047 2589 quia

76 2597 154 2623 tunc
188 2592 295 2623 onmia
327 2592 443 2622 xirent.
505 2591 567 2621 Sed
603 2600 665 2631 ego
700 2591 799 2621 credo
832 2601 890 2621 ver
923 2600 999 2621 esse
1027 2601 1047 2621 a

76 2633 208 2666 Graeco
232 2637 294 2675 ἔαρ,
317 2634 406 2675 quod
429 2640 480 2665 est
502 2632 692 2674 simpliciter
714 2632 922 2664 Hebraicum.
978 2635 1047 2672 (jar

746 190 961 222 POSTlLLA
984 188 1383 221 MELANTHONIANA.

1997 183 2061 215 206

1089 290 1139 315 est
1153 283 1314 314 Hebraeis
1326 281 1449 312 mensis
1461 280 1528 318 ille,
1552 281 1607 322 qui
1620 281 1713 311 nobis
1734 286 1783 311 est
1796 279 1913 320 partim
1926 276 2061 319 Aprilis,

1089 327 1206 367 partim
1231 325 1348 356 Maius.
1393 323 1434 354 Et
1457 334 1574 354 nomen
1599 330 1649 353 est
1678 324 1719 353 ab
1745 323 1857 359 herba,
1886 322 1961 363 quia
1984 327 2061 352 tunc

1090 369 1255 400 herbescit
1278 374 1376 403 terra,
1401 376 1460 397 seu
1483 365 1605 396 herbae
1629 371 1813 405 erumpunt:
1848 364 1887 395 Et
1912 370 1944 394 ut
1964 370 2062 404 poeta

1090 412 1209 453 inquit:
1237 413 1322 442 Tunc
1344 415 1394 441 est
1421 411 1676 448 formosissimus
1709 419 1820 439 annus.
1871 406 1941 437 Nos
1965 415 2063 437 voca-

1090 464 1162 485 mus
1184 457 1237 485 ren
1260 454 1334 492 ἕως,
1357 463 1376 482 a
1400 452 1506 491 Quem),
1529 451 1605 492 quia
1628 449 1784 490 splendor
1797 448 1885 481 Solis
1909 455 1986 480 tunc
2012 453 2063 480 est

1063 521 1066 528 ,
1091 504 1218 539 gratus,
1241 495 1294 527 vel
1317 495 1393 537 quia
1417 500 1501 525 terra
1526 493 1687 534 splendet.

1070 2313 1075 2544 ι

1176 556 1299 587 Aestas
1334 554 1418 585 unde
1453 554 1591 584 dicitur?
1636 554 1676 583 ah
1712 558 1823 589 aestu,
1858 561 1912 582 rou
1935 554 1983 582 ber
2003 551 2061 590 [tib.

1091 607 1121 630 et
1157 607 1345 639 utrumque,
1380 603 1494 628 aestus
1529 602 1559 626 et
1595 595 1823 626 Germanicum
1859 596 1904 634 hit)
1939 600 1989 624 est
2021 594 2063 624 ab

1092 642 1242 673 Hebraeo
1268 640 1360 680 Esch,
1383 639 1471 681 quod
1495 639 1660 680 significat
1683 639 1800 679 ignem.
1849 637 1944 676 Apud
1963 635 2065 667 Grae-

1092 696 1150 716 cos
1175 685 1271 715 etiam
1294 684 1458 719 αἷθεσθαι,
1482 682 1566 712 idem
1590 688 1659 718 est,
1688 680 1774 721 quod
1799 680 1982 710 accendere
2004 688 2065 709 seu

1091 737 1187 758 urere

1178 787 1362 817 Autumnus
1387 792 1435 815 est
1460 785 1502 815 ab
1525 783 1698 824 augendo,
1733 781 1809 822 quia
1844 788 1921 811 tunc
1950 778 2064 821 fruges

1092 836 1122 860 et
1157 831 1311 860 arborum
1345 828 1473 859 fruetus
1514 825 1735 867 colliguntur,
1782 823 1903 854 Graeci
1945 828 2066 853 vocant

1092 871 1224 912 ὀπώρην,
1249 872 1324 913 quia
1347 877 1425 902 tunc
1448 880 1545 911 poma
1568 873 1802 899 maturuerunt.

1179 931 1301 973 Hyems
1325 931 1442 961 dicitur
1469 930 1509 960 ab
1534 928 1611 964 ὖεῖν,
1646 928 1676 958 id
1702 934 1769 964 est,
1804 925 1927 967 pluere.
1983 924 2067 955 Nam

1093 974 1249 1015 Hyemem
1273 973 1433 1004 ordinavit
1460 971 1550 1003 Deus
1585 971 1625 1001 ad
1658 970 1825 1010 rigandam
1860 975 1997 1003 terram,
2033 973 2065 997 et

1093 1017 1268 1048 fovendam
1292 1016 1481 1046 humiditate
1511 1020 1541 1044 et
1570 1012 1694 1054 frigore
1722 1023 1761 1042 ex
1785 1012 1904 1042 ardore
1927 1010 2064 1041 aestivo.

1093 1061 1261 1091 Aestatem
1287 1070 1365 1089 vero
1389 1057 1548 1088 ordinavit
1574 1056 1677 1093 Deus,
1701 1061 1735 1085 ut
1757 1053 1848 1085 calor
1872 1064 1932 1084 seu
1955 1059 2067 1083 aestus

1094 1103 1213 1133 excitet
1238 1109 1269 1132 et
1293 1108 1429 1132 maturet
1454 1099 1580 1141 fruges.

1178 1161 1296 1192 Mirum
1331 1166 1398 1197 est,
1444 1159 1533 1201 quod
1574 1158 1715 1190 ambitus
1757 1155 1810 1187 ille
1845 1154 1934 1186 Solis
1968 1154 2069 1185 habet

1095 1204 1212 1236 stellas
1237 1204 1504 1235 accommodatas
1524 1202 1639 1232 aestati
1674 1206 1729 1231 aut
1757 1199 1885 1240 hyemi,
1936 1204 1970 1228 ut
1995 1207 2069 1228 cum

1094 1247 1154 1279 Sol
1166 1249 1253 1278 venit
1267 1247 1308 1277 ad
1317 1244 1522 1282 Caniculam,
1545 1250 1683 1285 augetur
1696 1249 1817 1273 aestus.
1843 1239 1944 1272 Multa
1958 1246 2067 1271 autem

1094 1289 1317 1332 irregulariter
1358 1290 1390 1319 in
1426 1288 1553 1319 vicibus
1589 1285 1651 1317 illis
1687 1294 1868 1326 temporum
1903 1282 2068 1319 accidunt,

1095 1334 1170 1375 quia
1182 1334 1353 1363 turbantur
1363 1336 1584 1372 tempestates,
1597 1336 1731 1370 propter
1743 1334 1880 1369 peccata
1893 1326 2068 1356 homiuum.

1095 1377 1204 1416 Saepe
1238 1376 1335 1406 etiam
1371 1373 1620 1405 coniunctiones
1656 1371 1866 1402 Planetarum
1900 1370 1933 1400 in
1964 1368 2069 1409 signis

1096 1420 1194 1450 certis
1218 1417 1340 1449 faciunt
1364 1418 1574 1448 mutationem
1598 1421 1840 1454 tempestatum.

1181 1468 1230 1500 Illi
1253 1469 1307 1510 qui
1331 1468 1465 1499 irrident
1489 1467 1670 1498 doctrinam
1700 1466 1740 1495 de
1770 1464 1912 1495 motibus
1936 1469 1968 1495 et
1993 1462 2071 1494 effe-

1097 1513 1262 1544 ctionibus
1285 1512 1441 1548 siderum,
1464 1509 1541 1541 nihil
1565 1508 1652 1539 aliud
1682 1506 1822 1544 faciunt,
1852 1517 1951 1548 quam
1980 1506 2070 1547 quod

1097 1554 1289 1595 sapientiam
1323 1554 1482 1590 divinam,
1522 1552 1586 1582 imo
1619 1551 1724 1581 Deum
1763 1551 1869 1590 ipsum
1911 1549 2070 1579 derident.

1098 1597 1176 1628 Mihi
1200 1608 1295 1628 nemo
1330 1595 1560 1636 persuadebit,
1595 1592 1849 1635 pulcherrimum
1878 1590 1955 1623 illud
1987 1601 2070 1631 opus

1098 1639 1198 1677 coeli,
1234 1646 1264 1670 et
1295 1640 1439 1669 ordinem
1471 1639 1524 1679 qui
1559 1638 1590 1667 in
1619 1647 1658 1667 eo
1693 1635 1912 1676 conspicitur,
1947 1633 2071 1665 frustra

1099 1693 1175 1713 esse
1200 1682 1375 1713 conditum.
1420 1681 1460 1711 Et
1484 1680 1571 1721 quod
1595 1680 1725 1721 quidam
1755 1679 1853 1708 citant
1882 1677 2072 1713 Lutherum,

1099 1724 1222 1756 faciunt
1245 1725 1274 1755 ci
1298 1725 1472 1755 maximam
1496 1723 1657 1759 iniuriam,
1683 1721 1764 1752 Cum
1788 1719 1917 1751 illorum
1941 1720 2071 1760 quidam

1097 1767 1274 1799 Lutherum
1298 1767 1352 1797 vix
1376 1767 1532 1803 viderint,
1565 1771 1620 1796 aut
1644 1774 1778 1805 parvam
1813 1774 1885 1793 cuni
1915 1772 1954 1793 eo
1980 1760 2071 1792 sami-

1097 1810 1268 1841 liaritatem
1293 1809 1475 1840 habuerint.
1544 1807 1615 1849 Ego
1648 1808 1744 1837 toties
1780 1816 1852 1836 cum
1881 1815 1920 1836 eo
1945 1805 1985 1835 de
2008 1804 2072 1834 hac

1098 1865 1133 1884 re
1155 1853 1289 1884 locutus
1313 1863 1398 1890 sum,
1430 1858 1464 1882 ut
1487 1857 1578 1882 certo
1603 1848 1767 1880 affirmare
1801 1849 1944 1889 possim,
1979 1856 2071 1878 reve-

1097 1903 1206 1927 renter
1228 1906 1301 1927 eum
1326 1895 1366 1925 de
1394 1893 1450 1925 illo
1479 1895 1593 1924 ordine
1616 1893 1774 1923 sensisse.
1832 1890 1871 1921 Et
1902 1889 1961 1921 fuit
1994 1889 2071 1920 mihi

1099 1951 1171 1970 cum
1203 1949 1241 1969 eo
1273 1938 1478 1969 consuetudo
1509 1938 1603 1968 annis
1627 1935 1669 1966 30
1692 1933 1954 1966 familiatissiuia.
2014 1932 2071 1963 Isti

1097 1982 1219 2013 indocti
1242 1982 1325 2012 asini
1348 1986 1541 2021 praetexunt
1565 1989 1680 2010 nomen
1702 1977 1849 2014 Lutheri,
1873 1987 1937 2007 non
1961 1976 2070 2007 studio

1098 2025 1257 2061 veritatis,
1280 2025 1339 2054 sed
1363 2022 1482 2054 malitia
1517 2023 1557 2053 ad
1593 2022 1785 2062 captandam
1821 2030 1932 2050 auram
1966 2018 2070 2060 vulgi,

1098 2068 1185 2109 quod
1209 2068 1314 2097 sciunt
1339 2065 1495 2097 delectari
1521 2065 1701 2096 barbaricis
1725 2062 1934 2095 clamoribus.

1184 2117 1432 2159 Appellationes
1462 2117 1620 2148 mensium
1649 2116 1733 2156 apud
1766 2114 1934 2145 Hebraeos
1965 2112 2071 2153 magis

1099 2168 1281 2203 congruunt
1315 2171 1387 2192 cum
1429 2167 1560 2197 natura,
1602 2169 1699 2200 quam
1739 2156 1874 2188 aliarum
1915 2156 2071 2204 gentium.

1097 2204 1173 2235 Dixi
1201 2211 1298 2235 antea
1328 2204 1368 2235 de
1392 2201 1554 2234 vocabulo
1587 2202 1680 2241 ljar:
1713 2201 1799 2232 unde
1834 2206 1883 2230 est
1917 2198 2072 2229 tortassis

1098 2254 1244 2279 nostruin
1269 2247 1383 2283 herba,
1407 2247 1488 2276 sicut
1514 2243 1611 2276 sat-ile
1636 2245 1711 2275 tiunt
1739 2243 1934 2274 mutationes
1957 2242 1988 2272 in
2012 2251 2070 2272 vo-

1098 2289 1225 2322 cabulis
1249 2291 1453 2320 diversarum
1476 2287 1670 2329 linguarum.
1706 2286 1769 2316 lste
1793 2285 1857 2325 ljar
1879 2284 1937 2315 suit
1954 2293 2071 2316 secun·

1099 2334 1160 2364 dus
1200 2333 1324 2364 mensis
1365 2332 1451 2373 apud
1491 2331 1674 2362 Hebraeos.
1743 2329 1882 2359 Primum
1922 2336 2071 2359 mensum

1100 2382 1259 2407 vocarunt
1281 2376 1366 2415 Abit),
1389 2385 1407 2405 a
1432 2375 1544 2415 spiciS,
1569 2373 1643 2415 quia
1667 2380 1743 2403 tunc
1763 2371 1922 2411 prodeunt
1948 2371 2071 2411 spicae.

1104 2421 1215 2457 Tln'srt',
1238 2419 1269 2448 id
1294 2424 1357 2455 est,
1383 2418 1539 2458 septimus
1559 2416 1692 2452 mensis,
1716 2415 1769 2455 qui
1793 2414 1908 2454 partim
1923 2414 2071 2454 Septem-

1099 2463 1161 2499 bri,
1184 2463 1300 2502 partim
1326 2461 1461 2492 Octobri
1485 2466 1600 2491 nostro
1623 2457 1817 2498 respondet,
1847 2457 1896 2488 sic
1926 2457 2071 2487 nomina-

1099 2512 1152 2536 tur
1186 2515 1205 2535 a
1238 2511 1357 2534 musto.
1425 2505 1532 2534 lsisleu
1566 2511 1671 2532 nonus
1712 2500 1833 2530 mensis
1872 2500 1912 2530 ab
1948 2500 2071 2530 Orione

1099 2557 1218 2579 nomen
1242 2545 1350 2577 habet.
1418 2546 1507 2577 Haec
1530 2545 1660 2575 nomina
1693 2549 1767 2574 sunt
1798 2543 1918 2584 optime
1948 2542 2070 2574 consti·

1099 2598 1167 2622 tuta
1190 2590 1261 2621 sive
1284 2600 1303 2620 a
1327 2588 1445 2627 stellis,
1468 2586 1790 2619 sii-cadistinctione
1812 2596 1918 2617 rerum
1931 2596 2072 2618 nascen-

1099 2634 1177 2665 tium
1200 2643 1241 2664 ex
1264 2639 1361 2663 terra.
