2324 2958
247 237 308 268 311

247 337 415 372 gestarum
445 327 553 370 gloria
585 325 868 364 antecelluerunt‚

248 373 429 409 vocabant,
459 377 492 401 ut
515 368 709 408 Herculem,
738 369 924 407 Quirinum,
952 376 983 400 et
1006 365 1147 404 similes,
1173 366 1218 396 in-

247 424 369 447 vocare
390 412 479 444 soliti
501 417 588 443 sunt.

330 456 425 488 Nunc
444 456 476 487 in
495 455 659 496 praesenti
677 454 815 486 historia
835 452 927 484 Pauli
947 449 1098 492 Apostoli
1119 459 1218 491 quae—

245 509 355 530 ramus
384 498 480 530 locos
508 496 584 529 illos
612 499 827 539 praecipuos,
860 496 914 537 qui
947 496 980 525 in
1014 491 1217 534 singulorum

245 547 432 573 sanctorum
473 539 619 572 historiis
661 539 860 571 observandi
899 543 987 568 sunt:
1038 534 1216 567 Videlicet:

248 585 275 615 l.
310 583 403 619 Quae
426 583 522 615 suerit
546 584 677 615 vocatio
700 582 783 619 eius,
807 587 838 612 et
857 579 1021 621 quomodo
1041 588 1101 609 seu
1119 588 1216 619 quam

244 625 434 658 mirabiliter
456 627 498 657 sit
520 632 671 657 vocatus.
711 625 742 655 2.
771 624 876 658 Quam
900 621 1082 652 doctrinam
1105 619 1216 652 desen-

245 669 337 701 derit.
377 669 408 700 3.
438 669 532 704 Quae
554 668 702 700 babuerit
725 665 909 697 testimonia
933 663 1087 694 divinitus
1106 663 1216 695 addita

245 712 421 744 doctrinae.
462 713 492 742 4.
525 710 616 746 Quas
639 718 812 741 aerumnas
831 713 988 747 expertus
1010 705 1061 745 sit,
1083 712 1115 737 et
1133 715 1216 747 quas

245 754 457 787 liberationes
504 754 534 785 5.
566 753 658 788 Quae
677 751 825 783 habuerit
844 748 1000 780 exercitia
1018 747 1214 780 voluntaria.

500 920 561 959 De
594 917 805 957 vocatione
837 913 959 954 Pauli.

329 1010 390 1042 Hic
421 1010 486 1041 duo
520 1018 558 1040 se
592 1007 731 1038 offerunt
763 1004 1015 1037 consideranda.
1062 1004 1215 1041 Primum,

243 1054 332 1096 quod
362 1058 499 1084 vocatus
530 1050 627 1082 suerit
658 1050 700 1081 ad
730 1058 848 1080 munus
877 1047 1042 1088 Apostoli.
1087 1046 1217 1078 Deinde

243 1096 408 1138 quomodo
437 1095 479 1125 sit
511 1102 712 1130 conversus,
740 1102 813 1123 cum
843 1091 934 1132 prius
961 1090 1078 1121 fuisset
1105 1100 1216 1130 perse-

243 1145 337 1171 cutor
361 1137 482 1169 Christi
505 1143 534 1167 et
559 1134 740 1167 Ecclesiae.

329 1179 511 1222 Apostolus
540 1179 611 1220 ipse
663 1178 767 1209 assim
796 1177 829 1207 in
860 1175 979 1214 titulis,
1009 1182 1042 1206 et
1072 1175 1216 1206 exordiis

243 1234 372 1257 suarum
398 1220 618 1263 Epistolarurn
656 1221 721 1252 acit
743 1219 938 1250 mentionem
967 1228 1049 1250 suae
1072 1218 1217 1249 vocatio·

241 1268 308 1304 nis,
337 1267 378 1297 ad
408 1264 700 1296 commendandam
731 1263 934 1293 autoritatem
965 1262 1015 1292 sui
1039 1260 1216 1292 ministerii.

241 1310 391 1341 Nominat
414 1318 452 1339 se
474 1306 580 1345 κλητόν
602 1306 777 1339 ἀπόστολον,
800 1305 832 1336 id
855 1311 917 1342 est,
940 1302 1137 1345 Apostolum
1160 1303 1217 1334 im-

240 1353 379 1383 mediate
409 1356 441 1382 et
463 1348 624 1392 singulari
646 1349 744 1380 modo
768 1353 936 1379 vocatum.
967 1353 1000 1377 et
1029 1346 1091 1377 boc
1121 1352 1217 1387 urget

241 1395 281 1426 ad
302 1393 449 1425 Galatas.
480 1393 720 1424 Discernantur
738 1391 835 1432 igitur
855 1390 976 1431 gradus
996 1389 1216 1420 vocationum.

241 1437 315 1469 Alia
347 1443 397 1468 est
426 1435 582 1472 mediata.
617 1444 702 1476 quae
732 1434 766 1464 fit
794 1432 960 1464 ordinarie
987 1433 1028 1463 ab
1053 1430 1217 1468 Ecclesia,

243 1490 302 1512 seu
324 1481 366 1511 ab
390 1479 587 1509 hominibus.
620 1476 708 1508 'Alia
732 1482 782 1507 est
806 1475 1008 1512 immediata,
1036 1473 1143 1515 qualis
1167 1481 1217 1504 est

243 1523 374 1554 vocatio
402 1521 596 1562 prophetica
625 1527 655 1551 et
679 1517 893 1560 Apostolica,
928 1528 1000 1548 cum
1025 1516 1117 1547 Deus
1145 1517 1218 1556 ipse

243 1566 382 1603 excitat,
406 1571 438 1595 et
460 1563 655 1595 testimoniis
679 1562 796 1593 divinis
821 1566 934 1597 ornat,
963 1569 1046 1601 quos
1070 1558 1141 1590 vult
1162 1569 1218 1590 au-

243 1609 302 1639 diri
327 1609 368 1639 ab
391 1606 464 1639 aliis
488 1608 521 1638 in
543 1604 708 1643 Ecclesia,
735 1610 890 1645 tanquam
913 1612 978 1633 non
1003 1608 1154 1634 errantes
1178 1602 1218 1647 de

243 1652 403 1683 doctrina.

329 1694 420 1725 llaec
455 1693 586 1725 vocatio
621 1693 804 1724 immediata
837 1690 941 1722 multo
977 1696 1028 1721 est
1067 1689 1246 1731 superiori

241 1737 381 1768 mediata
404 1747 464 1768 seu
488 1737 650 1768 communi
675 1735 865 1771 vocatione,
896 1733 980 1769 Quia
1003 1733 1057 1774 qui
1080 1732 1218 1763 mediate

241 1786 420 1817 vocantur,
448 1787 523 1810 sunt
547 1778 674 1821 alligati
700 1778 741 1809 ad
771 1777 895 1818 scripta
919 1774 1156 1817 Apostolorum
1186 1780 1217 1806 et

240 1822 490 1864 prophetarum,
521 1832 581 1853 nec
606 1822 726 1852 babent
751 1819 837 1851 aliud
863 1819 1100 1856 testimonium,
1129 1818 1217 1859 quod

242 1877 306 1897 non
331 1872 451 1903 errent,
475 1865 536 1895 nisi
556 1863 612 1896 illa
632 1864 703 1904 ipsa
724 1863 848 1903 scripta
867 1861 1059 1902 prophetica
1079 1867 1110 1891 et
1129 1862 1218 1901 Apo-

238 1908 367 1939 stolica.
409 1907 594 1948 Prophetae
619 1907 758 1937 subinde
784 1911 932 1944 repetunt
956 1903 1039 1934 lim-c
1059 1904 1162 1934 verba
1186 1904 1216 1934 in

196 1961 201 1966 ·
241 1952 310 1983 suis
334 1951 567 1982 concionibus:
603 1950 692 1980 llm‘c
715 1949 793 1979 dit-it
820 1948 990 1979 Dandum,
1015 1946 1070 1983 Et,
1095 1948 1150 1976 Sic
1173 1947 1217 1975 lo-

240 1999 330 2025 muns
349 1999 393 2023 est
417 1993 588 2024 Donu‘nns:
612 1999 645 2023 ut
665 1992 816 2022 doceant.
835 1991 982 2031 ipsorum
1003 1989 1217 2020 concionibus

241 2037 440 2068 credendum
472 2046 564 2069 esse.
600 2042 752 2076 tanquam
778 2034 850 2064 voci
879 2033 919 2063 de
950 2031 1043 2063 cot-lo
1074 2032 1216 2062 sonanti.

241 2081 312 2111 Hoc
341 2080 406 2110 tine
439 2077 581 2110 inculcat
613 2079 708 2109 etiam
740 2075 860 2107 Paulus
891 2076 1094 2106 socaiionetn
1124 2086 1216 2105 suam

239 2123 279 2154 ad
305 2133 423 2154 munus
443 2119 608 2162 Apostoli,
630 2121 671 2151 ad
692 2120 778 2161 quod
798 2119 840 2150 nit
862 2128 899 2149 se
917 2119 1052 2149 inritum
1072 2124 1102 2149 et
1122 2128 1216 2149 aver·

240 2173 366 2197 santem
391 2163 618 2205 Evangelium,
641 2168 840 2203 pertractum
865 2172 952 2191 esse.

326 2208 392 2239 Sed
413 2208 487 2249 quia
508 2207 678 2238 citavimus
698 2212 793 2236 antea
814 2205 934 2235 dictum
949 2202 1040 2234 Pauli
1055 2204 1096 2233 ad
1111 2201 1217 2244 Ephe·

240 2253 308 2282 sios
333 2252 374 2281 de
397 2251 507 2281 donis.
539 2259 624 2291 quae
655 2247 740 2279 iilius
765 2246 825 2279 Dei
854 2247 975 2278 sedetis
1006 2246 1047 2277 ad
1071 2246 1217 2277 dextram

262 2296 341 2326 atris
366 2295 421 2325 dat
444 2293 644 2325 hominibus:
677 2298 863 2332 repetamus
892 2290 1076 2320 discrimina
1106 2287 1218 2329 appel-

253 2344 410 2415 mw'il'u'iil
452 2385 520 2410 erat
562 2378 723 2420 propbeta
770 2378 800 2407 in
840 2376 941 2406 veteri
983 2374 1217 2406 Testamento‘?

245 2423 408 2463 Proplwm
432 2423 463 2453 in
489 2420 544 2453 iilo
590 2419 690 2462 opulo
714 2418 771 2451 suit
791 2429 935 2461 persona
960 2418 1142 2449 immediate
1163 2428 1218 2448 vo-

242 2473 314 2496 cata
338 2477 356 2496 a
377 2465 461 2502 Deo,
484 2466 523 2495 ad
550 2463 569 2495 ii
587 2463 777 2495 ustrandam
802 2462 1052 2503 promissionem
1073 2461 1112 2491 dv
1133 2459 1218 2491 Mes-

241 2510 299 2539 sia.
333 2508 439 2540 (Haec
463 2509 546 2538 enim
571 2507 746 2548 praecipua
771 2515 849 2546 pars
869 2505 1012 2535 muneris
1033 2503 1216 2544 prophetici

241 2559 336 2583 erat.)
384 2551 502 2581 Postea
527 2552 623 2582 etiam
647 2550 687 2580 ad
712 2547 821 2590 aliqua
845 2547 982 2578 consilia
1008 2545 1156 2587 politica:
1186 2552 1217 2577 et

241 2595 353 2626 habuit
379 2594 581 2626 testimonia.
611 2592 697 2634 quod
728 2602 791 2623 non
823 2597 922 2621 erret.
969 2590 1041 2620 Non
1066 2588 1217 2620 volumus

243 2640 303 2667 ista
337 2635 549 2668 subtilis-sinu·
584 2636 747 2677 persequi.
794 2633 928 2676 Loquor
963 2633 1003 2663 de
1039 2631 1216 2674 plerisque.

243 2681 303 2714 Qui
328 2678 533 2712 delectantur
557 2677 832 2712 cavillationibus,
855 2677 894 2707 iis
914 2674 993 2707 nibil
1013 2676 1074 2706 dici
1095 2682 1216 2716 potest.

932 231 1043 263 prm..
1067 230 1167 262 MEL.
1191 227 1376 262 SCRIPTA
1399 225 1662 261 EXEGETICA.

2173 229 2237 262 312

904 335 986 367 quos
1021 323 1140 356 heroas
1173 322 1218 354 illi
1241 323 1246 342 ¹
1271 322 1360 363 quod
1394 331 1460 353 non
1494 320 1699 354 labefactare
1724 321 1887 354 studeant.
1932 321 2004 353 Nos
2032 323 2134 354 simus
2162 332 2239 355 con-

1269 364 1349 395 tenti
1382 364 1539 396 mediocri
1571 364 1800 406 explictttione.
1845 364 1894 395 lta
1923 364 2038 396 Moses
2071 363 2132 396 suit
2160 365 2239 397 Pro-

1269 405 1379 448 pheta.
1424 406 1481 438 Sic
1501 405 1604 445 Elias,
1625 406 1790 445 Elisaeus,
1814 406 1979 446 ieremias,
2002 405 2130 445 Daniel,
2153 407 2240 449 Ha„-

1269 458 1390 491 gaeus,
1425 448 1555 481 suerunt
1583 450 1780 491 prophetae,
1812 448 2024 482 declararunt
2052 450 2240 491 promissio·

1269 501 1342 524 nem
1364 491 1556 534 Evangelii,
1583 493 1667 523 sicut
1692 493 1812 524 Petrus
1833 492 1937 533 inquit
1958 493 1991 524 in
2015 493 2123 524 Actis:
2157 492 2241 524 Huic

1268 543 1374 566 ornnes
1394 535 1573 576 prophetae
1594 536 1803 566 tas-'timonium
1824 534 2002 576 perhibent,
2025 535 2173 576 accipere
2189 545 2240 567 re-

1267 578 1443 608 missionem
1472 581 1676 618 peccatorum
1703 587 1763 617 per
1790 587 1900 608 nomen
1922 577 2007 616 eius,
2038 587 2160 614 onmes,
2187 579 2244 619 φα·

1267 620 1399 651 credunt
1422 619 1606 661 Evangelio.

1355 662 1480 694 Deinde
1504 663 1638 694 adhibiti
1662 663 1804 700 suntad
1835 663 2105 704 gubernationem
2135 661 2241 704 politi·

1266 715 1357 742 oam,
1398 708 1455 736 aut
1489 712 1580 736 certe
1619 706 1661 737 ad
1695 704 1836 747 aliquam
1870 711 1995 746 partem
2030 703 2242 737 consiliorum

1267 747 1486 789 politicorum.
1530 746 1644 778 Moses
1679 747 1738 779 suit
1771 748 1837 779 dux
1872 746 1983 789 populi
2016 746 2096 786 Dei,
2132 747 2242 779 David

1268 799 1342 828 rex,
1381 788 1516 822 Samuel
1552 790 1658 822 iudex.
1710 790 1826 821 Esaias
1864 789 2011 821 consiliis
2049 790 2119 822 suis
2153 791 2242 822 iuvat

1267 831 1441 864 Ezechiam
1472 838 1587 863 contra
1615 833 1850 865 Sennacherib.
1898 832 2053 864 ieremias
2081 833 2136 864 dat
2164 842 2243 864 con-

1269 874 1375 907 silium
1405 874 1556 906 leconiae
1586 875 1627 907 de
1657 882 1840 916 spontanea
1871 876 2046 907 deditione.
2089 874 2242 906 Elisaeus

1268 918 1358 949 unxit
1382 924 1450 948 tres
1474 927 1584 958 reges.
1628 917 1748 949 Daniel
1777 917 1834 950 fuit
1864 917 2051 960 praefectus
2081 918 2111 949 in
2135 917 2241 949 Susis

1269 961 1447 1002 Haggaeus
1482 960 1566 992 rexit
1600 959 1740 992 consilia
1772 962 1813 992 de
1846 961 1951 992 reditu
1985 971 2024 992 ex
2058 959 2241 1001 Babylone.

1269 1003 1392 1034 Omnes
1422 1009 1529 1034 autem
1558 1004 1611 1034 isti
1639 1002 1825 1035 habuerunt
1857 1004 2043 1035 testimonia
2077 1003 2244 1040 divinitus,

1269 1046 1357 1087 quod
1380 1056 1446 1076 non
1470 1052 1626 1077 errarent.

1355 1088 1439 1124 Quid
1463 1095 1512 1120 est
1537 1087 1745 1129 Apostolus?
1780 1087 1868 1119 Nihil
1899 1089 2033 1119 interest
2064 1088 2147 1119 inter
2170 1098 2243 1129 pro—

1268 1131 1399 1173 phetam
1429 1137 1461 1162 et
1489 1130 1705 1172 Apostolum,
1738 1141 1836 1172 quam
1865 1131 1952 1172 quod
1979 1130 2130 1172 Apostoli
2163 1129 2244 1162 nihil

1269 1175 1453 1206 habuerunt
1476 1174 1598 1215 negotii
1623 1184 1695 1205 curn
1725 1172 1839 1215 politia
1861 1172 2060 1212 israelitica,
2092 1180 2145 1205 aut
2175 1171 2244 1204 ulla

1271 1223 1362 1258 parte
1401 1216 1689 1247 administrationis
1730 1215 1865 1247 aliarum
1905 1215 2243 1257 Rerumpublicarum.

1269 1260 1336 1290 Sed
1360 1260 1535 1290 recitemus
1559 1259 1789 1290 definitionem.
1835 1261 2006 1299 ‚spostolus
2030 1265 2079 1290 est
2102 1268 2244 1300 persona

1269 1302 1453 1334 immediate
1476 1309 1593 1333 vocata
1616 1311 1635 1332 a
1654 1300 1726 1332 Deo
1749 1302 1790 1332 ad
1815 1302 1997 1333 docendum
2017 1300 2243 1344 Evangelium‚

1270 1354 1468 1386 quocunque
1496 1343 1590 1381 loen,
1623 1343 1741 1381 (Habet
1772 1345 1855 1375 enim
1887 1345 2094 1375 vocationem
2117 1345 2244 1376 univer·

1270 1387 1390 1424 salem,
1419 1397 1483 1418 non
1512 1385 1681 1428 alligatam
1711 1387 1763 1417 nni
1787 1386 1878 1423 loco)
1912 1393 1943 1417 et
1975 1387 2071 1418 babet
2100 1387 2243 1417 testiino-

1270 1431 1357 1461 nium
1381 1429 1561 1466 doctrinae,
1586 1429 1672 1470 quod
1696 1439 1761 1459 non
1785 1434 1882 1465 erret,
1904 1439 1968 1459 nec
1990 1429 2089 1459 babet
2111 1428 2244 1460 manda-

1270 1480 1338 1504 tum
1361 1473 1403 1503 ad
1426 1472 1599 1502 tenendam
1618 1469 1670 1501 vel
1693 1472 1872 1511 regendam
1896 1471 2165 1512 gubernationem
2188 1480 2245 1511 po·

1271 1514 1401 1546 liticam.
1446 1513 1541 1545 Deus
1571 1514 1698 1545 ornavit
1729 1523 1793 1544 non
1823 1513 1921 1544 modo
1952 1512 2152 1554 prophetas,
2185 1512 2246 1544 sed

1271 1558 1367 1589 etiarn
1381 1555 1562 1598 Apostolos
1585 1557 1772 1588 testimonio
1796 1556 1938 1597 Spiritus
1961 1556 2080 1592 sancti,
2102 1562 2133 1587 et
2150 1556 2246 1587 mira·

1271 1599 1370 1641 culis,
1410 1605 1446 1631 ut
1478 1605 1603 1631 certum
1644 1605 1753 1636 esset,
1794 1599 1978 1630 doctrinam
2017 1609 2131 1630 eorum
2166 1598 2246 1630 divi-

1271 1655 1344 1675 nam
1368 1654 1455 1675 esse.

1356 1687 1564 1728 Evanyelista
1587 1692 1638 1717 est
1661 1695 1803 1727 persona
1826 1685 1966 1717 mediate
1984 1684 2038 1716 vel
2061 1684 2245 1716 immediate

1271 1736 1388 1761 vocata
1420 1730 1462 1760 ad
1490 1729 1674 1760 docendum
1703 1727 1918 1769 Evangeliutn
1948 1728 1980 1759 in
2010 1726 2118 1761 multis
2148 1726 2244 1760 locis.

1270 1773 1371 1804 Erant
1394 1773 1479 1804 enim
1501 1771 1614 1814 aliqui,
1639 1772 1691 1813 qui
1715 1771 1856 1803 subinde
1878 1772 2091 1802 mittebantur
2111 1777 2166 1803 aut
2187 1780 2245 1801 vo·

1270 1817 1429 1847 cabantur
1451 1816 1492 1846 ad
1517 1815 1666 1846 diversas
1689 1813 1881 1851 Ecclesias,
1902 1821 1936 1845 ut
1961 1814 2004 1844 ibi
2029 1812 2245 1856 Evangelium

1270 1860 1438 1890 docerent.
1482 1857 1582 1889 Tales
1611 1857 1724 1888 scribit
1757 1857 1919 1888 Eusebius
1952 1856 2138 1888 nominatos
2169 1866 2246 1887 esse

1270 1899 1522 1943 Evangelistas,
1563 1908 1593 1931 et
1637 1899 1782 1932 celebrat
1824 1899 2047 1936 Pantaenum,
2087 1897 2246 1931 lectorem

1269 1943 1406 1976 scholae
1432 1942 1693 1975 Alexandrinae.
1725 1943 1778 1983 qui
1810 1949 2007 1984 pervagatus
2037 1940 2096 1973 fuit
2126 1940 2245 1973 multas

1269 1986 1438 2018 Ecclesias
1461 1987 1492 2017 in
1513 1987 1659 2024 Oriente,
1682 1993 1712 2016 et
1737 1996 1793 2016 eas
1818 1986 1944 2016 erudiit.
1991 1985 2114 2016 Noster
2127 1984 2247 2016 Pastor

1270 2031 1431 2061 lohannes
1447 2029 1680 2071 Bugenltagius
1706 2035 1814 2069 potest
1840 2029 1902 2059 dici
1921 2026 2146 2069 Evangelista.
2170 2027 2245 2069 quia

1270 2073 1468 2114 praedicavit
1497 2073 1528 2103 in
1558 2062 1666 2103 multis
1699 2071 1800 2109 locis.
1836 2078 1867 2102 et
1897 2071 2049 2103 diversas
2076 2068 2246 2102 Ecclesiam

1270 2116 1448 2147 constituit.

1357 2158 1477 2190 Pnstm·
1499 2168 1557 2189 seu
1585 2158 1610 2188 Ε
1622 2159 1762 2198 n'scopms
1785 2165 1833 2188 est
1859 2167 2003 2199 persona
2026 2156 2165 2188 mediate
2192 2166 2245 2187 vo-

1270 2208 1341 2233 rata
1364 2200 1491 2232 scilicet
1521 2211 1579 2242 per
1632 2199 1800 2235 eclesiam.
1826 2201 1867 2231 ad
1892 2199 2075 2231 docendum
2098 2198 2246 2240 Evange-

1270 2244 1362 2282 lium,
1391 2251 1421 2275 et
1452 2245 1492 2274 ad
1524 2242 1688 2285 publicam
1718 2243 2029 2274 administrationem
2051 2243 2247 2273 Sacramen-

1270 2294 1374 2318 torum
1398 2288 1428 2318 in
1453 2286 1528 2318 loco
1560 2293 1661 2317 certo.
1708 2286 1815 2318 Debet
1843 2292 1952 2317 autem
1981 2285 2162 2316 doctrinam
2191 2294 2246 2315 ae·

1269 2331 1378 2372 cipere
1401 2331 1441 2361 ab
1456 2328 1636 2371 Apostolis.
1660 2340 1718 2360 seu
1742 2329 1882 2360 ret—itare
1898 2328 2079 2360 doctrinam
2093 2327 2245 2358 traditam

1269 2375 1309 2404 ab
1335 2372 1524 2415 Apostoiis,
1559 2379 1587 2403 et
1614 2383 1686 2403 rum
1715 2373 1757 2403 ab
1787 2371 1850 2403 buc
1880 2371 2038 2407 discedit,
2074 2376 2176 2408 errat,
2210 2375 2245 2401 ut

1269 2426 1368 2457 saept¹
1403 2416 1539 2447 accidit:
1576 2415 1644 2446 Nec
1680 2415 1777 2446 babet
1811 2421 2009 2456 potestatem
2040 2414 2159 2454 ubique
2189 2412 2246 2442 do-

1270 2460 1376 2490 cendi.
1402 2465 1433 2490 ut
1462 2457 1654 2499 Apostolus.

1355 2503 1419 2532 t'ur
1444 2512 1583 2532 nevossu
1607 2508 1669 2534 est.
1695 2499 1875 2541 Apostplos
1899 2506 2036 2530 ornatos
2055 2507 2132 2529 esse
2150 2498 2244 2529 mira-

1269 2543 1374 2576 culis!
1423 2545 1618 2586 Epist-opum
1654 2554 1719 2574 non
1754 2553 1894 2574 necesse
1927 2548 1977 2573 est
2007 2539 2119 2572 facere
2150 2541 2243 2571 tuira-

1269 2587 1364 2619 t·uln²?
1415 2588 1530 2618 Annon
1558 2585 1707 2628 Apostoli
1732 2587 1911 2617 docuerunt
1937 2585 2034 2616 idem.
2058 2583 2145 2625 quod
2192 2591 2245 2614 ro·

1268 2630 1405 2672 phetae(
1452 2629 1663 2671 Respondeo.
1700 2629 1895 2670 Quanquam
1921 2625 1997 2658 nibil
2022 2627 2097 2658 novi
2119 2625 2173 2657 i'ac
2186 2632 2243 2657 unt

1270 2673 1436 2714 Apostoli.
1464 2680 1694 2714 praeterquam
1718 2672 1806 2713 quod
1829 2670 2028 2711 praedit-tum
2052 2676 2102 2699 est
2127 2678 2146 2699 a
2169 2677 2243 2709 pro·
