<?xml version="1.0" encoding="UTF-8"?>
<!DOCTYPE html PUBLIC "-//W3C//DTD XHTML 1.0 Transitional//EN"
    "http://www.w3.org/TR/xhtml1/DTD/xhtml1-transitional.dtd">
<html xmlns="http://www.w3.org/1999/xhtml" xml:lang="en" lang="en">
 <head>
  <title>
</title>
<meta http-equiv="Content-Type" content="text/html;charset=utf-8" />
  <meta name='ocr-system' content='tesseract 3.04.00' />
  <meta name='ocr-capabilities' content='ocr_page ocr_carea ocr_par ocr_line ocrx_word'/>
</head>
<body>
  <div class='ocr_page' id='page_1' title='image "./operaquaesupersu24melauoft/operaquaesupersu24melauoft_0233.png"; bbox 0 0 2324 2958; ppageno 0'>
   <div class='ocr_carea' id='block_1_1' title="bbox 105 174 173 211">
    <p class='ocr_par' dir='ltr' id='par_1_1' title="bbox 105 174 173 211">
     <span class='ocr_line' id='line_1_1' title="bbox 105 174 173 211; baseline -0.015 0"><span class='ocrx_word' id='word_1_1' title='bbox 105 174 173 211; x_wconf 79' lang='lat'><strong>‘413</strong></span> 
     </span>
    </p>
   </div>
   <div class='ocr_carea' id='block_1_2' title="bbox 108 268 1080 650">
    <p class='ocr_par' dir='ltr' id='par_1_2' title="bbox 108 268 1080 650">
     <span class='ocr_line' id='line_1_2' title="bbox 111 268 1080 310; baseline -0.006 -5"><span class='ocrx_word' id='word_1_2' title='bbox 111 273 213 305; x_wconf 81' lang='lat' dir='ltr'>verba</span> <span class='ocrx_word' id='word_1_3' title='bbox 234 269 362 303; x_wconf 80' lang='lat' dir='ltr'>articuli</span> <span class='ocrx_word' id='word_1_4' title='bbox 385 274 460 299; x_wconf 89' lang='lat' dir='ltr'>sunt</span> <span class='ocrx_word' id='word_1_5' title='bbox 483 268 685 308; x_wconf 87' lang='lat' dir='ltr'>(Anathema</span> <span class='ocrx_word' id='word_1_6' title='bbox 702 268 755 306; x_wconf 91' lang='lat' dir='ltr'>sit,</span> <span class='ocrx_word' id='word_1_7' title='bbox 779 268 922 310; x_wconf 89' lang='lat' dir='ltr'>quidicit</span> <span class='ocrx_word' id='word_1_8' title='bbox 933 278 970 300; x_wconf 88' lang='lat' dir='ltr'>se</span> <span class='ocrx_word' id='word_1_9' title='bbox 982 269 1080 306; x_wconf 91' lang='lat' dir='ltr'>scire,</span> 
     </span>
     <span class='ocr_line' id='line_1_3' title="bbox 111 310 1080 357; baseline -0.005 -10"><span class='ocrx_word' id='word_1_10' title='bbox 111 315 199 357; x_wconf 88' lang='lat' dir='ltr'>quod</span> <span class='ocrx_word' id='word_1_11' title='bbox 221 314 265 345; x_wconf 89' lang='lat' dir='ltr'>sit</span> <span class='ocrx_word' id='word_1_12' title='bbox 286 314 318 344; x_wconf 91' lang='lat' dir='ltr'>in</span> <span class='ocrx_word' id='word_1_13' title='bbox 341 312 460 354; x_wconf 86' lang='lat' dir='ltr'>gratia)</span> <span class='ocrx_word' id='word_1_14' title='bbox 483 310 538 342; x_wconf 87' lang='lat' dir='ltr'>lsti</span> <span class='ocrx_word' id='word_1_15' title='bbox 562 310 733 352; x_wconf 90' lang='lat' dir='ltr'>sophistae</span> <span class='ocrx_word' id='word_1_16' title='bbox 743 310 870 352; x_wconf 56' lang='lat' dir='ltr'>{urgent</span> <span class='ocrx_word' id='word_1_17' title='bbox 882 310 1080 343; x_wconf 78' lang='lat' dir='ltr'>vocabulum</span> 
     </span>
     <span class='ocr_line' id='line_1_4' title="bbox 111 354 1079 394; baseline -0.002 -7"><span class='ocrx_word' id='word_1_18' title='bbox 111 361 204 390; x_wconf 75' lang='lat' dir='ltr'>scire.</span> <span class='ocrx_word' id='word_1_19' title='bbox 250 355 324 387; x_wconf 89' lang='lat' dir='ltr'>Non</span> <span class='ocrx_word' id='word_1_20' title='bbox 356 354 426 385; x_wconf 89' lang='lat' dir='ltr'>scio</span> <span class='ocrx_word' id='word_1_21' title='bbox 451 364 502 385; x_wconf 89' lang='lat' dir='ltr'>me</span> <span class='ocrx_word' id='word_1_22' title='bbox 532 354 654 385; x_wconf 86' lang='lat' dir='ltr'>habere</span> <span class='ocrx_word' id='word_1_23' title='bbox 676 354 904 385; x_wconf 79' lang='lat' dir='ltr'>remissionem</span> <span class='ocrx_word' id='word_1_24' title='bbox 928 360 1079 394; x_wconf 86' lang='lat' dir='ltr'>peccato-</span> 
     </span>
     <span class='ocr_line' id='line_1_5' title="bbox 112 394 1080 438; baseline -0.005 -6"><span class='ocrx_word' id='word_1_25' title='bbox 112 410 193 438; x_wconf 86' lang='lat' dir='ltr'>rum,</span> <span class='ocrx_word' id='word_1_26' title='bbox 225 399 308 430; x_wconf 86' lang='lat' dir='ltr'>sicut</span> <span class='ocrx_word' id='word_1_27' title='bbox 340 397 411 428; x_wconf 86' lang='lat' dir='ltr'>scio</span> <span class='ocrx_word' id='word_1_28' title='bbox 444 397 552 437; x_wconf 88' lang='lat' dir='ltr'>ignem</span> <span class='ocrx_word' id='word_1_29' title='bbox 587 394 789 428; x_wconf 82' lang='lat' dir='ltr'><strong>calefacere:</strong></span> <span class='ocrx_word' id='word_1_30' title='bbox 834 396 894 426; x_wconf 86' lang='lat' dir='ltr'>sed</span> <span class='ocrx_word' id='word_1_31' title='bbox 928 396 993 427; x_wconf 76' lang='lat' dir='ltr'>fide</span> <span class='ocrx_word' id='word_1_32' title='bbox 1016 395 1080 427; x_wconf 91' lang='lat' dir='ltr'>hoc</span> 
     </span>
     <span class='ocr_line' id='line_1_6' title="bbox 111 438 1080 476; baseline -0.005 -2"><span class='ocrx_word' id='word_1_33' title='bbox 111 444 229 474; x_wconf 80' lang='lat' dir='ltr'>statuo.</span> <span class='ocrx_word' id='word_1_34' title='bbox 259 440 306 471; x_wconf 82' lang='lat' dir='ltr'>lta</span> <span class='ocrx_word' id='word_1_35' title='bbox 327 439 443 471; x_wconf 88' lang='lat' dir='ltr'>ludunt</span> <span class='ocrx_word' id='word_1_36' title='bbox 466 440 498 470; x_wconf 92' lang='lat' dir='ltr'>in</span> <span class='ocrx_word' id='word_1_37' title='bbox 521 449 557 470; x_wconf 87' lang='lat' dir='ltr'>re</span> <span class='ocrx_word' id='word_1_38' title='bbox 580 444 670 470; x_wconf 87' lang='lat' dir='ltr'>tanta</span> <span class='ocrx_word' id='word_1_39' title='bbox 694 445 725 469; x_wconf 91' lang='lat' dir='ltr'>et</span> <span class='ocrx_word' id='word_1_40' title='bbox 749 445 813 470; x_wconf 88' lang='lat' dir='ltr'>tam</span> <span class='ocrx_word' id='word_1_41' title='bbox 837 438 934 476; x_wconf 85' lang='lat' dir='ltr'>seria,</span> <span class='ocrx_word' id='word_1_42' title='bbox 956 438 1080 470; x_wconf 86' lang='lat' dir='ltr'>faciunt</span> 
     </span>
     <span class='ocr_line' id='line_1_7' title="bbox 110 481 1076 522; baseline -0.005 -6"><span class='ocrx_word' id='word_1_43' title='bbox 110 484 218 517; x_wconf 83' lang='lat' dir='ltr'>fucum</span> <span class='ocrx_word' id='word_1_44' title='bbox 261 483 319 514; x_wconf 85' lang='lat' dir='ltr'>toti</span> <span class='ocrx_word' id='word_1_45' title='bbox 363 482 434 513; x_wconf 89' lang='lat' dir='ltr'>orbi</span> <span class='ocrx_word' id='word_1_46' title='bbox 479 488 654 519; x_wconf 86' lang='lat' dir='ltr'>terrarum,</span> <span class='ocrx_word' id='word_1_47' title='bbox 689 487 765 512; x_wconf 90' lang='lat' dir='ltr'>sunt</span> <span class='ocrx_word' id='word_1_48' title='bbox 797 481 1076 522; x_wconf 75' lang='lat' dir='ltr'>praestigiatores.</span> 
     </span>
     <span class='ocr_line' id='line_1_8' title="bbox 109 524 1079 566; baseline -0.006 -6"><span class='ocrx_word' id='word_1_49' title='bbox 109 527 236 560; x_wconf 87' lang='lat' dir='ltr'>Deinde</span> <span class='ocrx_word' id='word_1_50' title='bbox 257 525 319 556; x_wconf 87' lang='lat' dir='ltr'>etsi</span> <span class='ocrx_word' id='word_1_51' title='bbox 341 530 508 566; x_wconf 90' lang='lat' dir='ltr'>utcunque</span> <span class='ocrx_word' id='word_1_52' title='bbox 530 525 727 561; x_wconf 74' lang='lat' dir='ltr'>concedunt,</span> <span class='ocrx_word' id='word_1_53' title='bbox 752 534 817 554; x_wconf 88' lang='lat' dir='ltr'>non</span> <span class='ocrx_word' id='word_1_54' title='bbox 840 533 916 555; x_wconf 83' lang='lat' dir='ltr'>esse</span> <span class='ocrx_word' id='word_1_55' title='bbox 929 524 1079 555; x_wconf 88' lang='lat' dir='ltr'>dubitan-</span> 
     </span>
     <span class='ocr_line' id='line_1_9' title="bbox 110 565 1079 608; baseline -0.005 -6"><span class='ocrx_word' id='word_1_56' title='bbox 110 571 201 602; x_wconf 86' lang='lat' dir='ltr'>dum:</span> <span class='ocrx_word' id='word_1_57' title='bbox 223 574 330 599; x_wconf 83' lang='lat' dir='ltr'>tamen</span> <span class='ocrx_word' id='word_1_58' title='bbox 350 567 473 605; x_wconf 85' lang='lat' dir='ltr'>dicunt,</span> <span class='ocrx_word' id='word_1_59' title='bbox 497 578 563 598; x_wconf 89' lang='lat' dir='ltr'>non</span> <span class='ocrx_word' id='word_1_60' title='bbox 586 576 687 608; x_wconf 89' lang='lat' dir='ltr'>posse</span> <span class='ocrx_word' id='word_1_61' title='bbox 711 566 807 597; x_wconf 88' lang='lat' dir='ltr'>aliter</span> <span class='ocrx_word' id='word_1_62' title='bbox 818 565 901 604; x_wconf 86' lang='lat' dir='ltr'>fieri,</span> <span class='ocrx_word' id='word_1_63' title='bbox 923 577 1021 608; x_wconf 87' lang='lat' dir='ltr'>quam</span> <span class='ocrx_word' id='word_1_64' title='bbox 1043 572 1079 598; x_wconf 91' lang='lat' dir='ltr'>ut</span> 
     </span>
     <span class='ocr_line' id='line_1_10' title="bbox 108 608 1079 650; baseline -0.004 -6"><span class='ocrx_word' id='word_1_65' title='bbox 108 612 302 648; x_wconf 65' lang='lat' dir='ltr'>dubitemus»,</span> <span class='ocrx_word' id='word_1_66' title='bbox 327 610 410 646; x_wconf 85' lang='lat' dir='ltr'>Quia</span> <span class='ocrx_word' id='word_1_67' title='bbox 433 611 588 641; x_wconf 78' lang='lat' dir='ltr'>dubitatio</span> <span class='ocrx_word' id='word_1_68' title='bbox 611 611 674 640; x_wconf 87' lang='lat' dir='ltr'>ista</span> <span class='ocrx_word' id='word_1_69' title='bbox 686 615 735 640; x_wconf 90' lang='lat' dir='ltr'>est</span> <span class='ocrx_word' id='word_1_70' title='bbox 756 608 929 640; x_wconf 85' lang='lat' dir='ltr'>naturalis:</span> <span class='ocrx_word' id='word_1_71' title='bbox 948 615 981 641; x_wconf 87' lang='lat' dir='ltr'>et</span> <span class='ocrx_word' id='word_1_72' title='bbox 1004 610 1079 650; x_wconf 86' lang='lat' dir='ltr'>quia</span> 
     </span>
    </p>
   </div>
   <div class='ocr_carea' id='block_1_3' title="bbox 108 652 1078 691">
    <p class='ocr_par' dir='ltr' id='par_1_3' title="bbox 108 652 1106 701">
     <span class='ocr_line' id='line_1_11' title="bbox 108 652 1078 691; baseline -0.003 -6"><span class='ocrx_word' id='word_1_73' title='bbox 108 664 174 686; x_wconf 91' lang='lat' dir='ltr'>non</span> <span class='ocrx_word' id='word_1_74' title='bbox 195 653 355 685; x_wconf 87' lang='lat' dir='ltr'>sentimus</span> <span class='ocrx_word' id='word_1_75' title='bbox 378 654 410 684; x_wconf 93' lang='lat' dir='ltr'>in</span> <span class='ocrx_word' id='word_1_76' title='bbox 434 653 530 684; x_wconf 89' lang='lat' dir='ltr'>nobis</span> <span class='ocrx_word' id='word_1_77' title='bbox 553 652 623 683; x_wconf 86' lang='lat' dir='ltr'>fieri</span> <span class='ocrx_word' id='word_1_78' title='bbox 647 652 792 691; x_wconf 84' lang='lat' dir='ltr'>insignes</span> <span class='ocrx_word' id='word_1_79' title='bbox 815 658 942 690; x_wconf 74' lang='lat' dir='ltr'>motuS,</span> <span class='ocrx_word' id='word_1_80' title='bbox 965 658 998 684; x_wconf 86' lang='lat' dir='ltr'>et</span> <span class='ocrx_word' id='word_1_81' title='bbox 1021 662 1078 683; x_wconf 92' lang='lat' dir='ltr'>no-</span> 
     </span>
    </p>
   </div>
   <div class='ocr_carea' id='block_1_4' title="bbox 106 695 1080 779">
    <p class='ocr_par' dir='ltr' id='par_1_4' title="bbox 106 695 1080 779">
     <span class='ocr_line' id='line_1_12' title="bbox 107 695 1079 737; baseline -0.003 -9"><span class='ocrx_word' id='word_1_82' title='bbox 107 698 191 728; x_wconf 87' lang='lat' dir='ltr'>vitas</span> <span class='ocrx_word' id='word_1_83' title='bbox 215 695 369 727; x_wconf 83' lang='lat' dir='ltr'>inchoata</span> <span class='ocrx_word' id='word_1_84' title='bbox 392 703 442 727; x_wconf 89' lang='lat' dir='ltr'>est</span> <span class='ocrx_word' id='word_1_85' title='bbox 466 695 630 737; x_wconf 84' lang='lat' dir='ltr'>languida.</span> <span class='ocrx_word' id='word_1_86' title='bbox 654 695 755 736; x_wconf 85' lang='lat' dir='ltr'>Atqui</span> <span class='ocrx_word' id='word_1_87' title='bbox 779 705 844 726; x_wconf 91' lang='lat' dir='ltr'>non</span> <span class='ocrx_word' id='word_1_88' title='bbox 869 695 991 726; x_wconf 89' lang='lat' dir='ltr'>debent</span> <span class='ocrx_word' id='word_1_89' title='bbox 1012 695 1079 726; x_wconf 88' lang='lat' dir='ltr'>ani-</span> 
     </span>
     <span class='ocr_line' id='line_1_13' title="bbox 106 737 1080 779; baseline -0.002 -9"><span class='ocrx_word' id='word_1_90' title='bbox 106 740 149 770; x_wconf 93' lang='lat' dir='ltr'>mi</span> <span class='ocrx_word' id='word_1_91' title='bbox 171 739 275 771; x_wconf 82' lang='lat' dir='ltr'>nostri</span> <span class='ocrx_word' id='word_1_92' title='bbox 298 739 465 779; x_wconf 83' lang='lat' dir='ltr'>respicere</span> <span class='ocrx_word' id='word_1_93' title='bbox 488 739 520 768; x_wconf 84' lang='lat' dir='ltr'>in</span> <span class='ocrx_word' id='word_1_94' title='bbox 545 748 594 776; x_wconf 86' lang='lat' dir='ltr'>ea,</span> <span class='ocrx_word' id='word_1_95' title='bbox 617 748 703 779; x_wconf 88' lang='lat' dir='ltr'>quae</span> <span class='ocrx_word' id='word_1_96' title='bbox 727 737 807 769; x_wconf 91' lang='lat' dir='ltr'>fiunt</span> <span class='ocrx_word' id='word_1_97' title='bbox 830 738 862 768; x_wconf 90' lang='lat' dir='ltr'>in</span> <span class='ocrx_word' id='word_1_98' title='bbox 885 737 1000 775; x_wconf 91' lang='lat' dir='ltr'>nobis,</span> <span class='ocrx_word' id='word_1_99' title='bbox 1019 737 1080 768; x_wconf 87' lang='lat' dir='ltr'>sed</span> 
     </span>
    </p>
   </div>
   <div class='ocr_carea' id='block_1_5' title="bbox 105 780 1611 863">
    <p class='ocr_par' dir='ltr' id='par_1_5' title="bbox 105 780 1611 863">
     <span class='ocr_line' id='line_1_14' title="bbox 105 780 1106 824; baseline -0.002 -11"><span class='ocrx_word' id='word_1_100' title='bbox 105 783 243 824; x_wconf 84' lang='lat' dir='ltr'>primum</span> <span class='ocrx_word' id='word_1_101' title='bbox 265 791 305 812; x_wconf 88' lang='lat' dir='ltr'>ac</span> <span class='ocrx_word' id='word_1_102' title='bbox 328 780 553 822; x_wconf 81' lang='lat' dir='ltr'>principaliter</span> <span class='ocrx_word' id='word_1_103' title='bbox 575 782 734 812; x_wconf 90' lang='lat' dir='ltr'>debemus</span> <span class='ocrx_word' id='word_1_104' title='bbox 758 781 874 812; x_wconf 84' lang='lat' dir='ltr'>intueri</span> <span class='ocrx_word' id='word_1_105' title='bbox 887 780 1080 822; x_wconf 83' lang='lat' dir='ltr'>promissio·</span> <span class='ocrx_word' id='word_1_106' title='bbox 1105 809 1106 818; x_wconf 62' lang='grc'>,</span> 
     </span>
     <span class='ocr_line' id='line_1_15' title="bbox 1105 821 1611 863; baseline 0 -9"><span class='ocrx_word' id='word_1_107' title='bbox 1105 821 1106 830; x_wconf 71' lang='grc'>’</span> <span class='ocrx_word' id='word_1_108' title='bbox 1132 823 1178 854; x_wconf 91' lang='lat' dir='ltr'>ris</span> <span class='ocrx_word' id='word_1_109' title='bbox 1201 823 1347 863; x_wconf 84' lang='lat' dir='ltr'>praemia</span> <span class='ocrx_word' id='word_1_110' title='bbox 1369 823 1611 863; x_wconf 87' lang='lat' dir='ltr'>promittuntur.</span> 
     </span>
    </p>
   </div>
   <div class='ocr_carea' id='block_1_6' title="bbox 106 823 1080 856">
    <p class='ocr_par' dir='ltr' id='par_1_6' title="bbox 106 823 1080 856">
     <span class='ocr_line' id='line_1_16' title="bbox 106 823 1080 856; baseline -0.003 0"><span class='ocrx_word' id='word_1_111' title='bbox 106 834 190 856; x_wconf 88' lang='lat' dir='ltr'>nem.</span> <span class='ocrx_word' id='word_1_112' title='bbox 214 823 282 856; x_wconf 77' lang='lat' dir='ltr'>Cur</span> <span class='ocrx_word' id='word_1_113' title='bbox 304 825 389 855; x_wconf 89' lang='lat' dir='ltr'>enim</span> <span class='ocrx_word' id='word_1_114' title='bbox 412 823 519 854; x_wconf 85' lang='lat' dir='ltr'>credis</span> <span class='ocrx_word' id='word_1_115' title='bbox 543 824 598 854; x_wconf 88' lang='lat' dir='ltr'>tibi</span> <span class='ocrx_word' id='word_1_116' title='bbox 623 824 733 855; x_wconf 85' lang='lat' dir='ltr'>datam</span> <span class='ocrx_word' id='word_1_117' title='bbox 756 833 832 854; x_wconf 91' lang='lat' dir='ltr'>esse</span> <span class='ocrx_word' id='word_1_118' title='bbox 855 823 1080 854; x_wconf 87' lang='lat' dir='ltr'>remissionem</span> 
     </span>
    </p>
   </div>
   <div class='ocr_carea' id='block_1_7' title="bbox 106 865 1106 909">
    <p class='ocr_par' dir='ltr' id='par_1_7' title="bbox 106 865 1106 909">
     <span class='ocr_line' id='line_1_17' title="bbox 106 865 1106 909; baseline -0.003 -10"><span class='ocrx_word' id='word_1_119' title='bbox 106 866 343 909; x_wconf 75' lang='lat' dir='ltr'>peccatorum?</span> <span class='ocrx_word' id='word_1_120' title='bbox 398 867 471 897; x_wconf 90' lang='lat' dir='ltr'>Non</span> <span class='ocrx_word' id='word_1_121' title='bbox 496 867 598 897; x_wconf 88' lang='lat' dir='ltr'>debes</span> <span class='ocrx_word' id='word_1_122' title='bbox 624 867 788 908; x_wconf 86' lang='lat' dir='ltr'>cogitare:</span> <span class='ocrx_word' id='word_1_123' title='bbox 808 866 890 901; x_wconf 84' lang='lat' dir='ltr'>Quia</span> <span class='ocrx_word' id='word_1_124' title='bbox 919 865 1026 897; x_wconf 85' lang='lat' dir='ltr'>sentio</span> <span class='ocrx_word' id='word_1_125' title='bbox 1049 865 1080 895; x_wconf 92' lang='lat' dir='ltr'>in</span> <span class='ocrx_word' id='word_1_126' title='bbox 1105 888 1106 892; x_wconf 67' lang='lat'>,</span> 
     </span>
    </p>
   </div>
   <div class='ocr_carea' id='block_1_8' title="bbox 106 907 1080 993">
    <p class='ocr_par' dir='ltr' id='par_1_8' title="bbox 106 907 1080 993">
     <span class='ocr_line' id='line_1_18' title="bbox 107 907 1080 951; baseline -0.002 -10"><span class='ocrx_word' id='word_1_127' title='bbox 107 920 157 941; x_wconf 92' lang='lat' dir='ltr'>me</span> <span class='ocrx_word' id='word_1_128' title='bbox 179 919 285 940; x_wconf 82' lang='lat' dir='ltr'>novas</span> <span class='ocrx_word' id='word_1_129' title='bbox 310 908 499 951; x_wconf 85' lang='lat' dir='ltr'>qualitates:</span> <span class='ocrx_word' id='word_1_130' title='bbox 524 910 663 950; x_wconf 76' lang='lat' dir='ltr'>Oportet</span> <span class='ocrx_word' id='word_1_131' title='bbox 686 915 718 940; x_wconf 90' lang='lat' dir='ltr'>te</span> <span class='ocrx_word' id='word_1_132' title='bbox 748 909 865 941; x_wconf 88' lang='lat' dir='ltr'>intueri</span> <span class='ocrx_word' id='word_1_133' title='bbox 893 907 994 940; x_wconf 88' lang='lat' dir='ltr'>filium</span> <span class='ocrx_word' id='word_1_134' title='bbox 1018 908 1080 939; x_wconf 92' lang='lat' dir='ltr'>Dei</span> 
     </span>
     <span class='ocr_line' id='line_1_19' title="bbox 106 950 1080 993; baseline -0.003 -9"><span class='ocrx_word' id='word_1_135' title='bbox 106 952 273 984; x_wconf 83' lang='lat' dir='ltr'>sedentem</span> <span class='ocrx_word' id='word_1_136' title='bbox 306 953 349 983; x_wconf 81' lang='lat' dir='ltr'>ad</span> <span class='ocrx_word' id='word_1_137' title='bbox 384 953 531 984; x_wconf 82' lang='lat' dir='ltr'>dextram</span> <span class='ocrx_word' id='word_1_138' title='bbox 554 953 657 993; x_wconf 82' lang='lat' dir='ltr'>patris</span> <span class='ocrx_word' id='word_1_139' title='bbox 680 957 713 983; x_wconf 84' lang='lat' dir='ltr'>et</span> <span class='ocrx_word' id='word_1_140' title='bbox 735 950 997 993; x_wconf 69' lang='lat' dir='ltr'>interpellantem</span> <span class='ocrx_word' id='word_1_141' title='bbox 1019 961 1080 992; x_wconf 86' lang='lat' dir='ltr'>pro</span> 
     </span>
    </p>
   </div>
   <div class='ocr_carea' id='block_1_9' title="bbox 107 993 1107 1037">
    <p class='ocr_par' dir='ltr' id='par_1_9' title="bbox 107 993 1107 1037">
     <span class='ocr_line' id='line_1_20' title="bbox 107 993 1107 1037; baseline -0.001 -10"><span class='ocrx_word' id='word_1_142' title='bbox 107 1001 151 1034; x_wconf 85' lang='lat' dir='ltr'>te,</span> <span class='ocrx_word' id='word_1_143' title='bbox 173 1002 207 1027; x_wconf 85' lang='lat' dir='ltr'>et</span> <span class='ocrx_word' id='word_1_144' title='bbox 229 994 447 1037; x_wconf 81' lang='lat' dir='ltr'>applicantem</span> <span class='ocrx_word' id='word_1_145' title='bbox 470 996 527 1026; x_wconf 87' lang='lat' dir='ltr'>tibi</span> <span class='ocrx_word' id='word_1_146' title='bbox 551 995 698 1026; x_wconf 87' lang='lat' dir='ltr'>meritum</span> <span class='ocrx_word' id='word_1_147' title='bbox 722 1005 829 1032; x_wconf 87' lang='lat' dir='ltr'>suum,</span> <span class='ocrx_word' id='word_1_148' title='bbox 850 994 989 1030; x_wconf 87' lang='lat' dir='ltr'>Quando</span> <span class='ocrx_word' id='word_1_149' title='bbox 1014 993 1079 1025; x_wconf 91' lang='lat' dir='ltr'>hoc</span> <span class='ocrx_word' id='word_1_150' title='bbox 1106 1014 1107 1026; x_wconf 50' lang='lat' dir='ltr'>t</span> 
     </span>
    </p>
   </div>
   <div class='ocr_carea' id='block_1_10' title="bbox 107 1037 1081 1296">
    <p class='ocr_par' dir='ltr' id='par_1_10' title="bbox 107 1037 1081 1296">
     <span class='ocr_line' id='line_1_21' title="bbox 107 1037 1081 1080; baseline -0.002 -10"><span class='ocrx_word' id='word_1_151' title='bbox 107 1039 228 1077; x_wconf 76' lang='lat' dir='ltr'>credis,</span> <span class='ocrx_word' id='word_1_152' title='bbox 251 1045 328 1069; x_wconf 90' lang='lat' dir='ltr'>tunc</span> <span class='ocrx_word' id='word_1_153' title='bbox 351 1039 499 1080; x_wconf 87' lang='lat' dir='ltr'>sequitur</span> <span class='ocrx_word' id='word_1_154' title='bbox 522 1037 722 1070; x_wconf 89' lang='lat' dir='ltr'>consolatio:</span> <span class='ocrx_word' id='word_1_155' title='bbox 741 1037 782 1068; x_wconf 88' lang='lat' dir='ltr'>Et</span> <span class='ocrx_word' id='word_1_156' title='bbox 805 1038 944 1069; x_wconf 89' lang='lat' dir='ltr'>credens</span> <span class='ocrx_word' id='word_1_157' title='bbox 957 1037 1020 1068; x_wconf 90' lang='lat' dir='ltr'>scit</span> <span class='ocrx_word' id='word_1_158' title='bbox 1043 1046 1081 1068; x_wconf 89' lang='lat' dir='ltr'>se</span> 
     </span>
     <span class='ocr_line' id='line_1_22' title="bbox 108 1080 1080 1123; baseline -0.003 -10"><span class='ocrx_word' id='word_1_159' title='bbox 108 1081 254 1119; x_wconf 78' lang='lat' dir='ltr'>credere,</span> <span class='ocrx_word' id='word_1_160' title='bbox 278 1081 379 1122; x_wconf 89' lang='lat' dir='ltr'>inquit</span> <span class='ocrx_word' id='word_1_161' title='bbox 403 1081 617 1123; x_wconf 84' lang='lat' dir='ltr'>Augustinus.</span> <span class='ocrx_word' id='word_1_162' title='bbox 663 1080 729 1112; x_wconf 87' lang='lat' dir='ltr'>Sed</span> <span class='ocrx_word' id='word_1_163' title='bbox 752 1080 799 1112; x_wconf 94' lang='lat' dir='ltr'>illi</span> <span class='ocrx_word' id='word_1_164' title='bbox 823 1080 992 1121; x_wconf 81' lang='lat' dir='ltr'>sophistae</span> <span class='ocrx_word' id='word_1_165' title='bbox 1015 1089 1080 1110; x_wconf 90' lang='lat' dir='ltr'>non</span> 
     </span>
     <span class='ocr_line' id='line_1_23' title="bbox 108 1122 1080 1165; baseline -0.002 -10"><span class='ocrx_word' id='word_1_166' title='bbox 108 1129 184 1156; x_wconf 77' lang='lat' dir='ltr'>sunt</span> <span class='ocrx_word' id='word_1_167' title='bbox 205 1130 297 1156; x_wconf 90' lang='lat' dir='ltr'>recte</span> <span class='ocrx_word' id='word_1_168' title='bbox 320 1124 467 1155; x_wconf 85' lang='lat' dir='ltr'>instituti.</span> <span class='ocrx_word' id='word_1_169' title='bbox 511 1124 581 1155; x_wconf 91' lang='lat' dir='ltr'>Nec</span> <span class='ocrx_word' id='word_1_170' title='bbox 605 1122 721 1154; x_wconf 85' lang='lat' dir='ltr'>volunt</span> <span class='ocrx_word' id='word_1_171' title='bbox 744 1122 930 1165; x_wconf 87' lang='lat' dir='ltr'>intelligere</span> <span class='ocrx_word' id='word_1_172' title='bbox 948 1128 980 1153; x_wconf 94' lang='lat' dir='ltr'>et</span> <span class='ocrx_word' id='word_1_173' title='bbox 1004 1122 1080 1154; x_wconf 88' lang='lat' dir='ltr'>reti-</span> 
     </span>
     <span class='ocr_line' id='line_1_24' title="bbox 108 1164 1079 1207; baseline -0.001 -9"><span class='ocrx_word' id='word_1_174' title='bbox 108 1176 186 1198; x_wconf 90' lang='lat' dir='ltr'>nere</span> <span class='ocrx_word' id='word_1_175' title='bbox 219 1167 401 1198; x_wconf 82' lang='lat' dir='ltr'>veritatem.</span> <span class='ocrx_word' id='word_1_176' title='bbox 470 1166 546 1198; x_wconf 88' lang='lat' dir='ltr'>ldeo</span> <span class='ocrx_word' id='word_1_177' title='bbox 581 1166 699 1198; x_wconf 89' lang='lat' dir='ltr'>accidit</span> <span class='ocrx_word' id='word_1_178' title='bbox 733 1167 792 1204; x_wconf 87' lang='lat' dir='ltr'>eis,</span> <span class='ocrx_word' id='word_1_179' title='bbox 815 1166 903 1207; x_wconf 88' lang='lat' dir='ltr'>quod</span> <span class='ocrx_word' id='word_1_180' title='bbox 927 1164 1079 1197; x_wconf 86' lang='lat' dir='ltr'>Christus</span> 
     </span>
     <span class='ocr_line' id='line_1_25' title="bbox 109 1208 1079 1247; baseline -0.001 -6"><span class='ocrx_word' id='word_1_181' title='bbox 109 1209 184 1241; x_wconf 85' lang='lat' dir='ltr'>dicit</span> <span class='ocrx_word' id='word_1_182' title='bbox 205 1219 246 1241; x_wconf 86' lang='lat' dir='ltr'>ex</span> <span class='ocrx_word' id='word_1_183' title='bbox 269 1208 381 1247; x_wconf 83' lang='lat' dir='ltr'>Esaia,</span> <span class='ocrx_word' id='word_1_184' title='bbox 405 1217 439 1241; x_wconf 87' lang='lat' dir='ltr'>ut</span> <span class='ocrx_word' id='word_1_185' title='bbox 463 1210 611 1241; x_wconf 80' lang='lat' dir='ltr'>videntes</span> <span class='ocrx_word' id='word_1_186' title='bbox 635 1218 700 1240; x_wconf 89' lang='lat' dir='ltr'>nor.</span> <span class='ocrx_word' id='word_1_187' title='bbox 725 1209 869 1247; x_wconf 75' lang='lat' dir='ltr'>videant,</span> <span class='ocrx_word' id='word_1_188' title='bbox 892 1214 923 1240; x_wconf 89' lang='lat' dir='ltr'>et</span> <span class='ocrx_word' id='word_1_189' title='bbox 947 1209 1079 1240; x_wconf 84' lang='lat' dir='ltr'>audien-</span> 
     </span>
     <span class='ocr_line' id='line_1_26' title="bbox 108 1252 412 1296; baseline 0 -14"><span class='ocrx_word' id='word_1_190' title='bbox 108 1258 158 1283; x_wconf 85' lang='lat' dir='ltr'>tes</span> <span class='ocrx_word' id='word_1_191' title='bbox 179 1262 245 1296; x_wconf 59' lang='lat' dir='ltr'>non</span> <span class='ocrx_word' id='word_1_192' title='bbox 268 1252 412 1284; x_wconf 85' lang='lat' dir='ltr'>audiant.</span> 
     </span>
    </p>
   </div>
   <div class='ocr_carea' id='block_1_11' title="bbox 290 1414 908 1460">
    <p class='ocr_par' dir='ltr' id='par_1_11' title="bbox 290 1414 908 1460">
     <span class='ocr_line' id='line_1_27' title="bbox 290 1414 908 1460; baseline 0.005 -3"><span class='ocrx_word' id='word_1_193' title='bbox 290 1417 352 1457; x_wconf 85' lang='lat' dir='ltr'>De</span> <span class='ocrx_word' id='word_1_194' title='bbox 386 1418 515 1457; x_wconf 79' lang='lat' dir='ltr'>dicto:</span> <span class='ocrx_word' id='word_1_195' title='bbox 549 1414 717 1460; x_wconf 75' lang='lat' dir='ltr'>Habenti</span> <span class='ocrx_word' id='word_1_196' title='bbox 745 1415 908 1460; x_wconf 75' lang='lat' dir='ltr'>dabitur.</span> 
     </span>
    </p>
   </div>
   <div class='ocr_carea' id='block_1_12' title="bbox 106 1496 1079 1591">
    <p class='ocr_par' dir='ltr' id='par_1_12' title="bbox 106 1496 1079 1591">
     <span class='ocr_line' id='line_1_28' title="bbox 192 1496 1079 1539; baseline -0.001 0"><span class='ocrx_word' id='word_1_197' title='bbox 192 1506 317 1539; x_wconf 82' lang='lat' dir='ltr'>Contra</span> <span class='ocrx_word' id='word_1_198' title='bbox 339 1517 418 1539; x_wconf 84' lang='lat' dir='ltr'>vero</span> <span class='ocrx_word' id='word_1_199' title='bbox 438 1506 544 1539; x_wconf 88' lang='lat' dir='ltr'>dulcis</span> <span class='ocrx_word' id='word_1_200' title='bbox 569 1496 753 1539; x_wconf 69' lang='lat' dir='ltr'>consolatio</span> <span class='ocrx_word' id='word_1_201' title='bbox 777 1514 828 1539; x_wconf 89' lang='lat' dir='ltr'>est</span> <span class='ocrx_word' id='word_1_202' title='bbox 851 1508 999 1539; x_wconf 85' lang='lat' dir='ltr'>indicto:</span> <span class='ocrx_word' id='word_1_203' title='bbox 1022 1506 1079 1538; x_wconf 87' lang='lat' dir='ltr'>Vi-</span> 
     </span>
     <span class='ocr_line' id='line_1_29' title="bbox 106 1549 1079 1591; baseline 0 -11"><span class='ocrx_word' id='word_1_204' title='bbox 106 1550 190 1588; x_wconf 85' lang='lat' dir='ltr'>dete,</span> <span class='ocrx_word' id='word_1_205' title='bbox 210 1550 375 1591; x_wconf 91' lang='lat' dir='ltr'>quomodo</span> <span class='ocrx_word' id='word_1_206' title='bbox 399 1550 550 1589; x_wconf 76' lang='lat' dir='ltr'>audiatis,</span> <span class='ocrx_word' id='word_1_207' title='bbox 573 1550 714 1583; x_wconf 89' lang='lat' dir='ltr'>Habenti</span> <span class='ocrx_word' id='word_1_208' title='bbox 727 1551 811 1582; x_wconf 85' lang='lat' dir='ltr'>enim</span> <span class='ocrx_word' id='word_1_209' title='bbox 832 1551 971 1582; x_wconf 85' lang='lat' dir='ltr'>dabitur.</span> <span class='ocrx_word' id='word_1_210' title='bbox 996 1549 1079 1582; x_wconf 91' lang='lat' dir='ltr'>Sunt</span> 
     </span>
    </p>
   </div>
   <div class='ocr_carea' id='block_1_13' title="bbox 793 173 1422 207">
    <p class='ocr_par' dir='ltr' id='par_1_13' title="bbox 793 173 1422 207">
     <span class='ocr_line' id='line_1_30' title="bbox 793 173 1422 207; baseline 0 -2"><span class='ocrx_word' id='word_1_211' title='bbox 793 173 1010 207; x_wconf 85' lang='lat' dir='ltr'>POSTILLA</span> <span class='ocrx_word' id='word_1_212' title='bbox 1028 173 1422 206; x_wconf 78' lang='lat' dir='ltr'>MELANTHONIANA.</span> 
     </span>
    </p>
   </div>
   <div class='ocr_carea' id='block_1_14' title="bbox 1104 364 1109 878">
    <p class='ocr_par' dir='ltr' id='par_1_14' title="bbox 1104 364 1109 878">
     <span class='ocr_line' id='line_1_31' title="bbox 1104 364 1109 878; baseline 0 0"><span class='ocrx_word' id='word_1_213' title='bbox 1104 364 1109 878; x_wconf 95' lang='lat' dir='ltr'> </span> 
     </span>
    </p>
   </div>
   <div class='ocr_carea' id='block_1_15' title="bbox 2038 175 2100 207">
    <p class='ocr_par' dir='ltr' id='par_1_15' title="bbox 2038 175 2100 207">
     <span class='ocr_line' id='line_1_32' title="bbox 2038 175 2100 207; baseline 0 0"><span class='ocrx_word' id='word_1_214' title='bbox 2038 175 2100 207; x_wconf 82' lang='lat'>414</span> 
     </span>
    </p>
   </div>
   <div class='ocr_carea' id='block_1_16' title="bbox 1131 267 2103 565">
    <p class='ocr_par' dir='ltr' id='par_1_16' title="bbox 1131 267 2103 565">
     <span class='ocr_line' id='line_1_33' title="bbox 1133 267 2100 310; baseline -0.001 -10"><span class='ocrx_word' id='word_1_215' title='bbox 1133 273 1241 300; x_wconf 87' lang='lat' dir='ltr'>autem</span> <span class='ocrx_word' id='word_1_216' title='bbox 1264 267 1437 305; x_wconf 83' lang='lat' dir='ltr'>habentes,</span> <span class='ocrx_word' id='word_1_217' title='bbox 1471 267 1526 307; x_wconf 89' lang='lat' dir='ltr'>qui</span> <span class='ocrx_word' id='word_1_218' title='bbox 1548 268 1722 309; x_wconf 81' lang='lat' dir='ltr'>accipiunt,</span> <span class='ocrx_word' id='word_1_219' title='bbox 1757 267 1811 310; x_wconf 86' lang='lat' dir='ltr'>qui</span> <span class='ocrx_word' id='word_1_220' title='bbox 1834 277 1899 299; x_wconf 90' lang='lat' dir='ltr'>non</span> <span class='ocrx_word' id='word_1_221' title='bbox 1922 277 2100 309; x_wconf 83' lang='lat' dir='ltr'>aspernan-</span> 
     </span>
     <span class='ocr_line' id='line_1_34' title="bbox 1133 310 2102 353; baseline 0 -11"><span class='ocrx_word' id='word_1_222' title='bbox 1133 317 1185 342; x_wconf 89' lang='lat' dir='ltr'>tur</span> <span class='ocrx_word' id='word_1_223' title='bbox 1217 310 1409 347; x_wconf 83' lang='lat' dir='ltr'>doctrinam,</span> <span class='ocrx_word' id='word_1_224' title='bbox 1453 310 1508 351; x_wconf 90' lang='lat' dir='ltr'>qui</span> <span class='ocrx_word' id='word_1_225' title='bbox 1540 311 1783 349; x_wconf 86' lang='lat' dir='ltr'>assentiuntur,</span> <span class='ocrx_word' id='word_1_226' title='bbox 1817 319 1884 342; x_wconf 90' lang='lat' dir='ltr'>non</span> <span class='ocrx_word' id='word_1_227' title='bbox 1917 317 2102 353; x_wconf 83' lang='lat' dir='ltr'>repugnant</span> 
     </span>
     <span class='ocr_line' id='line_1_35' title="bbox 1131 350 2102 395; baseline 0 -10"><span class='ocrx_word' id='word_1_228' title='bbox 1131 351 1326 395; x_wconf 83' lang='lat' dir='ltr'>Evangelio,</span> <span class='ocrx_word' id='word_1_229' title='bbox 1351 352 1406 393; x_wconf 92' lang='lat' dir='ltr'>qui</span> <span class='ocrx_word' id='word_1_230' title='bbox 1423 350 1546 384; x_wconf 84' lang='lat' dir='ltr'>habent</span> <span class='ocrx_word' id='word_1_231' title='bbox 1558 353 1646 383; x_wconf 88' lang='lat' dir='ltr'>initia</span> <span class='ocrx_word' id='word_1_232' title='bbox 1658 353 1889 393; x_wconf 85' lang='lat' dir='ltr'>poenitentiae,</span> <span class='ocrx_word' id='word_1_233' title='bbox 1913 359 1946 385; x_wconf 87' lang='lat' dir='ltr'>et</span> <span class='ocrx_word' id='word_1_234' title='bbox 1969 354 2102 395; x_wconf 81' lang='lat' dir='ltr'>cupiunt</span> 
     </span>
     <span class='ocr_line' id='line_1_36' title="bbox 1131 395 2101 438; baseline 0 -11"><span class='ocrx_word' id='word_1_235' title='bbox 1131 396 1305 438; x_wconf 87' lang='lat' dir='ltr'>proficere,</span> <span class='ocrx_word' id='word_1_236' title='bbox 1329 395 1382 436; x_wconf 94' lang='lat' dir='ltr'>qui</span> <span class='ocrx_word' id='word_1_237' title='bbox 1405 395 1588 436; x_wconf 84' lang='lat' dir='ltr'>procedunt</span> <span class='ocrx_word' id='word_1_238' title='bbox 1611 395 1707 426; x_wconf 87' lang='lat' dir='ltr'>etiam</span> <span class='ocrx_word' id='word_1_239' title='bbox 1731 402 1761 426; x_wconf 85' lang='lat' dir='ltr'>et</span> <span class='ocrx_word' id='word_1_240' title='bbox 1775 402 1930 427; x_wconf 85' lang='lat' dir='ltr'>exercent</span> <span class='ocrx_word' id='word_1_241' title='bbox 1943 405 1982 428; x_wconf 88' lang='lat' dir='ltr'>se</span> <span class='ocrx_word' id='word_1_242' title='bbox 1992 397 2024 427; x_wconf 93' lang='lat' dir='ltr'>in</span> <span class='ocrx_word' id='word_1_243' title='bbox 2047 406 2101 428; x_wconf 88' lang='lat' dir='ltr'>co-</span> 
     </span>
     <span class='ocr_line' id='line_1_37' title="bbox 1133 437 2100 481; baseline 0.001 -11"><span class='ocrx_word' id='word_1_244' title='bbox 1133 439 1290 481; x_wconf 86' lang='lat' dir='ltr'>gitatione</span> <span class='ocrx_word' id='word_1_245' title='bbox 1324 438 1503 475; x_wconf 88' lang='lat' dir='ltr'>doctrinae,</span> <span class='ocrx_word' id='word_1_246' title='bbox 1539 444 1571 468; x_wconf 89' lang='lat' dir='ltr'>et</span> <span class='ocrx_word' id='word_1_247' title='bbox 1605 437 1700 469; x_wconf 85' lang='lat' dir='ltr'>initiis</span> <span class='ocrx_word' id='word_1_248' title='bbox 1720 437 1796 469; x_wconf 84' lang='lat' dir='ltr'>fidei</span> <span class='ocrx_word' id='word_1_249' title='bbox 1818 448 1858 469; x_wconf 88' lang='lat' dir='ltr'>ac</span> <span class='ocrx_word' id='word_1_250' title='bbox 1882 439 2100 476; x_wconf 87' lang='lat' dir='ltr'>obedientiae,</span> 
     </span>
     <span class='ocr_line' id='line_1_38' title="bbox 1131 479 2101 523; baseline 0 -10"><span class='ocrx_word' id='word_1_251' title='bbox 1131 482 1186 523; x_wconf 88' lang='lat' dir='ltr'>qui</span> <span class='ocrx_word' id='word_1_252' title='bbox 1209 481 1351 522; x_wconf 87' lang='lat' dir='ltr'>denique</span> <span class='ocrx_word' id='word_1_253' title='bbox 1374 481 1462 512; x_wconf 91' lang='lat' dir='ltr'>serio</span> <span class='ocrx_word' id='word_1_254' title='bbox 1485 480 1626 511; x_wconf 89' lang='lat' dir='ltr'>retinere</span> <span class='ocrx_word' id='word_1_255' title='bbox 1648 479 1732 512; x_wconf 86' lang='lat' dir='ltr'>haec</span> <span class='ocrx_word' id='word_1_256' title='bbox 1755 481 1846 513; x_wconf 89' lang='lat' dir='ltr'>initia</span> <span class='ocrx_word' id='word_1_257' title='bbox 1870 482 2012 513; x_wconf 88' lang='lat' dir='ltr'>student.</span> <span class='ocrx_word' id='word_1_258' title='bbox 2040 481 2101 513; x_wconf 83' lang='lat' dir='ltr'>Ta-</span> 
     </span>
     <span class='ocr_line' id='line_1_39' title="bbox 1131 521 2103 565; baseline 0 -10"><span class='ocrx_word' id='word_1_259' title='bbox 1131 523 1193 562; x_wconf 85' lang='lat' dir='ltr'>les,</span> <span class='ocrx_word' id='word_1_260' title='bbox 1212 524 1338 555; x_wconf 81' lang='lat' dir='ltr'>etiamsi</span> <span class='ocrx_word' id='word_1_261' title='bbox 1361 523 1425 554; x_wconf 89' lang='lat' dir='ltr'>sint</span> <span class='ocrx_word' id='word_1_262' title='bbox 1448 522 1577 561; x_wconf 88' lang='lat' dir='ltr'>infirmi,</span> <span class='ocrx_word' id='word_1_263' title='bbox 1599 521 1692 554; x_wconf 90' lang='lat' dir='ltr'>Deus</span> <span class='ocrx_word' id='word_1_264' title='bbox 1704 523 1831 563; x_wconf 89' lang='lat' dir='ltr'>recipit,</span> <span class='ocrx_word' id='word_1_265' title='bbox 1854 522 1923 555; x_wconf 87' lang='lat' dir='ltr'>vult</span> <span class='ocrx_word' id='word_1_266' title='bbox 1947 534 2005 556; x_wconf 92' lang='lat' dir='ltr'>eos</span> <span class='ocrx_word' id='word_1_267' title='bbox 2027 534 2103 565; x_wconf 85' lang='lat' dir='ltr'>pro—</span> 
     </span>
    </p>
   </div>
   <div class='ocr_carea' id='block_1_17' title="bbox 1104 564 2102 606">
    <p class='ocr_par' dir='ltr' id='par_1_17' title="bbox 1104 564 2102 606">
     <span class='ocr_line' id='line_1_40' title="bbox 1104 564 2102 606; baseline 0 -8"><span class='ocrx_word' id='word_1_268' title='bbox 1104 572 1106 577; x_wconf 84' lang='grc'><strong>“</strong></span> <span class='ocrx_word' id='word_1_269' title='bbox 1131 566 1264 604; x_wconf 87' lang='lat' dir='ltr'>vehere,</span> <span class='ocrx_word' id='word_1_270' title='bbox 1297 576 1364 597; x_wconf 88' lang='lat' dir='ltr'>non</span> <span class='ocrx_word' id='word_1_271' title='bbox 1398 564 1468 597; x_wconf 86' lang='lat' dir='ltr'>vult</span> <span class='ocrx_word' id='word_1_272' title='bbox 1499 566 1671 606; x_wconf 84' lang='lat' dir='ltr'>aspernari</span> <span class='ocrx_word' id='word_1_273' title='bbox 1693 565 1777 597; x_wconf 88' lang='lat' dir='ltr'>haec</span> <span class='ocrx_word' id='word_1_274' title='bbox 1799 566 1898 604; x_wconf 88' lang='lat' dir='ltr'>initia,</span> <span class='ocrx_word' id='word_1_275' title='bbox 1917 567 2002 598; x_wconf 87' lang='lat' dir='ltr'>sicut</span> <span class='ocrx_word' id='word_1_276' title='bbox 2024 566 2102 598; x_wconf 85' lang='lat' dir='ltr'>alibi</span> 
     </span>
    </p>
   </div>
   <div class='ocr_carea' id='block_1_18' title="bbox 1130 608 2105 1539">
    <p class='ocr_par' dir='ltr' id='par_1_18' title="bbox 1131 608 2102 693">
     <span class='ocr_line' id='line_1_41' title="bbox 1131 608 2102 648; baseline 0.001 -8"><span class='ocrx_word' id='word_1_277' title='bbox 1131 610 1263 641; x_wconf 86' lang='lat' dir='ltr'>dicitur:</span> <span class='ocrx_word' id='word_1_278' title='bbox 1299 611 1412 640; x_wconf 76' lang='lat' dir='ltr'>Linum</span> <span class='ocrx_word' id='word_1_279' title='bbox 1431 611 1597 648; x_wconf 62' lang='lat' dir='ltr'>fumigans</span> <span class='ocrx_word' id='word_1_280' title='bbox 1618 618 1682 640; x_wconf 82' lang='lat' dir='ltr'>non</span> <span class='ocrx_word' id='word_1_281' title='bbox 1704 610 1884 648; x_wconf 65' lang='lat' dir='ltr'>extinyuet:</span> <span class='ocrx_word' id='word_1_282' title='bbox 1917 608 1957 640; x_wconf 89' lang='lat' dir='ltr'>Et</span> <span class='ocrx_word' id='word_1_283' title='bbox 1980 608 2102 641; x_wconf 83' lang='lat' dir='ltr'>Paulus</span> 
     </span>
     <span class='ocr_line' id='line_1_42' title="bbox 1132 651 1811 693; baseline 0 -10"><span class='ocrx_word' id='word_1_284' title='bbox 1132 653 1235 693; x_wconf 89' lang='lat' dir='ltr'>inquit</span> <span class='ocrx_word' id='word_1_285' title='bbox 1258 653 1298 683; x_wconf 92' lang='lat' dir='ltr'>de</span> <span class='ocrx_word' id='word_1_286' title='bbox 1321 651 1471 682; x_wconf 79' lang='lat' dir='ltr'>infirmis:</span> <span class='ocrx_word' id='word_1_287' title='bbox 1494 651 1588 683; x_wconf 75' lang='lat' dir='ltr'>Deus</span> <span class='ocrx_word' id='word_1_288' title='bbox 1610 661 1663 683; x_wconf 76' lang='lat' dir='ltr'>eos</span> <span class='ocrx_word' id='word_1_289' title='bbox 1684 655 1811 692; x_wconf 78' lang='lat' dir='ltr'>recepit.</span> 
     </span>
    </p>

    <p class='ocr_par' dir='ltr' id='par_1_19' title="bbox 1130 692 2105 1539">
     <span class='ocr_line' id='line_1_43' title="bbox 1218 692 2103 736; baseline 0.001 -11"><span class='ocrx_word' id='word_1_290' title='bbox 1218 695 1425 736; x_wconf 83' lang='lat' dir='ltr'>Adiungatur</span> <span class='ocrx_word' id='word_1_291' title='bbox 1468 693 1534 726; x_wconf 92' lang='lat' dir='ltr'>huc</span> <span class='ocrx_word' id='word_1_292' title='bbox 1572 692 1734 735; x_wconf 83' lang='lat' dir='ltr'>parabola</span> <span class='ocrx_word' id='word_1_293' title='bbox 1767 694 1808 725; x_wconf 87' lang='lat' dir='ltr'>de</span> <span class='ocrx_word' id='word_1_294' title='bbox 1846 694 2103 735; x_wconf 74' lang='lat' dir='ltr'>negotiantibus,</span> 
     </span>
     <span class='ocr_line' id='line_1_44' title="bbox 1132 735 2102 779; baseline 0 -11"><span class='ocrx_word' id='word_1_295' title='bbox 1132 747 1217 779; x_wconf 90' lang='lat' dir='ltr'>quae</span> <span class='ocrx_word' id='word_1_296' title='bbox 1239 738 1474 778; x_wconf 84' lang='lat' dir='ltr'>interpretatur</span> <span class='ocrx_word' id='word_1_297' title='bbox 1497 736 1584 768; x_wconf 90' lang='lat' dir='ltr'>hunc</span> <span class='ocrx_word' id='word_1_298' title='bbox 1606 735 1728 774; x_wconf 89' lang='lat' dir='ltr'>locum,</span> <span class='ocrx_word' id='word_1_299' title='bbox 1752 735 1868 768; x_wconf 78' lang='lat' dir='ltr'>Matth.</span> <span class='ocrx_word' id='word_1_300' title='bbox 1891 736 1944 767; x_wconf 80' lang='lat'>25.</span> <span class='ocrx_word' id='word_1_301' title='bbox 1968 737 2024 768; x_wconf 88' lang='lat' dir='ltr'>ubi</span> <span class='ocrx_word' id='word_1_302' title='bbox 2047 737 2102 768; x_wconf 87' lang='lat' dir='ltr'>ad-</span> 
     </span>
     <span class='ocr_line' id='line_1_45' title="bbox 1131 778 2102 821; baseline -0.001 -10"><span class='ocrx_word' id='word_1_303' title='bbox 1131 780 1240 812; x_wconf 85' lang='lat' dir='ltr'>imitur</span> <span class='ocrx_word' id='word_1_304' title='bbox 1262 779 1419 811; x_wconf 88' lang='lat' dir='ltr'>talentum</span> <span class='ocrx_word' id='word_1_305' title='bbox 1438 780 1478 817; x_wconf 85' lang='lat' dir='ltr'>ei,</span> <span class='ocrx_word' id='word_1_306' title='bbox 1503 779 1558 821; x_wconf 89' lang='lat' dir='ltr'>qui</span> <span class='ocrx_word' id='word_1_307' title='bbox 1581 778 1753 811; x_wconf 84' lang='lat' dir='ltr'>defoderat</span> <span class='ocrx_word' id='word_1_308' title='bbox 1772 780 1832 811; x_wconf 91' lang='lat' dir='ltr'>sub</span> <span class='ocrx_word' id='word_1_309' title='bbox 1856 785 1959 818; x_wconf 86' lang='lat' dir='ltr'>terra,</span> <span class='ocrx_word' id='word_1_310' title='bbox 1996 785 2102 811; x_wconf 88' lang='lat' dir='ltr'>caete—</span> 
     </span>
     <span class='ocr_line' id='line_1_46' title="bbox 1678 821 2102 863; baseline 0.002 -11"><span class='ocrx_word' id='word_1_311' title='bbox 1678 821 1856 853; x_wconf 87' lang='lat' dir='ltr'>Discamus</span> <span class='ocrx_word' id='word_1_312' title='bbox 1889 821 1988 863; x_wconf 84' lang='lat' dir='ltr'>igitur</span> <span class='ocrx_word' id='word_1_313' title='bbox 2011 831 2102 853; x_wconf 89' lang='lat' dir='ltr'>exer-</span> 
     </span>
     <span class='ocr_line' id='line_1_47' title="bbox 1134 863 2102 906; baseline -0.001 -9"><span class='ocrx_word' id='word_1_314' title='bbox 1134 866 1238 897; x_wconf 87' lang='lat' dir='ltr'>cenda</span> <span class='ocrx_word' id='word_1_315' title='bbox 1261 875 1338 897; x_wconf 90' lang='lat' dir='ltr'>esse</span> <span class='ocrx_word' id='word_1_316' title='bbox 1362 866 1450 896; x_wconf 88' lang='lat' dir='ltr'>dona</span> <span class='ocrx_word' id='word_1_317' title='bbox 1473 864 1669 906; x_wconf 85' lang='lat' dir='ltr'>spiritualia,</span> <span class='ocrx_word' id='word_1_318' title='bbox 1703 865 1778 906; x_wconf 88' lang='lat' dir='ltr'>quia</span> <span class='ocrx_word' id='word_1_319' title='bbox 1811 865 1843 895; x_wconf 86' lang='lat' dir='ltr'>in</span> <span class='ocrx_word' id='word_1_320' title='bbox 1866 863 1917 895; x_wconf 90' lang='lat' dir='ltr'>his</span> <span class='ocrx_word' id='word_1_321' title='bbox 1937 865 2102 896; x_wconf 74' lang='lat' dir='ltr'>exercitiis</span> 
     </span>
     <span class='ocr_line' id='line_1_48' title="bbox 1134 905 2103 947; baseline -0.001 -8"><span class='ocrx_word' id='word_1_322' title='bbox 1134 914 1300 947; x_wconf 84' lang='lat' dir='ltr'>crescunt,</span> <span class='ocrx_word' id='word_1_323' title='bbox 1329 914 1364 940; x_wconf 90' lang='lat' dir='ltr'>ut</span> <span class='ocrx_word' id='word_1_324' title='bbox 1397 906 1521 940; x_wconf 83' lang='lat' dir='ltr'>Paulus</span> <span class='ocrx_word' id='word_1_325' title='bbox 1555 908 1650 939; x_wconf 80' lang='lat' dir='ltr'>dicit:</span> <span class='ocrx_word' id='word_1_326' title='bbox 1686 907 1747 943; x_wconf 85' lang='lat' dir='ltr'>Qui</span> <span class='ocrx_word' id='word_1_327' title='bbox 1777 905 1916 939; x_wconf 87' lang='lat' dir='ltr'>fideliter</span> <span class='ocrx_word' id='word_1_328' title='bbox 1946 908 2103 945; x_wconf 89' lang='lat' dir='ltr'>serviunt,</span> 
     </span>
     <span class='ocr_line' id='line_1_49' title="bbox 1134 948 2103 992; baseline 0 -10"><span class='ocrx_word' id='word_1_329' title='bbox 1134 952 1373 982; x_wconf 87' lang='lat' dir='ltr'>confirmantur</span> <span class='ocrx_word' id='word_1_330' title='bbox 1391 952 1424 982; x_wconf 88' lang='lat' dir='ltr'>in</span> <span class='ocrx_word' id='word_1_331' title='bbox 1446 950 1529 982; x_wconf 92' lang='lat' dir='ltr'>fide:</span> <span class='ocrx_word' id='word_1_332' title='bbox 1553 950 1595 981; x_wconf 87' lang='lat' dir='ltr'>Et</span> <span class='ocrx_word' id='word_1_333' title='bbox 1618 950 1840 992; x_wconf 83' lang='lat' dir='ltr'>Augustinus:</span> <span class='ocrx_word' id='word_1_334' title='bbox 1873 948 2014 982; x_wconf 90' lang='lat' dir='ltr'>Dilectio</span> <span class='ocrx_word' id='word_1_335' title='bbox 2038 960 2103 982; x_wconf 92' lang='lat' dir='ltr'>me-</span> 
     </span>
     <span class='ocr_line' id='line_1_50' title="bbox 1132 992 2104 1035; baseline 0 -11"><span class='ocrx_word' id='word_1_336' title='bbox 1132 1000 1224 1026; x_wconf 86' lang='lat' dir='ltr'>rctur</span> <span class='ocrx_word' id='word_1_337' title='bbox 1256 995 1492 1025; x_wconf 86' lang='lat' dir='ltr'>incrementum</span> <span class='ocrx_word' id='word_1_338' title='bbox 1526 992 1722 1026; x_wconf 83' lang='lat' dir='ltr'>dilectionis.</span> <span class='ocrx_word' id='word_1_339' title='bbox 1788 993 2024 1035; x_wconf 85' lang='lat' dir='ltr'>Agnoscamus</span> <span class='ocrx_word' id='word_1_340' title='bbox 2046 1003 2104 1024; x_wconf 92' lang='lat' dir='ltr'>no-</span> 
     </span>
     <span class='ocr_line' id='line_1_51' title="bbox 1133 1035 2103 1077; baseline -0.001 -9"><span class='ocrx_word' id='word_1_341' title='bbox 1133 1043 1235 1068; x_wconf 88' lang='lat' dir='ltr'>stram</span> <span class='ocrx_word' id='word_1_342' title='bbox 1258 1036 1488 1073; x_wconf 85' lang='lat' dir='ltr'>infirmitatem,</span> <span class='ocrx_word' id='word_1_343' title='bbox 1513 1042 1545 1067; x_wconf 89' lang='lat' dir='ltr'>et</span> <span class='ocrx_word' id='word_1_344' title='bbox 1567 1036 1758 1068; x_wconf 74' lang='lat' dir='ltr'>studeamus</span> <span class='ocrx_word' id='word_1_345' title='bbox 1794 1035 1968 1077; x_wconf 88' lang='lat' dir='ltr'>proficere,</span> <span class='ocrx_word' id='word_1_346' title='bbox 1998 1042 2030 1067; x_wconf 88' lang='lat' dir='ltr'>et</span> <span class='ocrx_word' id='word_1_347' title='bbox 2052 1046 2103 1077; x_wconf 87' lang='lat' dir='ltr'>pe-</span> 
     </span>
     <span class='ocr_line' id='line_1_52' title="bbox 1133 1079 2104 1117; baseline 0 -7"><span class='ocrx_word' id='word_1_348' title='bbox 1133 1087 1251 1117; x_wconf 90' lang='lat' dir='ltr'>tamus,</span> <span class='ocrx_word' id='word_1_349' title='bbox 1286 1086 1320 1110; x_wconf 87' lang='lat' dir='ltr'>ut</span> <span class='ocrx_word' id='word_1_350' title='bbox 1353 1080 1544 1111; x_wconf 82' lang='lat' dir='ltr'>adiuvemur</span> <span class='ocrx_word' id='word_1_351' title='bbox 1577 1079 1733 1111; x_wconf 84' lang='lat' dir='ltr'>divinitus</span> <span class='ocrx_word' id='word_1_352' title='bbox 1768 1085 1801 1110; x_wconf 82' lang='lat' dir='ltr'>et</span> <span class='ocrx_word' id='word_1_353' title='bbox 1835 1084 2014 1110; x_wconf 79' lang='lat' dir='ltr'>statuamus</span> <span class='ocrx_word' id='word_1_354' title='bbox 2042 1089 2104 1110; x_wconf 84' lang='lat' dir='ltr'>nos</span> 
     </span>
     <span class='ocr_line' id='line_1_53' title="bbox 1130 1120 2105 1165; baseline -0.001 -11"><span class='ocrx_word' id='word_1_355' title='bbox 1130 1121 1264 1165; x_wconf 81' lang='lat' dir='ltr'>placere</span> <span class='ocrx_word' id='word_1_356' title='bbox 1286 1121 1374 1161; x_wconf 92' lang='lat' dir='ltr'>Deo,</span> <span class='ocrx_word' id='word_1_357' title='bbox 1409 1132 1482 1153; x_wconf 90' lang='lat' dir='ltr'>cum</span> <span class='ocrx_word' id='word_1_358' title='bbox 1506 1121 1609 1164; x_wconf 85' lang='lat' dir='ltr'>gratis</span> <span class='ocrx_word' id='word_1_359' title='bbox 1633 1122 1757 1162; x_wconf 86' lang='lat' dir='ltr'>recepti</span> <span class='ocrx_word' id='word_1_360' title='bbox 1780 1131 1839 1162; x_wconf 87' lang='lat' dir='ltr'>per</span> <span class='ocrx_word' id='word_1_361' title='bbox 1861 1120 1973 1160; x_wconf 83' lang='lat' dir='ltr'>filium,</span> <span class='ocrx_word' id='word_1_362' title='bbox 2006 1121 2105 1153; x_wconf 88' lang='lat' dir='ltr'>habe·</span> 
     </span>
     <span class='ocr_line' id='line_1_54' title="bbox 1131 1164 2105 1206; baseline -0.001 -10"><span class='ocrx_word' id='word_1_363' title='bbox 1131 1175 1203 1197; x_wconf 89' lang='lat' dir='ltr'>mus</span> <span class='ocrx_word' id='word_1_364' title='bbox 1227 1165 1325 1200; x_wconf 89' lang='lat' dir='ltr'>initia,</span> <span class='ocrx_word' id='word_1_365' title='bbox 1348 1164 1496 1197; x_wconf 88' lang='lat' dir='ltr'>infirmae</span> <span class='ocrx_word' id='word_1_366' title='bbox 1519 1165 1649 1206; x_wconf 89' lang='lat' dir='ltr'>quidem</span> <span class='ocrx_word' id='word_1_367' title='bbox 1672 1171 1704 1196; x_wconf 88' lang='lat' dir='ltr'>et</span> <span class='ocrx_word' id='word_1_368' title='bbox 1715 1164 1901 1206; x_wconf 83' lang='lat' dir='ltr'>languidae,</span> <span class='ocrx_word' id='word_1_369' title='bbox 1924 1165 1984 1195; x_wconf 85' lang='lat' dir='ltr'>sed</span> <span class='ocrx_word' id='word_1_370' title='bbox 1996 1170 2105 1196; x_wconf 90' lang='lat' dir='ltr'>tamen</span> 
     </span>
     <span class='ocr_line' id='line_1_55' title="bbox 1131 1206 2104 1246; baseline -0.002 -6"><span class='ocrx_word' id='word_1_371' title='bbox 1131 1218 1230 1240; x_wconf 69' lang='lat' dir='ltr'>verae</span> <span class='ocrx_word' id='word_1_372' title='bbox 1254 1214 1286 1239; x_wconf 85' lang='lat' dir='ltr'>et</span> <span class='ocrx_word' id='word_1_373' title='bbox 1307 1218 1374 1239; x_wconf 91' lang='lat' dir='ltr'>non</span> <span class='ocrx_word' id='word_1_374' title='bbox 1397 1206 1529 1240; x_wconf 83' lang='lat' dir='ltr'>fucatae</span> <span class='ocrx_word' id='word_1_375' title='bbox 1552 1207 1638 1239; x_wconf 85' lang='lat' dir='ltr'>fidei.</span> <span class='ocrx_word' id='word_1_376' title='bbox 1682 1207 1758 1238; x_wconf 89' lang='lat' dir='ltr'>Non</span> <span class='ocrx_word' id='word_1_377' title='bbox 1781 1208 1883 1239; x_wconf 80' lang='lat' dir='ltr'>simus</span> <span class='ocrx_word' id='word_1_378' title='bbox 1907 1207 2017 1246; x_wconf 87' lang='lat' dir='ltr'>otiosi,</span> <span class='ocrx_word' id='word_1_379' title='bbox 2039 1217 2104 1239; x_wconf 88' lang='lat' dir='ltr'>non</span> 
     </span>
     <span class='ocr_line' id='line_1_56' title="bbox 1132 1250 2105 1289; baseline -0.002 -6"><span class='ocrx_word' id='word_1_380' title='bbox 1132 1252 1252 1289; x_wconf 89' lang='lat' dir='ltr'>securi,</span> <span class='ocrx_word' id='word_1_381' title='bbox 1276 1261 1343 1282; x_wconf 89' lang='lat' dir='ltr'>non</span> <span class='ocrx_word' id='word_1_382' title='bbox 1367 1257 1627 1288; x_wconf 73' lang='lat' dir='ltr'>contemnamuS,</span> <span class='ocrx_word' id='word_1_383' title='bbox 1661 1250 1721 1281; x_wconf 89' lang='lat' dir='ltr'>sed</span> <span class='ocrx_word' id='word_1_384' title='bbox 1754 1250 1926 1282; x_wconf 85' lang='lat' dir='ltr'>audiamus</span> <span class='ocrx_word' id='word_1_385' title='bbox 1957 1251 2105 1288; x_wconf 81' lang='lat' dir='ltr'>verbum,</span> 
     </span>
     <span class='ocr_line' id='line_1_57' title="bbox 1132 1293 2105 1335; baseline 0 -10"><span class='ocrx_word' id='word_1_386' title='bbox 1132 1293 1270 1326; x_wconf 75' lang='lat' dir='ltr'>velimus</span> <span class='ocrx_word' id='word_1_387' title='bbox 1293 1294 1440 1332; x_wconf 83' lang='lat' dir='ltr'>obedire,</span> <span class='ocrx_word' id='word_1_388' title='bbox 1454 1294 1664 1335; x_wconf 29' lang='lat' dir='ltr'>‚retineamus</span> <span class='ocrx_word' id='word_1_389' title='bbox 1682 1294 1832 1331; x_wconf 88' lang='lat' dir='ltr'>verbum,</span> <span class='ocrx_word' id='word_1_390' title='bbox 1856 1293 1945 1334; x_wconf 91' lang='lat' dir='ltr'>quod</span> <span class='ocrx_word' id='word_1_391' title='bbox 1958 1293 2029 1325; x_wconf 89' lang='lat' dir='ltr'>sine</span> <span class='ocrx_word' id='word_1_392' title='bbox 2053 1303 2105 1325; x_wconf 89' lang='lat' dir='ltr'>cu—</span> 
     </span>
     <span class='ocr_line' id='line_1_58' title="bbox 1131 1335 2104 1378; baseline -0.001 -10"><span class='ocrx_word' id='word_1_393' title='bbox 1131 1348 1168 1368; x_wconf 94' lang='lat' dir='ltr'>ra</span> <span class='ocrx_word' id='word_1_394' title='bbox 1191 1342 1223 1368; x_wconf 88' lang='lat' dir='ltr'>et</span> <span class='ocrx_word' id='word_1_395' title='bbox 1245 1337 1315 1368; x_wconf 90' lang='lat' dir='ltr'>sine</span> <span class='ocrx_word' id='word_1_396' title='bbox 1349 1337 1558 1368; x_wconf 83' lang='lat' dir='ltr'>dimicatione</span> <span class='ocrx_word' id='word_1_397' title='bbox 1592 1335 1663 1367; x_wconf 85' lang='lat' dir='ltr'>fieri</span> <span class='ocrx_word' id='word_1_398' title='bbox 1696 1345 1763 1368; x_wconf 90' lang='lat' dir='ltr'>non</span> <span class='ocrx_word' id='word_1_399' title='bbox 1786 1341 1915 1378; x_wconf 86' lang='lat' dir='ltr'>potest:</span> <span class='ocrx_word' id='word_1_400' title='bbox 1950 1335 2104 1367; x_wconf 79' lang='lat' dir='ltr'>Petamus</span> 
     </span>
     <span class='ocr_line' id='line_1_59' title="bbox 1130 1378 2105 1421; baseline -0.001 -10"><span class='ocrx_word' id='word_1_401' title='bbox 1130 1386 1240 1411; x_wconf 85' lang='lat' dir='ltr'>autem</span> <span class='ocrx_word' id='word_1_402' title='bbox 1263 1378 1430 1411; x_wconf 80' lang='lat' dir='ltr'>auxilium:</span> <span class='ocrx_word' id='word_1_403' title='bbox 1465 1378 1551 1414; x_wconf 88' lang='lat' dir='ltr'>Quia</span> <span class='ocrx_word' id='word_1_404' title='bbox 1573 1383 1624 1410; x_wconf 87' lang='lat' dir='ltr'>tot</span> <span class='ocrx_word' id='word_1_405' title='bbox 1646 1380 1816 1417; x_wconf 85' lang='lat' dir='ltr'>mandata,</span> <span class='ocrx_word' id='word_1_406' title='bbox 1849 1383 1897 1410; x_wconf 89' lang='lat' dir='ltr'>tot</span> <span class='ocrx_word' id='word_1_407' title='bbox 1919 1379 2105 1421; x_wconf 82' lang='lat' dir='ltr'>promissio-</span> 
     </span>
     <span class='ocr_line' id='line_1_60' title="bbox 1131 1422 2104 1463; baseline 0 -10"><span class='ocrx_word' id='word_1_408' title='bbox 1131 1432 1193 1453; x_wconf 88' lang='lat' dir='ltr'>nes</span> <span class='ocrx_word' id='word_1_409' title='bbox 1217 1427 1340 1460; x_wconf 81' lang='lat' dir='ltr'>extant,</span> <span class='ocrx_word' id='word_1_410' title='bbox 1363 1431 1448 1463; x_wconf 85' lang='lat' dir='ltr'>quae</span> <span class='ocrx_word' id='word_1_411' title='bbox 1471 1422 1583 1454; x_wconf 88' lang='lat' dir='ltr'>iubent</span> <span class='ocrx_word' id='word_1_412' title='bbox 1605 1427 1729 1463; x_wconf 84' lang='lat' dir='ltr'>petere,</span> <span class='ocrx_word' id='word_1_413' title='bbox 1749 1427 1782 1453; x_wconf 88' lang='lat' dir='ltr'>et</span> <span class='ocrx_word' id='word_1_414' title='bbox 1793 1422 1996 1463; x_wconf 88' lang='lat' dir='ltr'>promittunt,</span> <span class='ocrx_word' id='word_1_415' title='bbox 2017 1422 2104 1463; x_wconf 89' lang='lat' dir='ltr'>quod</span> 
     </span>
     <span class='ocr_line' id='line_1_61' title="bbox 1131 1463 2105 1503; baseline 0.001 -8"><span class='ocrx_word' id='word_1_416' title='bbox 1131 1464 1209 1496; x_wconf 81' lang='lat' dir='ltr'>velit</span> <span class='ocrx_word' id='word_1_417' title='bbox 1231 1465 1328 1496; x_wconf 86' lang='lat' dir='ltr'>nobis</span> <span class='ocrx_word' id='word_1_418' title='bbox 1350 1463 1444 1496; x_wconf 90' lang='lat' dir='ltr'>Deus</span> <span class='ocrx_word' id='word_1_419' title='bbox 1469 1465 1548 1496; x_wconf 90' lang='lat' dir='ltr'>dare</span> <span class='ocrx_word' id='word_1_420' title='bbox 1571 1465 1772 1496; x_wconf 86' lang='lat' dir='ltr'>incrementa</span> <span class='ocrx_word' id='word_1_421' title='bbox 1796 1465 1969 1503; x_wconf 91' lang='lat' dir='ltr'>donorum,</span> <span class='ocrx_word' id='word_1_422' title='bbox 1994 1471 2026 1496; x_wconf 90' lang='lat' dir='ltr'>et</span> <span class='ocrx_word' id='word_1_423' title='bbox 2050 1474 2105 1496; x_wconf 89' lang='lat' dir='ltr'>cu-</span> 
     </span>
     <span class='ocr_line' id='line_1_62' title="bbox 1131 1506 1638 1539; baseline -0.002 0"><span class='ocrx_word' id='word_1_424' title='bbox 1131 1506 1257 1539; x_wconf 88' lang='lat' dir='ltr'>mulare</span> <span class='ocrx_word' id='word_1_425' title='bbox 1280 1508 1312 1538; x_wconf 92' lang='lat' dir='ltr'>in</span> <span class='ocrx_word' id='word_1_426' title='bbox 1335 1507 1433 1539; x_wconf 89' lang='lat' dir='ltr'>nobis</span> <span class='ocrx_word' id='word_1_427' title='bbox 1457 1507 1543 1538; x_wconf 90' lang='lat' dir='ltr'>dona</span> <span class='ocrx_word' id='word_1_428' title='bbox 1566 1516 1638 1538; x_wconf 86' lang='lat' dir='ltr'>sua.</span> 
     </span>
    </p>
   </div>
   <div class='ocr_carea' id='block_1_19' title="bbox 257 1951 1929 2130">
    <p class='ocr_par' dir='ltr' id='par_1_20' title="bbox 257 1951 1929 2130">
     <span class='ocr_line' id='line_1_63' title="bbox 257 1951 1929 2130; baseline -0.001 -104"><span class='ocrx_word' id='word_1_429' title='bbox 257 1952 831 2027; x_wconf 85' lang='lat' dir='ltr'>POSTILLAE</span> <span class='ocrx_word' id='word_1_430' title='bbox 873 1951 1929 2130; x_wconf 50' lang='grc' dir='ltr'><strong>ΡἨΙΞΛΑΙΞῙΙΤΗΟΝΙΑΝΑΕ</strong></span> 
     </span>
    </p>
   </div>
   <div class='ocr_carea' id='block_1_20' title="bbox 320 2244 856 2286">
    <p class='ocr_par' dir='ltr' id='par_1_21' title="bbox 320 2244 856 2286">
     <span class='ocr_line' id='line_1_64' title="bbox 320 2244 856 2286; baseline 0.004 -2"><span class='ocrx_word' id='word_1_431' title='bbox 320 2252 526 2286; x_wconf 75' lang='lat' dir='ltr'>msromA</span> <span class='ocrx_word' id='word_1_432' title='bbox 551 2253 612 2285; x_wconf 83' lang='lat' dir='ltr'>DE</span> <span class='ocrx_word' id='word_1_433' title='bbox 637 2244 856 2286; x_wconf 73' lang='lat' dir='ltr'>ZAanEo.</span> 
     </span>
    </p>
   </div>
   <div class='ocr_carea' id='block_1_21' title="bbox 506 2347 684 2379">
    <p class='ocr_par' dir='ltr' id='par_1_22' title="bbox 506 2347 684 2379">
     <span class='ocr_line' id='line_1_65' title="bbox 506 2347 684 2379; baseline -0.006 0"><span class='ocrx_word' id='word_1_434' title='bbox 506 2347 561 2379; x_wconf 89' lang='lat' dir='ltr'>Lu</span> <span class='ocrx_word' id='word_1_435' title='bbox 573 2358 600 2379; x_wconf 90' lang='lat' dir='ltr'>c.</span> <span class='ocrx_word' id='word_1_436' title='bbox 634 2348 684 2379; x_wconf 83' lang='lat'>19.</span> 
     </span>
    </p>
   </div>
   <div class='ocr_carea' id='block_1_22' title="bbox 106 2443 1076 2525">
    <p class='ocr_par' dir='ltr' id='par_1_23' title="bbox 106 2443 1076 2525">
     <span class='ocr_line' id='line_1_66' title="bbox 106 2443 1076 2482; baseline 0.002 -8"><span class='ocrx_word' id='word_1_437' title='bbox 106 2444 276 2482; x_wconf 70' lang='lat' dir='ltr'>lum-esem·</span> <span class='ocrx_word' id='word_1_438' title='bbox 297 2443 453 2475; x_wconf 73' lang='lat' dir='ltr'>transibat</span> <span class='ocrx_word' id='word_1_439' title='bbox 468 2453 533 2482; x_wconf 77' lang='lat' dir='ltr'>per</span> <span class='ocrx_word' id='word_1_440' title='bbox 556 2444 713 2482; x_wconf 74' lang='lat' dir='ltr'>Hiericho,</span> <span class='ocrx_word' id='word_1_441' title='bbox 736 2447 766 2473; x_wconf 80' lang='lat' dir='ltr'>et</span> <span class='ocrx_word' id='word_1_442' title='bbox 787 2453 857 2476; x_wconf 80' lang='lat' dir='ltr'>ecce</span> <span class='ocrx_word' id='word_1_443' title='bbox 878 2445 928 2476; x_wconf 77' lang='lat' dir='ltr'>vir</span> <span class='ocrx_word' id='word_1_444' title='bbox 950 2447 1076 2476; x_wconf 76' lang='lat' dir='ltr'>nomine</span> 
     </span>
     <span class='ocr_line' id='line_1_67' title="bbox 463 2487 716 2525; baseline -0.008 -7"><span class='ocrx_word' id='word_1_445' title='bbox 463 2487 637 2525; x_wconf 77' lang='lat' dir='ltr'>Zachaeus,</span> <span class='ocrx_word' id='word_1_446' title='bbox 661 2491 716 2517; x_wconf 75' lang='lat' dir='ltr'>etc.</span> 
     </span>
    </p>
   </div>
   <div class='ocr_carea' id='block_1_23' title="bbox 1127 2235 2104 2450">
    <p class='ocr_par' dir='ltr' id='par_1_24' title="bbox 1129 2235 2104 2365">
     <span class='ocr_line' id='line_1_68' title="bbox 1131 2235 2104 2279; baseline -0.003 -10"><span class='ocrx_word' id='word_1_447' title='bbox 1131 2237 1254 2270; x_wconf 89' lang='lat' dir='ltr'>Christi</span> <span class='ocrx_word' id='word_1_448' title='bbox 1287 2243 1504 2279; x_wconf 84' lang='lat' dir='ltr'>postremum,</span> <span class='ocrx_word' id='word_1_449' title='bbox 1539 2237 1627 2279; x_wconf 89' lang='lat' dir='ltr'>quod</span> <span class='ocrx_word' id='word_1_450' title='bbox 1656 2235 1922 2278; x_wconf 81' lang='lat' dir='ltr'>Hierosolymam</span> <span class='ocrx_word' id='word_1_451' title='bbox 1945 2235 2104 2267; x_wconf 79' lang='lat' dir='ltr'>rediitad</span> 
     </span>
     <span class='ocr_line' id='line_1_69' title="bbox 1129 2276 2104 2322; baseline -0.003 -10"><span class='ocrx_word' id='word_1_452' title='bbox 1129 2281 1330 2322; x_wconf 89' lang='lat' dir='ltr'>passionem.</span> <span class='ocrx_word' id='word_1_453' title='bbox 1397 2280 1432 2311; x_wconf 87' lang='lat' dir='ltr'>ln</span> <span class='ocrx_word' id='word_1_454' title='bbox 1464 2279 1531 2312; x_wconf 89' lang='lat' dir='ltr'>hoc</span> <span class='ocrx_word' id='word_1_455' title='bbox 1563 2280 1679 2311; x_wconf 90' lang='lat' dir='ltr'>itinere</span> <span class='ocrx_word' id='word_1_456' title='bbox 1712 2278 1815 2311; x_wconf 88' lang='lat' dir='ltr'>multa</span> <span class='ocrx_word' id='word_1_457' title='bbox 1840 2277 1997 2309; x_wconf 83' lang='lat' dir='ltr'>miracula</span> <span class='ocrx_word' id='word_1_458' title='bbox 2016 2276 2104 2310; x_wconf 82' lang='lat' dir='ltr'>facta</span> 
     </span>
     <span class='ocr_line' id='line_1_70' title="bbox 1130 2320 2101 2365; baseline -0.004 -10"><span class='ocrx_word' id='word_1_459' title='bbox 1130 2330 1217 2362; x_wconf 89' lang='lat' dir='ltr'>sunt,</span> <span class='ocrx_word' id='word_1_460' title='bbox 1241 2324 1326 2355; x_wconf 88' lang='lat' dir='ltr'>sicut</span> <span class='ocrx_word' id='word_1_461' title='bbox 1347 2321 1447 2365; x_wconf 87' lang='lat' dir='ltr'>paulo</span> <span class='ocrx_word' id='word_1_462' title='bbox 1477 2328 1555 2364; x_wconf 86' lang='lat' dir='ltr'>post</span> <span class='ocrx_word' id='word_1_463' title='bbox 1574 2323 1670 2354; x_wconf 84' lang='lat' dir='ltr'>etiam</span> <span class='ocrx_word' id='word_1_464' title='bbox 1693 2322 1902 2354; x_wconf 84' lang='lat' dir='ltr'>resuscitavit</span> <span class='ocrx_word' id='word_1_465' title='bbox 1929 2320 2101 2353; x_wconf 87' lang='lat' dir='ltr'>Lazarum.</span> 
     </span>
    </p>

    <p class='ocr_par' dir='ltr' id='par_1_25' title="bbox 1127 2363 2104 2450">
     <span class='ocr_line' id='line_1_71' title="bbox 1214 2363 2104 2406; baseline -0.003 -8"><span class='ocrx_word' id='word_1_466' title='bbox 1214 2366 1371 2398; x_wconf 85' lang='lat' dir='ltr'>Hiericho</span> <span class='ocrx_word' id='word_1_467' title='bbox 1395 2366 1494 2398; x_wconf 83' lang='lat' dir='ltr'>distat</span> <span class='ocrx_word' id='word_1_468' title='bbox 1516 2376 1536 2397; x_wconf 89' lang='lat' dir='ltr'>a</span> <span class='ocrx_word' id='word_1_469' title='bbox 1559 2363 1797 2406; x_wconf 81' lang='lat' dir='ltr'>Hierosolymis</span> <span class='ocrx_word' id='word_1_470' title='bbox 1820 2363 1950 2396; x_wconf 87' lang='lat' dir='ltr'>circiter</span> <span class='ocrx_word' id='word_1_471' title='bbox 1961 2365 2104 2405; x_wconf 86' lang='lat' dir='ltr'>quinque</span> 
     </span>
     <span class='ocr_line' id='line_1_72' title="bbox 1127 2405 2103 2450; baseline -0.002 -10"><span class='ocrx_word' id='word_1_472' title='bbox 1127 2408 1323 2448; x_wconf 89' lang='lat' dir='ltr'>miliaribus,</span> <span class='ocrx_word' id='word_1_473' title='bbox 1348 2415 1406 2441; x_wconf 89' lang='lat' dir='ltr'>aut</span> <span class='ocrx_word' id='word_1_474' title='bbox 1429 2415 1519 2440; x_wconf 87' lang='lat' dir='ltr'>certe</span> <span class='ocrx_word' id='word_1_475' title='bbox 1541 2407 1641 2450; x_wconf 90' lang='lat' dir='ltr'>paulo</span> <span class='ocrx_word' id='word_1_476' title='bbox 1665 2407 1805 2449; x_wconf 83' lang='lat' dir='ltr'>amplius</span> <span class='ocrx_word' id='word_1_477' title='bbox 1837 2413 1979 2448; x_wconf 90' lang='lat' dir='ltr'>quatuor</span> <span class='ocrx_word' id='word_1_478' title='bbox 2000 2405 2103 2438; x_wconf 87' lang='lat' dir='ltr'>milia-</span> 
     </span>
    </p>
   </div>
   <div class='ocr_carea' id='block_1_24' title="bbox 1126 2448 2102 2579">
    <p class='ocr_par' dir='ltr' id='par_1_26' title="bbox 1126 2448 2102 2579">
     <span class='ocr_line' id='line_1_73' title="bbox 1127 2448 2102 2484; baseline -0.004 0"><span class='ocrx_word' id='word_1_479' title='bbox 1127 2453 1230 2484; x_wconf 91' lang='lat' dir='ltr'>ribus.</span> <span class='ocrx_word' id='word_1_480' title='bbox 1274 2454 1306 2484; x_wconf 89' lang='lat' dir='ltr'>A</span> <span class='ocrx_word' id='word_1_481' title='bbox 1329 2451 1468 2484; x_wconf 88' lang='lat' dir='ltr'>Iordane</span> <span class='ocrx_word' id='word_1_482' title='bbox 1491 2451 1631 2483; x_wconf 88' lang='lat' dir='ltr'>distabat</span> <span class='ocrx_word' id='word_1_483' title='bbox 1643 2449 1796 2481; x_wconf 85' lang='lat' dir='ltr'>Hiericho</span> <span class='ocrx_word' id='word_1_484' title='bbox 1821 2450 1950 2481; x_wconf 90' lang='lat' dir='ltr'>duobus</span> <span class='ocrx_word' id='word_1_485' title='bbox 1973 2448 2102 2481; x_wconf 87' lang='lat' dir='ltr'>miliari-</span> 
     </span>
     <span class='ocr_line' id='line_1_74' title="bbox 1128 2490 2101 2537; baseline -0.004 -10"><span class='ocrx_word' id='word_1_486' title='bbox 1128 2496 1201 2528; x_wconf 88' lang='lat' dir='ltr'>bus.</span> <span class='ocrx_word' id='word_1_487' title='bbox 1267 2495 1320 2528; x_wconf 92' lang='lat' dir='ltr'>De</span> <span class='ocrx_word' id='word_1_488' title='bbox 1343 2505 1408 2537; x_wconf 91' lang='lat' dir='ltr'>quo</span> <span class='ocrx_word' id='word_1_489' title='bbox 1441 2496 1580 2537; x_wconf 74' lang='lat' dir='ltr'>potestis</span> <span class='ocrx_word' id='word_1_490' title='bbox 1603 2493 1767 2534; x_wconf 80' lang='lat' dir='ltr'>inspicere</span> <span class='ocrx_word' id='word_1_491' title='bbox 1790 2490 1920 2525; x_wconf 86' lang='lat' dir='ltr'>tabulas</span> <span class='ocrx_word' id='word_1_492' title='bbox 1944 2490 2101 2524; x_wconf 86' lang='lat' dir='ltr'>Palaesti-</span> 
     </span>
     <span class='ocr_line' id='line_1_75' title="bbox 1126 2534 2100 2579; baseline -0.004 -9"><span class='ocrx_word' id='word_1_493' title='bbox 1126 2548 1199 2570; x_wconf 87' lang='lat' dir='ltr'>nae.</span> <span class='ocrx_word' id='word_1_494' title='bbox 1246 2537 1511 2570; x_wconf 83' lang='lat' dir='ltr'>Consentaneum</span> <span class='ocrx_word' id='word_1_495' title='bbox 1534 2543 1585 2569; x_wconf 89' lang='lat' dir='ltr'>est</span> <span class='ocrx_word' id='word_1_496' title='bbox 1607 2542 1734 2574; x_wconf 86' lang='lat' dir='ltr'>autem,</span> <span class='ocrx_word' id='word_1_497' title='bbox 1755 2545 1907 2579; x_wconf 77' lang='lat' dir='ltr'>magnam</span> <span class='ocrx_word' id='word_1_498' title='bbox 1927 2534 2100 2567; x_wconf 87' lang='lat' dir='ltr'>multitudi-</span> 
     </span>
    </p>
   </div>
   <div class='ocr_carea' id='block_1_25' title="bbox 194 2577 2101 2621">
    <p class='ocr_par' dir='ltr' id='par_1_27' title="bbox 194 2577 2101 2621">
     <span class='ocr_line' id='line_1_76' title="bbox 194 2577 2101 2621; baseline 0 -12"><span class='ocrx_word' id='word_1_499' title='bbox 194 2577 259 2609; x_wconf 67' lang='lat' dir='ltr'>lsm</span> <span class='ocrx_word' id='word_1_500' title='bbox 280 2578 419 2611; x_wconf 89' lang='lat' dir='ltr'>historia</span> <span class='ocrx_word' id='word_1_501' title='bbox 443 2580 619 2612; x_wconf 84' lang='lat' dir='ltr'>coniuncta</span> <span class='ocrx_word' id='word_1_502' title='bbox 647 2585 698 2611; x_wconf 86' lang='lat' dir='ltr'>est</span> <span class='ocrx_word' id='word_1_503' title='bbox 727 2590 801 2611; x_wconf 84' lang='lat' dir='ltr'>cum</span> <span class='ocrx_word' id='word_1_504' title='bbox 823 2580 1011 2613; x_wconf 84' lang='lat' dir='ltr'>narratione</span> <span class='ocrx_word' id='word_1_505' title='bbox 1034 2581 1075 2613; x_wconf 89' lang='lat' dir='ltr'>de</span> <span class='ocrx_word' id='word_1_506' title='bbox 1126 2591 1201 2613; x_wconf 91' lang='lat' dir='ltr'>nem</span> <span class='ocrx_word' id='word_1_507' title='bbox 1234 2581 1371 2614; x_wconf 87' lang='lat' dir='ltr'>effusam</span> <span class='ocrx_word' id='word_1_508' title='bbox 1404 2591 1482 2613; x_wconf 89' lang='lat' dir='ltr'>esse</span> <span class='ocrx_word' id='word_1_509' title='bbox 1515 2590 1556 2611; x_wconf 91' lang='lat' dir='ltr'>ex</span> <span class='ocrx_word' id='word_1_510' title='bbox 1579 2579 1716 2621; x_wconf 90' lang='lat' dir='ltr'>oppido,</span> <span class='ocrx_word' id='word_1_511' title='bbox 1750 2588 1834 2620; x_wconf 86' lang='lat' dir='ltr'>quae</span> <span class='ocrx_word' id='word_1_512' title='bbox 1863 2577 1967 2610; x_wconf 86' lang='lat' dir='ltr'>voluit</span> <span class='ocrx_word' id='word_1_513' title='bbox 1990 2578 2101 2609; x_wconf 85' lang='lat' dir='ltr'>videre</span> 
     </span>
    </p>
   </div>
   <div class='ocr_carea' id='block_1_26' title="bbox 108 2622 601 2655">
    <p class='ocr_par' dir='ltr' id='par_1_28' title="bbox 108 2622 601 2655">
     <span class='ocr_line' id='line_1_77' title="bbox 108 2622 601 2655; baseline 0 -3"><span class='ocrx_word' id='word_1_514' title='bbox 108 2629 209 2653; x_wconf 69' lang='lat' dir='ltr'>caeco</span> <span class='ocrx_word' id='word_1_515' title='bbox 232 2629 347 2654; x_wconf 81' lang='lat' dir='ltr'>sanato</span> <span class='ocrx_word' id='word_1_516' title='bbox 371 2623 412 2654; x_wconf 82' lang='lat' dir='ltr'>ad</span> <span class='ocrx_word' id='word_1_517' title='bbox 436 2622 601 2655; x_wconf 85' lang='lat' dir='ltr'>Hiericho.</span> 
     </span>
    </p>
   </div>
   <div class='ocr_carea' id='block_1_27' title="bbox 668 2620 2099 2662">
    <p class='ocr_par' dir='ltr' id='par_1_29' title="bbox 668 2620 2099 2662">
     <span class='ocr_line' id='line_1_78' title="bbox 668 2620 2099 2662; baseline -0.001 -9"><span class='ocrx_word' id='word_1_518' title='bbox 668 2621 740 2654; x_wconf 86' lang='lat' dir='ltr'>Fuit</span> <span class='ocrx_word' id='word_1_519' title='bbox 774 2628 883 2656; x_wconf 84' lang='lat' dir='ltr'>autem</span> <span class='ocrx_word' id='word_1_520' title='bbox 916 2622 981 2656; x_wconf 87' lang='lat' dir='ltr'>hoc</span> <span class='ocrx_word' id='word_1_521' title='bbox 1014 2624 1075 2656; x_wconf 87' lang='lat' dir='ltr'>iter</span> <span class='ocrx_word' id='word_1_522' title='bbox 1128 2623 1310 2657; x_wconf 86' lang='lat' dir='ltr'>Christum:</span> <span class='ocrx_word' id='word_1_523' title='bbox 1333 2623 1388 2656; x_wconf 85' lang='lat' dir='ltr'>alii</span> <span class='ocrx_word' id='word_1_524' title='bbox 1412 2624 1499 2661; x_wconf 88' lang='lat' dir='ltr'>odio,</span> <span class='ocrx_word' id='word_1_525' title='bbox 1523 2621 1577 2654; x_wconf 85' lang='lat' dir='ltr'>alii</span> <span class='ocrx_word' id='word_1_526' title='bbox 1602 2622 1803 2660; x_wconf 85' lang='lat' dir='ltr'>curiositate,</span> <span class='ocrx_word' id='word_1_527' title='bbox 1825 2620 1879 2654; x_wconf 82' lang='lat' dir='ltr'>alii</span> <span class='ocrx_word' id='word_1_528' title='bbox 1902 2621 2010 2653; x_wconf 85' lang='lat' dir='ltr'>studio</span> <span class='ocrx_word' id='word_1_529' title='bbox 2034 2622 2099 2662; x_wconf 89' lang='lat' dir='ltr'>pie-</span> 
     </span>
    </p>
   </div>
  </div>
 </body>
</html>
