2324 2958
35 168 102 202 289

39 262 218 307 plectimur,
242 265 275 291 et
297 264 456 296 statuere,
479 258 568 300 quod
580 267 709 299 poenae
720 256 797 289 illae
816 268 919 298 saepe
931 258 1014 289 miti-

83 312 167 342 ntur,
193 307 250 334 aut
272 302 406 333 omnino
429 300 597 338 tollantur,
621 301 718 332 etiam
737 311 811 332 cum
829 301 1015 332 accersitae

155 351 168 377 t
195 351 311 376 nostra
345 343 452 386 culpa,
484 344 572 376 sicut
604 343 692 384 apud
726 342 920 384 prophetam
954 343 1013 375 Mi-

41 392 171 425 chaeam
193 388 327 419 dicitur:
348 389 438 419 Iram
454 389 586 419 Domini
603 386 749 427 portabo,
770 390 920 425 quoniam
937 396 1013 426 pec-

39 436 108 468 ωω·
125 434 162 464 ei·
195 429 237 461 Et
260 436 369 462 tamen
389 440 466 461 mox
478 429 622 460 additur:
649 429 727 461 Cum
739 430 854 460 sedebo
873 431 906 460 in
928 433 1014 461 cene-

36 479 112 515 ,ὸν-ὑ,
134 473 295 505 Dominus
316 475 376 505 lua·
397 483 477 512 mea,
500 473 533 503 id
557 478 624 510 est,
659 472 830 509 exaudiet,
860 470 1014 503 consola-

40 519 131 553 bitur,
152 517 277 548 iuvabit
295 525 359 547 me.
403 515 478 547 Non
502 521 553 546 est
576 516 621 547 ita
644 515 872 557 cogitandum:

163 577 230 615 Eyo
252 579 404 608 contraxi
424 577 482 607 Ιιοε
504 585 576 607 mea
598 577 701 615 culpa.

163 620 249 658 Erqo
271 619 352 650 nihil
373 621 487 650 auxilii
507 620 586 650 milii
610 618 806 658 sperandum
825 622 876 649 erc
895 628 915 649 a
939 619 1013 649 Deo.

120 685 227 718 Valde
250 685 451 728 languefacit
470 687 710 717 invocationem
729 686 813 717 haec
836 686 1013 726 disputatio

35 731 272 768 conscientiae,
297 730 356 761 sed
369 729 532 761 vincenda
554 735 662 760 tamen
687 736 737 760 est
761 729 834 759 fide.
870 729 1013 760 Maxima

34 784 114 817 pars
147 773 336 804 morborum
370 774 402 804 in
426 772 495 809 his,
531 782 616 814 quos
645 771 850 814 Evangelica
874 771 1012 803 historia

34 817 150 849 scribit
171 816 214 847 ad
236 815 402 847 Christum
422 816 566 853 venisse,
589 825 631 846 ex
661 815 911 856 intemperantia
935 815 1014 845 exti-

34 864 152 892 terunt.
215 859 279 891 Sed
314 857 492 890 clementer
531 858 648 889 horum
694 868 826 899 quoque
859 856 1013 888 Christus

33 903 188 935 misertus
213 907 273 933 est.

121 944 262 986 Propter
284 944 370 975 hanc
394 945 577 975 doctrinam
599 949 631 975 et
650 943 912 975 consolationem
936 952 1013 974 con-

36 988 213 1020 sideranda
236 993 313 1019 sunt
335 988 467 1018 nomina
490 987 692 1024 morborum,
725 997 809 1028 quae
832 996 895 1017 nos
918 985 1014 1017 simul

34 1031 130 1063 etiam
170 1036 305 1062 monent
345 1031 386 1061 de
427 1030 662 1071 temperantia,
708 1035 740 1061 et
772 1027 940 1070 diligentia
981 1029 1012 1059 in

33 1075 181 1116 regenda
205 1082 237 1105 et
259 1074 380 1105 tuenda
402 1071 602 1104 valetudine.

120 1115 312 1158 Cogitemus
353 1114 503 1157 exempla
540 1116 716 1146 bestiarum
751 1121 781 1146 et
815 1114 1011 1155 plantarum.

32 1158 216 1192 Radiculae
251 1158 343 1197 illae,
379 1165 411 1190 et
440 1159 561 1196 fibrae,
595 1168 681 1199 quae
714 1164 790 1188 sunt
825 1159 855 1188 in
879 1156 1013 1198 plantis,

33 1209 166 1234 servant
201 1203 234 1233 in
257 1201 452 1233 attrahendo
478 1201 677 1232 nutrimento
706 1211 802 1232 suum
826 1201 957 1231 modum
981 1206 1014 1231 et

32 1246 288 1288 proportionem,
317 1245 350 1275 id
373 1250 447 1282 est,
481 1244 738 1275 mediocritatem
763 1243 1012 1274 convenientem

32 1295 185 1320 naturae:
210 1288 262 1318 Sic
280 1295 311 1319 et
325 1287 449 1319 bestia'e
462 1293 596 1318 servant
609 1287 756 1318 ordinem
770 1296 852 1318 suae
864 1292 1012 1317 naturae.

33 1331 104 1364 Soli
129 1331 276 1362 homines
300 1341 366 1362 non
390 1337 535 1361 servant.
581 1329 871 1366 Conunessantur‚
897 1335 1013 1370 potant

33 1374 225 1411 immodice,
259 1380 336 1405 sunt
370 1374 643 1413 intemperanteS,
678 1373 874 1413 praesertim
907 1372 1013 1402 nostri

33 1417 184 1448 homines
207 1417 239 1447 in
263 1416 449 1447 Germania.
507 1414 604 1446 Aliae
637 1423 755 1455 gentes
786 1421 863 1446 sunt
891 1421 1011 1455 tempe-

35 1459 210 1497 ramim-ea,
233 1459 384 1500 quamvis
407 1463 546 1499 peccant
569 1459 601 1488 in
624 1457 697 1488 aliis
721 1458 860 1499 flagitiis

120 1501 277 1543 Magnum
301 1500 421 1533 malum
444 1506 495 1533 est
518 1501 781 1542 intemperantia,
804 1507 836 1532 et
858 1510 1012 1542 magnum

32 1545 298 1585 impedimentum
311 1546 343 1575 in
356 1545 512 1586 negotiis,
536 1545 568 1575 in
591 1545 722 1581 studiis,
746 1545 778 1574 in
791 1544 1013 1581 meditatione,

34 1588 73 1619 in*
100 1587 329 1625 invocatione,
364 1588 397 1618 in
432 1586 681 1618 deliberatione.
733 1589 846 1628 Itaque
880 1585 1013 1628 singuli,

32 1630 129 1662 etiam
160 1630 202 1661 ob
231 1630 389 1661 exercitia
416 1630 546 1670 pietatis
577 1636 608 1660 et
642 1639 764 1670 operas
794 1630 1013 1670 praestandas

30 1674 65 1706 in
87 1673 272 1711 vocatione,
295 1673 498 1704 debebamus
522 1673 687 1703 moderari
711 1671 844 1709 luxum,
873 1673 1011 1703 ubicun-

53 1726 96 1748 ue
117 1725 304 1757 possemus·
349 1715 429 1747 {Dian
455 1715 504 1747 iolt
521 1719 553 1746 ee
579 1715 716 1754 mci't‘tqcnf
743 1723 787 1747 mn
812 1724 880 1747 mon
905 1715 1009 1746 fonrtc.

59 1758 100 1790 ed
122 1759 209 1799 apud
223 1765 358 1789 nostros
371 1757 521 1789 homines
534 1757 642 1789 adhuc
665 1759 811 1789 deterius
835 1764 899 1796 est,
923 1758 1012 1799 quod

31 1801 123 1834 multi
147 1800 272 1834 faciunt
294 1811 435 1842 magnos
447 1807 640 1842 apparatus,
665 1811 731 1831 non
751 1799 857 1832 solum
877 1807 1013 1841 propter

31 1843 221 1887 ingluviem,
245 1845 304 1876 =sed
328 1845 424 1876 etiam
447 1845 490 1875 ad
513 1844 785 1875 ostentationem:
810 1843 856 1874 lta
881 1853 1013 1883 semper

30 1886 132 1919 habet
154 1888 221 1918 vita
244 1888 387 1918 humana
399 1885 610 1928 multiplicem
634 1887 863 1919 confusionem
888 1887 1012 1918 ordinis

31 1931 141 1963 divini.

118 1973 211 2008 Quae
235 1979 287 2004 est
309 1973 460 2014 proxima
487 1982 592 2004 causa
626 1973 814 2004 amissionis
840 1979 949 2004 motus
979 1973 1011 2004 in

53 2015 199 2058 aralysi?
232 2015 446 2057 Respondeo.
481 2015 533 2046 Fit
557 2014 613 2047 illa
636 2016 769 2047 amissio
789 2022 910 2054 motus,
935 2015 1011 2057 quia

29 2027 236 2102 Enguefiunt
259 2060 370 2097 nervi,
404 2064 437 2090 et
469 2068 536 2089 non
569 2066 712 2100 possunt
745 2057 885 2100 amplius
919 2058 1011 2100 fungi

30 2111 92 2134 suo
116 2112 262 2134 munere.
321 2101 399 2132 lnde
433 2107 485 2132 est
518 2102 615 2132 etiam
637 2111 756 2133 nomen
780 2102 887 2143 ipsum
911 2101 1010 2143 παρά-

30 2147 115 2181 λυσις
144 2145 241 2186 quasi
266 2145 376 2182 dicas,
406 2143 531 2175 solutio
561 2155 750 2176 nervorum.
796 2146 879 2176 Sunt
901 2151 1009 2176 autem

29 2189 139 2225 nervi,
173 2188 391 2219 instmmenta
420 2193 530 2219 motus
560 2193 593 2219 et
616 2197 755 2226 sensuS,
792 2194 908 2229 estque
931 2187 1010 2219 faci—

29 2229 106 2263 lima
124 2229 228 2263 laesio
251 2241 441 2262 nervorum.
487 2229 707 2272 Languefiunt
730 2230 841 2269 facile,
872 2237 927 2262 aut
951 2231 1011 2262 hu-

29 2274 186 2311 miditate,
209 2279 265 2305 aut
286 2272 466 2316 frigiditate
488 2274 596 2305 nimia.
629 2273 707 2305 ldeo
735 2274 850 2305 maiori
874 2273 1010 2316 diligen-

30 2317 75 2349 tia
98 2317 300 2358 parcendum
325 2317 372 2347 eis
397 2323 478 2348 erat.

116 2358 274 2391 Oriuntur
307 2360 401 2390 nervi
436 2369 477 2390 ex
509 2360 666 2398 cerebro,
704 2358 802 2401 aliqui
838 2360 933 2392 etiam
968 2369 1009 2391 ex

29 2401 173 2434 medulla
196 2403 312 2443 spinae
323 2403 356 2434 in
370 2403 485 2440 dorso,
509 2412 595 2444 quae
618 2409 669 2434 est
691 2401 782 2434 velut
804 2404 895 2435 rivus
920 2413 1010 2434 cere-

30 2445 92 2477 bri.
148 2445 245 2477 Haud
274 2445 372 2477 dubie
395 2446 567 2476 cerebrum
598 2451 650 2476 est.
673 2445 828 2487 quiddam
852 2444 1009 2478 coeleste.

31 2487 143 2520 Oritur
166 2498 207 2519 ex
230 2487 446 2520 subtilissima
468 2494 561 2529 parte
591 2489 736 2520 seminis.
793 2488 902 2520 Habet
923 2490 1011 2520 intus

31 2531 193 2562 cavitates
216 2540 314 2569 suaS,
349 2532 381 2562 in
405 2532 526 2573 quibus
554 2532 634 2562 fiunt
658 2531 805 2563 actiones
825 2532 1009 2573 spirituum,

31 2579 65 2604 et
81 2580 189 2605 tamen
212 2573 334 2615 pendet
356 2575 540 2612 cerebrum,
563 2575 659 2616 quasi
683 2580 876 2612 extensum,
905 2575 1011 2606 instar

33 2614 127 2648 coeli.
183 2615 232 2647 Ex
257 2617 397 2648 cerebro
420 2618 519 2658 igitur
556 2616 659 2649 voluit
680 2616 774 2648 Deus
797 2623 911 2648 texere
939 2627 1009 2649 ner-

187 2684 331 2704 MELARTH.
340 2685 419 2705 OPER.
436 2685 499 2705 vel.
510 2685 590 2706 xxlv.

714 162 931 197 Pos'rnmA
962 136 1360 195 ΜΕιΑΝΤΗοΝιΑΝΑ.

1975 164 2040 196 290

1066 266 1147 295 vos,
1181 256 1236 298 qui
1260 262 1338 287 sunt
1360 263 1498 288 naturae
1526 265 1689 299 cognatae
1719 268 1791 288 cum
1817 259 1972 295 cerebro,
2009 265 2040 290 et

1067 306 1143 332 sunt
1166 297 1316 331 vehicula
1339 306 1372 330 et
1395 308 1522 341 organa
1546 301 1730 340 spirituum,
1761 301 1815 342 qui
1839 308 1915 332 sunt
1938 311 2040 332 causa

1066 352 1186 375 sensus
1209 348 1241 373 et
1263 348 1382 373 motus.
1427 341 1527 374 Plura
1550 343 1659 374 dicere
1682 353 1747 374 non
1770 353 1958 384 possumus.

1153 386 1233 417 Sunt
1269 383 1428 417 mirabilia
1462 395 1563 426 opera
1597 385 1676 423 Dei,
1711 397 1794 427 quae
1829 387 2041 418 considerare

1067 429 1244 466 debemus,
1277 435 1313 459 ut
1338 429 1518 470 cogitemus
1549 429 1589 459 de
1613 428 1745 468 opifice.
1781 437 1811 460 et
1845 430 2041 461 admiremur

1067 481 1107 502 ac
1130 469 1400 513 magnifaciamus
1413 480 1515 512 opera
1533 470 1590 502 illa
1613 471 1822 502 inenarrabili
1846 479 1916 504 arte
1940 472 2040 511 facta,

1066 525 1129 546 nec
1151 521 1274 545 temere
1297 512 1470 545 violemus.

1153 556 1329 595 Videmus,
1363 557 1529 598 quomodo
1552 555 1717 588 Diabolus
1741 563 1911 597 grassetur
1934 558 1966 588 in
1985 568 2041 599 ge-

1067 610 1145 631 nere
1167 600 1311 631 humano
1335 600 1501 631 caedibus.
1547 599 1704 630 Homines
1729 600 1824 630 etiam
1848 601 1921 640 ipsi,
1950 611 1987 632 se
2010 607 2042 631 et

1065 642 1150 674 alios
1174 652 1276 684 saepe
1309 648 1342 673 et
1364 640 1461 673 facile
1496 641 1630 673 laedunt
1654 649 1769 673 contra
1793 643 2041 674 severissimum

1067 686 1253 717 mandatum
1272 685 1352 716 Dei:
1386 687 1457 717 Non
1479 687 1611 717 occe'des.
1668 684 1727 716 Cui
1752 685 1835 716 ratio
1859 686 1987 716 additur
2009 686 2042 717 in

1067 728 1207 759 Genesi:
1246 729 1325 765 Quia
1349 730 1441 760 homo
1463 730 1508 759 ad
1528 731 1698 767 imaginem
1728 730 1789 759 Dei
1816 730 1961 760 conditus
1983 734 2041 760 est.

1067 770 1134 802 Sed
1154 772 1338 813 cogitemus
1361 772 1457 802 etiam
1483 772 1523 802 de
1547 770 1614 801 filio
1638 770 1700 802 Dei
1724 778 1914 802 assumente
1931 771 2043 802 huma-

1066 824 1140 845 nam
1164 820 1324 845 naturam.
1370 813 1431 845 Hic
1455 821 1505 845 est
1530 813 1679 855 perfecta
1704 814 1810 855 imago
1835 813 1907 852 Dei,
1931 821 1961 845 et
1986 813 2041 845 filii

1066 867 1179 894 causa,
1201 863 1293 887 tanta
1314 863 1386 888 arte
1410 855 1696 888 elaboravitDeus
1716 861 1865 888 naturam
1891 857 2042 888 hominis.

1065 898 1328 941 Magnificiamus
1350 900 1451 942 igitur
1469 910 1531 931 nos
1555 909 1686 941 qnoque
1709 899 1774 931 hoc
1798 899 1973 941 opificium,
2011 905 2042 931 et

1065 951 1193 973 summo
1234 943 1342 973 studio
1383 943 1523 974 vitemus
1560 941 1770 973 violationem
1809 949 1875 973 tam
1904 943 2041 974 mirandi

1064 985 1187 1026 operis.

1152 1027 1330 1059 Pulchrum
1360 1035 1411 1059 est
1445 1029 1609 1060 deducere
1640 1028 1802 1059 hominem
1827 1030 1868 1059 ad
1892 1029 2043 1059 conside-

1065 1072 1224 1102 rationem
1247 1071 1367 1112 opificii
1390 1070 1454 1103 Dei
1477 1072 1510 1102 in
1534 1079 1664 1109 natura,
1687 1077 1717 1102 et
1743 1072 1879 1111 prodest
1902 1082 1941 1103 ea
1965 1081 2043 1103 con-

1065 1115 1222 1145 sideratio
1246 1115 1286 1144 ad
1310 1115 1566 1145 moderationem
1590 1115 1622 1145 in
1646 1115 1731 1145 omni
1756 1115 1833 1145 vita.

1152 1156 1278 1187 Romae
1297 1156 1499 1198 gladiatores
1529 1158 1683 1188 vivebant
1713 1158 1745 1188 in
1769 1162 1928 1198 perpetuo
1952 1156 2042 1195 luxu,

1066 1200 1142 1241 quia
1169 1200 1314 1240 oportuit
1348 1210 1480 1241 semper
1512 1207 1647 1242 paratos
1682 1210 1758 1232 esse
1794 1202 1835 1231 ad
1869 1199 2044 1238 lanienam,

1065 1243 1331 1284 quandocunque
1365 1243 1497 1274 Domini
1532 1245 1691 1275 iuberent.
1753 1243 1794 1274 Hi
1834 1242 1964 1274 furores
1998 1244 2043 1274 ita

1065 1286 1152 1327 grati
1183 1284 1314 1316 fuerunt
1347 1285 1489 1327 populo,
1532 1293 1566 1317 ut
1600 1288 1739 1317 obrutus
1769 1287 1812 1317 sit
1846 1287 1955 1323 saxis,
1989 1287 2042 1327 qui

1066 1329 1189 1369 primus
1223 1327 1330 1371 legem
1365 1331 1437 1360 tulit
1460 1329 1501 1361 de
1535 1328 1708 1360 abolendis
1738 1328 1803 1360 illis
1832 1327 2043 1369 spectaculis,

1064 1371 1104 1402 Et
1129 1371 1248 1402 latetur
1273 1372 1492 1413 Augustinus,
1515 1373 1576 1404 sibi
1601 1382 1731 1414 quoque
1745 1371 1927 1414 placuisse.
1974 1371 2042 1402 Sed

1064 1421 1182 1455 postea
1207 1415 1291 1446 inter
1314 1422 1454 1456 peccata
1473 1426 1533 1446 sua
1565 1416 1595 1447 id
1620 1422 1779 1446 numerat.
1825 1415 1896 1445 Nos
1924 1414 2042 1446 exhor-

1065 1458 1245 1496 rescimus,
1279 1458 1355 1499 quia
1383 1468 1449 1488 non
1474 1464 1524 1488 est
1547 1458 1752 1489 consuetudo
1776 1458 1863 1499 apud
1885 1467 1958 1489 nos·
2002 1456 2045 1488 Et

1066 1506 1154 1532 certe
1178 1501 1299 1531 bonum
1323 1506 1385 1539 est,
1405 1510 1481 1532 esse
1503 1499 1660 1532 abolitum
1683 1501 1780 1532 istum
1799 1511 1936 1532 morem.

1152 1543 1282 1574 {nterim
1316 1550 1424 1575 tamen
1457 1543 1549 1574 multi
1582 1554 1649 1575 non
1683 1544 1836 1575 desinunt
1864 1544 1952 1585 apud
1982 1553 2044 1574 nos

1066 1586 1135 1617 dies
1159 1592 1344 1627 noctesque
1364 1585 1535 1629 indulgere
1553 1587 1662 1629 genio,
1686 1587 1780 1628 quasi
1804 1588 1868 1618 iam
1891 1588 1955 1617 iam
1979 1587 2045 1617 sint

1065 1629 1242 1660 mactandi.
1273 1628 1383 1670 Aliqui
1408 1631 1515 1667 etiam,
1539 1640 1611 1661 cum
1635 1636 1711 1661 sunt
1736 1630 1817 1660 ebrii
1842 1628 1930 1664 facti,
1953 1639 2045 1661 more

1066 1671 1262 1713 gladiatorio
1287 1679 1470 1713 provocant
1494 1672 1578 1703 alios
1602 1673 1644 1704 ad
1667 1671 1826 1703 lanienas.
1869 1672 1967 1706 Quod
1990 1672 2044 1703 de-

1064 1713 1260 1754 plorandum
1284 1721 1346 1753 est,
1364 1716 1436 1746 fieri
1459 1716 1556 1746 etiam
1574 1716 1606 1746 in
1631 1721 1727 1747 coetu
1756 1714 2044 1747 scholasticorum.

1064 1757 1269 1789 Execremur
1294 1758 1390 1789 istam
1425 1759 1610 1789 barbariem
1642 1765 1711 1789 toto
1733 1765 1886 1799 pectore,
1915 1765 1947 1789 et
1971 1768 2044 1789 ore-

1064 1810 1137 1831 mus
1161 1799 1260 1832 filium
1284 1800 1363 1839 Dei,
1398 1807 1433 1832 ut
1463 1802 1618 1842 reprimat
1649 1800 1826 1832 Diabolum
1861 1801 1945 1832 adeo
1968 1800 2044 1832 hor-

1064 1842 1202 1874 ribiliter
1225 1850 1435 1885 grassantem
1458 1845 1543 1875 inter
1566 1843 1728 1882 homines,
1751 1850 1782 1874 et
1808 1844 2043 1882 destruentem,

1065 1886 1219 1928 quiequid
1244 1893 1294 1918 est
1317 1888 1441 1918 ordinis
1466 1888 1567 1918 divini
1586 1887 1618 1918 in
1644 1893 1759 1918 natura
1780 1887 1955 1918 hominum.

1150 1929 1201 1960 De
1224 1929 1372 1971 paralysi
1391 1931 1558 1971 quaeritur
1580 1929 1729 1967 ulterius,
1753 1931 1829 1971 quid
1854 1929 1979 1961 differat
2002 1930 2044 1961 ab

1064 1972 1261 2013 apoplexia?
1306 1973 1357 2003 Fit
1375 1980 1485 2004 autem
1503 1972 1686 2014 apoplexia,
1711 1973 1841 2014 quando
1860 1975 2044 2011 cerebrum,

1065 2016 1153 2058 quod
1188 2022 1238 2047 est
1266 2016 1459 2057 principium
1487 2026 1682 2054 nervorum,
1723 2017 1871 2047 obruitur
1907 2017 2042 2048 w'scoso

1065 2065 1094 2090 et
1119 2059 1226 2090 tenaci
1250 2058 1396 2090 humore.
1442 2059 1523 2090 Tum
1539 2060 1622 2090 enim
1647 2059 1710 2090 ruit
1733 2060 1918 2097 cerebrum,
1942 2059 2042 2100 quod,

1063 2108 1098 2133 ut
1122 2102 1205 2140 dixi,
1238 2103 1270 2133 in
1301 2103 1391 2133 sanis
1421 2103 1618 2144 corporibus
1648 2108 1819 2133 extensum
1854 2108 1903 2133 est
1939 2103 2043 2132 instar

1065 2143 1215 2176 fornicis.

1149 2187 1232 2219 Huic
1255 2188 1371 2219 morbo
1402 2198 1535 2220 causam
1566 2189 1701 2229 praebet
1732 2186 1903 2219 helluatio.

1064 2240 1207 2272 vapores
1246 2241 1366 2274 magna
1405 2232 1500 2272 copia
1534 2231 1752 2262 ascendentes
1788 2232 1820 2260 in
1855 2231 2042 2268 cerebrum,

1062 2274 1222 2305 tenaciter
1255 2274 1298 2305 ibi
1331 2274 1529 2313 adhaerent,
1568 2274 1840 2316 quemadmodum
1874 2271 2042 2315 fuliginem

1062 2318 1211 2348 videmus
1229 2316 1474 2349 adhaerescere
1496 2318 1528 2348 in
1553 2318 1689 2349 camino.
1736 2316 1817 2347 Cum
1841 2316 1940 2358 igitur
1963 2325 2042 2348 con-

1062 2360 1253 2398 densantur,
1277 2366 1309 2391 et
1331 2361 1425 2391 nimis
1438 2371 1559 2402 magna
1570 2359 1674 2392 moles
1688 2357 1827 2390 collecta
1849 2364 1910 2396 est,
1934 2359 2042 2400 oppri-

1062 2403 1158 2435 mitur
1182 2404 1314 2435 tandem
1337 2405 1519 2435 cerebrum.

1149 2446 1268 2478 Medici
1301 2446 1351 2477 sic
1381 2447 1583 2488 distinguunt
1613 2446 1748 2476 morbos
1785 2445 1870 2476 istos
1901 2445 2039 2476 vicinos.

1062 2488 1097 2520 ln
1121 2488 1266 2531 paralysi
1290 2490 1399 2521 dicunt
1423 2489 1491 2521 fieri
1515 2488 1695 2519 laesionem
1713 2498 1891 2519 nervorum
1905 2488 2040 2519 motivo-

1062 2543 1144 2564 rum.
1191 2532 1224 2563 ln
1249 2531 1407 2573 epilepsia
1437 2538 1488 2563 est
1516 2530 1620 2563 laesio
1654 2540 1834 2562 nervorum
1866 2531 2041 2562 sensitivo·

1062 2585 1143 2607 rum.
1199 2574 1386 2617 Apoplexia
1420 2581 1527 2606 autem
1551 2580 1603 2605 est
1631 2573 1834 2606 universalis
1858 2574 2038 2605 destructio

1062 2618 1210 2659 principii
1235 2628 1411 2650 nervorum
1431 2618 1627 2649 motivorum
1651 2624 1683 2649 et
1707 2617 1954 2649 sensitivorum.

1843 2678 1872 2701 19

1959 2187 2042 2218 Nam
