2324 2958
53 186 118 221 609

736 181 953 214 Pos'rlLLA
974 179 1372 213 MELANTHONIANA.

1981 184 2045 216 610

54 279 146 315 uuna
174 286 325 313 ereatura
352 278 433 310 satis
461 274 628 317 intelligit,
661 280 782 316 quanta
805 285 860 307 res
884 275 927 306 sit
947 284 1024 316 pec·
1047 273 1050 292 ¹
1075 273 1150 303 lium
1177 273 1378 304 maledictum
1386 296 1397 312 ,
1430 278 1464 304 ut
1491 283 1548 305 ποθ·
1571 287 1591 306 (ι
1615 277 1834 308 ηι(ι1ι,ἰ1ι“ειίοηε
1860 279 1938 319 Ieyz's
1959 280 2044 311 redi-

56 331 163 357 catum
197 330 229 355 et
258 323 306 353 ira
333 321 408 352 Dei.
464 317 562 350 Nulla
590 317 686 349 etiam
716 324 866 349 creatura
889 328 1023 349 sensum

54 368 126 400 irae
158 365 220 398 Dei
253 364 416 396 sustinere
446 367 564 404 potest.
619 358 735 391 Manet
761 360 792 390 in
816 360 950 392 nihilum
974 370 1024 391 re-

56 410 133 448 dini,
156 418 251 450 quam
273 405 395 437 sentire
417 402 605 436 horribilem
629 403 826 434 cruciatum:
852 403 955 434 Etiam
979 402 1024 434 le-

56 435 110 485 vis:⁸
129 450 246 493 aliquis
269 458 390 480 sensus
412 448 480 479 irae
503 446 564 478 Dei
587 450 702 476 enecat
727 445 907 483 hominem,
938 446 1023 476 sicut

55 505 158 536 saepe
187 492 380 533 experimur.
436 489 529 522 Multi
557 487 707 519 homines
739 488 921 519 moriuntur
950 498 1023 519 sen-

56 539 172 570 tientes
194 545 291 567 unam
314 532 492 575 guttulam,
515 538 550 563 ut
571 532 616 562 ita
639 531 764 568 dicam,
793 531 860 562 irae
884 531 1024 562 divinae.

141 578 224 614 Quia
258 587 337 608 vero
375 586 442 607 non
475 575 676 616 cogitamuS,
715 583 777 604 nec
811 573 1024 616 intelligimus

55 621 310 663 magnitudinem
339 619 465 659 peccati
494 624 526 648 et
554 617 623 648 irae
651 615 728 653 Dei,
761 617 835 647 ideo
858 617 1023 654 miramur,

55 664 143 706 quod
174 662 268 693 Deus
301 662 345 693 ita
378 659 516 692 voluerit
548 658 690 690 liberare
722 669 826 700 genus
849 659 1023 690 humanum

54 706 156 738 misso
180 703 277 743 Filio,
302 711 334 735 et
358 704 503 735 derivata
524 703 573 733 ira
595 702 627 732 in
651 700 775 732 Filium.
821 701 1025 744 Cogitamus,

55 758 97 781 an
120 758 185 780 non
209 748 313 789 potuit
334 746 399 777 hoc
421 744 516 776 aliter
538 744 628 775 fieri?
651 750 682 775 et
700 745 782 775 ratio
803 746 951 776 turbatur
970 745 1024 774 mi-

55 790 214 823 rabilibus
238 788 521 831 disputationibus.
566 787 695 818 Mentes
719 794 852 819 nostrae
875 785 1026 827 multipli-

55 834 136 866 citer
157 831 390 864 tumultuantur
411 830 705 871 imaginationibus

140 875 308 906 Debemus
331 879 439 905 autem
463 880 576 904 tenere
598 873 683 904 hanc
702 871 913 914 hypothesin,
938 871 1025 912 quod

54 920 119 949 ista
141 918 207 948 sint
229 915 375 947 revelata
398 926 482 947 voce
505 915 575 946 Filii
599 915 679 952 Dei,
710 923 741 946 et
771 915 965 946 testimoniis
988 914 1025 945 il-
1050 930 1052 948 ;

53 959 211 993 lusti-ibus
246 959 440 990 confirmata
471 959 545 990 inde
576 967 681 999 usque
711 959 751 989 ab
781 958 870 989 initio
895 957 1025 998 generis
1050 993 1052 1003 ν

52 1001 196 1034 humani.
241 1002 346 1033 Adam
376 1002 453 1031 vidit
484 1002 669 1032 testimonia
700 1007 791 1032 certa
818 1000 1026 1041 praesentiae

52 1044 134 1083 Dei,
165 1054 249 1086 quae
279 1043 516 1075 confirmabant
546 1044 774 1074 assensionem
797 1042 1025 1084 promissionis

53 1087 86 1118 in
109 1088 200 1129 ipso,
224 1093 341 1128 postea
363 1086 436 1117 Noe
459 1087 537 1117 vidit
560 1085 688 1117 illustre
716 1086 935 1117 testimonium
958 1086 1025 1116 irae

54 1136 87 1161 et
105 1130 348 1161 misericordiae
366 1131 397 1161 iu
416 1128 549 1160 diluvio.
584 1128 638 1159 Sic
657 1129 688 1159 in
707 1129 794 1159 exitu
812 1138 851 1159 ex
870 1128 1024 1169 Aegypto

53 1178 188 1204 ostensa
218 1178 292 1203 sunt
320 1172 505 1203 testimonia
532 1172 670 1202 maxime
697 1172 889 1211 perspicua,
922 1177 955 1201 et
977 1170 1026 1201 sie

53 1215 213 1255 deinceps
237 1215 377 1246 subinde
400 1214 542 1245 exhibita
565 1220 642 1244 sunt
665 1214 850 1244 testimonia
873 1212 1024 1251 illustria,

52 1266 139 1299 quae
162 1257 282 1288 debent
304 1257 401 1288 nobis
424 1266 500 1287 esse
522 1257 555 1288 in
578 1262 772 1297 conspectu,
792 1262 827 1287 ut
845 1262 937 1287 certo
959 1262 1025 1287 sta-

52 1306 201 1338 tuamus,
234 1298 320 1330 hanc
355 1299 537 1330 doctrinam
571 1309 647 1330 esse
677 1299 829 1330 traditam
859 1299 1025 1331 divinitus.

51 1341 94 1374 Et
121 1352 318 1384 quamquam
347 1352 467 1373 causas
497 1340 625 1374 consilii
656 1342 755 1372 divini
777 1342 818 1372 de
839 1348 954 1373 nostra
977 1352 1026 1372 re-

52 1385 240 1426 demptione
263 1385 296 1415 in
319 1385 386 1415 vita
407 1390 541 1415 aeterna
558 1383 688 1424 plenius
707 1394 961 1425 cognoscemus,
978 1390 1026 1415 ta-

53 1436 127 1459 men
150 1427 212 1457 iam
237 1427 333 1458 etiam
357 1425 479 1468 aliquid
502 1432 668 1468 uteunque
691 1432 741 1458 est
765 1428 986 1469 cogitandum.

128 1590 207 1631 Ubi
241 1596 302 1629 est
332 1590 478 1644 scripta
510 1604 647 1640 causa,
681 1604 803 1643 quare
835 1590 955 1631 Filius

413 1666 555 1706 missus
587 1665 663 1706 sit?

141 1764 350 1806 Respondeo.
394 1764 470 1796 Alia
502 1770 554 1797 est
586 1764 779 1806 impulsiva,
813 1764 878 1797 alia
907 1765 1023 1798 finalis.

55 1808 167 1841 Causa
189 1806 380 1848 impulsiva,
413 1809 444 1838 in
476 1807 547 1839 Deo
576 1814 628 1839 est
654 1809 812 1840 immensa
841 1810 1026 1841 misericor-

55 1851 127 1883 dia:
162 1861 263 1881 causa
291 1848 463 1892 impulsiva
489 1851 522 1882 in
545 1851 658 1889 nobis,
688 1857 739 1882 est
774 1852 947 1890 obiectum,
980 1853 1026 1883 vi-

55 1892 172 1926 delicet
208 1899 323 1924 nostra
352 1893 493 1925 miseria.
549 1893 673 1925 finalis
703 1904 806 1925 causa
830 1901 899 1933 est,
935 1894 1026 1927 salus

55 1941 178 1968 nostra.

275 2100 356 2142 Ubi
387 2102 463 2141 hoc
496 2107 558 2141 est
588 2102 804 2156 scriptum?

140 2193 196 2224 Sic
218 2191 309 2223 Deus
331 2191 443 2223 dilexit
464 2191 625 2227 mundum,
649 2191 747 2230 (haec
769 2200 821 2226 est
844 2204 946 2226 causa
969 2195 1026 2226 im·

54 2233 199 2277 pulsiva)
222 2239 256 2266 ut
278 2234 394 2265 filium
415 2244 504 2266 suum
526 2235 717 2275 umyenitum
738 2237 849 2276 daret,
870 2241 906 2268 ut
928 2239 1028 2270 omnis

54 2279 112 2321 qui
131 2278 234 2309 credit
257 2279 290 2308 in
311 2287 391 2316 eum,
414 2277 512 2316 (haec
536 2283 587 2308 est
609 2288 711 2310 causa
733 2278 860 2320 finalis)
882 2289 945 2312 non
971 2291 1027 2321 pe-

53 2324 146 2359 reat,
175 2321 232 2353 sed
255 2320 371 2352 habeat
392 2321 490 2351 vitam
515 2324 689 2352 aeternam.
745 2322 880 2354 Habetis
902 2329 1023 2355 utram-

55 2374 120 2406 que
144 2373 280 2395 causam
301 2364 334 2394 in
356 2362 420 2394 hoc
444 2363 544 2394 dieto:
578 2362 619 2394 Et
642 2363 678 2394 fit
698 2364 731 2395 in
754 2374 795 2396 eo
817 2366 915 2397 etiam
937 2376 1026 2399 men-

54 2407 100 2438 tio
128 2406 168 2437 de
194 2416 349 2448 persona.
406 2406 558 2437 Nominat
588 2406 705 2437 etenim
734 2406 848 2439 Filium
878 2409 1026 2451 unigeni-

55 2454 136 2480 tum:
160 2459 224 2490 qua
247 2447 468 2490 appellatione
493 2449 650 2480 discernit
673 2448 789 2482 Filium
812 2452 853 2482 ab
873 2453 1025 2485 omnibus

56 2491 233 2529 creaturis,
255 2491 383 2534 angelis
407 2498 440 2522 et
461 2491 659 2522 hominibus.

140 2531 193 2565 De
211 2544 314 2566 eausa
339 2533 426 2565 finali
454 2535 550 2565 etiam
583 2534 698 2566 dicitur
720 2535 751 2566 in
774 2535 840 2567 ista
863 2537 1024 2569 oratione:

56 2576 124 2636 Epo
143 2585 208 2617 pro
234 2578 316 2617 ipsis
339 2587 386 2608 me
407 2578 588 2618 sanctifico,
620 2578 651 2608 id
675 2583 741 2616 est,
769 2578 883 2611 offero.
928 2578 1024 2612 ltem:

61 2618 135 2651 Lm
151 2618 310 2651 oblatione
327 2621 551 2651 consummarit
569 2624 708 2652 sanctos.
748 2620 843 2653 ltem:
866 2621 954 2654 Fecit
972 2623 1025 2654 Fi-

208 2677 352 2698 HEt-ANTE.
368 2679 447 2698 OPRR.
463 2679 526 2698 VOL.
542 2679 617 2697 xxn'.

1050 853 1052 862 '
1079 868 1160 898 fieri.

1074 318 1182 346 meret.
1238 315 1330 346 Haec
1361 316 1467 346 omnia
1495 319 1655 356 pertinent
1679 320 1719 350 ad
1745 330 1881 352 causam
1903 321 2044 353 finalem.

1075 357 1142 389 Sed
1166 367 1268 388 causa
1291 357 1463 398 impulsiva
1487 366 1554 389 est:
1580 362 1634 391 Sic
1652 361 1741 393 Deus
1761 363 1871 394 dilexit
1890 366 2044 395 mundum.

1074 400 1110 431 ln
1133 401 1235 431 verbo
1259 400 1372 432 stilai-ct
1395 401 1552 442 compi-eh
1575 413 1635 433 nsa
1658 411 1705 434 est
1730 403 1785 435 illa
1809 405 1994 446 impulsiva.

1160 442 1376 473 Verissimum
1396 450 1447 474 est
1464 445 1562 485 igitur
1579 452 1610 476 et
1631 446 1941 487 manifestissimum,
1960 450 2045 491 quod

1076 495 1179 517 causa
1201 486 1434 526 redemptionis
1459 493 1592 518 nostrae
1622 488 1662 518 sit
1694 489 1884 529 impulsiva,
1916 494 2046 523 bonitas

1076 535 1107 559 et
1142 528 1365 559 misericordia
1399 528 1480 566 Dei,
1516 536 1548 560 et
1580 540 1672 561 amor
1700 541 1777 572 erga
1807 544 1911 573 genus
1935 534 2046 566 huma-

1076 580 1162 601 num.
1218 571 1285 601 Sed
1314 571 1406 602 Deus
1435 570 1530 603 simul
1559 580 1606 603 est
1636 574 1757 607 iustum
1793 575 1859 606 vult
1884 578 2046 609 remittere

1076 620 1261 654 peccatum,
1284 614 1344 644 sed
1366 614 1411 645 ita
1434 622 1553 652 tamen,
1575 622 1607 646 ut
1631 614 1709 646 velit
1732 617 1883 648 satisfieri
1906 620 2046 652 iustitiae

1077 665 1173 686 suae:
1207 657 1280 687 ideo
1304 657 1529 688 misericordia
1562 664 1594 688 et
1623 659 1742 689 iustitia
1772 660 1943 701 copulatae
1972 671 2043 694 sunt

1050 703 1051 710 ¹
1077 698 1109 728 in
1133 698 1196 729 isto
1219 709 1330 740 opere.
1375 698 1432 730 llla
1454 699 1612 731 mirabilis
1637 701 1804 742 copulatio
1829 706 2047 744 conspicit-tur

1078 739 1200 771 clarius
1230 751 1261 772 m
1296 743 1362 772 vita
1389 749 1540 779 aeterna3
1574 744 1632 774 sed
1663 755 1749 774 nuuc
1772 752 1938 787 utcunque
1961 748 2047 779 initia

1079 784 1318 815 consideranda
1342 791 1427 815 sunt.

1164 825 1256 857 Deus
1291 833 1339 857 est
1370 828 1493 865 iustus,
1527 834 1557 858 et
1589 827 1655 859 vult
1685 830 1826 861 iustitiae
1850 842 1930 862 suae
1953 834 2047 863 satis-

1217 869 1292 899 Non
1328 868 1395 900 vult
1427 876 1598 911 peccatum
1633 873 1796 903 remittere
1830 885 1869 904 ex
1898 873 2048 907 futilitate

1078 910 1132 941 vel
1165 909 1309 942 levitate.
1373 912 1444 943 Hoc
1479 913 1574 944 debet
1610 924 1685 945 esse
1720 915 1851 946 infixum
1886 919 2047 949 mentibus

1078 953 1213 990 nostris,
1234 960 1265 984 et
1287 955 1328 985 de
1351 953 1406 985 illa
1426 956 1545 986 iustitia
1570 957 1865 989 commonefaciunt
1888 971 1949 990 nos
1973 961 2047 991 lior-

1078 995 1217 1034 rendae,
1253 1003 1283 1027 et
1314 998 1522 1029 tristissimae
1545 1009 1672 1040 poenae
1697 1002 1727 1031 in
1752 1012 1872 1043 genere
1896 1002 2047 1034 humano.

1078 1036 1158 1068 lllae
1180 1049 1320 1080 magnae
1344 1039 1560 1080 calamitates,
1583 1053 1666 1083 quae
1695 1050 1891 1084 grassantur
1914 1057 1972 1086 per
1995 1058 2048 1088 ge-

1076 1090 1138 1111 nus
1172 1081 1366 1120 humanum,
1402 1085 1696 1117 commonefaciunt
1730 1097 1792 1117 nos
1827 1087 1867 1118 de
1896 1089 1943 1119 ira
1974 1089 2048 1120 Dei,

1077 1124 1164 1164 quod
1194 1123 1285 1155 Deus·
1317 1135 1381 1155 non
1412 1136 1453 1156 ex
1475 1126 1645 1166 futilitate,
1679 1127 1731 1160 vel
1755 1128 1885 1161 leuitate
1908 1133 2046 1163 remittat

1076 1172 1223 1206 peccata.
1268 1166 1347 1198 Vult
1371 1169 1402 1198 in
1426 1179 1548 1210 genere
1570 1170 1711 1202 humano
1741 1173 1802 1203 sibi
1832 1174 1985 1205 satisfieri
2009 1176 2048 1207 de

1076 1209 1238 1249 peccatisz
1263 1209 1411 1242 Christus
1433 1216 1480 1243 est
1503 1212 1669 1255 ἀντίλυτρον
1687 1213 1816 1253 fuctus,
1841 1216 1941 1257 inquit
1966 1217 2048 1249 Pau-

1077 1251 1149 1282 lus:
1184 1252 1270 1284 sicut
1301 1254 1373 1294 ipse
1394 1255 1496 1295 inquit
1522 1257 1552 1286 in
1575 1256 1757 1288 Matthaeo:
1791 1258 1881 1289 Pom)
1911 1262 2048 1292 smirnam

1077 1304 1177 1326 meam
1199 1294 1315 1337 λύτρον,
1337 1306 1393 1328 seu
1414 1299 1554 1338 pretium
1576 1309 1639 1339 pro
1661 1302 1776 1331 mullis.
1822 1301 1965 1334 Iustitiae
1987 1303 2049 1334 Dei

1078 1343 1128 1368 est
1150 1347 1329 1378 reposcere
1350 1341 1506 1381 pretium,
1531 1348 1561 1372 et
1586 1344 1730 1383 oportuit
1753 1342 1894 1385 aliquem
1918 1355 1995 1377 esse
2019 1347 2049 1377 in

1078 1390 1199 1422 genere
1221 1381 1381 1421 humano,
1405 1384 1461 1424 qui
1484 1382 1628 1416 solveret
1651 1386 1804 1426 pretium:
1838 1387 1920 1422 Quia
1944 1400 2048 1430 genus

1076 1423 1253 1455 humanum
1282 1433 1496 1466 peccaverat,
1531 1429 1674 1468 oportuit
1703 1439 1780 1460 esse
1810 1430 2050 1472 redemptorem

1077 1466 1251 1497 hominem.
1307 1468 1374 1498 Sed
1401 1467 1492 1500 nulla
1519 1476 1670 1501 creatura
1698 1471 1771 1503 sola
1799 1479 1927 1513 poterat
1951 1475 2048 1507 susti-

1076 1518 1157 1539 nere
1188 1510 1284 1540 iram:
1329 1509 1459 1542 Nullius
1494 1520 1664 1544 creaturae
1693 1521 1762 1545 erat
1785 1514 1916 1547 solvere
1939 1518 2047 1559 aequi-

1078 1549 1193 1582 valens
1222 1553 1379 1593 pretium,
1412 1555 1487 1585 ideo
1514 1555 1577 1587 iste
1607 1556 1794 1597 redemptor
1817 1564 1867 1589 est
1891 1565 1921 1590 et
1944 1559 2047 1598 Deus,

1076 1600 1110 1625 et
1132 1593 1242 1625 homo.

1163 1637 1227 1668 lsta
1261 1637 1377 1677 procul
1411 1645 1537 1670 stantes
1563 1647 1732 1681 utcunque
1762 1644 1908 1685 cogitare
1931 1655 2048 1685 possu-

1076 1689 1167 1717 mus,
1200 1686 1233 1710 et
1261 1690 1382 1712 causas
1412 1681 1539 1722 plenius
1564 1688 1596 1714 et
1619 1683 1720 1714 multo
1743 1683 1902 1717 illustrius
1926 1688 2049 1719 videbi—

1076 1732 1149 1753 mus
1172 1723 1205 1752 in
1228 1723 1293 1754 vita
1316 1730 1470 1762 aeterna,
1493 1731 1525 1756 et
1549 1732 1674 1764 tamen,
1703 1733 1737 1758 ut
1761 1738 1861 1769 saepe
1884 1730 1946 1761 iam
1971 1731 2046 1769 dixi,

1078 1772 1241 1806 utcunque
1264 1768 1441 1808 cogitanda
1464 1773 1550 1798 sunt.
1595 1768 1745 1802 Necesse
1763 1778 1815 1802 est
1833 1772 1930 1811 scire,
1949 1784 2049 1815 quare

1077 1808 1120 1838 sit
1142 1818 1282 1848 passuS,
1318 1820 1402 1850 quae
1431 1810 1551 1842 fuerint
1573 1821 1695 1844 causae
1718 1813 1827 1855 impul>
1842 1815 1929 1853 ivae,
1966 1827 2049 1858 quae

1078 1861 1200 1882 causae
1223 1851 1356 1883 finales:
1401 1853 1476 1884 Non
1505 1861 1645 1894 possunt
1669 1865 1744 1886 esse
1766 1859 1911 1889 membra
1934 1858 2048 1891 Eccle-

1077 1894 1165 1932 siae,
1199 1904 1285 1935 quae
1308 1893 1398 1927 nulla
1420 1897 1602 1938 sapientiae
1623 1897 1720 1930 liuius
1743 1899 1847 1937 initia,
1882 1900 1934 1932 vel
1964 1903 2048 1933 scin—

1077 1935 1202 1968 tillulas
1225 1937 1360 1969 habent.

1163 1979 1274 2021 Aliqui
1302 1981 1347 2012 ita
1375 1981 1598 2023 philosophati
1628 1989 1705 2015 sunt
1735 1984 1775 2016 de
1798 1985 1954 2017 missione
1978 1987 2047 2019 Filii

1077 2021 1152 2054 Dei.
1196 2022 1290 2054 Deus
1325 2023 1426 2056 voluit
1460 2035 1565 2067 genus
1597 2025 1773 2058 humanum
1804 2028 1939 2066 docere;
1974 2030 2048 2062 ideo

1078 2066 1164 2097 misit
1187 2066 1335 2105 Moisen,
1369 2068 1570 2109 Prophetas,
1604 2075 1636 2100 et
1660 2069 1837 2102 Christum.
1882 2072 2049 2105 Intuentur

1079 2107 1245 2140 Christum
1267 2109 1352 2141 sicut
1374 2109 1522 2148 Moisen,
1544 2112 1629 2143 sicut
1651 2112 1852 2153 Prophetas,
1883 2115 1968 2146 sicut
1992 2117 2048 2147 do·

1079 2157 1189 2183 ctores
1208 2159 1371 2191 caeteros,
1390 2154 1465 2194 quia
1486 2154 1654 2186 tradiderit
1673 2156 1759 2186 bona
1777 2158 1936 2197 quaedam
1956 2168 2047 2199 prae-

1078 2200 1185 2235 cepta.
1230 2195 1355 2227 Postea
1378 2196 1506 2234 dicunt,
1536 2195 1639 2229 voluit
1666 2208 1738 2230 eum
1761 2199 1843 2238 pati,
1871 2205 1905 2231 ut
1929 2201 2047 2232 doctri-

1077 2247 1139 2269 nae
1169 2239 1409 2279 responderent
1437 2238 1586 2279 perfecta
1609 2240 1757 2282 exempla
1782 2242 1924 2273 omnium
1948 2244 2048 2275 virtu-

1077 2287 1161 2319 tum,
1184 2282 1324 2313 maxime
1346 2282 1531 2323 patientiae.
1577 2282 1697 2314 Dicunt
1722 2284 1818 2315 tinem
1842 2294 1917 2316 esse
1941 2295 2047 2317 exem-

1076 2322 1178 2365 plum.
1223 2323 1296 2355 Hoc
1325 2323 1413 2356 nulla
1442 2326 1539 2357 modo
1562 2326 1642 2356 satis
1666 2332 1732 2357 est:
1767 2326 1827 2357 Est
1851 2327 2047 2360 contumelia

1077 2368 1239 2398 adversus
1261 2366 1367 2400 Deum
1390 2374 1422 2400 et
1444 2367 1560 2399 Filium
1587 2369 1675 2406 eius,
1703 2375 1735 2400 et
1764 2369 1926 2401 adversus
1944 2378 2046 2403 totum

1076 2411 1148 2441 eius
1171 2409 1404 2452 Evangelium3
1436 2411 1499 2442 imo
1527 2416 1577 2442 est
1605 2412 1704 2443 totius
1732 2411 1900 2453 Evangelii
1925 2412 2045 2446 deletio

1076 2459 1108 2484 et
1131 2454 1300 2493 extinctio,
1324 2455 1374 2485 sic
1397 2454 1553 2495 cogitare.

1161 2497 1299 2536 Oportet
1320 2498 1418 2538 igitur
1437 2507 1498 2527 nos
1519 2496 1559 2527 de
1583 2495 1655 2527 aliis
1678 2497 1855 2529 maioribus
1880 2499 2045 2541 cogitare3

1075 2537 1246 2577 videlicet,
1275 2540 1362 2580 quod
1390 2549 1456 2570 non
1488 2545 1610 2570 tantum
1639 2540 1760 2571 missus
1783 2541 1825 2572 sit
1847 2540 1949 2572 Filius
1973 2541 2045 2576 Dei,

1075 2587 1109 2612 ut
1131 2580 1315 2623 exemplum
1345 2581 1397 2613 vel
1421 2581 1548 2613 Doctor
1576 2581 1715 2614 iustitiae
1744 2589 1776 2614 et
1805 2582 1920 2615 salutis
1943 2591 2045 2615 aeter-

1074 2633 1146 2656 nae,
1193 2624 1352 2656 Socrates
1384 2635 1449 2655 non
1473 2624 1528 2655 dat
1551 2625 1608 2656 tihi
1631 2634 1725 2658 suam
1754 2626 1921 2664 virtutem,
1951 2627 2046 2659 etiam

1708 2685 1741 2710 ³9
