2324 2958
68 202 132 236 677

67 306 198 329 monem
215 293 290 332 Dei,
313 298 345 324 et
367 291 411 324 ibi
433 297 484 322 est
506 286 675 325 Ecclesia,
697 287 753 318 ubi
775 293 826 318 est
849 284 904 317 ille
927 295 1037 316 sermo

69 340 288 378 incorruptus,
343 333 526 375 Diligenter
558 330 755 362 meditemini
789 334 891 360 totam
925 338 1038 368 preca-

69 382 199 414 tionem.
244 378 303 410 Est
326 378 501 419 praecipua
525 372 708 406 testificatio
732 372 772 402 de
790 370 896 402 salute
911 376 1036 401 vestra:

69 423 172 456 Filius
195 428 261 454 stat
284 431 395 453 coram
418 426 553 450 aeterno
576 421 686 458 patre,
710 421 739 445 et
764 424 824 455 pro
849 413 945 444 nobis
968 423 1039 453 prc-

219 463 260 495 Et
288 464 351 495 hoc
380 468 503 493 tantum
530 458 724 491 beneficium
752 467 818 487 non
842 455 940 486 vultis
965 465 1037 485 con-

69 507 236 540 siderare?
286 505 364 537 Was
391 505 450 535 ists
477 502 557 534 doch
582 499 644 541 fiir
673 500 723 530 ein
753 499 932 538 barbarey:
964 497 1038 528 Non

69 552 171 582 simus
200 548 382 589 Epicuraei.
428 546 609 577 Credamus
637 542 694 574 illa
722 552 801 573 vera
830 551 923 579 esse,
955 550 1039 581 quae

69 591 269 634 profitemur.
322 590 398 621 Non
429 589 571 630 cogitate
600 587 751 618 virtutem
779 594 872 622 esse,
908 593 1040 624 semper

68 645 146 667 esse
167 635 302 665 ebrium.

154 683 255 716 Filius
272 684 335 716 Dei
353 688 515 725 precatur,
540 687 573 712 ut
596 680 638 711 sit
655 677 828 714 Ecclesia;
851 684 882 708 et
906 683 939 708 ut
963 675 1038 707 talis

68 728 123 766 sit,
146 727 273 759 scilicet
297 728 442 758 retinens
465 724 644 755 veritatem.
688 724 801 753 Sermo
823 725 895 752 tuas
917 720 1040 750 ‘ceritas

69 775 127 803 est.
171 771 224 801 Sic
253 770 395 801 nominat
421 766 505 798 hanc
533 766 733 802 doctrinam,
768 774 866 805 quam
895 762 1038 799 tradidit,

69 819 105 844 nt
130 813 223 843 dicit:
257 811 310 842 mi
336 819 506 843 set-monem
534 819 633 839 meum
660 810 882 839 ,sm-caverunt.
928 804 1039 841 Scitis,

69 854 234 896 quomodo
262 853 325 884 hoc
352 854 394 883 sit
421 850 674 893 intelligendum.
730 850 790 880 llic
817 859 931 879 rursus
962 853 1038 877 sunt

69 895 228 928 exclusae
255 904 371 926 omnes
400 901 531 930 sectae,
567 903 651 934 quae
680 892 829 924 lacerant
857 889 1037 930 simplicem
1061 862 1065 917 i

69 937 249 970 doctrinam
269 936 453 977 Evangelii,
476 942 532 967 aut
554 945 692 977 prorsus
716 935 882 970 abiiciunt,
907 938 941 963 ut
954 931 1038 962 Ana,-

68 981 242 1022 baptistae‚
266 979 535 1011 Mahometistae:
570 978 830 1017 Anabaptismus
861 981 911 1006 est
940 983 1038 1015 quae·

67 1023 142 1054 dam
165 1029 355 1054 monstrosa
384 1019 557 1053 dissolutio
582 1019 767 1061 politiarum
798 1025 829 1049 et
858 1024 941 1048 tetra
965 1018 1038 1048 bar-

67 1065 190 1103 baries,
212 1071 244 1096 et
267 1062 495 1106 impossibilis:
530 1064 606 1105 quia
635 1068 685 1094 est
715 1068 830 1093 contra
852 1059 957 1102 legem
982 1070 1035 1090 na-

67 1107 222 1139 turalem:
246 1107 319 1138 Non
338 1105 461 1147 furlum
480 1105 595 1145 facies.

1062 1094 1063 1106 l

1062 1122 1066 1139 l

154 1158 237 1194 Quia
263 1169 341 1189 vero
364 1165 534 1199 precatur,
558 1162 593 1187 ut
617 1157 659 1186 sit
681 1155 799 1196 aliquis
824 1160 939 1185 coetus
963 1153 1038 1184 reti·

70 472 175 500 catur.

69 1211 152 1232 nens
181 1211 377 1232 sermonem:
413 1199 502 1241 Ergo
533 1199 594 1229 crit
622 1196 732 1238 aliqua
761 1195 923 1227 Ecclesia.
975 1195 1037 1227 Hie

69 1242 222 1275 fundatus
246 1249 294 1274 est
317 1241 488 1273 articulus:
520 1241 627 1272 Credo
651 1239 835 1271 Ecclesiam.
881 1239 949 1280 Eyo
971 1248 1037 1269 sum

67 1286 224 1317 vobiscum
251 1295 349 1325 usque
383 1285 427 1315 ad
455 1284 746 1315 consunnnatiozmu
780 1282 886 1313 seculi.
943 1281 1038 1312 ltem:

67 1328 164 1360 Sedet
187 1328 231 1359 ad
253 1329 417 1366 ‹lm-tram,
446 1327 528 1358 dans
551 1333 635 1357 aona
659 1325 842 1356 honu’nibus.
888 1323 956 1354 Erit
981 1322 1038 1354 ali-

67 1381 132 1412 qua
153 1369 323 1407 Ecclesia,
353 1370 480 1401 etiamsi
510 1376 561 1399 cst
588 1374 745 1410 angusta,
776 1373 808 1398 et
838 1367 1039 1398 circumdata

67 1414 191 1455 ingenti
224 1412 426 1443 multitudine
449 1413 638 1452 impiorum,
669 1410 896 1441 Mahonteticis
927 1410 1038 1451 regnis

68 1462 101 1488 et
123 1455 310 1496 pontificiis.
355 1455 413 1485 Est
439 1465 590 1495 magnum
614 1452 822 1489 scandalum,
850 1453 909 1483 sed
932 1458 1038 1483 tamen

68 1499 170 1530 simus
194 1499 305 1529 muniti
336 1505 450 1528 contra
481 1495 654 1534 scandala,
689 1501 719 1526 et
754 1501 920 1537 petamus,
955 1495 1039 1525 sicut

69 1540 221 1573 Christus
245 1547 339 1582 rogat
361 1551 420 1580 pro
444 1540 558 1577 nobis,
588 1550 628 1569 ne
652 1539 781 1569 deficiat
809 1537 890 1568 fides
914 1543 1039 1574 nostra,
1066 1559 1067 1563 ,

69 1593 142 1614 cum
166 1584 285 1624 inquit:
321 1582 479 1613 Diabolus
502 1583 654 1621 nrpctirz't
683 1585 728 1619 te,
763 1581 819 1612 sed
847 1591 904 1621 “9⁰
927 1580 1044 1621 royaci
1066 1590 1067 1604 ¹

67 1634 130 1666 pro
153 1629 193 1663 te,
216 1635 253 1655 tte
275 1625 402 1666 deficiat
420 1625 499 1666 fides
522 1629 587 1655 tua.

154 1675 264 1707 Tertio
297 1677 377 1717 petit
411 1676 451 1706 de
476 1676 664 1712 concordia,
696 1678 730 1705 ut
763 1684 856 1705 unum
884 1675 979 1704 simus
1010 1674 1042 1704 in

68 1720 152 1759 ipso-
207 1719 315 1750 Simus
359 1719 456 1759 igitur
495 1724 526 1749 et
560 1727 622 1749 nos
656 1718 794 1748 studiosi
830 1716 1040 1748 concordiae.

70 1762 235 1793 Aeternus
259 1768 353 1802 pater
371 1761 487 1799 saciat,
521 1767 553 1792 ut
583 1770 683 1792 verae
705 1759 878 1791 Ecclesiae
903 1769 1041 1790 concor—

73 1804 126 1836 dia
148 1802 257 1844 aliqua
281 1810 424 1840 mancat;
447 1802 568 1845 singuli
591 1810 698 1834 tamen
723 1803 842 1833 debent
866 1803 962 1833 etiam
986 1802 1042 1832 ad-

72 1845 185 1877 hibere
208 1846 348 1877 studium
372 1846 619 1877 coniunctionis.
666 1845 732 1883 Qui
751 1855 813 1876 non
841 1846 959 1884 colli-(sit
983 1855 1042 1874 me-

73 1899 153 1926 cum,
176 1889 350 1929 disper-5151:
375 1889 405 1919 id
429 1895 490 1926 cst,
513 1889 566 1929 qui
589 1889 717 1930 quaerit
740 1898 860 1919 causas
884 1887 1042 1918 dilacera-

72 1932 171 1962 tionis
201 1932 393 1969 ambitione,
424 1932 575 1969 avaritia,
605 1931 744 1970 malitia,
776 1937 805 1961 et
827 1930 900 1961 aliis
927 1930 1043 1968 modis,

73 1974 159 2005 sicut
183 1973 283 2004 multa
307 1972 382 2004 talia
407 1973 498 2009 fiunt,
520 1972 565 2004 illi
589 1974 740 2005 viderint.
786 1974 955 2004 Debemus
980 1982 1041 2003 nos

72 2017 250 2057 adiungere
274 2026 371 2047 verae
393 2014 573 2053 Ecclesiae,
596 2016 679 2047 sicut
703 2026 803 2057 saepe
826 2016 1042 2056 praecipitur:

79 2057 261 2099 Ubicunque
282 2063 353 2089 smil
384 2059 466 2096 duo,
489 2062 545 2089 ant
574 2062 640 2089 tres
661 2060 850 2100 congregrati
868 2060 899 2090 in
918 2059 1043 2089 nominc

73 2111 151 2139 meo,
175 2103 206 2132 1⁰71
231 2103 331 2131 medio
353 2112 459 2131 corum
482 2111 561 2132 sum.

159 2153 285 2188 Quarta
305 2153 430 2191 petitio.
454 2162 538 2193 quae
561 2159 611 2183 est
625 2151 731 2183 finalis
754 2152 927 2189 ctultima3
949 2153 1040 2194 petit,

74 2201 109 2226 ut
132 2194 234 2226 simus
258 2194 358 2225 salvi:
393 2195 482 2225 Sicut
508 2195 579 2235 ipsc
602 2195 852 2227 resuscitabitur
874 2196 916 2226 ad
935 2202 1040 2226 aeter-

74 2247 148 2268 nam
170 2237 344 2275 laetitiam,
379 2238 427 2268 sic
450 2238 545 2278 petit,
575 2244 609 2268 ut
632 2248 692 2269 nos
716 2248 846 2279 quoque
868 2239 1041 2269 resuscite-

73 2290 145 2311 mur
157 2281 198 2312 ad
212 2281 402 2311 societatem
426 2279 607 2311 incoelesti
630 2280 800 2320 sapientia,
823 2281 953 2320 iustitia,
978 2288 1039 2312 etc.

80 2321 144 2354 Ubi
163 2334 219 2363 ‘1¹7⁰
237 2333 315 2360 sum,
341 2324 421 2359 roln,
445 2327 476 2353 ll!
500 2324 548 2353 illi
568 2324 640 2354 sint.
671 2323 718 2354 lta
741 2330 936 2355 mementote
955 2334 1040 2355 sum-

74 2375 159 2397 mam
183 2365 277 2397 huius
300 2366 511 2407 precationi&

160 2415 312 2458 Cogitate
344 2416 465 2458 singuli
499 2417 539 2447 de
574 2417 763 2457 parentibus
794 2418 926 2449 vestris:
968 2417 1040 2459 Ego

75 2459 250 2490 moriturus
273 2466 366 2499 peta,
391 2467 421 2489 ut
447 2458 537 2490 liberi
563 2460 621 2490 mei
645 2460 709 2490 sint
759 2459 884 2491 Deinde
919 2466 950 2491 ut
975 2461 1039 2491 sint

75 2502 218 2532 membra
242 2501 424 2535 Ecclesiae,
460 2510 488 2532 et
515 2503 575 2532 ,sint
603 2513 699 2533 unum
723 2513 794 2533 cum
818 2502 984 2539 Ecclesia,
1008 2510 1039 2533 et

75 2543 158 2573 inter
180 2554 217 2574 sc
240 2545 379 2575 babeant
404 2545 601 2587 agnitionem
615 2545 687 2575 Dei.
714 2544 864 2586 Denique
887 2554 918 2576 ut
944 2546 1038 2576 etiam

75 2584 155 2616 fiant
176 2586 260 2618 salvi
293 2588 323 2618 in
346 2595 478 2618 aeterna
509 2586 623 2618 salute.
671 2587 760 2618 Ilaec
784 2589 909 2619 memini
933 2599 1039 2619 meum

74 2634 199 2668 patrem
223 2630 340 2668 dicere,
375 2641 446 2661 cum
472 2629 545 2661 mihi
574 2629 770 2661 valediceret
797 2637 870 2663 ante
893 2637 1038 2662 mortem.
1065 2629 1068 2673 Ι

759 191 974 226 Pos‘rrLLA
997 189 1393 223 MELANTHONIANA.

1066 1613 1067 1620 ¹
1093 1604 1177 1634 οηιηί
1197 1607 1339 1643 peccalo.

1066 1658 1068 1666 ³
1094 1657 1164 1677 mus
1188 1646 1261 1677 Deo
1286 1647 1421 1688 gratias,
1448 1652 1478 1676 et
1502 1651 1725 1676 sustentemus
1750 1655 1811 1676 nos
1836 1644 2064 1677 consolatione

1995 187 2059 220 678

1090 282 1273 324 Diligenter
1306 280 1405 323 legite
1439 280 1525 311 hanc
1558 282 1766 321 petitionem:
1801 280 1893 312 Facit
1916 280 2000 319 hoc,
2025 287 2056 312 ut

1090 336 1150 367 pro
1173 325 1269 356 nobis
1292 332 1372 358 oret,
1395 329 1430 354 ut
1453 324 1623 354 sacerdos.

1176 367 1367 399 Sacerdotis
1395 372 1446 396 est
1475 365 1683 403 sacrificare,
1713 371 1744 397 et
1773 366 1894 397 addere
1916 364 2059 407 applica-

1091 412 1221 442 tionem.
1267 408 1328 439 Hic
1350 407 1439 439 clare
1462 408 1555 439 dicit:
1585 408 1652 448 1390
1674 419 1720 439 me
1741 408 1917 450 sanctifico]
1944 409 1974 440 id
1998 414 2059 446 est,

1091 452 1260 486 sacrifico3
1291 461 1356 492 ego
1385 450 1488 481 offero
1517 460 1569 481 me
1597 451 1639 481 ad
1668 451 1895 489 obedientiam,
1930 457 1964 482 ut
1994 462 2060 483 mo-

1092 497 1156 527 riar
1179 505 1238 536 pro
1261 495 1363 534 ipsis,
1386 493 1418 524 id
1441 498 1502 530 est,
1538 491 1678 523 exhibeo
1698 503 1767 530 me,
1798 500 1829 524 ut
1855 494 1915 523 sim
1938 492 2058 532 hostia,

1091 539 1229 580 pretium
1252 546 1311 578 pro
1335 537 1394 567 cis.
1436 535 1503 576 Eyo
1525 535 1690 576 sanctifico
1712 545 1761 565 me
1782 545 1844 575 pro
1865 537 1928 567 eis:
1952 542 1983 567 et
2005 536 2061 567 ad·

1092 582 1150 612 dit:
1174 580 1241 621 Eyo
1262 589 1343 619 royo
1365 588 1427 609 non
1451 581 1571 610 tautum
1593 587 1656 617 pro
1677 577 1758 615 illis,
1781 578 1811 608 id
1831 584 1894 615 est,
1918 578 2061 618 Aposto-

1091 623 1149 661 lis,
1182 623 1239 653 sed
1271 623 1366 653 etiam
1396 631 1460 660 pro
1493 621 1646 651 Ecclesia.
1691 619 1756 650 Pro
1791 630 1855 660 qua
1888 619 2061 652 Ecclesia?

1092 667 1247 697 credente
1268 675 1326 706 per
1349 665 1485 695 verbum
1506 661 1753 704 Apostolorum,
1777 662 1808 693 id
1831 668 1893 700 est,
1916 673 1980 694 non
2004 674 2061 693 vo·

1091 719 1131 740 co
1145 707 1341 745 Ecclesiam,
1366 705 1420 748 qui
1445 712 1520 737 suut
1542 705 1668 736 hostes.
1694 704 1749 737 Sic
1774 704 1849 736 dicit
1874 705 1904 735 in
1919 704 2061 736 Psalmo:

1091 751 1256 782 Censen-a
1276 760 1324 781 me
1345 749 1450 780 Deus.-
1479 758 1542 789 pro
1564 749 1687 779 sanctis
1712 751 1741 779 et
1764 747 1962 778 mirabilibus
1984 748 2061 787 offe-

1090 804 1128 825 ro
1151 804 1218 824 mc:
1240 793 1296 823 sed
1319 794 1374 833 qui
1383 796 1517 823 currunt
1533 795 1608 831 post
1631 792 1739 827 alium,
1762 790 1875 822 horum
1893 791 2062 822 libationes

1090 846 1151 867 uon
1175 846 1346 873 assumam,
1369 835 1399 866 id
1423 840 1486 872 est,
1511 844 1575 877 ego
1592 844 1652 875 pro
1665 831 1819 864 Ecclesia
1843 843 1974 874 precor,
1997 843 2060 864 non

1091 890 1150 920 pro
1173 877 1356 909 idololatris
1379 878 1498 918 impiis,
1521 877 1576 918 qui
1599 886 1664 908 non
1678 874 1793 908 volunt
1811 876 1972 914 converti,
1996 886 2061 908 non

1090 932 1150 962 pro
1175 919 1376 961 blasphemis
1399 930 1528 961 precor.

1176 963 1328 1004 Applicat
1363 973 1456 994 suam
1480 963 1669 1003 passionem
1699 972 1759 1002 pro
1782 961 1878 992 vobis
1902 961 2062 993 credenti-

1091 1007 1163 1037 bus.
1214 1006 1278 1036 lsta
1314 1012 1364 1036 est
1401 1004 1497 1036 valde
1532 1005 1719 1036 necessaria
1757 1004 1924 1041 doctrina,
1966 1014 2062 1045 quam

1090 1050 1161 1089 ipsc
1185 1049 1392 1079 consecravitv
1415 1058 1476 1079 suo
1500 1048 1677 1089 sanguine:
1701 1047 1775 1077 ideo
1800 1045 1968 1078 inculcare
1991 1056 2063 1078 eam

1090 1090 1203 1128 voluit,
1228 1092 1342 1122 dicens
1365 1091 1451 1121 hanc
1473 1089 1644 1122 solennem
1656 1089 1878 1131 precationem
1897 1090 1928 1119 in
1941 1099 2062 1131 magno

1091 1140 1198 1165 coetu.
1233 1133 1388 1174 Cogitate
1412 1139 1541 1175 gestum
1565 1139 1595 1164 et
1626 1139 1768 1163 stantem
1792 1143 1876 1169 eum,
1899 1138 1930 1163 et
1955 1132 2063 1163 dicen-

1090 1183 1154 1208 tem
1177 1177 1240 1207 ista
1265 1175 1332 1207 alta
1354 1186 1454 1207 voce:
1477 1185 1540 1207 uon
1562 1179 1683 1207 tantum
1703 1185 1768 1215 pro
1790 1175 1866 1212 illis,
1888 1175 1945 1206 sed
1967 1176 2063 1206 etiam

1089 1229 1150 1261 pro
1172 1219 1271 1250 nobis.

1175 1261 1240 1293 Ista
1264 1261 1423 1303 pertinent
1447 1261 1489 1292 ad
1512 1261 1754 1292 meditationem
1778 1260 1955 1301 passionis.
1999 1259 2061 1291 Est

1090 1305 1277 1342 sciendum,
1306 1305 1384 1345 quid
1413 1303 1539 1335 differat
1567 1304 1680 1344 passio
1709 1302 1832 1334 Christi
1861 1304 1902 1334 ab
1927 1301 2062 1335 aliorum

1090 1354 1278 1378 sanctorum
1307 1347 1480 1388 passione3
1517 1352 1547 1377 et
1585 1346 1857 1377 considerandum
1887 1346 2063 1377 discrimen

1091 1392 1174 1422 inter
1197 1388 1382 1421 Ecclesiam
1410 1397 1441 1420 et
1470 1387 1553 1420 alias
1577 1395 1693 1430 gentes
1717 1398 1843 1426 omnes,
1867 1398 1951 1429 quae
1974 1389 2063 1431 cogi-

1091 1439 1159 1464 tant
1182 1443 1258 1464 esse
1281 1433 1505 1474 prodigiosum
1529 1437 1761 1469 commentum,
1779 1442 1878 1462 unum
1900 1430 2064 1463 hominem

1092 1476 1172 1506 mori
1195 1486 1254 1516 pro
1279 1474 1363 1512 aliis,
1396 1485 1472 1505 esse
1496 1473 1672 1515 gloriosius
1698 1474 1779 1506 mori
1802 1475 1833 1505 in
1858 1474 1940 1505 acie.
1994 1474 2063 1505 Nos

1064 1527 1312 1559 =agnoscamus
1346 1514 1515 1548 veritatem
1550 1515 1732 1557 Evangelii,
1766 1524 1797 1547 ut
1833 1516 2063 1548 confirmemus

1065 1571 1067 1582 ·
1093 1571 1154 1591 nos
1187 1560 1241 1592 hic
1275 1561 1386 1591 dictis:
1422 1561 1562 1601 San-quis
1591 1559 1717 1591 Christi
1745 1559 1899 1601 purificat
1932 1569 1990 1591 nos
2024 1560 2064 1591 ab

1386 1603 1481 1633 ltem:
1513 1602 1687 1644 lustificatz·
1711 1604 1866 1643 sanquine
1888 1604 1962 1640 eius,
1986 1613 2064 1645 aga—

1093 1689 1189 1720 huius
1213 1689 1425 1730 precationis,
1450 1694 1481 1719 et
1503 1698 1646 1720 accensa
1670 1688 1753 1719 tides
1776 1694 1893 1729 postea
1913 1689 2064 1720 ostendat

1067 1757 1068 1760 ,
1093 1733 1188 1763 ctiam
1212 1732 1450 1773 gratitudinem.
1497 1731 1587 1762 Satis
1610 1736 1672 1762 est.

1095 1894 1260 1925 ULTtMA
1305 1893 1464 1925 LECTlO
1517 1893 1701 1924 PHtLtPPt
1746 1893 2063 1925 MELANTHOMS

1092 1953 1152 1985 Ex
1176 1953 1331 1985 rAPtTE
1354 1953 1406 1985 53.
1426 1953 1598 1991 ESAIAE,
1622 1953 1664 1984 ΙΝ
1678 1952 1751 1984 DIE
1775 1953 2064 1986 PARASCEUES

1303 2013 1640 2045 PRAECEDENTts
1664 2013 1853 2052 Pascua,

1374 2100 1477 2130 Anni
1501 2098 1658 2130 Christi
1691 2099 1782 2130 1560.

1178 2193 1250 2226 Hoc
1285 2200 1382 2234 caput
1412 2204 1513 2234 saepe
1547 2194 1717 2234 repetitum
1748 2202 1822 2224 esse
1857 2194 1887 2224 in
1912 2192 2062 2225 Ecclesia

1093 2237 1234 2267 ostendit
1264 2237 1439 2268 conversio
1463 2236 1611 2268 Eunuchi
1636 2236 1837 2277 Aethiopici,
1861 2236 1900 2266 dc
1924 2246 1988 2277 quo
2012 2242 2063 2267 est

1093 2281 1124 2310 in
1148 2280 1254 2318 Actis,
1278 2281 1442 2321 quomodo
1467 2278 1520 2311 ille
1545 2280 1665 2309 sedens
1688 2279 1718 2309 in
1744 2289 1840 2309 curru
1859 2277 1976 2320 legerit
1999 2278 2062 2310 hoc

1093 2329 1203 2363 caput,
1228 2329 1258 2353 et
1283 2332 1355 2353 orta
1379 2323 1419 2353 sit
1443 2323 1517 2353 inde
1541 2322 1732 2364 disputatio,
1762 2322 1801 2352 de
1824 2332 1889 2362 quo
1913 2320 2062 2363 loquere*

1093 2371 1157 2395 tur:
1182 2366 1265 2396 sicut
1289 2376 1352 2407 ego
1366 2376 1495 2407 quoquc
1514 2375 1586 2395 cum
1604 2365 1723 2394 ludaco
1748 2365 1909 2404 disputavi
1935 2364 1974 2395 de
1997 2364 2062 2396 hoc

1092 2409 1164 2449 ipso
1187 2414 1285 2439 textu.
1331 2406 1389 2438 Ille
1412 2407 1557 2449 fingebat
1582 2408 1664 2437 duos
1688 2406 1842 2437 Messias.
1866 2406 1985 2445 Unum,
2008 2409 2061 2450 qui

1092 2458 1179 2482 esset
1205 2462 1336 2491 passus,
1358 2449 1467 2487 alium,
1491 2451 1543 2491 qui
1567 2455 1656 2480 esset
1680 2448 1857 2490 gloriosus-

1179 2502 1254 2533 lieri
1279 2502 1353 2539 dixi,
1377 2502 1496 2532 debere
1522 2512 1580 2531 vos
1596 2500 1668 2531 Deo
1692 2501 1816 2541 gratias
1839 2510 1950 2542 agere,
1974 2503 2060 2542 quod

1093 2546 1199 2576 vocati
1225 2546 1303 2575 extis
1332 2545 1373 2574 ad
1398 2554 1495 2573 verae
1520 2541 1688 2573 Ecclesiae
1712 2543 1921 2582 societatem,
1952 2550 1985 2575 ut
2008 2545 2062 2575 tri-

1093 2589 1199 2618 buatis
1234 2587 1316 2618 Filio
1339 2585 1400 2617 Dei
1432 2586 1589 2617 honorem
1613 2586 1769 2617 debitum:
1800 2587 1875 2627 qu³a
1906 2587 2060 2627 scriptum

1093 2637 1158 2661 est:
1184 2632 1249 2668 Qui
1270 2639 1332 2660 non
1353 2629 1490 2660 honorat
1517 2629 1647 2667 Filium,
1682 2638 1742 2660 non
1765 2628 1903 2660 honorat
1926 2634 2059 2670 patrem.

1807 2689 1860 2713 43·
