2324 2958
80 202 141 235 201

82 299 232 331 Romano
252 292 428 334 Episcopo.
483 289 526 321 Et
557 296 634 331 post
668 289 938 329 Constantinum,
969 291 1056 322 Con-

84 341 234 376 stantius,
247 336 401 372 lulianus,
419 339 452 364 et
464 334 586 365 caeteri
600 343 828 371 successores,
848 334 911 365 soli
927 333 1057 366 suerunt

84 382 217 417 Domini
241 378 461 412 exercituum,
508 383 540 407 et
581 375 705 407 Romae
741 376 931 417 praefectos
964 378 1056 407 urbis

86 426 328 460 constituerunt.
378 419 420 450 Et
447 418 569 450 vicarii
597 421 830 460 imperatorum
864 418 996 450 fuerunt
1025 420 1056 450 in

85 468 175 501 ltalia
197 463 336 497 Exarcbi
365 472 471 493 annos
496 463 628 493 circiter
650 470 780 493 centum
815 468 848 493 et
870 463 1055 504 sexaginta,

84 522 105 544 a
125 510 241 544 Iustino
263 506 413 537 secundo
435 515 540 546 usque
563 505 604 535 ad
631 505 790 545 l’ipmum.

167 568 238 600 Non
262 567 360 607 igitur
380 571 552 596 tenuerunt
567 564 721 605 Episcopi
738 563 873 595 Romani
886 564 1057 604 imperium

85 612 181 645 Urbis
204 610 339 647 Romae,
362 615 418 639 aut
431 606 555 645 ltaliae,
579 615 635 639 aut
657 606 795 638 aliarum
815 607 1056 648 provinciarum

82 653 281 688 Occidentis.
990 661 994 663 ·

164 712 236 744 Hoc
265 718 317 742 est
346 709 474 741 illustre
508 715 734 751 argumentum
770 710 810 740 ad
849 709 1056 740 refutandam

81 756 299 789 narrationem
323 753 413 784 illam
425 750 512 783 salso
526 752 701 784 confictam
727 756 767 784 de
779 753 901 784 donato
920 753 1056 793 imperio

82 811 102 832 a
124 798 354 831 Constantino.

169 857 306 898 Semper
327 861 519 888 manserunt
545 855 710 886 exercitus
734 856 764 885 in
789 861 953 896 potestate
983 865 1056 885 suc-

83 912 249 934 cessorum
264 900 481 935 Constantini,
504 906 535 930 et
557 898 648 929 ltalia
672 899 853 939 gubernata
878 905 928 928 est
951 908 1057 939 usquc

82 946 123 977 ad
146 945 293 985 Pipinum
318 953 377 983 per
400 943 502 973 duces
527 943 648 972 missos
672 943 713 972 ab
739 941 993 981 lmperatoribns
1017 951 1056 971 cx

82 985 378 1027 Constantinopoli.
443 985 538 1020 Quod
573 985 601 1015 si
633 983 771 1014 Romani
802 983 957 1024 Episcopi
993 994 1056 1014 non

765 196 983 229 PosTtLLA
1005 196 1403 230 MELANTHOMANA.

2019 199 2085 232 202

1234 289 1278 322 IN
1301 288 1378 321 DlE
1401 289 1755 323 CIRCUMClSlONlS
1779 292 1950 325 DOMlNl.

1356 383 1626 426 Evangelium
1649 385 1782 417 Lucae
1803 386 1835 417 2.

1194 511 1365 551 Postquam
1399 514 1599 542 consumnmti
1627 517 1697 542 sunt
1730 513 1798 542 dies
1827 518 1909 548 octo,
1941 518 1996 544 etc.

1194 630 1334 672 Agimus
1354 631 1480 673 gratias
1513 638 1651 663 aeterno
1677 633 1780 672 patri,
1816 633 1976 664 conditori
2001 632 2085 665 coeli

1109 680 1140 705 et
1169 680 1296 712 terrae,
1331 680 1361 705 et
1397 674 1538 705 omnium
1570 682 1790 706 creaturarum
1816 686 1888 706 cum
1923 675 1988 707 tilio
2023 687 2085 708 suo

1109 725 1286 748 coaeterno
1320 716 1464 747 Domino
1500 724 1613 748 nostro
1650 717 1722 748 lesu
1753 717 1898 755 Christo,
1933 730 2035 759 passo
2055 725 2086 751 et

1109 761 1321 797 resuscitato,
1346 767 1376 791 et
1397 760 1519 800 Spiritu
1539 763 1570 792 S.
1594 760 1699 791 effuso
1724 761 1754 791 in
1781 761 1976 800 Apostolos,
1999 762 2086 803 quod

1110 801 1288 833 clementer
1321 809 1461 842 protexit
1497 814 1558 833 nos
1588 813 1675 833 anno
1711 805 1901 844 praeterito:
1936 810 1966 835 et
1997 804 2086 835 veris

1108 846 1282 887 gemitibus
1297 856 1442 882 oramus,
1468 852 1500 876 ut
1515 847 1698 877 venit-ntem
1714 857 1831 876 aunum
1853 847 1927 878 facit
1944 846 2086 878 faustum

1109 896 1137 919 ct
1160 886 1288 918 felicem
1313 887 1503 924 Ecclesiae,
1539 895 1570 919 et
1604 889 1754 929 hospitiis
1788 888 2022 928 Ecclesiarum,
2054 896 2085 922 et

1109 931 1169 972 piis
1193 931 1323 968 studiis,
1347 942 1386 962 ac
1411 932 1520 968 nobis,
1543 939 1573 961 et
1594 933 1689 962 vobis
1714 933 1874 962 omnibus.

1195 974 1290 1008 Quod
1316 980 1406 1005 certe
1440 975 1599 1005 debemus
1622 975 1709 1005 serio
1734 982 1763 1005 et
1787 975 1941 1005 ardenter
1962 981 2087 1016 petere,

82 1030 268 1062 habuerunt
305 1030 489 1064 exercitus,
529 1028 693 1069 quomodo
729 1033 905 1067 potuerunt
942 1037 1057 1067 regere
1081 1031 1087 1066 1
1110 1017 1184 1058 quia
1209 1015 1309 1047 mulia
1332 1016 1478 1057 pericula
1502 1018 1700 1057 impendent,
1731 1024 1761 1047 et
1786 1018 1873 1048 initia
1894 1029 2087 1059 magnorum

82 1072 279 1114 imperium?
343 1071 527 1102 lurisdictio
571 1071 642 1101 sinc
682 1070 828 1101 exercitu
863 1075 914 1100 est
954 1070 1058 1100 inanis

81 1117 218 1147 sonitus.

169 1174 236 1206 Sed
271 1174 411 1205 addatur
441 1179 473 1204 et
505 1173 571 1204 hoc
603 1177 834 1214 argumentum
868 1182 887 1202 a
916 1181 1059 1212 persona

81 1228 141 1249 seu
166 1217 278 1248 osticio
301 1217 467 1257 Episcopi.
513 1215 646 1246 Etiamsi
667 1214 779 1246 oblata
802 1220 891 1245 esset
914 1216 1059 1255 potentia

80 1260 138 1292 illa
160 1259 347 1302 Sjlxestro,
369 1266 478 1290 tamen
492 1269 556 1289 non
581 1257 727 1289 licuisset
748 1258 810 1298 ipsi
823 1268 894 1288 eam
908 1259 1059 1298 accipere

82 1305 115 1335 in
139 1314 178 1334 ea
198 1303 377 1338 iunctione,
401 1303 431 1332 in
456 1312 520 1343 qua
543 1307 632 1339 erat,
658 1308 689 1332 et
714 1302 970 1331 successoribus
996 1308 1059 1331 tra-

82 1347 172 1384 dere,
197 1346 282 1381 Quia
305 1343 426 1386 singuli
451 1346 571 1376 debent
595 1344 708 1375 facere
726 1343 835 1374 officia
858 1354 938 1374 suae
961 1354 1058 1374 voca-

81 1390 191 1421 tionis,
238 1388 356 1419 Pastor
379 1388 475 1418 debet
499 1389 633 1424 docere,
658 1386 728 1417 Rex
759 1388 945 1427 gubernare
968 1397 1059 1417 exer-

84 1433 179 1468 citus,
202 1431 377 1471 stipendia,
402 1429 504 1468 bella,
527 1440 642 1470 pacem
667 1440 854 1469 corporum.
905 1429 979 1460 Non
1009 1436 1059 1460 est

83 1475 224 1506 traditus
249 1472 378 1514 gladius
403 1472 617 1509 Pastor-ibus,
648 1473 708 1503 sed
739 1471 946 1512 Magistratui
979 1471 1059 1513 poli-

83 1518 161 1549 tico.
193 1515 232 1546 Et
254 1515 407 1547 Christus
430 1516 548 1557 inquit:
573 1514 674 1552 Renes
695 1516 829 1552 nentium
852 1515 1059 1548 (lancinantur,

82 1570 137 1588 vos
170 1562 270 1587 aulem
304 1569 365 1587 non
395 1560 450 1586 sir.
498 1557 576 1588 ltcm
610 1556 752 1589 Paulus:
796 1558 890 1586 Arma
932 1558 1061 1587 militt'ae

82 1605 209 1631 nostrae
231 1611 292 1629 ηοπ
315 1604 386 1629 sunt
409 1600 561 1629 carnalia.

168 1660 242 1691 Non
283 1660 396 1690 debuit
437 1660 535 1700 igitur
574 1658 810 1690 Constantinus
854 1660 1059 1690 autoritatem

82 1702 249 1746 politicam
282 1703 314 1733 in
349 1701 487 1742 lmperio
507 1703 698 1733 Occidentis
733 1703 876 1733 tribuere
913 1702 1060 1733 Romano

81 1747 270 1788 Episcopo:
293 1745 364 1776 Nec
387 1744 556 1776 Romanus
571 1744 758 1785 Episcopus
777 1745 889 1775 debuit
912 1746 1059 1786 recipere

83 1795 138 1821 aut
156 1798 324 1825 exercere,
343 1789 496 1829 quamdiu
520 1789 623 1818 tenuit
642 1788 865 1818 ministerium.

167 1856 316 1897 Uterque
339 1866 400 1886 suo
424 1855 499 1887 loco
527 1856 639 1887 debuit
662 1866 787 1887 memor
810 1866 885 1886 esse
909 1854 1056 1897 regulae:

82 1899 221 1939 Propria
236 1900 346 1937 far-ite.
383 1898 453 1930 lloc
470 1906 698 1940 argumentum
723 1900 817 1929 etiam
841 1897 967 1929 illustre
990 1905 1057 1929 est:

82 1942 166 1978 Quia
201 1943 314 1973 nititur
343 1942 554 1973 distinctione
588 1942 770 1972 officiorum
801 1942 951 1972 ordinata
979 1943 1057 1972 dixi-

79 1986 182 2017 nitus:
218 1984 316 2016 Aliud
346 1991 397 2016 est
427 1983 570 2016 officium
593 1985 733 2016 docendi
757 1984 940 2027 Evangelii,
969 1983 1058 2016 aliud

80 2029 214 2071 regendi
234 2027 376 2069 politias.

167 2088 265 2123 Quod
300 2093 407 2120 autem
441 2087 656 2128 sequentibus
685 2088 890 2128 temporibus
919 2087 1056 2118 Romani

79 2129 236 2172 Episcopi
268 2138 471 2172 occuparunt
503 2131 773 2171 gubernationem
797 2131 887 2161 urbis
917 2130 1055 2166 Romae,

80 2180 112 2205 et
134 2184 275 2216 magnae
297 2174 401 2215 partis
425 2172 547 2211 ltaliae,
571 2173 600 2203 id
626 2174 739 2214 partim
754 2174 972 2204 concessione
996 2183 1055 2204 seu

79 2216 256 2248 donatione
280 2216 436 2247 Ludovici
469 2216 514 2246 Pii
549 2217 701 2258 contigit,
731 2217 846 2256 partin:
883 2214 1056 2247 fraudibus

79 2258 303 2291 Romanorum
328 2258 521 2290 Pontificum
544 2257 665 2290 factum
690 2266 749 2290 est.
795 2259 876 2290 Nam
901 2259 989 2301 quod
1013 2269 1053 2289 ex

81 2304 246 2343 scriptura
269 2303 340 2334 ausi
364 2308 440 2333 sunt
465 2303 625 2342 probare,
657 2302 838 2332 Romanum
864 2301 1054 2333 Pontificem

80 2343 205 2376 habere
227 2346 278 2376 ius
301 2346 472 2386 utriusque
491 2343 607 2385 gladii:
632 2345 730 2386 ldque
750 2345 799 2375 sic
821 2346 980 2385 scriptum
1004 2352 1055 2375 est

80 2388 112 2419 in
137 2388 370 2419 constitutione
394 2387 556 2418 Bonita-ii
581 2387 664 2418 vlu.
711 2388 745 2418 ld
772 2398 836 2418 non
861 2388 920 2418 nisi
947 2389 1055 2418 vanis·-

80 2431 162 2461 sime
185 2437 215 2462 et
239 2431 520 2471 impudentissime
543 2431 678 2466 dicitur,
708 2437 742 2461 ut
765 2429 840 2461 alt‘ui
866 2431 1055 2471 copiosibus

79 2473 332 2513 explicavimus.
377 2473 473 2504 Nunc
495 2474 559 2503 ista
583 2473 689 2513 attigi,
713 2479 747 2504 ut
776 2474 886 2504 moniti
910 2474 1055 2505 iuniores

80 2517 260 2547 occasione
294 2516 451 2553 nominis,
489 2516 576 2557 qnod
612 2516 813 2557 adscriptum
851 2523 901 2547 est
931 2517 962 2548 in
994 2516 1057 2548 tine

80 2557 280 2596 calendarii,
304 2565 337 2589 et
358 2559 513 2590 historias
527 2559 751 2597 considerent,
774 2564 806 2589 et
821 2565 912 2590 recte
934 2560 1058 2590 discer-

79 2607 161 2631 nant
184 2601 395 2633 ministerium
418 2601 656 2643 Evangelicum
686 2607 718 2633 et
749 2607 947 2642 potestatem
976 2601 1058 2643 poli-

79 2643 189 2675 ticam.

1111 1066 1255 1090 motuum
1290 1060 1321 1089 in
1357 1067 1537 1100 conspectu
1571 1066 1657 1090 sunt.
1725 1059 1829 1091 Multa
1864 1061 1957 1091 etiam
1992 1063 2089 1102 signa

1111 1103 1332 1139 antecedunt,
1372 1113 1456 1143 quac
1492 1113 1629 1143 magnas
1665 1101 1877 1134 difficultates
1915 1104 2086 1135 minantur.

1111 1146 1240 1176 Scimus
1265 1152 1370 1175 nutem
1395 1145 1492 1176 lilium
1521 1145 1582 1176 Dei
1603 1144 1775 1177 Ecclesiae
1806 1147 1981 1177 custodem
2011 1157 2089 1178 esse

1111 1198 1131 1219 a
1154 1187 1227 1218 Deo
1252 1188 1480 1218 constitutum:
1505 1188 1605 1229 Igitur
1628 1189 1669 1219 ad
1693 1199 1763 1219 eum
1785 1189 2027 1231 confugiamuS,
2057 1196 2089 1221 et

1112 1232 1348 1271 protectionem
1383 1242 1423 1261 ac
1447 1230 1670 1262 defensionem
1706 1233 1746 1262 ab
1778 1231 1833 1262 illo
1864 1240 2025 1273 petamus,
2055 1240 2090 1264 ut

1112 1285 1172 1304 nos
1203 1280 1360 1315 tanquam
1388 1275 1604 1305 absconditos
1639 1275 1679 1304 ad
1708 1273 1812 1306 altare
1841 1286 1935 1306 suum
1966 1282 2088 1306 servet.

1197 1317 1294 1347 lstam
1318 1317 1538 1357 precationem
1569 1316 1802 1348 adolescentes
1839 1319 1924 1348 ieris
1949 1319 2034 1349 votis
2058 1324 2092 1349 et

1110 1360 1283 1399 gemitibus
1308 1359 1404 1390 bodie
1433 1367 1582 1400 repetere
1606 1361 1748 1391 debetis:
1783 1360 1866 1396 Quia
1899 1362 1987 1392 initia
2011 1368 2090 1392 tem-

1111 1413 1238 1443 porum,
1273 1410 1303 1433 et
1325 1403 1491 1433 actionum
1526 1404 1668 1434 omnium
1702 1403 1886 1435 inchoanda
1917 1410 1991 1435 sunt
2016 1415 2091 1435 cum

1111 1446 1331 1483 invocatione,
1350 1452 1384 1476 ut
1409 1455 1510 1486 saepe
1524 1447 1700 1487 repetimus
1716 1457 1847 1477 versum
1867 1445 2090 1478 dulcissimum

1111 1488 1331 1525 Nazianzeni,
1370 1489 1424 1529 qui
1458 1490 1608 1519 omnibus
1640 1489 1736 1520 debet
1767 1500 1842 1520 esse
1877 1491 2089 1521 notissimus:

1112 1530 1207 1570 ἀρχήν
1230 1530 1370 1561 ἁπάιίων
1391 1534 1440 1560 καὶ
1464 1533 1543 1567 τέλος
1565 1535 1649 1562 ποιεῖ
1669 1531 1757 1568 θεόν,
1783 1534 1833 1561 Sit
1854 1534 2043 1572 principium
2061 1537 2091 1564 et

1109 1576 1179 1612 finis
1202 1584 1299 1602 rernm
1323 1576 1451 1602 mmu’nm
1472 1574 1566 1603 Deus.
1612 1574 1894 1609 Quemadmodum
1914 1582 1945 1606 et
1968 1575 2090 1607 Paulus

1114 1618 1231 1657 inquit:
1257 1616 1367 1645 Omnia
1387 1618 1487 1654 sin-ilc
1509 1619 1540 1646 ιίι
1564 1619 1683 1647 nomilia
1706 1617 1843 1652 Domini,
1864 1619 1895 1649 id
1920 1625 1981 1653 est,
2017 1629 2090 1650 cum

1113 1660 1333 1690 invocatione.
1379 1659 1419 1689 Et
1449 1660 1475 1689 l.
1500 1659 1577 1691 Cor,
1605 1661 1653 1690 lt).
1718 1660 1827 1689 Omnia
1862 1671 1940 1700 qnae
1965 1663 2090 1700 fucitis,

1108 1703 1208 1740 '‘itt-ite
1232 1702 1275 1731 ad
1297 1702 1431 1741 yloriam
1456 1702 1527 1731 Dei.

1200 1744 1284 1780 Quia
1315 1755 1394 1776 vero
1428 1743 1568 1776 liabetur
1602 1745 1656 1776 hic
1690 1745 1760 1776 dies
1783 1757 1844 1787 pro
1878 1746 1968 1777 initio
2002 1748 2090 1785 anni,

1111 1789 1249 1828 primum
1273 1786 1329 1818 illa
1354 1788 1473 1819 usitata
1497 1794 1696 1828 repetemus,
1718 1799 1805 1830 quae
1827 1789 1870 1820 ad
1900 1791 2090 1822 considera-

1111 1831 1232 1862 tionem
1255 1837 1437 1872 temporum
1455 1832 1628 1872 pertinent.

1229 1996 1293 2036 De
1333 1995 1664 2037 Consideratione
1708 1998 1965 2052 Temporum.

1194 2086 1298 2118 Estne
1331 2087 1418 2129 pium
1453 2088 1643 2119 discernere
1676 2093 1844 2129 tempora,
1884 2090 2087 2133 distinguere

1107 2140 1226 2166 annos,
1251 2131 1454 2161 constituere
1477 2131 1665 2161 discrimina
1689 2131 1837 2162 dierum?

1195 2172 1406 2214 Respondco.
1443 2173 1526 2204 Gen.
1548 2174 1574 2204 l.
1601 2175 1729 2211 dicitur,
1752 2174 1941 2206 ant'uart'a
1955 2176 2085 2208 condita

1107 2225 1175 2247 esse
1196 2217 1230 2246 in
1252 2218 1361 2257 siqua,
1396 2217 1428 2247 z'n
1450 2220 1538 2248 stata
1558 2221 1721 2257 tempora,
1755 2218 1787 2247 1’11
1820 2219 1889 2248 dies
1918 2222 1947 2249 et
1971 2228 2082 2250 armos.

1107 2257 1187 2289 Vult
1206 2259 1304 2300 igitur
1327 2259 1420 2291 Deus
1443 2261 1617 2291 observari
1640 2267 1799 2301 tempora,
1824 2269 1855 2291 et
1879 2259 1994 2292 horum
2017 2263 2083 2293 dis·

1106 2313 1252 2333 crnnma.

1193 2344 1326 2376 Contra.
1394 2344 1517 2376 Paulus
1551 2345 1698 2386 prohibet
1739 2346 1914 2377 observare
1951 2347 2021 2379 dies
2054 2352 2085 2379 et

1102 2386 1200 2427 festa.
1247 2388 1334 2429 Eryo
1347 2388 1513 2429 dae‘lt‘yentia
1537 2392 1600 2420 ista
1620 2390 1808 2420 numerandi
1829 2393 1860 2420 et
1881 2390 2088 2422 discernemh‘

1108 2436 1253 2472 tempora
1277 2435 1323 2461 est
1345 2431 1587 2472 improbanda..

1195 2473 1404 2515 Respondeo.
1467 2473 1588 2505 Paulus
1628 2472 1780 2514 probibet
1820 2475 2083 2515 superstitiosam

1109 2517 1388 2555 observationem,
1411 2527 1497 2558 quae
1521 2527 1584 2547 non
1609 2516 1709 2547 babet
1732 2527 1866 2548 causam
1886 2518 2084 2550 naturalem:

1109 2566 1165 2591 aut
1189 2570 1253 2590 non
1286 2559 1320 2590 fit
1348 2560 1471 2590 ordinis
1501 2558 1621 2601 politici
1653 2569 1770 2590 causa:
1804 2566 1860 2591 aut
1889 2571 1954 2592 non
1986 2563 2084 2593 babet

1110 2603 1296 2634 mandatum
1320 2603 1351 2633 in
1376 2604 1479 2633 verbo
1499 2601 1573 2633 Dei.
1607 2601 1746 2637 Quando
1759 2601 1908 2634 Medicus
1927 2605 2083 2635 observat

1110 2646 1182 2677 dies
1205 2646 1339 2677 criticos
1363 2645 1395 2676 in
1407 2646 1578 2676 curatione
1589 2646 1789 2684 morborum,
1812 2656 1878 2678 non
1897 2653 1949 2678 est
1967 2657 2083 2689 super·
