2324 2958
139 171 205 206 823
783 164 893 197 PHlL.
916 163 1020 197 MEL.
1044 161 1233 196 SCRIPTA
1254 159 1518 194 EXEGETICA.
1801 188 1805 190 ,
2093 165 2158 198 324

143 304 304 354 Quaero
336 306 485 350 autem,
519 313 571 338 an
603 298 655 338 sit
676 296 922 338 sufficienter
944 295 1122 336 dictum?

227 392 440 433 Respondeo.
486 389 522 421 Si
545 387 751 421 sufficienter
772 389 894 420 dictum
917 393 1020 425 esset,
1042 383 1124 417 nihil

142 447 226 479 opus
251 442 340 467 esset
365 433 516 465 doctrina
538 431 723 470 Ecclesiae,
758 430 866 474 qualis
889 432 921 462 in
944 430 1010 461 hoc
1034 429 1123 459 dicto

142 480 295 513 traditur:
320 480 420 510 Amen
443 485 537 508 amen
559 476 630 507 dico
652 476 756 507 robis:
793 475 947 514 Quicquid
964 474 1124 513 petieritis

142 525 269 556 Patrem
303 525 336 553 in
369 522 497 552 nomine
529 528 610 558 meo,
641 518 732 550 dabit
763 520 860 549 cobis.
917 515 1009 547 Haec
1039 514 1125 545 dieta

142 565 319 607 diligenter
348 562 570 594 discernenda
598 567 694 592 sunt:
725 560 812 596 Quia
840 559 973 591 Homeri
1002 557 1124 589 dietum

142 616 191 641 est
216 606 327 649 legale
349 612 486 637 tantum.
530 603 663 635 Ethnici
687 603 785 635 etiam
808 604 936 639 sciunt,
970 601 1058 642 quod
1082 600 1126 631 sit

142 651 217 683 Deo
251 649 446 681 tribuendus
478 649 542 678 iste
568 645 695 684 honos,
727 652 764 678 ut
797 647 838 677 ab
861 646 934 686 ipso
959 645 1047 674 bona
1069 651 1126 682 pe-

136 687 263 726 'tantur-
320 692 437 724 Sciunt
472 699 603 732 quoque
638 695 758 720 tantam
793 698 870 719 esse
903 686 1125 718 infirmitatem

144 737 276 780 generis
298 735 443 772 hnmani,
467 740 501 764 ut
524 734 566 763 sit
588 732 685 763 nobis
708 741 792 772 opus
815 729 936 762 auxilio
960 729 1082 760 divino.

231 779 310 811 lude
333 784 410 809 sunt
432 775 490 807 illa
509 782 622 807 vetera
645 775 746 806 dicta:
780 776 805 806 Α
828 777 901 806 loce
918 773 1125 814 principium.

144 823 238 855 Item:
273 824 304 852 ἐκ
327 820 398 856 Διὸς
421 819 619 860 ἀρχώμεσθα.
676 818 728 848 Ac
750 817 811 849 suit
834 816 913 847 olim
946 814 1125 856 antiquitas

144 865 200 897 illa
219 863 418 907 religiosior,
437 863 513 904 quia
532 860 590 893 fuit
614 860 806 902 sapientior,
831 859 981 902 gravior,
1011 863 1043 888 et
1067 856 1126 887 ho-

144 910 284 946 nestior,
307 917 406 949 quam
424 907 489 936 ista
521 903 597 936 faex
625 904 737 935 mundi
771 909 949 944 postrema.
1001 901 1126 932 Omnes

146 953 284 984 virtutes
296 950 384 992 apud
397 948 473 980 illos
486 948 654 988 sapientes
672 952 802 977 veteres
819 945 951 977 fuerunt
971 943 1127 980 maiores,

145 1005 243 1037 quam
266 1003 353 1025 nunc
376 997 468 1023 sunt:
503 990 560 1022 Sic
593 989 725 1022 fuerunt
759 990 855 1021 etiam
889 994 968 1020 tunc
998 985 1126 1027 religio-

146 1039 274 1076 siores,
307 1037 394 1067 sicut
428 1043 529 1075 saepe
555 1034 692 1064 dicimus
724 1031 896 1072 ἡγεμονικὸν
925 1029 1128 1063 excelluisse

145 1081 178 1112 in
197 1081 301 1122 prima
323 1084 433 1110 aetate
456 1077 578 1114 mundi,
603 1077 663 1108 etsi
687 1085 728 1106 eo
756 1077 830 1117 ipso
854 1074 1018 1117 ἡγεμονικῷ
1045 1071 1128 1104 mul-

146 1131 215 1156 tum
237 1122 389 1164 peccavit
411 1119 468 1152 illa
486 1127 590 1152 aetas.
647 1118 778 1161 Religio
808 1119 955 1160 ipsorum
985 1118 1128 1158 degene-

146 1167 231 1199 rau't
253 1166 286 1198 in
311 1164 578 1205 superstitionem
602 1168 635 1193 et
657 1161 889 1193 idololatriam.
934 1160 1129 1192 Habuerunt

147 1209 290 1241 studium
314 1207 497 1250 religionis,
522 1206 581 1237 sed
604 1214 670 1236 non
694 1204 914 1240 intellectum3
941 1202 1129 1234 habuerunt

147 1251 267 1289 zelum,
290 1250 351 1282 scd
369 1260 435 1281 non
460 1249 642 1281 secundum
665 1249 847 1280 scientiam.
1152 1227 1157 1310 Ι

232 1294 306 1326 Non
330 1294 430 1335 igitur
451 1292 534 1322 satis
558 1298 609 1322 est
630 1290 753 1322 dictum
776 1291 818 1322 ab
836 1289 993 1326 Homero,
1017 1297 1128 1330 quarn-

147 1348 245 1380 quam
269 1343 361 1367 recte
382 1335 448 1367 11οο
471 1334 594 1366 dictum
616 1340 680 1372 est,
702 1332 830 1365 scilicet
852 1331 1014 1374 legaliter.
1059 1329 1129 1361 Sed
1153 1312 1163 1835 ὶ

147 1389 214 1412 non
228 1380 290 1411 scit
303 1378 480 1415 Homerus,
503 1378 576 1419 quis
589 1377 630 1407 sit
643 1386 744 1408 verus
758 1375 870 1411 Deus;
894 1375 947 1416 qui
967 1372 1129 1406 colendus

147 1424 191 1455 sit
213 1422 404 1464 precatione
429 1427 460 1452 et
484 1430 551 1451 non
574 1425 683 1460 potest
707 1420 841 1456 docere,
869 1417 1035 1460 quomodo
1058 1416 1129 1447 fieri

147 1467 270 1498 debeat
304 1475 385 1496 vera
418 1463 482 1495 Dei
515 1463 693 1494 invocatio.
749 1462 924 1503 Coguntur
963 1460 1132 1501 sapientes

147 1508 256 1547 fateri,
280 1510 357 1540 Sine
373 1507 446 1539 Deo
468 1508 550 1538 m'ln'l
570 1516 641 1546 esse
661 1509 882 1546 fortunatum,-
904 1505 964 1535 sed
988 1504 1021 1535 in
1046 1500 1131 1534 cala-

146 1551 315 1585 mitatibus
337 1557 464 1582 mentes
486 1549 627 1591 fugitant
650 1547 769 1580 Deum.
819 1547 939 1579 Putant
967 1556 1042 1579 eum
1064 1555 1135 1577 non

147 1593 237 1627 affici
261 1604 341 1626 cura
364 1593 479 1624 nostri.
526 1590 725 1623 Aristoteles
748 1591 827 1622 dicit
850 1588 1132 1632 imperfectionem

148 1636 291 1670 suturam
315 1646 392 1668 esse
414 1637 447 1667 in
470 1635 556 1673 Deo,
580 1635 609 1666 si
632 1640 811 1677 angeretur
834 1634 959 1665 nostris
981 1630 1088 1664 malis.

236 1680 302 1712 Sed
326 1680 357 1711 in
382 1680 470 1711 dicto
494 1677 633 1716 Christi,
667 1678 758 1720 quod
791 1687 868 1708 mox
890 1677 982 1708 initio
1005 1675 1132 1707 hodier-

149 1733 213 1756 nae
236 1723 389 1755 lectionis
411 1722 627 1764 proponitur,
657 1719 761 1752 multo
792 1719 887 1761 plura
917 1718 1133 1761 comprehen-

151 1768 290 1805 duntur,
324 1776 410 1808 quae
432 1771 509 1796 sunt
532 1765 667 1806 propria
689 1774 755 1795 vox
779 1762 971 1801 Ecclesiae,
1003 1769 1035 1794 et
1065 1771 1134 1792 non

149 1816 227 1843 sunt
250 1815 328 1841 nota
350 1807 512 1846 Ethnicis,
536 1818 599 1839 nec
621 1818 662 1839 ex
685 1805 771 1849 lege,
800 1807 860 1838 sed
883 1817 924 1838 ex
948 1803 1133 1846 Evangelio

149 1854 336 1885 discuntur:
366 1853 469 1883 Amen
492 1853 591 1883 Amen
613 1852 684 1882 dico
707 1852 804 1889 robis,
832 1849 935 1892 inquit
957 1848 1133 1886 Dominus,

150 1896 310 1936 Quicquid
338 1898 500 1936 petieritis
533 1895 663 1925 Patrem
698 1897 730 1925 in
765 1897 893 1924 nomine
921 1902 1008 1930 meo,
1048 1891 1138 1923 dubft

149 1941 244 1972 robis.
291 1937 351 1970 Hic
376 1938 552 1978 promissio
582 1937 714 1978 ponitur
747 1937 875 1967 sancita
908 1935 1133 1971 iureiurando,

150 1983 192 2014 tle
214 1981 424 2013 exauditione
447 1991 582 2022 precum
610 1985 810 2010 nostrarum.
863 1978 1064 2010 Nominatim
1088 1977 1134 2009 di-

150 2025 329 2067 stinguitur
363 2024 527 2055 invocatio
562 2022 685 2060 Patris,
720 2033 805 2064 quae
839 2022 874 2053 fit
908 2021 1028 2053 fiducia
1052 2019 1135 2058 Filii,

150 2069 192 2100 ab
216 2067 426 2100 invocatione
449 2066 590 2097 omnium
614 2064 750 2096 aliarum
774 2065 930 2106 gentium.

239 2113 348 2147 Amen,
372 2116 424 2141 est
446 2109 656 2141 asseveratio
680 2108 829 2147 iurantis,
853 2115 883 2139 et
909 2108 1010 2138 credo
1031 2106 1154 2138 Grae--

151 2164 225 2186 cum
249 2153 325 2193 ἠμήν
347 2162 424 2184 esse
448 2154 489 2183 ab
513 2152 576 2184 hac
599 2161 692 2182 voce.
727 2151 809 2182 Nam
833 2157 865 2182 et
885 2150 1005 2182 Graeci
1027 2151 1136 2181 iuran-

150 2204 202 2229 tes
243 2202 451 2238 praeponunt
492 2195 583 2234 ἤμῆν,
621 2193 674 2226 vel
709 2194 830 2232 ὄμνυμι.
897 2193 987 2225 llaec
1021 2193 1136 2225 eadem

151 2246 229 2272 sunt
253 2250 326 2271 cum
358 2238 415 2270 illo
444 2238 598 2270 Hebraeo
629 2239 742 2270 Amen.
788 2237 1000 2269 Grammatici
1026 2237 1136 2267 dicunt

151 2281 346 2325 particulam
382 2282 476 2320 ἥμῆν,
512 2291 588 2313 esse
622 2281 914 2317 asseverationem,
949 2286 981 2310 et
1011 2279 1136 2320 passim

152 2326 318 2358 invenitur
340 2326 371 2357 in
395 2324 636 2362 Demosthene,
659 2323 890 2366 Xenophonte,
921 2329 951 2354 et
975 2322 1136 2353 Isocrate:

152 2370 212 2401 sed
237 2369 396 2411 originem
420 2368 517 2400 huius
542 2368 635 2399 vocis
659 2377 725 2399 non
748 2368 856 2399 sciunt
881 2366 1011 2397 Graeci.

241 2411 300 2443 Est
323 2418 430 2443 autem
456 2411 542 2443 haud
577 2411 676 2443 dubie
709 2416 839 2452 sumpta
862 2419 881 2441 a
906 2409 1071 2445 Patribus,
1106 2413 1137 2439 et

153 2454 213 2487 fuit
236 2465 297 2486 usu
322 2461 454 2496 recepta
480 2456 510 2486 in
531 2454 732 2486 iuramentis·
767 2453 801 2485 ln
825 2453 1006 2484 iuramento
1026 2450 1137 2482 Attico

153 2499 339 2530 dicebatur:
365 2500 440 2530 Iuro
463 2509 548 2535 rere,
573 2499 657 2538 quod
675 2507 824 2537 puynare
842 2498 932 2529 rele'm
952 2505 1016 2536 pro
1034 2498 1138 2525 sacr-ts

153 2544 249 2578 eolus,
283 2547 315 2572 e!
347 2552 417 2573 cum
452 2544 533 2573 aliis.
602 2540 647 2571 lbi
687 2546 737 2572 est
778 2545 938 2581 usurpata
976 2535 1138 2580 particula

154 2584 246 2623 η’μήν,
282 2585 311 2615 id
348 2591 415 2617 est,
451 2595 533 2615 rere.
595 2584 653 2615 Sic
687 2583 838 2615 dicebant
875 2583 907 2613 in
946 2579 1138 2613 foederibus

154 2628 264 2666 ὄμνυμι
298 2627 372 2665 ἐμήν
400 2626 475 2658 εἶναι
504 2630 590 2668 φίλος
617 2627 795 2665 Ἀθηναίων.
852 2625 887 2657 ln
921 2634 1064 2658 summa.
1106 2624 1137 2655 ln

1152 700 1154 705 ν
1178 683 1221 715 de
1242 683 1454 716 invocatione
1477 684 1630 722 Ethnica‚
1659 692 1690 716 et
1713 684 1913 717 Christiana.

1175 255 1327 288 omnibus
1360 255 1552 287 iuramentis
1587 255 1728 288 Graecis
1761 262 1942 297 usurpatur
1972 255 2032 290 illa
2059 259 2158 300 parti-

1175 297 1253 330 cula
1276 297 1364 336 ἠμήν.
1411 296 1480 330 Sed
1501 299 1654 330 nesciunt
1678 298 1817 337 Graeci,
1849 300 1938 332 unde
1958 301 2011 332 sit.
2066 300 2159 333 Chri-

1175 346 1247 372 stus
1280 341 1336 372 hic
1365 341 1416 372 bis
1450 342 1582 383 repetit:
1621 343 1722 374 Amen
1754 343 1871 383 Amen,
1904 349 1940 374 ut
1973 344 2094 376 excitet
2126 345 2159 376 in

1175 384 1272 416 nobis
1295 383 1410 415 fidem:
1434 385 1528 426 quasi
1551 385 1655 416 dicat:
1690 385 1719 416 si
1746 395 1814 416 non
1837 386 1889 416 vis
1912 386 2050 418 credere
2072 387 2160 426 Deo,

1177 427 1277 458 crede
1300 426 1430 458 iuranti.

1263 468 1393 501 Nomen
1416 470 1526 503 Patris
1559 470 1693 512 ponitur
1714 469 1770 502 hic
1794 481 1814 502 a
1837 470 1989 506 Christo,
2023 482 2090 504 non
2123 479 2160 504 ut

1177 511 1336 544 excludat
1356 522 1521 554 personas
1555 519 1708 544 caeteras
1743 514 1944 553 divinitatis,
1978 515 2039 546 sed
2072 524 2160 546 com-

1176 555 1350 586 menticios
1372 554 1480 594 Deos,
1503 565 1565 587 seu
1594 557 1726 588 nmnina
1748 555 1901 589 Ethnica.
1956 556 2018 589 ula
2049 563 2160 589 autem

1178 596 1330 629 clausula
1352 598 1492 630 inserta:
1514 599 1556 630 In
1578 603 1704 631 nomine
1726 609 1807 638 meo,
1834 601 1867 631 id
1890 606 1961 638 est,
1991 601 2159 632 nominato

1178 639 1272 678 Filio,
1295 638 1350 672 vel
1371 642 1548 683 praecipue
1570 640 1649 674 facit
1673 643 1848 674 discrimen
1870 643 1955 675 inter
1977 643 2161 675 doctrinam

1968 685 2161 727 Requiritur

1178 726 1263 758 enim
1286 727 1410 767 agnitio
1438 726 1579 765 Christi,
1618 733 1651 759 et
1674 729 1831 770 cogitatio
1855 729 1896 760 de
1925 729 2158 770 promissione,

1178 769 1264 801 sicut
1285 767 1406 801 Daniel
1428 770 1548 812 inquit:
1577 772 1706 803 Exaudi
1733 782 1792 803 nos
1816 777 1955 813 propter
1977 771 2161 804 Dominum.

1264 811 1355 843 Talis
1389 811 1524 844 collatio
1557 813 1728 846 doctrinae
1749 813 1940 853 Ecclesiae,
1974 821 2006 846 et
2036 815 2162 857 cogita-

1178 856 1302 886 tionum
1324 854 1536 887 Ethnicarum
1560 856 1602 887 de
1623 856 1850 896 invocatione,
1888 868 2042 899 magnam
2066 856 2162 889 affert

1178 897 1296 938 lucem,
1316 904 1349 930 et
1371 897 1494 939 singuli
1514 898 1636 931 debent
1655 909 1732 931 esse
1761 901 2008 932 instructissimi
2036 901 2070 931 in
2099 899 2163 931 hac

1178 942 1325 973 materia.
1380 940 1552 972 Debemus
1588 947 1702 973 tenere
1742 941 2020 974 fundamentalem
2034 965 2043 981 ,
2087 943 2163 974 sim-

1179 983 1299 1025 plicem
1323 989 1355 1015 et
1378 990 1503 1016 rectam
1527 984 1711 1016 doctrinam
1735 985 1776 1016 de
1798 986 2018 1017 invocatione.
2062 985 2162 1017 Prae-

1180 1028 1275 1069 cipue
1286 1037 1368 1058 vero
1393 1036 1456 1058 nos
1479 1027 1567 1058 scire
1586 1028 1763 1059 debemus:
1787 1029 1877 1069 qnod
1899 1029 1974 1059 ideo
1991 1037 2163 1060 versemur

1179 1070 1213 1101 in
1236 1069 1362 1101 scholis
1386 1069 1596 1109 Christianis,
1629 1076 1665 1102 ut
1689 1070 1730 1101 de
1751 1069 1833 1108 hac,
1866 1077 1899 1102 et
1921 1069 1995 1102 aliis
2016 1070 2164 1102 materiis

1181 1113 1349 1145 discamus
1374 1113 1564 1145 discrimina
1586 1114 1768 1155 sapientiae
1785 1112 1948 1145 humanae
1970 1119 2002 1145 et
2024 1113 2164 1151 divinae,

1181 1157 1259 1187 item
1283 1155 1429 1189 cultuum
1453 1166 1554 1188 verae
1576 1154 1764 1195 Ecclesiae,
1792 1162 1825 1188 et
1847 1155 1985 1188 aliarum
2008 1156 2164 1198 gentium.

1184 1320 1300 1370 Quae
1332 1328 1394 1361 est
1421 1320 1647 1360 differentia
1677 1322 1781 1361 inter
1813 1322 2049 1375 Augustum
2082 1321 2165 1361 Im-

1182 1404 1412 1452 peratorem
1451 1397 1676 1451 sapientem
1714 1404 1754 1436 et
1793 1397 1960 1446 iustum,
2008 1404 2050 1437 et
2080 1397 2166 1437 Da-

1183 1474 1348 1515 videm?
1393 1474 1474 1524 vel,
1517 1481 1562 1514 ut
1594 1474 1634 1514 in
1664 1488 1813 1528 genere
1845 1473 2006 1527 loquar:
2050 1472 2167 1524 Quae

1185 1559 1246 1592 est
1278 1551 1503 1592 different-ia
1528 1551 1632 1591 inter
1656 1550 1941 1600 Christiamun‚
1974 1551 2043 1604 qui
2071 1564 2166 1591 vere

1337 1635 1398 1669 est
1429 1628 1659 1668 membrum
1693 1628 1894 1668 Ecclesiae
1927 1627 2016 1677 Dei,

1517 1712 1560 1745 et
1590 1704 1837 1745 Ethnieum‘?

1273 1804 1342 1837 Res
1368 1805 1486 1836 ondeo.
1533 1803 1594 1836 Hic
1623 1804 1721 1836 debet
1745 1805 1777 1835 in
1802 1808 1987 1845 conspectu
2009 1813 2087 1835 esse
2105 1803 2170 1835 dis-

1188 1848 1310 1880 crimen
1358 1849 1429 1890 egis
1464 1853 1495 1878 et
1518 1846 1703 1890 Evangelii.
1760 1847 1794 1878 ld
1819 1847 1965 1878 ostendit
1993 1847 2170 1878 discrimen

1187 1892 1373 1929 hominum,
1407 1889 1599 1922 Ecclesiae.
1635 1896 1665 1921 et
1701 1890 1841 1921 aliarum
1875 1895 2059 1928 sectarum,
2092 1890 2170 1922 item

1188 1934 1330 1966 ostendit
1350 1943 1450 1965 veros
1473 1932 1536 1964 Dei
1561 1932 1670 1965 cultus
1694 1940 1726 1964 et
1750 1932 1866 1964 falsos.

1274 1977 1308 2008 ln
1332 1976 1487 2019 Augusto
1507 1982 1558 2007 est
1581 1974 1750 2007 excellens
1786 1977 1906 2017 virtus,
1940 1982 1972 2007 et
1995 1975 2169 2017 sapientia,

1188 2030 1228 2052 ac
1261 2020 1444 2052 moderatio
1479 2020 1510 2050 in
1546 2019 1786 2061 gubernatione
1821 2025 1930 2055 tanta,
1964 2026 2087 2061 quanta
2116 2019 2170 2050 vix

1188 2062 1245 2095 fuit
1270 2063 1302 2094 in
1327 2061 1395 2094 ullo
1419 2061 1494 2093 alio.
1547 2061 1744 2094 Manifestas
1776 2062 2025 2093 coniurationes
2055 2068 2172 2093 contra

1188 2107 1295 2147 ipsum
1331 2105 1453 2145 factas,
1488 2106 1790 2146 potentissimorum
1827 2105 1993 2137 hominum
2017 2103 2172 2136 refutavit

1188 2160 1229 2181 ac
1259 2149 1418 2190 repressit
1452 2154 1576 2180 tantum
1612 2149 1735 2180 verbis.
1798 2147 1909 2180 Noluit
1942 2148 2082 2179 saevitia
2113 2147 2173 2186 nti,

1189 2203 1230 2223 ne
1253 2193 1382 2234 quidem
1406 2192 1437 2222 in
1461 2201 1533 2228 eoS,
1557 2192 1611 2233 qui
1635 2191 1783 2223 fecerant
1803 2188 2064 2224 coniurationes,
2110 2201 2172 2222 uae

1189 2242 1282 2267 erant
1319 2235 1474 2266 notoriae.
1534 2234 1738 2266 Gubernatio
1773 2234 1844 2266 eius
1886 2240 1963 2266 tunc
1997 2244 2094 2276 comp
2110 2243 2173 2266 exa

1189 2284 1240 2310 est
1259 2285 1363 2310 totum
1385 2279 1498 2309 orbem
1520 2284 1690 2309 terrarum.
1726 2277 1760 2307 ln
1781 2276 1844 2309 bac
1863 2276 1921 2308 suit
1941 2278 2048 2308 iustus
2073 2282 2173 2318 atque

1189 2323 1236 2352 ita
1259 2320 1409 2360 sedulus,
1432 2327 1466 2353 ut
1489 2321 1647 2359 nesciam,
1672 2331 1713 2351 an
1737 2321 1911 2362 quisquam
1935 2321 1964 2351 ei
1993 2317 2088 2351 fuerit
2112 2330 2172 2362 par

1189 2365 1434 2406 respondendo,
1459 2365 1500 2396 de
1529 2363 1711 2398 liberando,
1739 2363 1926 2395 scribendo.
1978 2361 2059 2394 Com
2108 2363 2172 2395 suit

1189 2409 1336 2446 decreta,
1370 2414 1401 2440 et
1435 2417 1618 2449 responsa,
1655 2407 1776 2438 sedens
1811 2407 1842 2437 in
1878 2404 2009 2443 lectica,
2042 2406 2051 2437 i
2109 2412 2173 2443 est,

1190 2451 1286 2482 otiam
1317 2453 1348 2482 in
1383 2451 1500 2483 itinere
1532 2450 1591 2482 suit
1626 2455 1809 2491 occupatus
1843 2449 1984 2491 negotiis
2009 2449 2173 2492 guberno-

1191 2495 1299 2525 tionis.
1357 2494 1448 2526 ilaec
1482 2503 1602 2536 magna
1644 2494 1749 2525 virtus
1783 2491 1841 2524 fuit
1876 2493 1908 2524 in
1942 2501 1983 2524 eo
2017 2492 2172 2534 quiddam

1191 2538 1345 2569 (livinum.

1276 2581 1342 2612 Sed
1377 2590 1442 2612 non
1483 2585 1533 2611 est
1570 2580 1744 2622 Augustus
1786 2578 1966 2610 membrum
1999 2576 2172 2610 Ecclesiae

1192 2623 1272 2656 Dei:
1306 2629 1338 2655 et
1372 2623 1460 2666 quod
1494 2623 1537 2655 ad
1560 2621 1752 2665 religionem
1775 2622 1905 2661 attinet,
1940 2627 1990 2653 ωε
2018 2626 2075 2653 aut
2098 2619 2172 2663 Epi-
