<?xml version="1.0" encoding="UTF-8"?>
<!DOCTYPE html PUBLIC "-//W3C//DTD XHTML 1.0 Transitional//EN"
    "http://www.w3.org/TR/xhtml1/DTD/xhtml1-transitional.dtd">
<html xmlns="http://www.w3.org/1999/xhtml" xml:lang="en" lang="en">
 <head>
  <title>
</title>
<meta http-equiv="Content-Type" content="text/html;charset=utf-8" />
  <meta name='ocr-system' content='tesseract 3.04.00' />
  <meta name='ocr-capabilities' content='ocr_page ocr_carea ocr_par ocr_line ocrx_word'/>
</head>
<body>
  <div class='ocr_page' id='page_1' title='image "./operaquaesupersu24melauoft/operaquaesupersu24melauoft_0084.png"; bbox 0 0 2324 2958; ppageno 0'>
   <div class='ocr_carea' id='block_1_1' title="bbox 227 155 286 187">
    <p class='ocr_par' dir='ltr' id='par_1_1' title="bbox 227 155 286 187">
     <span class='ocr_line' id='line_1_1' title="bbox 227 155 286 187; baseline -0.017 0"><span class='ocrx_word' id='word_1_1' title='bbox 227 155 286 187; x_wconf 85' lang='lat'>115</span> 
     </span>
    </p>
   </div>
   <div class='ocr_carea' id='block_1_2' title="bbox 308 243 1221 287">
    <p class='ocr_par' dir='ltr' id='par_1_2' title="bbox 308 243 1221 287">
     <span class='ocr_line' id='line_1_2' title="bbox 308 243 1221 287; baseline -0.003 -11"><span class='ocrx_word' id='word_1_2' title='bbox 308 247 467 282; x_wconf 79' lang='lat' dir='ltr'>Quartum</span> <span class='ocrx_word' id='word_1_3' title='bbox 490 244 708 275; x_wconf 84' lang='lat' dir='ltr'>testimonium</span> <span class='ocrx_word' id='word_1_4' title='bbox 731 250 781 274; x_wconf 76' lang='lat' dir='ltr'>est</span> <span class='ocrx_word' id='word_1_5' title='bbox 806 243 851 282; x_wconf 75' lang='lat'>[2.</span> <span class='ocrx_word' id='word_1_6' title='bbox 874 245 959 276; x_wconf 90' lang='lat' dir='ltr'>Sam.</span> <span class='ocrx_word' id='word_1_7' title='bbox 984 244 1047 282; x_wconf 82' lang='grc'><strong>7.];</strong></span> <span class='ocrx_word' id='word_1_8' title='bbox 1072 243 1196 283; x_wconf 76' lang='lat' dir='ltr'>Aspicis</span> <span class='ocrx_word' id='word_1_9' title='bbox 1219 266 1221 287; x_wconf 72' lang='lat' dir='ltr'>t</span> 
     </span>
    </p>
   </div>
   <div class='ocr_carea' id='block_1_3' title="bbox 859 145 1588 182">
    <p class='ocr_par' dir='ltr' id='par_1_3' title="bbox 859 145 1588 182">
     <span class='ocr_line' id='line_1_3' title="bbox 859 145 1588 182; baseline -0.004 -2"><span class='ocrx_word' id='word_1_10' title='bbox 859 149 968 181; x_wconf 80' lang='lat' dir='ltr'>PlllL.</span> <span class='ocrx_word' id='word_1_11' title='bbox 993 149 1096 182; x_wconf 81' lang='lat' dir='ltr'>MEL.</span> <span class='ocrx_word' id='word_1_12' title='bbox 1119 147 1305 180; x_wconf 86' lang='lat' dir='ltr'>SCRlPTA</span> <span class='ocrx_word' id='word_1_13' title='bbox 1327 145 1588 178; x_wconf 80' lang='lat' dir='ltr'>EXEGETICA.</span> 
     </span>
    </p>
   </div>
   <div class='ocr_carea' id='block_1_4' title="bbox 2169 147 2232 180">
    <p class='ocr_par' dir='ltr' id='par_1_4' title="bbox 2169 147 2232 180">
     <span class='ocr_line' id='line_1_4' title="bbox 2169 147 2232 180; baseline 0.016 -1"><span class='ocrx_word' id='word_1_14' title='bbox 2169 147 2232 180; x_wconf 83' lang='lat'>116</span> 
     </span>
    </p>
   </div>
   <div class='ocr_carea' id='block_1_5' title="bbox 1250 237 2230 282">
    <p class='ocr_par' dir='ltr' id='par_1_5' title="bbox 1250 237 2230 282">
     <span class='ocr_line' id='line_1_5' title="bbox 1250 237 2230 282; baseline 0.003 -12"><span class='ocrx_word' id='word_1_15' title='bbox 1250 240 1410 271; x_wconf 85' lang='lat' dir='ltr'>rationem</span> <span class='ocrx_word' id='word_1_16' title='bbox 1444 237 1604 278; x_wconf 85' lang='lat' dir='ltr'>miraculi,</span> <span class='ocrx_word' id='word_1_17' title='bbox 1638 240 1728 282; x_wconf 88' lang='lat' dir='ltr'>quod</span> <span class='ocrx_word' id='word_1_18' title='bbox 1755 239 1810 272; x_wconf 91' lang='lat' dir='ltr'>hic</span> <span class='ocrx_word' id='word_1_19' title='bbox 1831 239 2040 282; x_wconf 80' lang='lat' dir='ltr'>promittitur.</span> <span class='ocrx_word' id='word_1_20' title='bbox 2101 241 2230 274; x_wconf 89' lang='lat' dir='ltr'>Nomen</span> 
     </span>
    </p>
   </div>
   <div class='ocr_carea' id='block_1_6' title="bbox 220 280 2230 412">
    <p class='ocr_par' dir='ltr' id='par_1_6' title="bbox 220 280 2230 412">
     <span class='ocr_line' id='line_1_6' title="bbox 220 280 2229 329; baseline -0.003 -7"><span class='ocrx_word' id='word_1_21' title='bbox 220 300 270 322; x_wconf 82' lang='lat' dir='ltr'>me</span> <span class='ocrx_word' id='word_1_22' title='bbox 293 293 325 321; x_wconf 82' lang='lat' dir='ltr'>in</span> <span class='ocrx_word' id='word_1_23' title='bbox 342 292 451 329; x_wconf 79' lang='lat' dir='ltr'>forma</span> <span class='ocrx_word' id='word_1_24' title='bbox 473 289 620 325; x_wconf 68' lang='lat' dir='ltr'>hominis.</span> <span class='ocrx_word' id='word_1_25' title='bbox 643 290 697 326; x_wconf 82' lang='lat' dir='ltr'>qui</span> <span class='ocrx_word' id='word_1_26' title='bbox 718 296 753 318; x_wconf 75' lang='lat' dir='ltr'>es</span> <span class='ocrx_word' id='word_1_27' title='bbox 766 285 879 318; x_wconf 71' lang='lat' dir='ltr'>lehara</span> <span class='ocrx_word' id='word_1_28' title='bbox 901 289 933 317; x_wconf 84' lang='lat' dir='ltr'>in</span> <span class='ocrx_word' id='word_1_29' title='bbox 945 287 1085 318; x_wconf 66' lang='lat' dir='ltr'>excelsis</span> <span class='ocrx_word' id='word_1_30' title='bbox 1097 287 1194 317; x_wconf 76' lang='lat' dir='ltr'>Deus.</span> <span class='ocrx_word' id='word_1_31' title='bbox 1219 290 1221 309; x_wconf 72' lang='lat'><strong><em>⁴</em></strong></span> <span class='ocrx_word' id='word_1_32' title='bbox 1249 292 1329 314; x_wconf 80' lang='lat' dir='ltr'>vero</span> <span class='ocrx_word' id='word_1_33' title='bbox 1353 280 1541 314; x_wconf 88' lang='lat' dir='ltr'>Emanuelis</span> <span class='ocrx_word' id='word_1_34' title='bbox 1559 283 1795 324; x_wconf 80' lang='lat' dir='ltr'><strong>interpretatur</strong></span> <span class='ocrx_word' id='word_1_35' title='bbox 1816 281 2032 325; x_wconf 78' lang='lat' dir='ltr'>Evangelista</span> <span class='ocrx_word' id='word_1_36' title='bbox 2056 282 2174 316; x_wconf 81' lang='lat' dir='ltr'>Matth.</span> <span class='ocrx_word' id='word_1_37' title='bbox 2200 285 2229 316; x_wconf 91' lang='lat'>1.</span> 
     </span>
     <span class='ocr_line' id='line_1_7' title="bbox 220 318 2230 372; baseline -0.002 -8"><span class='ocrx_word' id='word_1_38' title='bbox 220 333 299 370; x_wconf 67' lang='lat' dir='ltr'>Agit</span> <span class='ocrx_word' id='word_1_39' title='bbox 325 331 432 363; x_wconf 84' lang='lat' dir='ltr'>David</span> <span class='ocrx_word' id='word_1_40' title='bbox 453 330 575 372; x_wconf 85' lang='lat' dir='ltr'>gratias</span> <span class='ocrx_word' id='word_1_41' title='bbox 599 329 684 367; x_wconf 90' lang='lat' dir='ltr'>Deo,</span> <span class='ocrx_word' id='word_1_42' title='bbox 707 339 768 371; x_wconf 88' lang='lat' dir='ltr'>pro</span> <span class='ocrx_word' id='word_1_43' title='bbox 782 329 857 360; x_wconf 81' lang='lat' dir='ltr'>data</span> <span class='ocrx_word' id='word_1_44' title='bbox 870 329 1089 369; x_wconf 78' lang='lat' dir='ltr'>promissione</span> <span class='ocrx_word' id='word_1_45' title='bbox 1109 327 1196 358; x_wconf 84' lang='lat' dir='ltr'>Mes—</span> <span class='ocrx_word' id='word_1_46' title='bbox 1218 318 1222 356; x_wconf 70' lang='lat' dir='ltr'>i</span> <span class='ocrx_word' id='word_1_47' title='bbox 1248 325 1344 367; x_wconf 88' lang='lat' dir='ltr'>quasi</span> <span class='ocrx_word' id='word_1_48' title='bbox 1372 324 1477 363; x_wconf 89' lang='lat' dir='ltr'>dicas,</span> <span class='ocrx_word' id='word_1_49' title='bbox 1513 325 1687 358; x_wconf 87' lang='lat' dir='ltr'>nobiscum</span> <span class='ocrx_word' id='word_1_50' title='bbox 1710 325 1823 364; x_wconf 89' lang='lat' dir='ltr'>Deus,</span> <span class='ocrx_word' id='word_1_51' title='bbox 1858 327 1935 367; x_wconf 89' lang='lat' dir='ltr'>quia</span> <span class='ocrx_word' id='word_1_52' title='bbox 1956 326 2095 358; x_wconf 81' lang='lat' dir='ltr'>assumit</span> <span class='ocrx_word' id='word_1_53' title='bbox 2115 325 2230 359; x_wconf 88' lang='lat' dir='ltr'>huma-</span> 
     </span>
     <span class='ocr_line' id='line_1_8' title="bbox 222 362 2230 412; baseline -0.003 -5"><span class='ocrx_word' id='word_1_54' title='bbox 222 368 303 412; x_wconf 71' lang='lat' dir='ltr'>siae‚</span> <span class='ocrx_word' id='word_1_55' title='bbox 326 382 358 405; x_wconf 89' lang='lat' dir='ltr'>et</span> <span class='ocrx_word' id='word_1_56' title='bbox 383 373 551 409; x_wconf 72' lang='lat' dir='ltr'>describit,</span> <span class='ocrx_word' id='word_1_57' title='bbox 575 371 656 407; x_wconf 68' lang='lat' dir='ltr'>Quis</span> <span class='ocrx_word' id='word_1_58' title='bbox 681 378 712 403; x_wconf 88' lang='lat' dir='ltr'>et</span> <span class='ocrx_word' id='word_1_59' title='bbox 736 370 850 406; x_wconf 83' lang='lat' dir='ltr'>Qualis</span> <span class='ocrx_word' id='word_1_60' title='bbox 874 372 925 403; x_wconf 86' lang='lat' dir='ltr'>sit.</span> <span class='ocrx_word' id='word_1_61' title='bbox 973 369 1196 411; x_wconf 73' lang='lat' dir='ltr'>Compi-chen·</span> <span class='ocrx_word' id='word_1_62' title='bbox 1218 362 1222 398; x_wconf 72' lang='lat' dir='ltr'>i</span> <span class='ocrx_word' id='word_1_63' title='bbox 1247 378 1325 399; x_wconf 91' lang='lat' dir='ltr'>nam</span> <span class='ocrx_word' id='word_1_64' title='bbox 1342 373 1504 406; x_wconf 89' lang='lat' dir='ltr'>naturam,</span> <span class='ocrx_word' id='word_1_65' title='bbox 1527 374 1559 399; x_wconf 86' lang='lat' dir='ltr'>et</span> <span class='ocrx_word' id='word_1_66' title='bbox 1582 378 1622 400; x_wconf 86' lang='lat' dir='ltr'>eo</span> <span class='ocrx_word' id='word_1_67' title='bbox 1646 369 1718 409; x_wconf 88' lang='lat' dir='ltr'>ipso</span> <span class='ocrx_word' id='word_1_68' title='bbox 1742 374 1894 407; x_wconf 88' lang='lat' dir='ltr'>testatur,</span> <span class='ocrx_word' id='word_1_69' title='bbox 1917 369 2007 410; x_wconf 88' lang='lat' dir='ltr'>quod</span> <span class='ocrx_word' id='word_1_70' title='bbox 2026 367 2142 401; x_wconf 81' lang='lat' dir='ltr'>fecerit</span> <span class='ocrx_word' id='word_1_71' title='bbox 2159 368 2230 402; x_wconf 85' lang='lat' dir='ltr'>foe-</span> 
     </span>
    </p>
   </div>
   <div class='ocr_carea' id='block_1_7' title="bbox 219 411 1203 2644">
    <p class='ocr_par' dir='ltr' id='par_1_7' title="bbox 221 411 1196 542">
     <span class='ocr_line' id='line_1_9' title="bbox 222 411 1196 457; baseline -0.008 -7"><span class='ocrx_word' id='word_1_72' title='bbox 222 419 267 450; x_wconf 89' lang='lat' dir='ltr'>dit</span> <span class='ocrx_word' id='word_1_73' title='bbox 291 423 459 457; x_wconf 73' lang='lat' dir='ltr'>utramque</span> <span class='ocrx_word' id='word_1_74' title='bbox 482 422 643 447; x_wconf 86' lang='lat' dir='ltr'>naturam.</span> <span class='ocrx_word' id='word_1_75' title='bbox 688 413 840 455; x_wconf 76' lang='lat' dir='ltr'>Respicis</span> <span class='ocrx_word' id='word_1_76' title='bbox 860 424 921 451; x_wconf 87' lang='lat' dir='ltr'>me,</span> <span class='ocrx_word' id='word_1_77' title='bbox 946 420 1115 453; x_wconf 85' lang='lat' dir='ltr'>assumpta</span> <span class='ocrx_word' id='word_1_78' title='bbox 1138 411 1196 443; x_wconf 85' lang='lat' dir='ltr'>hu-</span> 
     </span>
     <span class='ocr_line' id='line_1_10' title="bbox 221 455 1195 499; baseline -0.005 -8"><span class='ocrx_word' id='word_1_79' title='bbox 221 470 317 492; x_wconf 87' lang='lat' dir='ltr'>mana</span> <span class='ocrx_word' id='word_1_80' title='bbox 340 465 468 496; x_wconf 85' lang='lat' dir='ltr'>natura,</span> <span class='ocrx_word' id='word_1_81' title='bbox 494 463 527 488; x_wconf 92' lang='lat' dir='ltr'>et</span> <span class='ocrx_word' id='word_1_82' title='bbox 550 459 600 489; x_wconf 83' lang='lat' dir='ltr'>vis</span> <span class='ocrx_word' id='word_1_83' title='bbox 623 468 664 489; x_wconf 82' lang='lat' dir='ltr'>ac</span> <span class='ocrx_word' id='word_1_84' title='bbox 682 463 776 499; x_wconf 89' lang='lat' dir='ltr'>potes</span> <span class='ocrx_word' id='word_1_85' title='bbox 800 467 852 488; x_wconf 90' lang='lat' dir='ltr'>me</span> <span class='ocrx_word' id='word_1_86' title='bbox 875 455 1024 494; x_wconf 80' lang='lat' dir='ltr'>salvare,</span> <span class='ocrx_word' id='word_1_87' title='bbox 1049 465 1123 487; x_wconf 91' lang='lat' dir='ltr'>cum</span> <span class='ocrx_word' id='word_1_88' title='bbox 1146 455 1195 486; x_wconf 82' lang='lat' dir='ltr'>sis</span> 
     </span>
     <span class='ocr_line' id='line_1_11' title="bbox 221 498 939 542; baseline -0.008 -8"><span class='ocrx_word' id='word_1_89' title='bbox 221 502 313 534; x_wconf 84' lang='lat' dir='ltr'>Deus</span> <span class='ocrx_word' id='word_1_90' title='bbox 338 501 366 532; x_wconf 91' lang='grc'><strong>1.</strong></span> <span class='ocrx_word' id='word_1_91' title='bbox 390 498 534 542; x_wconf 79' lang='lat' dir='ltr'>Paralip.</span> <span class='ocrx_word' id='word_1_92' title='bbox 562 500 610 533; x_wconf 80' lang='lat'>18.</span> <span class='ocrx_word' id='word_1_93' title='bbox 633 506 665 532; x_wconf 88' lang='lat' dir='ltr'>et</span> <span class='ocrx_word' id='word_1_94' title='bbox 688 500 718 531; x_wconf 79' lang='lat'>-2,</span> <span class='ocrx_word' id='word_1_95' title='bbox 742 498 884 532; x_wconf 85' lang='lat' dir='ltr'>Samuel.</span> <span class='ocrx_word' id='word_1_96' title='bbox 910 499 939 529; x_wconf 84' lang='lat'>7.</span> 
     </span>
    </p>

    <p class='ocr_par' dir='ltr' id='par_1_8' title="bbox 219 540 1198 1098">
     <span class='ocr_line' id='line_1_12' title="bbox 308 540 1196 580; baseline -0.005 -5"><span class='ocrx_word' id='word_1_97' title='bbox 308 544 463 580; x_wconf 86' lang='lat' dir='ltr'>Quintum</span> <span class='ocrx_word' id='word_1_98' title='bbox 492 544 712 574; x_wconf 82' lang='lat' dir='ltr'>testimonium</span> <span class='ocrx_word' id='word_1_99' title='bbox 735 549 786 574; x_wconf 90' lang='lat' dir='ltr'>est</span> <span class='ocrx_word' id='word_1_100' title='bbox 810 540 943 573; x_wconf 81' lang='lat' dir='ltr'>Psalmo</span> <span class='ocrx_word' id='word_1_101' title='bbox 967 541 997 571; x_wconf 80' lang='grc'>’2.</span> <span class='ocrx_word' id='word_1_102' title='bbox 1065 541 1196 572; x_wconf 77' lang='lat' dir='ltr'>Oscula-</span> 
     </span>
     <span class='ocr_line' id='line_1_13' title="bbox 221 585 1197 627; baseline -0.005 -8"><span class='ocrx_word' id='word_1_103' title='bbox 221 591 300 620; x_wconf 83' lang='lat' dir='ltr'>mini</span> <span class='ocrx_word' id='word_1_104' title='bbox 318 589 431 627; x_wconf 79' lang='lat' dir='ltr'>filium,</span> <span class='ocrx_word' id='word_1_105' title='bbox 455 587 487 617; x_wconf 89' lang='lat' dir='ltr'>id</span> <span class='ocrx_word' id='word_1_106' title='bbox 511 591 573 624; x_wconf 87' lang='lat' dir='ltr'>est,</span> <span class='ocrx_word' id='word_1_107' title='bbox 593 593 740 617; x_wconf 87' lang='lat' dir='ltr'>amanter</span> <span class='ocrx_word' id='word_1_108' title='bbox 763 585 904 626; x_wconf 74' lang='lat' dir='ltr'>excipite</span> <span class='ocrx_word' id='word_1_109' title='bbox 927 594 1011 621; x_wconf 89' lang='lat' dir='ltr'>eum,</span> <span class='ocrx_word' id='word_1_110' title='bbox 1035 593 1100 614; x_wconf 90' lang='lat' dir='ltr'>non</span> <span class='ocrx_word' id='word_1_111' title='bbox 1123 593 1197 624; x_wconf 90' lang='lat' dir='ltr'>per-</span> 
     </span>
     <span class='ocr_line' id='line_1_14' title="bbox 221 624 1198 672; baseline -0.005 -10"><span class='ocrx_word' id='word_1_112' title='bbox 221 631 391 672; x_wconf 85' lang='lat' dir='ltr'>sequimini</span> <span class='ocrx_word' id='word_1_113' title='bbox 415 630 484 660; x_wconf 86' lang='lat' dir='ltr'>eius</span> <span class='ocrx_word' id='word_1_114' title='bbox 498 629 689 660; x_wconf 88' lang='lat' dir='ltr'>doctrinam.</span> <span class='ocrx_word' id='word_1_115' title='bbox 711 627 838 659; x_wconf 77' lang='lat' dir='ltr'>Alludit</span> <span class='ocrx_word' id='word_1_116' title='bbox 860 627 902 657; x_wconf 91' lang='lat' dir='ltr'>ad</span> <span class='ocrx_word' id='word_1_117' title='bbox 926 636 1049 657; x_wconf 90' lang='lat' dir='ltr'>morem</span> <span class='ocrx_word' id='word_1_118' title='bbox 1068 624 1198 658; x_wconf 86' lang='lat' dir='ltr'>illarum</span> 
     </span>
     <span class='ocr_line' id='line_1_15' title="bbox 220 669 1196 716; baseline -0.005 -12"><span class='ocrx_word' id='word_1_119' title='bbox 220 674 378 716; x_wconf 89' lang='lat' dir='ltr'>gentium,</span> <span class='ocrx_word' id='word_1_120' title='bbox 413 678 444 703; x_wconf 91' lang='lat' dir='ltr'>et</span> <span class='ocrx_word' id='word_1_121' title='bbox 474 671 637 714; x_wconf 81' lang='lat' dir='ltr'>significat</span> <span class='ocrx_word' id='word_1_122' title='bbox 671 678 818 702; x_wconf 89' lang='lat' dir='ltr'>amanter</span> <span class='ocrx_word' id='word_1_123' title='bbox 858 669 1084 710; x_wconf 79' lang='lat' dir='ltr'>excipiendum</span> <span class='ocrx_word' id='word_1_124' title='bbox 1119 678 1196 700; x_wconf 87' lang='lat' dir='ltr'>esse</span> 
     </span>
     <span class='ocr_line' id='line_1_16' title="bbox 220 709 1197 755; baseline -0.006 -7"><span class='ocrx_word' id='word_1_125' title='bbox 220 716 392 753; x_wconf 80' lang='lat' dir='ltr'>Messiam,</span> <span class='ocrx_word' id='word_1_126' title='bbox 428 716 512 746; x_wconf 87' lang='lat' dir='ltr'>sicut</span> <span class='ocrx_word' id='word_1_127' title='bbox 536 714 686 755; x_wconf 79' lang='lat' dir='ltr'>hospites</span> <span class='ocrx_word' id='word_1_128' title='bbox 711 711 882 754; x_wconf 77' lang='lat' dir='ltr'>complexu</span> <span class='ocrx_word' id='word_1_129' title='bbox 915 719 947 743; x_wconf 89' lang='lat' dir='ltr'>et</span> <span class='ocrx_word' id='word_1_130' title='bbox 971 709 1088 743; x_wconf 85' lang='lat' dir='ltr'>osculo</span> <span class='ocrx_word' id='word_1_131' title='bbox 1111 712 1197 743; x_wconf 84' lang='lat' dir='ltr'>acci·</span> 
     </span>
     <span class='ocr_line' id='line_1_17' title="bbox 220 755 1198 801; baseline -0.003 -11"><span class='ocrx_word' id='word_1_132' title='bbox 220 760 337 801; x_wconf 87' lang='lat' dir='ltr'>pimus.</span> <span class='ocrx_word' id='word_1_133' title='bbox 382 757 441 789; x_wconf 83' lang='lat' dir='ltr'>Est</span> <span class='ocrx_word' id='word_1_134' title='bbox 465 758 549 789; x_wconf 91' lang='lat' dir='ltr'>enim</span> <span class='ocrx_word' id='word_1_135' title='bbox 572 757 654 788; x_wconf 89' lang='lat' dir='ltr'>haec</span> <span class='ocrx_word' id='word_1_136' title='bbox 677 763 772 787; x_wconf 67' lang='lat' dir='ltr'>retus</span> <span class='ocrx_word' id='word_1_137' title='bbox 796 755 1013 792; x_wconf 77' lang='lat' dir='ltr'>consuetudo,</span> <span class='ocrx_word' id='word_1_138' title='bbox 1045 760 1081 786; x_wconf 84' lang='lat' dir='ltr'>ut</span> <span class='ocrx_word' id='word_1_139' title='bbox 1103 755 1198 787; x_wconf 85' lang='lat' dir='ltr'>amici</span> 
     </span>
     <span class='ocr_line' id='line_1_18' title="bbox 221 796 1198 841; baseline -0.005 -8"><span class='ocrx_word' id='word_1_140' title='bbox 221 813 259 833; x_wconf 85' lang='lat' dir='ltr'>se</span> <span class='ocrx_word' id='word_1_141' title='bbox 289 801 429 833; x_wconf 76' lang='lat' dir='ltr'>invicem</span> <span class='ocrx_word' id='word_1_142' title='bbox 460 799 720 841; x_wconf 82' lang='lat' dir='ltr'>complectantur</span> <span class='ocrx_word' id='word_1_143' title='bbox 753 804 785 830; x_wconf 86' lang='lat' dir='ltr'>et</span> <span class='ocrx_word' id='word_1_144' title='bbox 808 796 1046 829; x_wconf 79' lang='lat' dir='ltr'>exosculentur</span> <span class='ocrx_word' id='word_1_145' title='bbox 1069 807 1107 828; x_wconf 88' lang='lat' dir='ltr'>se</span> <span class='ocrx_word' id='word_1_146' title='bbox 1129 808 1198 829; x_wconf 90' lang='lat' dir='ltr'>mu-</span> 
     </span>
     <span class='ocr_line' id='line_1_19' title="bbox 220 839 1197 885; baseline -0.005 -9"><span class='ocrx_word' id='word_1_147' title='bbox 220 851 289 876; x_wconf 91' lang='lat' dir='ltr'>tuo.</span> <span class='ocrx_word' id='word_1_148' title='bbox 337 842 483 875; x_wconf 85' lang='lat' dir='ltr'>Gallicae</span> <span class='ocrx_word' id='word_1_149' title='bbox 518 849 634 885; x_wconf 80' lang='lat' dir='ltr'>gentes</span> <span class='ocrx_word' id='word_1_150' title='bbox 668 841 778 873; x_wconf 88' lang='lat' dir='ltr'>adhuc</span> <span class='ocrx_word' id='word_1_151' title='bbox 807 839 1049 881; x_wconf 88' lang='lat' dir='ltr'>amplectuntur</span> <span class='ocrx_word' id='word_1_152' title='bbox 1081 850 1130 878; x_wconf 84' lang='lat' dir='ltr'>se,</span> <span class='ocrx_word' id='word_1_153' title='bbox 1165 846 1197 871; x_wconf 86' lang='lat' dir='ltr'>ct</span> 
     </span>
     <span class='ocr_line' id='line_1_20' title="bbox 219 882 1197 926; baseline -0.006 -7"><span class='ocrx_word' id='word_1_154' title='bbox 219 888 344 919; x_wconf 86' lang='lat' dir='ltr'>addunt</span> <span class='ocrx_word' id='word_1_155' title='bbox 363 885 524 918; x_wconf 88' lang='lat' dir='ltr'>osculum.</span> <span class='ocrx_word' id='word_1_156' title='bbox 570 885 668 925; x_wconf 80' lang='lat' dir='ltr'>Apud</span> <span class='ocrx_word' id='word_1_157' title='bbox 691 884 801 926; x_wconf 82' lang='lat' dir='ltr'>Reges</span> <span class='ocrx_word' id='word_1_158' title='bbox 825 889 958 924; x_wconf 88' lang='lat' dir='ltr'>recepta</span> <span class='ocrx_word' id='word_1_159' title='bbox 977 882 1035 914; x_wconf 82' lang='lat' dir='ltr'>suit</span> <span class='ocrx_word' id='word_1_160' title='bbox 1059 893 1197 914; x_wconf 86' lang='lat' dir='ltr'>consue-</span> 
     </span>
     <span class='ocr_line' id='line_1_21' title="bbox 220 926 1198 969; baseline -0.005 -7"><span class='ocrx_word' id='word_1_161' title='bbox 220 930 316 968; x_wconf 84' lang='lat' dir='ltr'>tudo,</span> <span class='ocrx_word' id='word_1_162' title='bbox 350 936 383 960; x_wconf 89' lang='lat' dir='ltr'>ut</span> <span class='ocrx_word' id='word_1_163' title='bbox 406 939 479 960; x_wconf 86' lang='lat' dir='ltr'>cum</span> <span class='ocrx_word' id='word_1_164' title='bbox 497 928 569 960; x_wconf 80' lang='lat' dir='ltr'>Rex</span> <span class='ocrx_word' id='word_1_165' title='bbox 598 927 772 969; x_wconf 81' lang='lat' dir='ltr'>praeberet</span> <span class='ocrx_word' id='word_1_166' title='bbox 801 937 948 964; x_wconf 89' lang='lat' dir='ltr'>manum,</span> <span class='ocrx_word' id='word_1_167' title='bbox 982 926 1198 958; x_wconf 70' lang='lat' dir='ltr'>subditiuum</span> 
     </span>
     <span class='ocr_line' id='line_1_22' title="bbox 220 968 1196 1015; baseline -0.003 -11"><span class='ocrx_word' id='word_1_168' title='bbox 220 972 462 1015; x_wconf 67' lang='lat' dir='ltr'>significatione</span> <span class='ocrx_word' id='word_1_169' title='bbox 484 970 687 1003; x_wconf 81' lang='lat' dir='ltr'>reverentiae</span> <span class='ocrx_word' id='word_1_170' title='bbox 710 968 942 1001; x_wconf 82' lang='lat' dir='ltr'>oscularentur</span> <span class='ocrx_word' id='word_1_171' title='bbox 964 978 1044 1000; x_wconf 86' lang='lat' dir='ltr'>suas</span> <span class='ocrx_word' id='word_1_172' title='bbox 1070 979 1196 1001; x_wconf 67' lang='lat' dir='ltr'>manus</span> 
     </span>
     <span class='ocr_line' id='line_1_23' title="bbox 220 1011 1197 1054; baseline -0.004 -7"><span class='ocrx_word' id='word_1_173' title='bbox 220 1014 450 1048; x_wconf 71' lang='lat' dir='ltr'>Diocletianus</span> <span class='ocrx_word' id='word_1_174' title='bbox 474 1014 608 1045; x_wconf 74' lang='lat' dir='ltr'>instituit</span> <span class='ocrx_word' id='word_1_175' title='bbox 631 1014 766 1053; x_wconf 87' lang='lat' dir='ltr'>primus,</span> <span class='ocrx_word' id='word_1_176' title='bbox 790 1019 826 1044; x_wconf 90' lang='lat' dir='ltr'>ut</span> <span class='ocrx_word' id='word_1_177' title='bbox 844 1011 1066 1053; x_wconf 77' lang='lat' dir='ltr'>provinciales</span> <span class='ocrx_word' id='word_1_178' title='bbox 1090 1013 1120 1044; x_wconf 92' lang='lat' dir='ltr'>ei</span> <span class='ocrx_word' id='word_1_179' title='bbox 1142 1022 1197 1054; x_wconf 87' lang='lat' dir='ltr'>pe·</span> 
     </span>
     <span class='ocr_line' id='line_1_24' title="bbox 221 1055 1036 1098; baseline -0.006 -8"><span class='ocrx_word' id='word_1_180' title='bbox 221 1059 280 1090; x_wconf 90' lang='lat' dir='ltr'>des</span> <span class='ocrx_word' id='word_1_181' title='bbox 305 1057 547 1095; x_wconf 78' lang='lat' dir='ltr'>oscularentur,</span> <span class='ocrx_word' id='word_1_182' title='bbox 570 1057 658 1098; x_wconf 86' lang='lat' dir='ltr'>quod</span> <span class='ocrx_word' id='word_1_183' title='bbox 678 1055 789 1096; x_wconf 84' lang='lat' dir='ltr'>Papae</span> <span class='ocrx_word' id='word_1_184' title='bbox 813 1055 925 1086; x_wconf 83' lang='lat' dir='ltr'>imitati</span> <span class='ocrx_word' id='word_1_185' title='bbox 949 1061 1036 1086; x_wconf 86' lang='lat' dir='ltr'>sunt.</span> 
     </span>
    </p>

    <p class='ocr_par' dir='ltr' id='par_1_9' title="bbox 219 1097 1201 2076">
     <span class='ocr_line' id='line_1_25' title="bbox 306 1097 1198 1140; baseline -0.002 -9"><span class='ocrx_word' id='word_1_186' title='bbox 306 1100 377 1132; x_wconf 85' lang='lat' dir='ltr'>Fuit</span> <span class='ocrx_word' id='word_1_187' title='bbox 400 1107 431 1131; x_wconf 87' lang='lat' dir='ltr'>et</span> <span class='ocrx_word' id='word_1_188' title='bbox 454 1099 538 1131; x_wconf 81' lang='lat' dir='ltr'>alius</span> <span class='ocrx_word' id='word_1_189' title='bbox 562 1109 653 1137; x_wconf 93' lang='lat' dir='ltr'>mos,</span> <span class='ocrx_word' id='word_1_190' title='bbox 688 1099 741 1140; x_wconf 91' lang='lat' dir='ltr'>qui</span> <span class='ocrx_word' id='word_1_191' title='bbox 765 1097 852 1129; x_wconf 86' lang='lat' dir='ltr'>haud</span> <span class='ocrx_word' id='word_1_192' title='bbox 876 1098 973 1130; x_wconf 88' lang='lat' dir='ltr'>dubie</span> <span class='ocrx_word' id='word_1_193' title='bbox 997 1104 1090 1129; x_wconf 83' lang='lat' dir='ltr'>ortus</span> <span class='ocrx_word' id='word_1_194' title='bbox 1112 1103 1161 1129; x_wconf 84' lang='lat' dir='ltr'>est</span> <span class='ocrx_word' id='word_1_195' title='bbox 1178 1108 1198 1129; x_wconf 84' lang='lat' dir='ltr'>a</span> 
     </span>
     <span class='ocr_line' id='line_1_26' title="bbox 220 1139 1198 1186; baseline -0.003 -11"><span class='ocrx_word' id='word_1_196' title='bbox 220 1144 383 1186; x_wconf 78' lang='lat' dir='ltr'>pan-ibus,</span> <span class='ocrx_word' id='word_1_197' title='bbox 408 1150 441 1174; x_wconf 90' lang='lat' dir='ltr'>ut</span> <span class='ocrx_word' id='word_1_198' title='bbox 466 1141 634 1184; x_wconf 82' lang='lat' dir='ltr'>supplices</span> <span class='ocrx_word' id='word_1_199' title='bbox 658 1139 932 1173; x_wconf 81' lang='lat' dir='ltr'>exoscularentur</span> <span class='ocrx_word' id='word_1_200' title='bbox 945 1150 1062 1183; x_wconf 85' lang='lat' dir='ltr'>genua.</span> <span class='ocrx_word' id='word_1_201' title='bbox 1108 1141 1198 1172; x_wconf 90' lang='lat' dir='ltr'>lace-</span> 
     </span>
     <span class='ocr_line' id='line_1_27' title="bbox 221 1182 1197 1227; baseline -0.004 -9"><span class='ocrx_word' id='word_1_202' title='bbox 221 1188 299 1218; x_wconf 88' lang='lat' dir='ltr'>bant</span> <span class='ocrx_word' id='word_1_203' title='bbox 335 1186 419 1217; x_wconf 89' lang='lat' dir='ltr'>enim</span> <span class='ocrx_word' id='word_1_204' title='bbox 452 1185 612 1227; x_wconf 79' lang='lat' dir='ltr'>prostrati</span> <span class='ocrx_word' id='word_1_205' title='bbox 648 1195 759 1216; x_wconf 85' lang='lat' dir='ltr'>coram</span> <span class='ocrx_word' id='word_1_206' title='bbox 793 1194 844 1222; x_wconf 85' lang='lat' dir='ltr'>eo,</span> <span class='ocrx_word' id='word_1_207' title='bbox 880 1184 931 1216; x_wconf 86' lang='lat' dir='ltr'>cui</span> <span class='ocrx_word' id='word_1_208' title='bbox 955 1182 1197 1225; x_wconf 83' lang='lat' dir='ltr'>supplicabant.</span> 
     </span>
     <span class='ocr_line' id='line_1_28' title="bbox 221 1224 1199 1268; baseline -0.003 -8"><span class='ocrx_word' id='word_1_209' title='bbox 221 1229 384 1260; x_wconf 88' lang='lat' dir='ltr'>Graecum</span> <span class='ocrx_word' id='word_1_210' title='bbox 407 1229 544 1260; x_wconf 83' lang='lat' dir='ltr'>verbum</span> <span class='ocrx_word' id='word_1_211' title='bbox 566 1230 801 1268; x_wconf 74' lang='grc' dir='ltr'><em>προςκυνεΐσθαι</em></span> <span class='ocrx_word' id='word_1_212' title='bbox 820 1233 870 1258; x_wconf 75' lang='lat' dir='ltr'>est</span> <span class='ocrx_word' id='word_1_213' title='bbox 887 1237 907 1257; x_wconf 91' lang='lat' dir='ltr'>a</span> <span class='ocrx_word' id='word_1_214' title='bbox 930 1224 998 1266; x_wconf 71' lang='grc' dir='ltr'>γόνυ</span> <span class='ocrx_word' id='word_1_215' title='bbox 1022 1237 1121 1268; x_wconf 74' lang='lat' dir='ltr'>genu,</span> <span class='ocrx_word' id='word_1_216' title='bbox 1145 1224 1199 1258; x_wconf 86' lang='lat' dir='ltr'>vel</span> 
     </span>
     <span class='ocr_line' id='line_1_29' title="bbox 219 1269 1200 1313; baseline -0.003 -10"><span class='ocrx_word' id='word_1_217' title='bbox 219 1273 321 1308; x_wconf 69' lang='grc' dir='ltr'>κεῖσαι,</span> <span class='ocrx_word' id='word_1_218' title='bbox 342 1271 429 1313; x_wconf 88' lang='lat' dir='ltr'>quod</span> <span class='ocrx_word' id='word_1_219' title='bbox 454 1270 618 1312; x_wconf 75' lang='lat' dir='ltr'>significat</span> <span class='ocrx_word' id='word_1_220' title='bbox 642 1271 741 1309; x_wconf 66' lang='lat' dir='ltr'>niffen.</span> <span class='ocrx_word' id='word_1_221' title='bbox 775 1270 874 1311; x_wconf 84' lang='lat' dir='ltr'>Apud</span> <span class='ocrx_word' id='word_1_222' title='bbox 894 1269 1073 1301; x_wconf 82' lang='lat' dir='ltr'>Homerum</span> <span class='ocrx_word' id='word_1_223' title='bbox 1097 1279 1200 1310; x_wconf 80' lang='lat' dir='ltr'>saepe</span> 
     </span>
     <span class='ocr_line' id='line_1_30' title="bbox 220 1312 1199 1355; baseline -0.003 -9"><span class='ocrx_word' id='word_1_224' title='bbox 220 1322 271 1346; x_wconf 86' lang='lat' dir='ltr'>est</span> <span class='ocrx_word' id='word_1_225' title='bbox 294 1313 350 1346; x_wconf 83' lang='lat' dir='ltr'>illa</span> <span class='ocrx_word' id='word_1_226' title='bbox 368 1313 500 1355; x_wconf 81' lang='lat' dir='ltr'>phrasis</span> <span class='ocrx_word' id='word_1_227' title='bbox 534 1315 625 1344; x_wconf 78' lang='grc' dir='ltr'><em>ταῦτα</em></span> <span class='ocrx_word' id='word_1_228' title='bbox 643 1316 672 1344; x_wconf 75' lang='grc' dir='ltr'>ἐν</span> <span class='ocrx_word' id='word_1_229' title='bbox 690 1313 815 1352; x_wconf 67' lang='grc' dir='ltr'>γούνασι</span> <span class='ocrx_word' id='word_1_230' title='bbox 838 1313 922 1343; x_wconf 73' lang='grc' dir='ltr'>θεῶν</span> <span class='ocrx_word' id='word_1_231' title='bbox 939 1316 1050 1351; x_wconf 77' lang='grc' dir='ltr'>κεῖται,</span> <span class='ocrx_word' id='word_1_232' title='bbox 1081 1312 1114 1344; x_wconf 84' lang='lat' dir='ltr'>itl</span> <span class='ocrx_word' id='word_1_233' title='bbox 1136 1318 1199 1350; x_wconf 80' lang='lat' dir='ltr'>est,</span> 
     </span>
     <span class='ocr_line' id='line_1_31' title="bbox 220 1355 1198 1398; baseline -0.002 -10"><span class='ocrx_word' id='word_1_234' title='bbox 220 1356 276 1389; x_wconf 91' lang='lat' dir='ltr'>illa</span> <span class='ocrx_word' id='word_1_235' title='bbox 300 1357 439 1398; x_wconf 89' lang='lat' dir='ltr'>petenda</span> <span class='ocrx_word' id='word_1_236' title='bbox 461 1363 538 1388; x_wconf 92' lang='lat' dir='ltr'>sunt</span> <span class='ocrx_word' id='word_1_237' title='bbox 559 1355 752 1398; x_wconf 89' lang='lat' dir='ltr'>suppliciter</span> <span class='ocrx_word' id='word_1_238' title='bbox 773 1366 793 1387; x_wconf 88' lang='lat' dir='ltr'>a</span> <span class='ocrx_word' id='word_1_239' title='bbox 816 1356 902 1387; x_wconf 79' lang='lat' dir='ltr'>Deo.</span> <span class='ocrx_word' id='word_1_240' title='bbox 932 1355 1045 1387; x_wconf 88' lang='lat' dir='ltr'>Posita</span> <span class='ocrx_word' id='word_1_241' title='bbox 1067 1360 1144 1387; x_wconf 90' lang='lat' dir='ltr'>sunt</span> <span class='ocrx_word' id='word_1_242' title='bbox 1167 1356 1198 1386; x_wconf 92' lang='lat' dir='ltr'>in</span> 
     </span>
     <span class='ocr_line' id='line_1_32' title="bbox 221 1398 1199 1443; baseline -0.003 -11"><span class='ocrx_word' id='word_1_243' title='bbox 221 1401 361 1443; x_wconf 81' lang='lat' dir='ltr'>genibus</span> <span class='ocrx_word' id='word_1_244' title='bbox 383 1398 544 1431; x_wconf 91' lang='lat' dir='ltr'>Deorum.</span> <span class='ocrx_word' id='word_1_245' title='bbox 601 1399 694 1431; x_wconf 78' lang='lat' dir='ltr'>Deus</span> <span class='ocrx_word' id='word_1_246' title='bbox 719 1399 865 1430; x_wconf 84' lang='lat' dir='ltr'>orandus</span> <span class='ocrx_word' id='word_1_247' title='bbox 888 1405 956 1436; x_wconf 88' lang='lat' dir='ltr'>est,</span> <span class='ocrx_word' id='word_1_248' title='bbox 985 1404 1021 1430; x_wconf 91' lang='lat' dir='ltr'>ut</span> <span class='ocrx_word' id='word_1_249' title='bbox 1044 1398 1199 1429; x_wconf 86' lang='lat' dir='ltr'>miserea-</span> 
     </span>
     <span class='ocr_line' id='line_1_33' title="bbox 219 1440 1200 1484; baseline -0.002 -10"><span class='ocrx_word' id='word_1_250' title='bbox 219 1449 273 1475; x_wconf 89' lang='lat' dir='ltr'>tur</span> <span class='ocrx_word' id='word_1_251' title='bbox 295 1443 412 1480; x_wconf 83' lang='lat' dir='ltr'>nostri,</span> <span class='ocrx_word' id='word_1_252' title='bbox 435 1449 590 1483; x_wconf 84' lang='lat' dir='ltr'>tanquam</span> <span class='ocrx_word' id='word_1_253' title='bbox 612 1440 809 1484; x_wconf 83' lang='lat' dir='ltr'>supplicum.</span> <span class='ocrx_word' id='word_1_254' title='bbox 838 1441 911 1472; x_wconf 87' lang='lat' dir='ltr'>Fuit</span> <span class='ocrx_word' id='word_1_255' title='bbox 933 1447 1042 1473; x_wconf 91' lang='lat' dir='ltr'>autem</span> <span class='ocrx_word' id='word_1_256' title='bbox 1066 1441 1200 1473; x_wconf 83' lang='lat' dir='ltr'>ethaeo</span> 
     </span>
     <span class='ocr_line' id='line_1_34' title="bbox 221 1482 1198 1526; baseline -0.003 -9"><span class='ocrx_word' id='word_1_257' title='bbox 221 1485 430 1517; x_wconf 86' lang='lat' dir='ltr'>consuetudo</span> <span class='ocrx_word' id='word_1_258' title='bbox 469 1483 672 1526; x_wconf 84' lang='lat' dir='ltr'>supplicum,</span> <span class='ocrx_word' id='word_1_259' title='bbox 716 1490 752 1515; x_wconf 90' lang='lat' dir='ltr'>ut</span> <span class='ocrx_word' id='word_1_260' title='bbox 793 1490 941 1515; x_wconf 88' lang='lat' dir='ltr'>tenerent</span> <span class='ocrx_word' id='word_1_261' title='bbox 981 1482 1083 1515; x_wconf 87' lang='lat' dir='ltr'>filium</span> <span class='ocrx_word' id='word_1_262' title='bbox 1117 1484 1198 1519; x_wconf 79' lang='lat' dir='ltr'>eius,</span> 
     </span>
     <span class='ocr_line' id='line_1_35' title="bbox 221 1527 1198 1571; baseline -0.003 -11"><span class='ocrx_word' id='word_1_263' title='bbox 221 1538 317 1571; x_wconf 87' lang='lat' dir='ltr'>quem</span> <span class='ocrx_word' id='word_1_264' title='bbox 351 1528 492 1559; x_wconf 87' lang='lat' dir='ltr'>orabant</span> <span class='ocrx_word' id='word_1_265' title='bbox 527 1533 559 1558; x_wconf 88' lang='lat' dir='ltr'>et</span> <span class='ocrx_word' id='word_1_266' title='bbox 593 1536 653 1568; x_wconf 85' lang='lat' dir='ltr'>per</span> <span class='ocrx_word' id='word_1_267' title='bbox 686 1536 760 1558; x_wconf 92' lang='lat' dir='ltr'>eum</span> <span class='ocrx_word' id='word_1_268' title='bbox 794 1527 1038 1558; x_wconf 83' lang='lat' dir='ltr'>obtestarentur</span> <span class='ocrx_word' id='word_1_269' title='bbox 1060 1532 1198 1567; x_wconf 90' lang='lat' dir='ltr'>patrem.</span> 
     </span>
     <span class='ocr_line' id='line_1_36' title="bbox 219 1569 1196 1612; baseline -0.003 -9"><span class='ocrx_word' id='word_1_270' title='bbox 219 1571 312 1604; x_wconf 87' lang='lat' dir='ltr'>Haec</span> <span class='ocrx_word' id='word_1_271' title='bbox 335 1577 385 1602; x_wconf 81' lang='lat' dir='ltr'>est</span> <span class='ocrx_word' id='word_1_272' title='bbox 407 1569 546 1612; x_wconf 87' lang='lat' dir='ltr'>pulchra</span> <span class='ocrx_word' id='word_1_273' title='bbox 569 1570 678 1612; x_wconf 88' lang='lat' dir='ltr'>imago</span> <span class='ocrx_word' id='word_1_274' title='bbox 701 1569 791 1601; x_wconf 88' lang='lat' dir='ltr'>haud</span> <span class='ocrx_word' id='word_1_275' title='bbox 820 1569 917 1601; x_wconf 81' lang='lat' dir='ltr'>dubie</span> <span class='ocrx_word' id='word_1_276' title='bbox 947 1575 1077 1611; x_wconf 86' lang='lat' dir='ltr'>sumpta</span> <span class='ocrx_word' id='word_1_277' title='bbox 1101 1580 1120 1600; x_wconf 86' lang='lat' dir='ltr'>a</span> <span class='ocrx_word' id='word_1_278' title='bbox 1139 1579 1196 1610; x_wconf 90' lang='lat' dir='ltr'>pa-</span> 
     </span>
     <span class='ocr_line' id='line_1_37' title="bbox 221 1611 1200 1646; baseline -0.002 0"><span class='ocrx_word' id='word_1_279' title='bbox 221 1615 336 1646; x_wconf 88' lang='lat' dir='ltr'>tribus.</span> <span class='ocrx_word' id='word_1_280' title='bbox 402 1611 601 1644; x_wconf 84' lang='lat' dir='ltr'>Plutarchus</span> <span class='ocrx_word' id='word_1_281' title='bbox 624 1618 739 1644; x_wconf 87' lang='lat' dir='ltr'>narrat</span> <span class='ocrx_word' id='word_1_282' title='bbox 757 1612 798 1643; x_wconf 91' lang='lat' dir='ltr'>de</span> <span class='ocrx_word' id='word_1_283' title='bbox 820 1611 1056 1644; x_wconf 84' lang='lat' dir='ltr'>Themistocle.</span> <span class='ocrx_word' id='word_1_284' title='bbox 1117 1611 1200 1644; x_wconf 90' lang='lat' dir='ltr'>Cum</span> 
     </span>
     <span class='ocr_line' id='line_1_38' title="bbox 219 1654 1200 1698; baseline -0.003 -9"><span class='ocrx_word' id='word_1_285' title='bbox 219 1658 367 1689; x_wconf 63' lang='lat' dir='ltr'>venisset</span> <span class='ocrx_word' id='word_1_286' title='bbox 389 1656 431 1688; x_wconf 86' lang='lat' dir='ltr'>ad</span> <span class='ocrx_word' id='word_1_287' title='bbox 452 1655 579 1698; x_wconf 82' lang='lat' dir='ltr'>Regem</span> <span class='ocrx_word' id='word_1_288' title='bbox 604 1654 845 1694; x_wconf 77' lang='lat' dir='ltr'>Molossorum,</span> <span class='ocrx_word' id='word_1_289' title='bbox 877 1655 930 1688; x_wconf 90' lang='lat' dir='ltr'>cui</span> <span class='ocrx_word' id='word_1_290' title='bbox 952 1654 1059 1687; x_wconf 83' lang='lat' dir='ltr'>fuerat</span> <span class='ocrx_word' id='word_1_291' title='bbox 1081 1654 1200 1694; x_wconf 87' lang='lat' dir='ltr'>hostis,</span> 
     </span>
     <span class='ocr_line' id='line_1_39' title="bbox 221 1697 1198 1741; baseline -0.002 -10"><span class='ocrx_word' id='word_1_292' title='bbox 221 1701 301 1732; x_wconf 81' lang='lat' dir='ltr'>dixit</span> <span class='ocrx_word' id='word_1_293' title='bbox 324 1700 353 1731; x_wconf 91' lang='lat' dir='ltr'>ei</span> <span class='ocrx_word' id='word_1_294' title='bbox 375 1699 516 1741; x_wconf 86' lang='lat' dir='ltr'>Regina,</span> <span class='ocrx_word' id='word_1_295' title='bbox 538 1705 584 1737; x_wconf 89' lang='lat' dir='ltr'>ut,</span> <span class='ocrx_word' id='word_1_296' title='bbox 607 1699 635 1730; x_wconf 88' lang='lat' dir='ltr'>si</span> <span class='ocrx_word' id='word_1_297' title='bbox 659 1697 761 1730; x_wconf 75' lang='lat' dir='ltr'>vellet</span> <span class='ocrx_word' id='word_1_298' title='bbox 783 1699 873 1740; x_wconf 85' lang='lat' dir='ltr'>regi,</span> <span class='ocrx_word' id='word_1_299' title='bbox 902 1700 957 1740; x_wconf 89' lang='lat' dir='ltr'>qui</span> <span class='ocrx_word' id='word_1_300' title='bbox 980 1705 1049 1731; x_wconf 88' lang='lat' dir='ltr'>tum</span> <span class='ocrx_word' id='word_1_301' title='bbox 1071 1699 1198 1730; x_wconf 87' lang='lat' dir='ltr'>aberat:</span> 
     </span>
     <span class='ocr_line' id='line_1_40' title="bbox 220 1741 1199 1784; baseline -0.001 -10"><span class='ocrx_word' id='word_1_302' title='bbox 220 1743 291 1775; x_wconf 87' lang='lat' dir='ltr'>ficri</span> <span class='ocrx_word' id='word_1_303' title='bbox 314 1741 466 1784; x_wconf 75' lang='lat' dir='ltr'>supplex,</span> <span class='ocrx_word' id='word_1_304' title='bbox 489 1742 721 1783; x_wconf 87' lang='lat' dir='ltr'>procumberet</span> <span class='ocrx_word' id='word_1_305' title='bbox 741 1741 784 1773; x_wconf 86' lang='lat' dir='ltr'>ad</span> <span class='ocrx_word' id='word_1_306' title='bbox 804 1751 906 1780; x_wconf 88' lang='lat' dir='ltr'>aram,</span> <span class='ocrx_word' id='word_1_307' title='bbox 925 1743 1066 1782; x_wconf 85' lang='lat' dir='ltr'>positam</span> <span class='ocrx_word' id='word_1_308' title='bbox 1089 1742 1122 1773; x_wconf 86' lang='lat' dir='ltr'>in</span> <span class='ocrx_word' id='word_1_309' title='bbox 1145 1751 1199 1773; x_wconf 78' lang='lat' dir='ltr'>ve-</span> 
     </span>
     <span class='ocr_line' id='line_1_41' title="bbox 222 1783 1200 1826; baseline -0.002 -9"><span class='ocrx_word' id='word_1_310' title='bbox 222 1784 346 1817; x_wconf 74' lang='lat' dir='ltr'>stibulo</span> <span class='ocrx_word' id='word_1_311' title='bbox 370 1783 484 1816; x_wconf 87' lang='lat' dir='ltr'>aulae:</span> <span class='ocrx_word' id='word_1_312' title='bbox 509 1784 554 1816; x_wconf 91' lang='lat' dir='ltr'>Se</span> <span class='ocrx_word' id='word_1_313' title='bbox 577 1785 798 1826; x_wconf 87' lang='lat' dir='ltr'>praebituram</span> <span class='ocrx_word' id='word_1_314' title='bbox 820 1795 959 1826; x_wconf 80' lang='lat' dir='ltr'>parvum</span> <span class='ocrx_word' id='word_1_315' title='bbox 984 1783 1137 1822; x_wconf 82' lang='lat' dir='ltr'>filiolum,</span> <span class='ocrx_word' id='word_1_316' title='bbox 1166 1790 1200 1815; x_wconf 88' lang='lat' dir='ltr'>ut</span> 
     </span>
     <span class='ocr_line' id='line_1_42' title="bbox 220 1827 1200 1871; baseline -0.003 -10"><span class='ocrx_word' id='word_1_317' title='bbox 220 1828 347 1871; x_wconf 85' lang='lat' dir='ltr'>Regem</span> <span class='ocrx_word' id='word_1_318' title='bbox 370 1828 618 1869; x_wconf 82' lang='lat' dir='ltr'>ingredientem,</span> <span class='ocrx_word' id='word_1_319' title='bbox 652 1838 711 1869; x_wconf 89' lang='lat' dir='ltr'>per</span> <span class='ocrx_word' id='word_1_320' title='bbox 734 1838 806 1859; x_wconf 89' lang='lat' dir='ltr'>eum</span> <span class='ocrx_word' id='word_1_321' title='bbox 830 1829 1066 1865; x_wconf 87' lang='lat' dir='ltr'>obtestaretur,</span> <span class='ocrx_word' id='word_1_322' title='bbox 1101 1834 1133 1858; x_wconf 92' lang='lat' dir='ltr'>et</span> <span class='ocrx_word' id='word_1_323' title='bbox 1156 1827 1200 1858; x_wconf 91' lang='lat' dir='ltr'>ad</span> 
     </span>
     <span class='ocr_line' id='line_1_43' title="bbox 220 1869 1200 1913; baseline -0.002 -10"><span class='ocrx_word' id='word_1_324' title='bbox 220 1871 480 1903; x_wconf 86' lang='lat' dir='ltr'>misericordiam</span> <span class='ocrx_word' id='word_1_325' title='bbox 506 1870 666 1909; x_wconf 72' lang='lat' dir='ltr'>flecteret,</span> <span class='ocrx_word' id='word_1_326' title='bbox 689 1881 754 1913; x_wconf 85' lang='lat' dir='ltr'>quo</span> <span class='ocrx_word' id='word_1_327' title='bbox 777 1869 906 1912; x_wconf 80' lang='lat' dir='ltr'>pulsum</span> <span class='ocrx_word' id='word_1_328' title='bbox 935 1881 974 1902; x_wconf 81' lang='lat' dir='ltr'>ex</span> <span class='ocrx_word' id='word_1_329' title='bbox 1004 1877 1071 1902; x_wconf 89' lang='lat' dir='ltr'>tota</span> <span class='ocrx_word' id='word_1_330' title='bbox 1095 1870 1200 1902; x_wconf 82' lang='lat' dir='ltr'>Grae·</span> 
     </span>
     <span class='ocr_line' id='line_1_44' title="bbox 223 1912 1200 1955; baseline -0.002 -9"><span class='ocrx_word' id='word_1_331' title='bbox 223 1915 274 1946; x_wconf 90' lang='lat' dir='ltr'>cia</span> <span class='ocrx_word' id='word_1_332' title='bbox 292 1914 457 1954; x_wconf 89' lang='lat' dir='ltr'>reciperet</span> <span class='ocrx_word' id='word_1_333' title='bbox 479 1924 520 1945; x_wconf 86' lang='lat' dir='ltr'>ac</span> <span class='ocrx_word' id='word_1_334' title='bbox 543 1912 744 1946; x_wconf 82' lang='lat' dir='ltr'>defenderet.</span> <span class='ocrx_word' id='word_1_335' title='bbox 790 1913 837 1944; x_wconf 91' lang='lat' dir='ltr'>lta</span> <span class='ocrx_word' id='word_1_336' title='bbox 860 1924 922 1944; x_wconf 88' lang='lat' dir='ltr'>nos</span> <span class='ocrx_word' id='word_1_337' title='bbox 945 1913 1200 1955; x_wconf 69' lang='lat' dir='ltr'>procumbamus</span> 
     </span>
     <span class='ocr_line' id='line_1_45' title="bbox 222 1955 1201 1998; baseline -0.002 -9"><span class='ocrx_word' id='word_1_338' title='bbox 222 1968 336 1989; x_wconf 92' lang='lat' dir='ltr'>coram</span> <span class='ocrx_word' id='word_1_339' title='bbox 371 1955 457 1995; x_wconf 78' lang='lat' dir='ltr'>Deo,</span> <span class='ocrx_word' id='word_1_340' title='bbox 492 1955 681 1989; x_wconf 83' lang='lat' dir='ltr'>osculemur</span> <span class='ocrx_word' id='word_1_341' title='bbox 704 1967 812 1998; x_wconf 87' lang='lat' dir='ltr'>genua</span> <span class='ocrx_word' id='word_1_342' title='bbox 835 1956 951 1997; x_wconf 81' lang='lat' dir='ltr'>patris,</span> <span class='ocrx_word' id='word_1_343' title='bbox 985 1962 1017 1988; x_wconf 88' lang='lat' dir='ltr'>et</span> <span class='ocrx_word' id='word_1_344' title='bbox 1041 1963 1201 1988; x_wconf 87' lang='lat' dir='ltr'>monstre-</span> 
     </span>
     <span class='ocr_line' id='line_1_46' title="bbox 221 1999 1201 2042; baseline -0.002 -10"><span class='ocrx_word' id='word_1_345' title='bbox 221 2011 294 2033; x_wconf 79' lang='lat' dir='ltr'>mus</span> <span class='ocrx_word' id='word_1_346' title='bbox 318 2001 347 2031; x_wconf 89' lang='lat' dir='ltr'>ei</span> <span class='ocrx_word' id='word_1_347' title='bbox 382 1999 495 2038; x_wconf 83' lang='lat' dir='ltr'>lilium,</span> <span class='ocrx_word' id='word_1_348' title='bbox 531 2006 562 2031; x_wconf 89' lang='lat' dir='ltr'>et</span> <span class='ocrx_word' id='word_1_349' title='bbox 585 2007 748 2042; x_wconf 82' lang='lat' dir='ltr'>petamus,</span> <span class='ocrx_word' id='word_1_350' title='bbox 783 2007 816 2030; x_wconf 92' lang='lat' dir='ltr'>ut</span> <span class='ocrx_word' id='word_1_351' title='bbox 840 2006 975 2041; x_wconf 90' lang='lat' dir='ltr'>propter</span> <span class='ocrx_word' id='word_1_352' title='bbox 1000 2009 1073 2031; x_wconf 89' lang='lat' dir='ltr'>eum</span> <span class='ocrx_word' id='word_1_353' title='bbox 1096 1999 1201 2031; x_wconf 89' lang='lat' dir='ltr'>nostri</span> 
     </span>
     <span class='ocr_line' id='line_1_47' title="bbox 222 2044 427 2076; baseline -0.015 0"><span class='ocrx_word' id='word_1_354' title='bbox 222 2044 427 2076; x_wconf 69' lang='lat' dir='ltr'>misereatur.</span> 
     </span>
    </p>

    <p class='ocr_par' dir='ltr' id='par_1_10' title="bbox 222 2084 1203 2205">
     <span class='ocr_line' id='line_1_48' title="bbox 307 2084 1203 2127; baseline -0.001 -10"><span class='ocrx_word' id='word_1_355' title='bbox 307 2084 407 2117; x_wconf 85' lang='lat' dir='ltr'>Tales</span> <span class='ocrx_word' id='word_1_356' title='bbox 431 2085 590 2127; x_wconf 83' lang='lat' dir='ltr'>imagines</span> <span class='ocrx_word' id='word_1_357' title='bbox 614 2086 836 2126; x_wconf 84' lang='lat' dir='ltr'>imprimamus</span> <span class='ocrx_word' id='word_1_358' title='bbox 859 2086 992 2124; x_wconf 85' lang='lat' dir='ltr'>animis,</span> <span class='ocrx_word' id='word_1_359' title='bbox 1028 2085 1103 2127; x_wconf 88' lang='lat' dir='ltr'>quia</span> <span class='ocrx_word' id='word_1_360' title='bbox 1126 2092 1203 2116; x_wconf 88' lang='lat' dir='ltr'>sunt</span> 
     </span>
     <span class='ocr_line' id='line_1_49' title="bbox 222 2127 1203 2172; baseline 0 -12"><span class='ocrx_word' id='word_1_361' title='bbox 222 2129 441 2172; x_wconf 79' lang='lat' dir='ltr'>gravissimae</span> <span class='ocrx_word' id='word_1_362' title='bbox 465 2127 813 2166; x_wconf 80' lang='lat' dir='ltr'>commonefactiones,</span> <span class='ocrx_word' id='word_1_363' title='bbox 836 2135 867 2159; x_wconf 90' lang='lat' dir='ltr'>et</span> <span class='ocrx_word' id='word_1_364' title='bbox 890 2127 1024 2161; x_wconf 87' lang='lat' dir='ltr'>multum</span> <span class='ocrx_word' id='word_1_365' title='bbox 1038 2129 1203 2160; x_wconf 83' lang='lat' dir='ltr'>doctrina-</span> 
     </span>
     <span class='ocr_line' id='line_1_50' title="bbox 223 2172 497 2205; baseline -0.004 -2"><span class='ocrx_word' id='word_1_366' title='bbox 223 2183 293 2205; x_wconf 85' lang='lat' dir='ltr'>rum</span> <span class='ocrx_word' id='word_1_367' title='bbox 318 2172 497 2203; x_wconf 87' lang='lat' dir='ltr'>continent.</span> 
     </span>
    </p>

    <p class='ocr_par' dir='ltr' id='par_1_11' title="bbox 222 2212 1203 2386">
     <span class='ocr_line' id='line_1_51' title="bbox 307 2212 1201 2256; baseline -0.001 -11"><span class='ocrx_word' id='word_1_368' title='bbox 307 2214 356 2245; x_wconf 81' lang='lat' dir='ltr'>Ex</span> <span class='ocrx_word' id='word_1_369' title='bbox 380 2213 522 2245; x_wconf 76' lang='lat' dir='ltr'>Psalmis</span> <span class='ocrx_word' id='word_1_370' title='bbox 545 2214 765 2256; x_wconf 75' lang='lat' dir='ltr'>adiungantur</span> <span class='ocrx_word' id='word_1_371' title='bbox 788 2220 819 2245; x_wconf 87' lang='lat' dir='ltr'>et</span> <span class='ocrx_word' id='word_1_372' title='bbox 849 2212 912 2245; x_wconf 82' lang='lat' dir='ltr'>alin</span> <span class='ocrx_word' id='word_1_373' title='bbox 939 2214 1142 2252; x_wconf 78' lang='lat' dir='ltr'>testimonia,</span> <span class='ocrx_word' id='word_1_374' title='bbox 1170 2221 1201 2245; x_wconf 90' lang='lat' dir='ltr'>ut</span> 
     </span>
     <span class='ocr_line' id='line_1_52' title="bbox 222 2255 1203 2298; baseline -0.001 -9"><span class='ocrx_word' id='word_1_375' title='bbox 222 2256 375 2289; x_wconf 71' lang='lat' dir='ltr'>psalmus</span> <span class='ocrx_word' id='word_1_376' title='bbox 406 2257 458 2288; x_wconf 70' lang='lat'>45.</span> <span class='ocrx_word' id='word_1_377' title='bbox 514 2257 544 2288; x_wconf 89' lang='lat' dir='ltr'>ui</span> <span class='ocrx_word' id='word_1_378' title='bbox 574 2263 625 2289; x_wconf 75' lang='lat' dir='ltr'>est</span> <span class='ocrx_word' id='word_1_379' title='bbox 655 2255 863 2298; x_wconf 72' lang='lat' dir='ltr'>splendidum</span> <span class='ocrx_word' id='word_1_380' title='bbox 900 2255 1137 2298; x_wconf 85' lang='lat' dir='ltr'>Epithalatnion</span> <span class='ocrx_word' id='word_1_381' title='bbox 1163 2258 1203 2288; x_wconf 77' lang='lat' dir='ltr'>tle</span> 
     </span>
     <span class='ocr_line' id='line_1_53' title="bbox 223 2269 1202 2337; baseline -0.001 -5"><span class='ocrx_word' id='word_1_382' title='bbox 223 2301 360 2337; x_wconf 58' lang='lat' dir='ltr'>Massia,</span> <span class='ocrx_word' id='word_1_383' title='bbox 383 2308 413 2331; x_wconf 90' lang='lat' dir='ltr'>et</span> <span class='ocrx_word' id='word_1_384' title='bbox 441 2269 593 2331; x_wconf 56' lang='lat' dir='ltr'>l‘stilimus</span> <span class='ocrx_word' id='word_1_385' title='bbox 623 2300 674 2330; x_wconf 77' lang='grc'><strong>7-2.</strong></span> <span class='ocrx_word' id='word_1_386' title='bbox 741 2298 835 2331; x_wconf 70' lang='lat' dir='ltr'>Deus</span> <span class='ocrx_word' id='word_1_387' title='bbox 856 2300 1008 2332; x_wconf 85' lang='lat' dir='ltr'>iudicium</span> <span class='ocrx_word' id='word_1_388' title='bbox 1040 2307 1129 2331; x_wconf 87' lang='lat' dir='ltr'>tuum</span> <span class='ocrx_word' id='word_1_389' title='bbox 1161 2301 1202 2331; x_wconf 84' lang='lat' dir='ltr'>da</span> 
     </span>
     <span class='ocr_line' id='line_1_54' title="bbox 222 2341 804 2386; baseline 0.002 -12"><span class='ocrx_word' id='word_1_390' title='bbox 222 2343 317 2386; x_wconf 84' lang='lat' dir='ltr'>Regi,</span> <span class='ocrx_word' id='word_1_391' title='bbox 342 2344 418 2374; x_wconf 76' lang='lat' dir='ltr'>ltem</span> <span class='ocrx_word' id='word_1_392' title='bbox 444 2350 531 2375; x_wconf 72' lang='lat' dir='ltr'>totus</span> <span class='ocrx_word' id='word_1_393' title='bbox 556 2341 709 2374; x_wconf 69' lang='lat' dir='ltr'>psalmus</span> <span class='ocrx_word' id='word_1_394' title='bbox 732 2343 804 2375; x_wconf 87' lang='grc'><strong>110.</strong></span> 
     </span>
    </p>

    <p class='ocr_par' dir='ltr' id='par_1_12' title="bbox 223 2385 1202 2644">
     <span class='ocr_line' id='line_1_55' title="bbox 308 2385 1201 2427; baseline 0.001 -11"><span class='ocrx_word' id='word_1_395' title='bbox 308 2387 482 2427; x_wconf 70' lang='lat' dir='ltr'>Septimum</span> <span class='ocrx_word' id='word_1_396' title='bbox 507 2386 727 2417; x_wconf 74' lang='lat' dir='ltr'>testimonium</span> <span class='ocrx_word' id='word_1_397' title='bbox 751 2387 815 2417; x_wconf 81' lang='lat' dir='ltr'>sint</span> <span class='ocrx_word' id='word_1_398' title='bbox 839 2386 925 2417; x_wconf 84' lang='lat' dir='ltr'>dicta</span> <span class='ocrx_word' id='word_1_399' title='bbox 946 2385 1066 2417; x_wconf 65' lang='lat' dir='ltr'>Esaiae</span> <span class='ocrx_word' id='word_1_400' title='bbox 1085 2396 1157 2426; x_wconf 84' lang='lat' dir='ltr'>cap.</span> <span class='ocrx_word' id='word_1_401' title='bbox 1172 2386 1201 2417; x_wconf 77' lang='lat'>7.</span> 
     </span>
     <span class='ocr_line' id='line_1_56' title="bbox 223 2430 1202 2470; baseline -0.003 -8"><span class='ocrx_word' id='word_1_402' title='bbox 223 2431 304 2462; x_wconf 72' lang='lat' dir='ltr'>Ecet-</span> <span class='ocrx_word' id='word_1_403' title='bbox 328 2434 415 2468; x_wconf 65' lang='lat' dir='ltr'>rit-110</span> <span class='ocrx_word' id='word_1_404' title='bbox 438 2434 486 2461; x_wconf 66' lang='lat' dir='ltr'>vs!</span> <span class='ocrx_word' id='word_1_405' title='bbox 503 2430 640 2467; x_wconf 65' lang='lat' dir='ltr'>armilla</span> <span class='ocrx_word' id='word_1_406' title='bbox 663 2434 694 2461; x_wconf 80' lang='lat' dir='ltr'>e!</span> <span class='ocrx_word' id='word_1_407' title='bbox 713 2433 823 2470; x_wconf 72' lang='lat' dir='ltr'>pariet</span> <span class='ocrx_word' id='word_1_408' title='bbox 842 2431 957 2467; x_wconf 76' lang='lat' dir='ltr'>filium,</span> <span class='ocrx_word' id='word_1_409' title='bbox 986 2434 1017 2459; x_wconf 67' lang='lat' dir='ltr'>v!</span> <span class='ocrx_word' id='word_1_410' title='bbox 1040 2430 1202 2460; x_wconf 74' lang='lat' dir='ltr'>rorabitur</span> 
     </span>
     <span class='ocr_line' id='line_1_57' title="bbox 223 2474 616 2504; baseline -0.003 -1"><span class='ocrx_word' id='word_1_411' title='bbox 223 2483 336 2504; x_wconf 81' lang='lat' dir='ltr'>umm’n</span> <span class='ocrx_word' id='word_1_412' title='bbox 361 2478 429 2503; x_wconf 67' lang='lat' dir='ltr'>vill-r</span> <span class='ocrx_word' id='word_1_413' title='bbox 453 2474 616 2503; x_wconf 81' lang='lat' dir='ltr'>Ellmllm&#39;l.</span> 
     </span>
     <span class='ocr_line' id='line_1_58' title="bbox 224 2516 640 2556; baseline 0 -11"><span class='ocrx_word' id='word_1_414' title='bbox 224 2516 299 2556; x_wconf 76' lang='lat' dir='ltr'>piet,</span> <span class='ocrx_word' id='word_1_415' title='bbox 324 2527 383 2547; x_wconf 73' lang='lat' dir='ltr'>scu</span> <span class='ocrx_word' id='word_1_416' title='bbox 408 2516 465 2546; x_wconf 83' lang='lat' dir='ltr'>erit</span> <span class='ocrx_word' id='word_1_417' title='bbox 492 2516 640 2553; x_wconf 60' lang='lat' dir='ltr'>{gi-mida.</span> 
     </span>
     <span class='ocr_line' id='line_1_59' title="bbox 225 2557 1201 2600; baseline 0 -11"><span class='ocrx_word' id='word_1_418' title='bbox 225 2560 290 2590; x_wconf 84' lang='lat' dir='ltr'>hoc</span> <span class='ocrx_word' id='word_1_419' title='bbox 315 2559 426 2589; x_wconf 81' lang='lat' dir='ltr'>modo:</span> <span class='ocrx_word' id='word_1_420' title='bbox 452 2558 554 2598; x_wconf 59' lang='lat' dir='ltr'>Virgo</span> <span class='ocrx_word' id='word_1_421' title='bbox 579 2566 626 2589; x_wconf 67' lang='lat' dir='ltr'>cst</span> <span class='ocrx_word' id='word_1_422' title='bbox 655 2559 803 2600; x_wconf 65' lang='lat' dir='ltr'>gravida.</span> <span class='ocrx_word' id='word_1_423' title='bbox 851 2557 932 2589; x_wconf 73' lang='lat' dir='ltr'>Nam</span> <span class='ocrx_word' id='word_1_424' title='bbox 956 2559 983 2588; x_wconf 76' lang='lat' dir='ltr'>si</span> <span class='ocrx_word' id='word_1_425' title='bbox 1008 2569 1091 2599; x_wconf 75' lang='lat' dir='ltr'>quac</span> <span class='ocrx_word' id='word_1_426' title='bbox 1116 2569 1201 2589; x_wconf 82' lang='lat' dir='ltr'>nunc</span> 
     </span>
     <span class='ocr_line' id='line_1_60' title="bbox 225 2601 1200 2644; baseline -0.002 -11"><span class='ocrx_word' id='word_1_427' title='bbox 225 2610 272 2633; x_wconf 58' lang='lat' dir='ltr'>est</span> <span class='ocrx_word' id='word_1_428' title='bbox 302 2602 393 2642; x_wconf 66' lang='lat' dir='ltr'>xirgo</span> <span class='ocrx_word' id='word_1_429' title='bbox 420 2609 447 2631; x_wconf 67' lang='lat' dir='ltr'>vt</span> <span class='ocrx_word' id='word_1_430' title='bbox 474 2609 589 2642; x_wconf 56' lang='lat' dir='ltr'>postca</span> <span class='ocrx_word' id='word_1_431' title='bbox 611 2602 641 2631; x_wconf 79' lang='lat' dir='ltr'>tit</span> <span class='ocrx_word' id='word_1_432' title='bbox 669 2601 827 2644; x_wconf 75' lang='lat' dir='ltr'>gravida:</span> <span class='ocrx_word' id='word_1_433' title='bbox 852 2601 881 2632; x_wconf 89' lang='lat' dir='ltr'>id</span> <span class='ocrx_word' id='word_1_434' title='bbox 908 2611 972 2632; x_wconf 89' lang='lat' dir='ltr'>non</span> <span class='ocrx_word' id='word_1_435' title='bbox 998 2601 1133 2641; x_wconf 77' lang='lat' dir='ltr'>pertinet</span> <span class='ocrx_word' id='word_1_436' title='bbox 1160 2602 1200 2632; x_wconf 85' lang='lat' dir='ltr'>ad</span> 
     </span>
    </p>
   </div>
   <div class='ocr_carea' id='block_1_8' title="bbox 1221 705 1226 802">
    <p class='ocr_par' dir='ltr' id='par_1_13' title="bbox 1221 705 1226 802">
     <span class='ocr_line' id='line_1_61' title="bbox 1221 705 1226 802; baseline 0 2156"><span class='ocrx_word' id='word_1_437' title='bbox 1221 705 1226 802; x_wconf 95' lang='lat' dir='ltr'> </span> 
     </span>
    </p>
   </div>
   <div class='ocr_carea' id='block_1_9' title="bbox 1221 808 1226 963">
    <p class='ocr_par' dir='ltr' id='par_1_14' title="bbox 1221 808 1226 963">
     <span class='ocr_line' id='line_1_62' title="bbox 1221 808 1226 963; baseline 0 1995"><span class='ocrx_word' id='word_1_438' title='bbox 1221 808 1226 963; x_wconf 95' lang='lat' dir='ltr'> </span> 
     </span>
    </p>
   </div>
   <div class='ocr_carea' id='block_1_10' title="bbox 1220 964 1227 1100">
    <p class='ocr_par' dir='ltr' id='par_1_15' title="bbox 1220 964 1227 1100">
     <span class='ocr_line' id='line_1_63' title="bbox 1220 964 1227 1100; baseline 0 0"><span class='ocrx_word' id='word_1_439' title='bbox 1220 964 1227 1100; x_wconf 95' lang='lat' dir='ltr'> </span> 
     </span>
    </p>
   </div>
   <div class='ocr_carea' id='block_1_11' title="bbox 1222 1123 1227 1246">
    <p class='ocr_par' dir='ltr' id='par_1_16' title="bbox 1222 1123 1227 1246">
     <span class='ocr_line' id='line_1_64' title="bbox 1222 1123 1227 1246; baseline 0 1712"><span class='ocrx_word' id='word_1_440' title='bbox 1222 1123 1227 1246; x_wconf 95' lang='lat' dir='ltr'> </span> 
     </span>
    </p>
   </div>
   <div class='ocr_carea' id='block_1_12' title="bbox 1222 1251 1228 1414">
    <p class='ocr_par' dir='ltr' id='par_1_17' title="bbox 1222 1251 1228 1414">
     <span class='ocr_line' id='line_1_65' title="bbox 1222 1251 1228 1414; baseline 0 1544"><span class='ocrx_word' id='word_1_441' title='bbox 1222 1251 1228 1414; x_wconf 95' lang='lat' dir='ltr'> </span> 
     </span>
    </p>
   </div>
   <div class='ocr_carea' id='block_1_13' title="bbox 1224 1841 1229 1933">
    <p class='ocr_par' dir='ltr' id='par_1_18' title="bbox 1224 1841 1229 1933">
     <span class='ocr_line' id='line_1_66' title="bbox 1224 1841 1229 1933; baseline 0 0"><span class='ocrx_word' id='word_1_442' title='bbox 1224 1841 1229 1933; x_wconf 95' lang='lat' dir='ltr'> </span> 
     </span>
    </p>
   </div>
   <div class='ocr_carea' id='block_1_14' title="bbox 1225 1946 1232 2092">
    <p class='ocr_par' dir='ltr' id='par_1_19' title="bbox 1225 1946 1232 2092">
     <span class='ocr_line' id='line_1_67' title="bbox 1225 1946 1232 2092; baseline 0 866"><span class='ocrx_word' id='word_1_443' title='bbox 1225 1946 1232 2092; x_wconf 95' lang='lat' dir='ltr'> </span> 
     </span>
    </p>
   </div>
   <div class='ocr_carea' id='block_1_15' title="bbox 1228 2095 1234 2241">
    <p class='ocr_par' dir='ltr' id='par_1_20' title="bbox 1228 2095 1234 2241">
     <span class='ocr_line' id='line_1_68' title="bbox 1228 2095 1234 2241; baseline 0 717"><span class='ocrx_word' id='word_1_444' title='bbox 1228 2095 1234 2241; x_wconf 95' lang='lat' dir='ltr'> </span> 
     </span>
    </p>
   </div>
   <div class='ocr_carea' id='block_1_16' title="bbox 684 2471 1229 2555">
    <p class='ocr_par' dir='ltr' id='par_1_21' title="bbox 684 2471 1229 2555">
     <span class='ocr_line' id='line_1_69' title="bbox 684 2471 1229 2513; baseline 0.002 -11"><span class='ocrx_word' id='word_1_445' title='bbox 684 2471 747 2503; x_wconf 73' lang='lat' dir='ltr'>Alii</span> <span class='ocrx_word' id='word_1_446' title='bbox 772 2479 950 2513; x_wconf 77' lang='lat' dir='ltr'>exponunt,</span> <span class='ocrx_word' id='word_1_447' title='bbox 975 2473 1068 2513; x_wconf 68' lang='lat' dir='ltr'>virgo</span> <span class='ocrx_word' id='word_1_448' title='bbox 1092 2473 1201 2503; x_wconf 79' lang='lat' dir='ltr'>conci-</span> <span class='ocrx_word' id='word_1_449' title='bbox 1228 2482 1229 2510; x_wconf 53' lang='grc' dir='ltr'>ξ</span> 
     </span>
     <span class='ocr_line' id='line_1_70' title="bbox 688 2513 1229 2555; baseline 0 -10"><span class='ocrx_word' id='word_1_450' title='bbox 688 2515 754 2546; x_wconf 81' lang='lat' dir='ltr'>Sed</span> <span class='ocrx_word' id='word_1_451' title='bbox 778 2513 937 2546; x_wconf 69' lang='lat' dir='ltr'>illusit-iu.-</span> <span class='ocrx_word' id='word_1_452' title='bbox 962 2522 1010 2546; x_wconf 74' lang='lat' dir='ltr'>cst</span> <span class='ocrx_word' id='word_1_453' title='bbox 1036 2526 1201 2555; x_wconf 64' lang='lat' dir='ltr'>exponere</span> <span class='ocrx_word' id='word_1_454' title='bbox 1228 2513 1229 2537; x_wconf 58' lang='grc' dir='ltr'><strong>ἶ</strong></span> 
     </span>
    </p>
   </div>
   <div class='ocr_carea' id='block_1_17' title="bbox 1246 410 2238 2638">
    <p class='ocr_par' dir='ltr' id='par_1_22' title="bbox 1246 410 2235 796">
     <span class='ocr_line' id='line_1_71' title="bbox 1249 410 2231 453; baseline 0.002 -11"><span class='ocrx_word' id='word_1_455' title='bbox 1249 411 1311 442; x_wconf 86' lang='lat' dir='ltr'>dus</span> <span class='ocrx_word' id='word_1_456' title='bbox 1334 420 1409 442; x_wconf 91' lang='lat' dir='ltr'>cum</span> <span class='ocrx_word' id='word_1_457' title='bbox 1431 420 1555 452; x_wconf 89' lang='lat' dir='ltr'>genere</span> <span class='ocrx_word' id='word_1_458' title='bbox 1577 410 1741 450; x_wconf 88' lang='lat' dir='ltr'>humano,</span> <span class='ocrx_word' id='word_1_459' title='bbox 1777 411 1857 442; x_wconf 84' lang='lat' dir='ltr'>Item</span> <span class='ocrx_word' id='word_1_460' title='bbox 1879 412 1956 453; x_wconf 89' lang='lat' dir='ltr'>quia</span> <span class='ocrx_word' id='word_1_461' title='bbox 1977 412 2010 443; x_wconf 93' lang='lat' dir='ltr'>in</span> <span class='ocrx_word' id='word_1_462' title='bbox 2033 417 2150 444; x_wconf 86' lang='lat' dir='ltr'>natura</span> <span class='ocrx_word' id='word_1_463' title='bbox 2171 411 2231 445; x_wconf 89' lang='lat' dir='ltr'>hu-</span> 
     </span>
     <span class='ocr_line' id='line_1_72' title="bbox 1248 452 2230 497; baseline 0.003 -13"><span class='ocrx_word' id='word_1_464' title='bbox 1248 464 1344 485; x_wconf 88' lang='lat' dir='ltr'>mana</span> <span class='ocrx_word' id='word_1_465' title='bbox 1366 459 1538 494; x_wconf 81' lang='lat' dir='ltr'>assumpta</span> <span class='ocrx_word' id='word_1_466' title='bbox 1564 452 1668 485; x_wconf 83' lang='lat' dir='ltr'>voluit</span> <span class='ocrx_word' id='word_1_467' title='bbox 1692 455 1777 486; x_wconf 88' lang='lat' dir='ltr'>inter</span> <span class='ocrx_word' id='word_1_468' title='bbox 1807 464 1870 486; x_wconf 92' lang='lat' dir='ltr'>nos</span> <span class='ocrx_word' id='word_1_469' title='bbox 1899 455 2044 493; x_wconf 82' lang='lat' dir='ltr'>versari,</span> <span class='ocrx_word' id='word_1_470' title='bbox 2077 453 2230 497; x_wconf 90' lang='lat' dir='ltr'>Denique</span> 
     </span>
     <span class='ocr_line' id='line_1_73' title="bbox 1248 495 2230 539; baseline 0.003 -12"><span class='ocrx_word' id='word_1_471' title='bbox 1248 497 1324 538; x_wconf 89' lang='lat' dir='ltr'>quia</span> <span class='ocrx_word' id='word_1_472' title='bbox 1347 506 1416 528; x_wconf 84' lang='lat' dir='ltr'>sem</span> <span class='ocrx_word' id='word_1_473' title='bbox 1443 506 1479 528; x_wconf 88' lang='lat' dir='ltr'>er</span> <span class='ocrx_word' id='word_1_474' title='bbox 1500 496 1596 528; x_wconf 90' lang='lat' dir='ltr'>adest</span> <span class='ocrx_word' id='word_1_475' title='bbox 1619 495 1804 535; x_wconf 81' lang='lat' dir='ltr'>Ecclesiae,</span> <span class='ocrx_word' id='word_1_476' title='bbox 1829 497 1915 539; x_wconf 85' lang='lat' dir='ltr'>gerit</span> <span class='ocrx_word' id='word_1_477' title='bbox 1948 497 2130 530; x_wconf 81' lang='lat' dir='ltr'>fraternum</span> <span class='ocrx_word' id='word_1_478' title='bbox 2152 498 2230 530; x_wconf 85' lang='lat' dir='ltr'>affe-</span> 
     </span>
     <span class='ocr_line' id='line_1_74' title="bbox 1249 539 2230 581; baseline 0.003 -12"><span class='ocrx_word' id='word_1_479' title='bbox 1249 545 1348 570; x_wconf 87' lang='lat' dir='ltr'>ctum.</span> <span class='ocrx_word' id='word_1_480' title='bbox 1445 544 1457 570; x_wconf 90' lang='lat' dir='ltr'>t</span> <span class='ocrx_word' id='word_1_481' title='bbox 1480 549 1598 571; x_wconf 82' lang='lat' dir='ltr'>revera</span> <span class='ocrx_word' id='word_1_482' title='bbox 1622 546 1672 571; x_wconf 90' lang='lat' dir='ltr'>est</span> <span class='ocrx_word' id='word_1_483' title='bbox 1697 539 1876 581; x_wconf 83' lang='lat' dir='ltr'>opitulator</span> <span class='ocrx_word' id='word_1_484' title='bbox 1899 546 1931 572; x_wconf 87' lang='lat' dir='ltr'>et</span> <span class='ocrx_word' id='word_1_485' title='bbox 1954 547 2107 572; x_wconf 78' lang='lat' dir='ltr'>servator</span> <span class='ocrx_word' id='word_1_486' title='bbox 2128 542 2230 573; x_wconf 91' lang='lat' dir='ltr'>totius</span> 
     </span>
     <span class='ocr_line' id='line_1_75' title="bbox 1247 580 2235 623; baseline 0.005 -11"><span class='ocrx_word' id='word_1_487' title='bbox 1247 580 1433 613; x_wconf 83' lang='lat' dir='ltr'>Ecclesiae.</span> <span class='ocrx_word' id='word_1_488' title='bbox 1478 581 1521 612; x_wconf 90' lang='lat' dir='ltr'>Et</span> <span class='ocrx_word' id='word_1_489' title='bbox 1544 592 1617 623; x_wconf 85' lang='lat' dir='ltr'>cap.</span> <span class='ocrx_word' id='word_1_490' title='bbox 1640 582 1672 614; x_wconf 91' lang='grc'>9.</span> <span class='ocrx_word' id='word_1_491' title='bbox 1716 585 1875 615; x_wconf 71' lang='lat' dir='ltr'>Furculas</span> <span class='ocrx_word' id='word_1_492' title='bbox 1897 588 1994 616; x_wconf 77' lang='lat' dir='ltr'>natus</span> <span class='ocrx_word' id='word_1_493' title='bbox 2015 588 2064 616; x_wconf 76' lang='lat' dir='ltr'>est</span> <span class='ocrx_word' id='word_1_494' title='bbox 2087 585 2179 617; x_wconf 74' lang='lat' dir='ltr'>nobis</span> <span class='ocrx_word' id='word_1_495' title='bbox 2200 589 2235 617; x_wconf 86' lang='lat' dir='ltr'>et</span> 
     </span>
     <span class='ocr_line' id='line_1_76' title="bbox 1246 625 2230 668; baseline 0.004 -13"><span class='ocrx_word' id='word_1_496' title='bbox 1246 626 1335 663; x_wconf 75' lang='lat' dir='ltr'>filius</span> <span class='ocrx_word' id='word_1_497' title='bbox 1356 626 1447 656; x_wconf 78' lang='lat' dir='ltr'>nohis</span> <span class='ocrx_word' id='word_1_498' title='bbox 1467 625 1564 657; x_wconf 71' lang='lat' dir='ltr'>datus</span> <span class='ocrx_word' id='word_1_499' title='bbox 1586 630 1649 665; x_wconf 76' lang='lat' dir='ltr'>est,</span> <span class='ocrx_word' id='word_1_500' title='bbox 1683 629 1776 657; x_wconf 73' lang='lat' dir='ltr'>cuius</span> <span class='ocrx_word' id='word_1_501' title='bbox 1808 636 1924 658; x_wconf 81' lang='lat' dir='ltr'>nomen</span> <span class='ocrx_word' id='word_1_502' title='bbox 1946 631 1998 659; x_wconf 72' lang='lat' dir='ltr'>esc</span> <span class='ocrx_word' id='word_1_503' title='bbox 2017 627 2230 668; x_wconf 72' lang='lat' dir='ltr'>admirabilis,</span> 
     </span>
     <span class='ocr_line' id='line_1_77' title="bbox 1250 666 2230 710; baseline 0.004 -13"><span class='ocrx_word' id='word_1_504' title='bbox 1250 666 1343 698; x_wconf 78' lang='lat' dir='ltr'>Deus</span> <span class='ocrx_word' id='word_1_505' title='bbox 1362 669 1471 706; x_wconf 56' lang='lat' dir='ltr'>fortes,</span> <span class='ocrx_word' id='word_1_506' title='bbox 1493 670 1708 708; x_wconf 71' lang='lat' dir='ltr'>consiliarius,</span> <span class='ocrx_word' id='word_1_507' title='bbox 1727 673 1826 709; x_wconf 81' lang='lat' dir='ltr'>paler</span> <span class='ocrx_word' id='word_1_508' title='bbox 1845 671 1955 709; x_wconf 81' lang='lat' dir='ltr'>futuri</span> <span class='ocrx_word' id='word_1_509' title='bbox 1975 672 2084 710; x_wconf 72' lang='lat' dir='ltr'>seculi,</span> <span class='ocrx_word' id='word_1_510' title='bbox 2111 670 2145 701; x_wconf 88' lang='lat' dir='ltr'>id</span> <span class='ocrx_word' id='word_1_511' title='bbox 2167 676 2230 709; x_wconf 89' lang='lat' dir='ltr'>est,</span> 
     </span>
     <span class='ocr_line' id='line_1_78' title="bbox 1250 709 2229 754; baseline 0.005 -15"><span class='ocrx_word' id='word_1_512' title='bbox 1250 709 1395 740; x_wconf 88' lang='lat' dir='ltr'>reddens</span> <span class='ocrx_word' id='word_1_513' title='bbox 1411 715 1587 743; x_wconf 15' lang='lat' dir='ltr'>,aeternam</span> <span class='ocrx_word' id='word_1_514' title='bbox 1616 711 1771 743; x_wconf 86' lang='lat' dir='ltr'>iustitiam</span> <span class='ocrx_word' id='word_1_515' title='bbox 1794 718 1826 743; x_wconf 90' lang='lat' dir='ltr'>et</span> <span class='ocrx_word' id='word_1_516' title='bbox 1848 712 1958 743; x_wconf 82' lang='lat' dir='ltr'>vitam.</span> <span class='ocrx_word' id='word_1_517' title='bbox 2014 711 2057 744; x_wconf 87' lang='lat' dir='ltr'>Et</span> <span class='ocrx_word' id='word_1_518' title='bbox 2080 722 2152 754; x_wconf 89' lang='lat' dir='ltr'>cap.</span> <span class='ocrx_word' id='word_1_519' title='bbox 2180 713 2229 744; x_wconf 93' lang='lat' dir='ltr'>ll.</span> 
     </span>
     <span class='ocr_line' id='line_1_79' title="bbox 1250 753 2198 796; baseline 0.005 -13"><span class='ocrx_word' id='word_1_520' title='bbox 1250 753 1354 784; x_wconf 78' lang='lat' dir='ltr'>Stabit</span> <span class='ocrx_word' id='word_1_521' title='bbox 1372 753 1472 783; x_wconf 72' lang='lat' dir='ltr'>radi-z·</span> <span class='ocrx_word' id='word_1_522' title='bbox 1493 754 1584 785; x_wconf 72' lang='lat' dir='ltr'>Iesse</span> <span class='ocrx_word' id='word_1_523' title='bbox 1606 756 1640 785; x_wconf 82' lang='lat' dir='ltr'>in</span> <span class='ocrx_word' id='word_1_524' title='bbox 1661 758 1790 794; x_wconf 66' lang='lat' dir='ltr'>siguum</span> <span class='ocrx_word' id='word_1_525' title='bbox 1813 765 1869 787; x_wconf 83' lang='lat' dir='ltr'>seu</span> <span class='ocrx_word' id='word_1_526' title='bbox 1892 757 2042 787; x_wconf 71' lang='lat' dir='ltr'>rea-illum</span> <span class='ocrx_word' id='word_1_527' title='bbox 2061 758 2198 796; x_wconf 71' lang='lat' dir='ltr'>populis.</span> 
     </span>
    </p>

    <p class='ocr_par' dir='ltr' id='par_1_23' title="bbox 1250 795 2235 1526">
     <span class='ocr_line' id='line_1_80' title="bbox 1338 795 2229 840; baseline 0.004 -14"><span class='ocrx_word' id='word_1_528' title='bbox 1338 795 1500 827; x_wconf 85' lang='lat' dir='ltr'>Octavum</span> <span class='ocrx_word' id='word_1_529' title='bbox 1524 796 1745 829; x_wconf 84' lang='lat' dir='ltr'>testimonium</span> <span class='ocrx_word' id='word_1_530' title='bbox 1767 803 1818 829; x_wconf 82' lang='lat' dir='ltr'>est</span> <span class='ocrx_word' id='word_1_531' title='bbox 1840 798 1929 839; x_wconf 86' lang='lat' dir='ltr'>apud</span> <span class='ocrx_word' id='word_1_532' title='bbox 1952 798 2133 837; x_wconf 83' lang='lat' dir='ltr'>ieremiam,</span> <span class='ocrx_word' id='word_1_533' title='bbox 2157 809 2229 840; x_wconf 83' lang='lat' dir='ltr'>cap.</span> 
     </span>
     <span class='ocr_line' id='line_1_81' title="bbox 1251 837 2231 881; baseline 0.006 -13"><span class='ocrx_word' id='word_1_534' title='bbox 1251 837 1413 879; x_wconf 77' lang='lat' dir='ltr'>vigesimo</span> <span class='ocrx_word' id='word_1_535' title='bbox 1437 838 1546 876; x_wconf 86' lang='lat' dir='ltr'>tertio,</span> <span class='ocrx_word' id='word_1_536' title='bbox 1570 845 1602 870; x_wconf 91' lang='lat' dir='ltr'>et</span> <span class='ocrx_word' id='word_1_537' title='bbox 1624 839 1798 881; x_wconf 83' lang='lat' dir='ltr'>trigesimo</span> <span class='ocrx_word' id='word_1_538' title='bbox 1822 841 1930 872; x_wconf 89' lang='lat' dir='ltr'>tertio.</span> <span class='ocrx_word' id='word_1_539' title='bbox 1977 842 2143 874; x_wconf 69' lang='lat' dir='ltr'>Suscilabo</span> <span class='ocrx_word' id='word_1_540' title='bbox 2165 843 2231 874; x_wconf 83' lang='lat' dir='ltr'>Da-</span> 
     </span>
     <span class='ocr_line' id='line_1_82' title="bbox 1251 882 2233 921; baseline 0.004 -9"><span class='ocrx_word' id='word_1_541' title='bbox 1251 882 1304 913; x_wconf 79' lang='lat' dir='ltr'>rid</span> <span class='ocrx_word' id='word_1_542' title='bbox 1320 890 1454 920; x_wconf 77' lang='lat' dir='ltr'>yermen</span> <span class='ocrx_word' id='word_1_543' title='bbox 1477 884 1604 921; x_wconf 78' lang='lat' dir='ltr'>iustum,</span> <span class='ocrx_word' id='word_1_544' title='bbox 1626 886 1660 913; x_wconf 85' lang='lat' dir='ltr'>et</span> <span class='ocrx_word' id='word_1_545' title='bbox 1680 885 1841 915; x_wconf 72' lang='lat' dir='ltr'>vocabitur</span> <span class='ocrx_word' id='word_1_546' title='bbox 1874 894 1989 916; x_wconf 82' lang='lat' dir='ltr'>nomen</span> <span class='ocrx_word' id='word_1_547' title='bbox 2019 887 2089 916; x_wconf 77' lang='lat' dir='ltr'>eius</span> <span class='ocrx_word' id='word_1_548' title='bbox 2116 885 2233 917; x_wconf 75' lang='lat' dir='ltr'>[ebora</span> 
     </span>
     <span class='ocr_line' id='line_1_83' title="bbox 1251 924 2230 968; baseline 0.004 -13"><span class='ocrx_word' id='word_1_549' title='bbox 1251 927 1374 956; x_wconf 70' lang='lat' dir='ltr'>iustitia</span> <span class='ocrx_word' id='word_1_550' title='bbox 1396 927 1520 961; x_wconf 77' lang='lat' dir='ltr'>nostru,</span> <span class='ocrx_word' id='word_1_551' title='bbox 1553 924 1586 955; x_wconf 92' lang='lat' dir='ltr'>id</span> <span class='ocrx_word' id='word_1_552' title='bbox 1610 930 1672 964; x_wconf 91' lang='lat' dir='ltr'>est,</span> <span class='ocrx_word' id='word_1_553' title='bbox 1706 924 1764 956; x_wconf 89' lang='lat' dir='ltr'>illa</span> <span class='ocrx_word' id='word_1_554' title='bbox 1782 936 1939 967; x_wconf 87' lang='lat' dir='ltr'>persona,</span> <span class='ocrx_word' id='word_1_555' title='bbox 1962 937 2048 968; x_wconf 84' lang='lat' dir='ltr'>quae</span> <span class='ocrx_word' id='word_1_556' title='bbox 2070 932 2230 959; x_wconf 85' lang='lat' dir='ltr'>nascetur</span> 
     </span>
     <span class='ocr_line' id='line_1_84' title="bbox 1250 965 2233 1012; baseline 0.005 -15"><span class='ocrx_word' id='word_1_557' title='bbox 1250 977 1292 998; x_wconf 82' lang='lat' dir='ltr'>ex</span> <span class='ocrx_word' id='word_1_558' title='bbox 1315 967 1429 1008; x_wconf 84' lang='lat' dir='ltr'>stirpe,</span> <span class='ocrx_word' id='word_1_559' title='bbox 1453 965 1509 998; x_wconf 67' lang='lat' dir='ltr'>vel</span> <span class='ocrx_word' id='word_1_560' title='bbox 1527 967 1672 1007; x_wconf 85' lang='lat' dir='ltr'>posteris</span> <span class='ocrx_word' id='word_1_561' title='bbox 1695 966 1817 1006; x_wconf 85' lang='lat' dir='ltr'>David,</span> <span class='ocrx_word' id='word_1_562' title='bbox 1840 969 2048 1001; x_wconf 85' lang='lat' dir='ltr'>invocabitur</span> <span class='ocrx_word' id='word_1_563' title='bbox 2075 980 2115 1002; x_wconf 82' lang='lat' dir='ltr'>ac</span> <span class='ocrx_word' id='word_1_564' title='bbox 2138 980 2233 1012; x_wconf 86' lang='lat' dir='ltr'>prae-</span> 
     </span>
     <span class='ocr_line' id='line_1_85' title="bbox 1251 1009 2231 1051; baseline 0.005 -11"><span class='ocrx_word' id='word_1_565' title='bbox 1251 1009 1422 1041; x_wconf 82' lang='lat' dir='ltr'>dicabitur.</span> <span class='ocrx_word' id='word_1_566' title='bbox 1447 1010 1536 1051; x_wconf 91' lang='lat' dir='ltr'>quod</span> <span class='ocrx_word' id='word_1_567' title='bbox 1558 1010 1601 1041; x_wconf 88' lang='lat' dir='ltr'>sit</span> <span class='ocrx_word' id='word_1_568' title='bbox 1623 1020 1702 1041; x_wconf 81' lang='lat' dir='ltr'>vere</span> <span class='ocrx_word' id='word_1_569' title='bbox 1725 1009 1830 1042; x_wconf 90' lang='lat' dir='ltr'>Deus.</span> <span class='ocrx_word' id='word_1_570' title='bbox 1886 1011 2010 1044; x_wconf 84' lang='lat' dir='ltr'>lehova</span> <span class='ocrx_word' id='word_1_571' title='bbox 2038 1019 2090 1044; x_wconf 83' lang='lat' dir='ltr'>est</span> <span class='ocrx_word' id='word_1_572' title='bbox 2113 1023 2231 1045; x_wconf 88' lang='lat' dir='ltr'>nomen</span> 
     </span>
     <span class='ocr_line' id='line_1_86' title="bbox 1251 1050 2230 1097; baseline 0.002 -12"><span class='ocrx_word' id='word_1_573' title='bbox 1251 1050 1472 1085; x_wconf 79' lang='lat' dir='ltr'>substantiale</span> <span class='ocrx_word' id='word_1_574' title='bbox 1493 1051 1570 1091; x_wconf 90' lang='lat' dir='ltr'>Dei,</span> <span class='ocrx_word' id='word_1_575' title='bbox 1605 1063 1672 1085; x_wconf 91' lang='lat' dir='ltr'>non</span> <span class='ocrx_word' id='word_1_576' title='bbox 1697 1054 1849 1085; x_wconf 88' lang='lat' dir='ltr'>tribuitur</span> <span class='ocrx_word' id='word_1_577' title='bbox 1871 1053 1981 1093; x_wconf 89' lang='lat' dir='ltr'>alicui,</span> <span class='ocrx_word' id='word_1_578' title='bbox 2014 1055 2077 1086; x_wconf 90' lang='lat' dir='ltr'>nisi</span> <span class='ocrx_word' id='word_1_579' title='bbox 2101 1055 2155 1097; x_wconf 85' lang='lat' dir='ltr'>qui</span> <span class='ocrx_word' id='word_1_580' title='bbox 2179 1062 2230 1087; x_wconf 86' lang='lat' dir='ltr'>est</span> 
     </span>
     <span class='ocr_line' id='line_1_87' title="bbox 1251 1093 2232 1137; baseline 0.004 -11"><span class='ocrx_word' id='word_1_581' title='bbox 1251 1093 1512 1127; x_wconf 80' lang='lat' dir='ltr'>substantialiter</span> <span class='ocrx_word' id='word_1_582' title='bbox 1544 1095 1649 1127; x_wconf 89' lang='lat' dir='ltr'>Deus.</span> <span class='ocrx_word' id='word_1_583' title='bbox 1719 1095 1780 1128; x_wconf 87' lang='lat' dir='ltr'>Est</span> <span class='ocrx_word' id='word_1_584' title='bbox 1813 1103 1925 1128; x_wconf 87' lang='lat' dir='ltr'>autem</span> <span class='ocrx_word' id='word_1_585' title='bbox 1958 1101 2081 1129; x_wconf 68' lang='lat' dir='ltr'>iustitia</span> <span class='ocrx_word' id='word_1_586' title='bbox 2107 1103 2232 1137; x_wconf 73' lang='lat' dir='ltr'>nostra,</span> 
     </span>
     <span class='ocr_line' id='line_1_88' title="bbox 1251 1136 2233 1182; baseline 0.003 -13"><span class='ocrx_word' id='word_1_587' title='bbox 1251 1139 1367 1170; x_wconf 86' lang='lat' dir='ltr'>merito</span> <span class='ocrx_word' id='word_1_588' title='bbox 1392 1144 1424 1169; x_wconf 84' lang='lat' dir='ltr'>et</span> <span class='ocrx_word' id='word_1_589' title='bbox 1447 1136 1614 1170; x_wconf 82' lang='lat' dir='ltr'>efficacia:</span> <span class='ocrx_word' id='word_1_590' title='bbox 1637 1138 1721 1170; x_wconf 87' lang='lat' dir='ltr'>Nam</span> <span class='ocrx_word' id='word_1_591' title='bbox 1745 1140 1934 1171; x_wconf 88' lang='lat' dir='ltr'>ohedientia</span> <span class='ocrx_word' id='word_1_592' title='bbox 1955 1139 2102 1172; x_wconf 81' lang='lat' dir='ltr'>messiae</span> <span class='ocrx_word' id='word_1_593' title='bbox 2130 1141 2233 1182; x_wconf 88' lang='lat' dir='ltr'>impu·</span> 
     </span>
     <span class='ocr_line' id='line_1_89' title="bbox 1251 1181 2233 1221; baseline 0.004 -10"><span class='ocrx_word' id='word_1_594' title='bbox 1251 1187 1339 1212; x_wconf 88' lang='lat' dir='ltr'>tatur</span> <span class='ocrx_word' id='word_1_595' title='bbox 1361 1181 1470 1219; x_wconf 84' lang='lat' dir='ltr'>nobis,</span> <span class='ocrx_word' id='word_1_596' title='bbox 1503 1187 1539 1212; x_wconf 91' lang='lat' dir='ltr'>ut</span> <span class='ocrx_word' id='word_1_597' title='bbox 1573 1182 1616 1213; x_wconf 85' lang='lat' dir='ltr'>sit</span> <span class='ocrx_word' id='word_1_598' title='bbox 1649 1182 1772 1214; x_wconf 86' lang='lat' dir='ltr'>iustitia</span> <span class='ocrx_word' id='word_1_599' title='bbox 1806 1189 1940 1221; x_wconf 88' lang='lat' dir='ltr'>nostra,</span> <span class='ocrx_word' id='word_1_600' title='bbox 1984 1184 2076 1215; x_wconf 84' lang='lat' dir='ltr'>iuxta</span> <span class='ocrx_word' id='word_1_601' title='bbox 2109 1183 2233 1215; x_wconf 84' lang='lat' dir='ltr'>dictum</span> 
     </span>
     <span class='ocr_line' id='line_1_90' title="bbox 1252 1222 2235 1270; baseline 0.003 -15"><span class='ocrx_word' id='word_1_602' title='bbox 1252 1222 1360 1255; x_wconf 86' lang='lat' dir='ltr'>Pauli:</span> <span class='ocrx_word' id='word_1_603' title='bbox 1384 1225 1522 1264; x_wconf 76' lang='lat' dir='ltr'>Propter</span> <span class='ocrx_word' id='word_1_604' title='bbox 1533 1225 1744 1257; x_wconf 61' lang='lat' dir='ltr'>obedientiam</span> <span class='ocrx_word' id='word_1_605' title='bbox 1768 1229 1870 1270; x_wconf 64' lang='lat' dir='ltr'>ullius,</span> <span class='ocrx_word' id='word_1_606' title='bbox 1893 1228 1985 1258; x_wconf 81' lang='lat' dir='ltr'>multi</span> <span class='ocrx_word' id='word_1_607' title='bbox 2000 1230 2235 1259; x_wconf 75' lang='lat' dir='ltr'>constituentur</span> 
     </span>
     <span class='ocr_line' id='line_1_91' title="bbox 1252 1267 2234 1311; baseline 0.001 -12"><span class='ocrx_word' id='word_1_608' title='bbox 1252 1270 1338 1299; x_wconf 75' lang='lat' dir='ltr'>iusti.</span> <span class='ocrx_word' id='word_1_609' title='bbox 1404 1267 1529 1298; x_wconf 90' lang='lat' dir='ltr'>Postea</span> <span class='ocrx_word' id='word_1_610' title='bbox 1552 1278 1627 1299; x_wconf 93' lang='lat' dir='ltr'>cum</span> <span class='ocrx_word' id='word_1_611' title='bbox 1650 1277 1765 1300; x_wconf 89' lang='lat' dir='ltr'>sumus</span> <span class='ocrx_word' id='word_1_612' title='bbox 1788 1276 1926 1311; x_wconf 88' lang='lat' dir='ltr'>propter</span> <span class='ocrx_word' id='word_1_613' title='bbox 1949 1268 2115 1302; x_wconf 85' lang='lat' dir='ltr'>Christum</span> <span class='ocrx_word' id='word_1_614' title='bbox 2137 1279 2234 1301; x_wconf 80' lang='lat' dir='ltr'>acce-</span> 
     </span>
     <span class='ocr_line' id='line_1_92' title="bbox 1251 1308 2234 1351; baseline 0.005 -11"><span class='ocrx_word' id='word_1_615' title='bbox 1251 1310 1310 1350; x_wconf 80' lang='lat' dir='ltr'>pti,</span> <span class='ocrx_word' id='word_1_616' title='bbox 1334 1308 1510 1341; x_wconf 88' lang='lat' dir='ltr'>inchoatur</span> <span class='ocrx_word' id='word_1_617' title='bbox 1533 1310 1566 1341; x_wconf 93' lang='lat' dir='ltr'>in</span> <span class='ocrx_word' id='word_1_618' title='bbox 1589 1311 1686 1342; x_wconf 89' lang='lat' dir='ltr'>nobis</span> <span class='ocrx_word' id='word_1_619' title='bbox 1709 1311 1842 1350; x_wconf 89' lang='lat' dir='ltr'>iustitia,</span> <span class='ocrx_word' id='word_1_620' title='bbox 1864 1312 1897 1343; x_wconf 90' lang='lat' dir='ltr'>id</span> <span class='ocrx_word' id='word_1_621' title='bbox 1911 1318 1974 1351; x_wconf 89' lang='lat' dir='ltr'>est,</span> <span class='ocrx_word' id='word_1_622' title='bbox 1998 1313 2130 1344; x_wconf 80' lang='lat' dir='ltr'>novitas</span> <span class='ocrx_word' id='word_1_623' title='bbox 2153 1322 2234 1346; x_wconf 86' lang='lat' dir='ltr'>con·</span> 
     </span>
     <span class='ocr_line' id='line_1_93' title="bbox 1252 1352 2232 1387; baseline 0.004 -4"><span class='ocrx_word' id='word_1_624' title='bbox 1252 1352 1447 1384; x_wconf 85' lang='lat' dir='ltr'>summanda</span> <span class='ocrx_word' id='word_1_625' title='bbox 1469 1353 1504 1383; x_wconf 77' lang='lat' dir='ltr'>in</span> <span class='ocrx_word' id='word_1_626' title='bbox 1527 1359 1596 1384; x_wconf 90' lang='lat' dir='ltr'>tota</span> <span class='ocrx_word' id='word_1_627' title='bbox 1617 1354 1823 1386; x_wconf 85' lang='lat' dir='ltr'>aeternitate.</span> <span class='ocrx_word' id='word_1_628' title='bbox 1879 1353 2018 1387; x_wconf 82' lang='lat' dir='ltr'>Latinus</span> <span class='ocrx_word' id='word_1_629' title='bbox 2042 1362 2152 1387; x_wconf 79' lang='lat' dir='ltr'>textus</span> <span class='ocrx_word' id='word_1_630' title='bbox 2174 1354 2232 1387; x_wconf 85' lang='lat' dir='ltr'>ha-</span> 
     </span>
     <span class='ocr_line' id='line_1_94' title="bbox 1252 1394 2232 1438; baseline 0.004 -11"><span class='ocrx_word' id='word_1_631' title='bbox 1252 1396 1324 1427; x_wconf 86' lang='lat' dir='ltr'>bet:</span> <span class='ocrx_word' id='word_1_632' title='bbox 1358 1394 1452 1426; x_wconf 90' lang='lat' dir='ltr'>Deus</span> <span class='ocrx_word' id='word_1_633' title='bbox 1474 1395 1582 1427; x_wconf 89' lang='lat' dir='ltr'>iustus</span> <span class='ocrx_word' id='word_1_634' title='bbox 1605 1402 1732 1438; x_wconf 78' lang='lat' dir='ltr'>noster.</span> <span class='ocrx_word' id='word_1_635' title='bbox 1799 1397 1868 1429; x_wconf 86' lang='lat' dir='ltr'>Sed</span> <span class='ocrx_word' id='word_1_636' title='bbox 1897 1396 1962 1429; x_wconf 88' lang='lat' dir='ltr'>hoc</span> <span class='ocrx_word' id='word_1_637' title='bbox 1987 1405 2038 1430; x_wconf 91' lang='lat' dir='ltr'>est</span> <span class='ocrx_word' id='word_1_638' title='bbox 2061 1397 2232 1431; x_wconf 82' lang='lat' dir='ltr'>infirmius.</span> 
     </span>
     <span class='ocr_line' id='line_1_95' title="bbox 1253 1436 2234 1473; baseline 0.006 -5"><span class='ocrx_word' id='word_1_639' title='bbox 1253 1438 1419 1469; x_wconf 87' lang='lat' dir='ltr'>Osiander</span> <span class='ocrx_word' id='word_1_640' title='bbox 1442 1437 1564 1469; x_wconf 85' lang='lat' dir='ltr'>dictum</span> <span class='ocrx_word' id='word_1_641' title='bbox 1588 1436 1746 1470; x_wconf 83' lang='lat' dir='ltr'>leremiae</span> <span class='ocrx_word' id='word_1_642' title='bbox 1776 1444 1903 1471; x_wconf 90' lang='lat' dir='ltr'>tantum</span> <span class='ocrx_word' id='word_1_643' title='bbox 1926 1440 1968 1472; x_wconf 90' lang='lat' dir='ltr'>de</span> <span class='ocrx_word' id='word_1_644' title='bbox 1990 1440 2167 1473; x_wconf 85' lang='lat' dir='ltr'>effectione</span> <span class='ocrx_word' id='word_1_645' title='bbox 2187 1442 2234 1473; x_wconf 85' lang='lat' dir='ltr'>iu-</span> 
     </span>
     <span class='ocr_line' id='line_1_96' title="bbox 1253 1478 2163 1526; baseline 0.004 -14"><span class='ocrx_word' id='word_1_646' title='bbox 1253 1478 1381 1522; x_wconf 82' lang='lat' dir='ltr'>telligit.</span> <span class='ocrx_word' id='word_1_647' title='bbox 1427 1479 1495 1512; x_wconf 89' lang='lat' dir='ltr'>Sed</span> <span class='ocrx_word' id='word_1_648' title='bbox 1518 1486 1651 1521; x_wconf 88' lang='lat' dir='ltr'>oportet</span> <span class='ocrx_word' id='word_1_649' title='bbox 1675 1482 1767 1523; x_wconf 89' lang='lat' dir='ltr'>prius</span> <span class='ocrx_word' id='word_1_650' title='bbox 1790 1482 1854 1514; x_wconf 91' lang='lat' dir='ltr'>dici</span> <span class='ocrx_word' id='word_1_651' title='bbox 1873 1483 1915 1514; x_wconf 91' lang='lat' dir='ltr'>de</span> <span class='ocrx_word' id='word_1_652' title='bbox 1937 1483 2163 1526; x_wconf 86' lang='lat' dir='ltr'>imputatione.</span> 
     </span>
    </p>

    <p class='ocr_par' dir='ltr' id='par_1_24' title="bbox 1251 1523 2234 1868">
     <span class='ocr_line' id='line_1_97' title="bbox 1338 1523 2233 1568; baseline 0.003 -14"><span class='ocrx_word' id='word_1_653' title='bbox 1338 1523 1469 1555; x_wconf 83' lang='lat' dir='ltr'>Nonum</span> <span class='ocrx_word' id='word_1_654' title='bbox 1492 1529 1544 1555; x_wconf 88' lang='lat' dir='ltr'>est</span> <span class='ocrx_word' id='word_1_655' title='bbox 1565 1524 1654 1565; x_wconf 85' lang='lat' dir='ltr'>apud</span> <span class='ocrx_word' id='word_1_656' title='bbox 1677 1523 1852 1556; x_wconf 88' lang='lat' dir='ltr'>Danielem</span> <span class='ocrx_word' id='word_1_657' title='bbox 1876 1528 1916 1563; x_wconf 91' lang='lat' dir='ltr'>[c.</span> <span class='ocrx_word' id='word_1_658' title='bbox 1930 1526 1993 1565; x_wconf 79' lang='lat' dir='ltr'>S.],</span> <span class='ocrx_word' id='word_1_659' title='bbox 2015 1528 2070 1568; x_wconf 88' lang='lat' dir='ltr'>qui</span> <span class='ocrx_word' id='word_1_660' title='bbox 2087 1527 2233 1558; x_wconf 80' lang='lat' dir='ltr'>nominat</span> 
     </span>
     <span class='ocr_line' id='line_1_98' title="bbox 1252 1566 2233 1607; baseline 0.003 -10"><span class='ocrx_word' id='word_1_661' title='bbox 1252 1566 1411 1598; x_wconf 68' lang='lat' dir='ltr'>Messian}</span> <span class='ocrx_word' id='word_1_662' title='bbox 1433 1568 1597 1605; x_wconf 80' lang='lat' dir='ltr'>Pulmoni,</span> <span class='ocrx_word' id='word_1_663' title='bbox 1633 1567 1665 1599; x_wconf 88' lang='lat' dir='ltr'>id</span> <span class='ocrx_word' id='word_1_664' title='bbox 1689 1573 1752 1605; x_wconf 91' lang='lat' dir='ltr'>est,</span> <span class='ocrx_word' id='word_1_665' title='bbox 1785 1567 1964 1606; x_wconf 88' lang='lat' dir='ltr'>mirabilis,</span> <span class='ocrx_word' id='word_1_666' title='bbox 1995 1579 2056 1600; x_wconf 89' lang='lat' dir='ltr'>seu</span> <span class='ocrx_word' id='word_1_667' title='bbox 2084 1568 2233 1607; x_wconf 79' lang='lat' dir='ltr'>mirifica,</span> 
     </span>
     <span class='ocr_line' id='line_1_99' title="bbox 1252 1608 2234 1648; baseline 0.003 -8"><span class='ocrx_word' id='word_1_668' title='bbox 1252 1608 1307 1640; x_wconf 76' lang='lat' dir='ltr'>vel</span> <span class='ocrx_word' id='word_1_669' title='bbox 1330 1610 1477 1641; x_wconf 88' lang='lat' dir='ltr'>miranda</span> <span class='ocrx_word' id='word_1_670' title='bbox 1501 1609 1639 1648; x_wconf 71' lang='lat' dir='ltr'>stit-iens,</span> <span class='ocrx_word' id='word_1_671' title='bbox 1687 1608 1774 1641; x_wconf 73' lang='lat' dir='ltr'>ualta</span> <span class='ocrx_word' id='word_1_672' title='bbox 1795 1616 1873 1641; x_wconf 83' lang='lat' dir='ltr'>sunt</span> <span class='ocrx_word' id='word_1_673' title='bbox 1896 1612 2004 1642; x_wconf 84' lang='lat' dir='ltr'>omnia</span> <span class='ocrx_word' id='word_1_674' title='bbox 2027 1609 2083 1642; x_wconf 83' lang='lat' dir='ltr'>illa</span> <span class='ocrx_word' id='word_1_675' title='bbox 2103 1611 2234 1643; x_wconf 90' lang='lat' dir='ltr'>mirabi-</span> 
     </span>
     <span class='ocr_line' id='line_1_100' title="bbox 1251 1651 2232 1694; baseline 0.002 -11"><span class='ocrx_word' id='word_1_676' title='bbox 1251 1651 1308 1691; x_wconf 88' lang='lat' dir='ltr'>lia,</span> <span class='ocrx_word' id='word_1_677' title='bbox 1333 1652 1421 1694; x_wconf 88' lang='lat' dir='ltr'>quod</span> <span class='ocrx_word' id='word_1_678' title='bbox 1445 1651 1570 1694; x_wconf 83' lang='lat' dir='ltr'>colligit</span> <span class='ocrx_word' id='word_1_679' title='bbox 1594 1651 1656 1683; x_wconf 77' lang='lat' dir='ltr'>¹sibi</span> <span class='ocrx_word' id='word_1_680' title='bbox 1705 1651 1860 1684; x_wconf 86' lang='lat' dir='ltr'>eclesiam</span> <span class='ocrx_word' id='word_1_681' title='bbox 1883 1654 1916 1685; x_wconf 92' lang='lat' dir='ltr'>in</span> <span class='ocrx_word' id='word_1_682' title='bbox 1940 1653 2004 1685; x_wconf 85' lang='lat' dir='ltr'>hac</span> <span class='ocrx_word' id='word_1_683' title='bbox 2029 1655 2107 1693; x_wconf 74' lang='lat' dir='ltr'>vita,</span> <span class='ocrx_word' id='word_1_684' title='bbox 2142 1654 2232 1686; x_wconf 87' lang='lat' dir='ltr'>iusti-</span> 
     </span>
     <span class='ocr_line' id='line_1_101' title="bbox 1252 1694 2232 1737; baseline 0.001 -11"><span class='ocrx_word' id='word_1_685' title='bbox 1252 1694 1342 1734; x_wconf 82' lang='lat' dir='ltr'>ficat,</span> <span class='ocrx_word' id='word_1_686' title='bbox 1364 1695 1563 1733; x_wconf 83' lang='lat' dir='ltr'>sanctificat,</span> <span class='ocrx_word' id='word_1_687' title='bbox 1587 1695 1685 1737; x_wconf 82' lang='lat' dir='ltr'>regit,</span> <span class='ocrx_word' id='word_1_688' title='bbox 1697 1694 1853 1733; x_wconf 84' lang='lat' dir='ltr'>defendit,</span> <span class='ocrx_word' id='word_1_689' title='bbox 1866 1697 2042 1728; x_wconf 84' lang='lat' dir='ltr'>resuscitat</span> <span class='ocrx_word' id='word_1_690' title='bbox 2061 1708 2102 1728; x_wconf 80' lang='lat' dir='ltr'>ex</span> <span class='ocrx_word' id='word_1_691' title='bbox 2115 1704 2232 1729; x_wconf 90' lang='lat' dir='ltr'>morte.</span> 
     </span>
     <span class='ocr_line' id='line_1_102' title="bbox 1253 1737 2232 1782; baseline 0.002 -12"><span class='ocrx_word' id='word_1_692' title='bbox 1253 1737 1336 1770; x_wconf 90' lang='lat' dir='ltr'>Cum</span> <span class='ocrx_word' id='word_1_693' title='bbox 1359 1744 1430 1769; x_wconf 86' lang='lat' dir='ltr'>stas</span> <span class='ocrx_word' id='word_1_694' title='bbox 1454 1738 1487 1769; x_wconf 91' lang='lat' dir='ltr'>in</span> <span class='ocrx_word' id='word_1_695' title='bbox 1511 1738 1713 1776; x_wconf 83' lang='lat' dir='ltr'>coemiterin,</span> <span class='ocrx_word' id='word_1_696' title='bbox 1737 1745 1768 1769; x_wconf 92' lang='lat' dir='ltr'>et</span> <span class='ocrx_word' id='word_1_697' title='bbox 1792 1739 1886 1770; x_wconf 78' lang='lat' dir='ltr'>vides</span> <span class='ocrx_word' id='word_1_698' title='bbox 1910 1738 2074 1771; x_wconf 89' lang='lat' dir='ltr'>hominem</span> <span class='ocrx_word' id='word_1_699' title='bbox 2087 1738 2232 1782; x_wconf 85' lang='lat' dir='ltr'>sepeliri,</span> 
     </span>
     <span class='ocr_line' id='line_1_103' title="bbox 1252 1778 2232 1819; baseline 0.003 -7"><span class='ocrx_word' id='word_1_700' title='bbox 1252 1788 1342 1813; x_wconf 91' lang='lat' dir='ltr'>certe</span> <span class='ocrx_word' id='word_1_701' title='bbox 1365 1779 1422 1812; x_wconf 90' lang='lat' dir='ltr'>illa</span> <span class='ocrx_word' id='word_1_702' title='bbox 1445 1786 1497 1812; x_wconf 86' lang='lat' dir='ltr'>est</span> <span class='ocrx_word' id='word_1_703' title='bbox 1515 1778 1669 1812; x_wconf 80' lang='lat' dir='ltr'>deformis</span> <span class='ocrx_word' id='word_1_704' title='bbox 1694 1780 1811 1819; x_wconf 77' lang='lat' dir='ltr'>facies,</span> <span class='ocrx_word' id='word_1_705' title='bbox 1830 1789 1863 1813; x_wconf 90' lang='lat' dir='ltr'>et.</span> <span class='ocrx_word' id='word_1_706' title='bbox 1885 1788 1993 1814; x_wconf 87' lang='lat' dir='ltr'>tamen</span> <span class='ocrx_word' id='word_1_707' title='bbox 2018 1783 2156 1815; x_wconf 79' lang='lat' dir='ltr'>credet-‘e</span> <span class='ocrx_word' id='word_1_708' title='bbox 2177 1783 2232 1815; x_wconf 89' lang='lat' dir='ltr'>‹le-</span> 
     </span>
     <span class='ocr_line' id='line_1_104' title="bbox 1252 1824 2232 1868; baseline 0 -12"><span class='ocrx_word' id='word_1_709' title='bbox 1252 1824 1382 1862; x_wconf 89' lang='lat' dir='ltr'>bemus,</span> <span class='ocrx_word' id='word_1_710' title='bbox 1405 1824 1494 1865; x_wconf 90' lang='lat' dir='ltr'>quod</span> <span class='ocrx_word' id='word_1_711' title='bbox 1517 1825 1620 1855; x_wconf 71' lang='lat' dir='ltr'>simus</span> <span class='ocrx_word' id='word_1_712' title='bbox 1640 1825 1872 1861; x_wconf 79' lang='lat' dir='ltr'>resurrecturi,</span> <span class='ocrx_word' id='word_1_713' title='bbox 1896 1832 1928 1856; x_wconf 87' lang='lat' dir='ltr'>et</span> <span class='ocrx_word' id='word_1_714' title='bbox 1948 1825 2045 1857; x_wconf 89' lang='lat' dir='ltr'>suturi</span> <span class='ocrx_word' id='word_1_715' title='bbox 2069 1827 2100 1857; x_wconf 93' lang='lat' dir='ltr'>in</span> <span class='ocrx_word' id='word_1_716' title='bbox 2113 1825 2232 1868; x_wconf 83' lang='lat' dir='ltr'>gloria.</span> 
     </span>
    </p>

    <p class='ocr_par' dir='ltr' id='par_1_25' title="bbox 1253 1865 2236 2030">
     <span class='ocr_line' id='line_1_105' title="bbox 1338 1865 2236 1908; baseline 0.004 -10"><span class='ocrx_word' id='word_1_717' title='bbox 1338 1865 1510 1898; x_wconf 86' lang='lat' dir='ltr'>Decimum</span> <span class='ocrx_word' id='word_1_718' title='bbox 1534 1873 1583 1897; x_wconf 80' lang='lat' dir='ltr'>est</span> <span class='ocrx_word' id='word_1_719' title='bbox 1605 1867 1691 1908; x_wconf 80' lang='lat' dir='ltr'>apud</span> <span class='ocrx_word' id='word_1_720' title='bbox 1716 1867 1838 1898; x_wconf 74' lang='lat' dir='ltr'>oseam</span> <span class='ocrx_word' id='word_1_721' title='bbox 1859 1870 1902 1907; x_wconf 89' lang='lat' dir='ltr'>[c.</span> <span class='ocrx_word' id='word_1_722' title='bbox 1924 1868 2006 1908; x_wconf 62' lang='lat'>121:</span> <span class='ocrx_word' id='word_1_723' title='bbox 2032 1869 2158 1902; x_wconf 77' lang='lat' dir='ltr'>Omors</span> <span class='ocrx_word' id='word_1_724' title='bbox 2179 1879 2236 1901; x_wconf 78' lang='lat' dir='ltr'>ero</span> 
     </span>
     <span class='ocr_line' id='line_1_106' title="bbox 1253 1908 2236 1952; baseline 0.003 -11"><span class='ocrx_word' id='word_1_725' title='bbox 1253 1920 1342 1942; x_wconf 80' lang='lat' dir='ltr'>mors</span> <span class='ocrx_word' id='word_1_726' title='bbox 1363 1915 1428 1941; x_wconf 82' lang='lat' dir='ltr'>tua.</span> <span class='ocrx_word' id='word_1_727' title='bbox 1496 1909 1578 1941; x_wconf 86' lang='lat' dir='ltr'>Cum</span> <span class='ocrx_word' id='word_1_728' title='bbox 1602 1908 1665 1940; x_wconf 86' lang='lat' dir='ltr'>hoc</span> <span class='ocrx_word' id='word_1_729' title='bbox 1697 1909 1888 1942; x_wconf 80' lang='lat' dir='ltr'>conseratur</span> <span class='ocrx_word' id='word_1_730' title='bbox 1922 1910 2000 1943; x_wconf 89' lang='lat' dir='ltr'>illud</span> <span class='ocrx_word' id='word_1_731' title='bbox 2032 1911 2119 1944; x_wconf 86' lang='lat' dir='ltr'>lobi:</span> <span class='ocrx_word' id='word_1_732' title='bbox 2153 1913 2236 1952; x_wconf 74' lang='lat' dir='ltr'>Scio,</span> 
     </span>
     <span class='ocr_line' id='line_1_107' title="bbox 1254 1952 2235 1996; baseline 0.002 -12"><span class='ocrx_word' id='word_1_733' title='bbox 1254 1954 1340 1993; x_wconf 79' lang='lat' dir='ltr'>quod</span> <span class='ocrx_word' id='word_1_734' title='bbox 1358 1952 1553 1993; x_wconf 75' lang='lat' dir='ltr'>Redemptor</span> <span class='ocrx_word' id='word_1_735' title='bbox 1575 1963 1664 1984; x_wconf 69' lang='lat' dir='ltr'>meus</span> <span class='ocrx_word' id='word_1_736' title='bbox 1687 1957 1767 1989; x_wconf 80' lang='lat' dir='ltr'>riril,</span> <span class='ocrx_word' id='word_1_737' title='bbox 1791 1959 1823 1985; x_wconf 75' lang='lat' dir='ltr'>e!</span> <span class='ocrx_word' id='word_1_738' title='bbox 1844 1955 2013 1987; x_wconf 70' lang='lat' dir='ltr'>simeilabt&#39;t</span> <span class='ocrx_word' id='word_1_739' title='bbox 2032 1965 2083 1987; x_wconf 82' lang='lat' dir='ltr'>me</span> <span class='ocrx_word' id='word_1_740' title='bbox 2105 1965 2149 1988; x_wconf 76' lang='lat' dir='ltr'>es:</span> <span class='ocrx_word' id='word_1_741' title='bbox 2164 1954 2235 1996; x_wconf 76' lang='lat' dir='ltr'>pul-</span> 
     </span>
     <span class='ocr_line' id='line_1_108' title="bbox 1255 1996 1987 2030; baseline 0.003 -3"><span class='ocrx_word' id='word_1_742' title='bbox 1255 2006 1328 2027; x_wconf 78' lang='lat' dir='ltr'>cere</span> <span class='ocrx_word' id='word_1_743' title='bbox 1351 2001 1471 2030; x_wconf 73' lang='lat' dir='ltr'>terrae.</span> <span class='ocrx_word' id='word_1_744' title='bbox 1494 2000 1524 2027; x_wconf 76' lang='lat' dir='ltr'>e!</span> <span class='ocrx_word' id='word_1_745' title='bbox 1550 1996 1659 2027; x_wconf 66' lang='lat' dir='ltr'>tidelm</span> <span class='ocrx_word' id='word_1_746' title='bbox 1682 2006 1752 2027; x_wconf 77' lang='lat' dir='ltr'>eum</span> <span class='ocrx_word' id='word_1_747' title='bbox 1776 1999 1876 2029; x_wconf 79' lang='lat' dir='ltr'>oculis</span> <span class='ocrx_word' id='word_1_748' title='bbox 1899 2001 1987 2030; x_wconf 72' lang='lat' dir='ltr'>mets.</span> 
     </span>
    </p>

    <p class='ocr_par' dir='ltr' id='par_1_26' title="bbox 1255 2037 2238 2370">
     <span class='ocr_line' id='line_1_109' title="bbox 1342 2037 2235 2080; baseline 0.003 -11"><span class='ocrx_word' id='word_1_749' title='bbox 1342 2037 1558 2070; x_wconf 72' lang='lat' dir='ltr'>L&#39;mlecinunn</span> <span class='ocrx_word' id='word_1_750' title='bbox 1584 2046 1647 2077; x_wconf 49' lang='lat' dir='ltr'>eat,</span> <span class='ocrx_word' id='word_1_751' title='bbox 1670 2040 1758 2080; x_wconf 89' lang='lat' dir='ltr'>quod</span> <span class='ocrx_word' id='word_1_752' title='bbox 1783 2039 1965 2078; x_wconf 77' lang='lat' dir='ltr'>Michaeas,</span> <span class='ocrx_word' id='word_1_753' title='bbox 1993 2041 2168 2073; x_wconf 85' lang='lat' dir='ltr'>nominans</span> <span class='ocrx_word' id='word_1_754' title='bbox 2191 2038 2235 2072; x_wconf 91' lang='lat' dir='ltr'>lo-</span> 
     </span>
     <span class='ocr_line' id='line_1_110' title="bbox 1256 2081 2235 2125; baseline 0.005 -13"><span class='ocrx_word' id='word_1_755' title='bbox 1256 2091 1328 2112; x_wconf 88' lang='lat' dir='ltr'>cum</span> <span class='ocrx_word' id='word_1_756' title='bbox 1352 2081 1529 2112; x_wconf 65' lang='lat' dir='ltr'>nativitatis</span> <span class='ocrx_word' id='word_1_757' title='bbox 1554 2081 1710 2119; x_wconf 65' lang='lat' dir='ltr'>messiae,</span> <span class='ocrx_word' id='word_1_758' title='bbox 1730 2092 1889 2124; x_wconf 83' lang='lat' dir='ltr'>expresse</span> <span class='ocrx_word' id='word_1_759' title='bbox 1920 2084 2039 2125; x_wconf 88' lang='lat' dir='ltr'>inquit:</span> <span class='ocrx_word' id='word_1_760' title='bbox 2067 2083 2235 2124; x_wconf 63' lang='lat' dir='ltr'>Eyreaesw-</span> 
     </span>
     <span class='ocr_line' id='line_1_111' title="bbox 1255 2124 2237 2159; baseline 0.002 -4"><span class='ocrx_word' id='word_1_761' title='bbox 1255 2134 1314 2156; x_wconf 66' lang='lat' dir='ltr'>nes</span> <span class='ocrx_word' id='word_1_762' title='bbox 1336 2128 1405 2156; x_wconf 78' lang='lat' dir='ltr'>eius</span> <span class='ocrx_word' id='word_1_763' title='bbox 1429 2129 1504 2155; x_wconf 75' lang='lat' dir='ltr'>aule</span> <span class='ocrx_word' id='word_1_764' title='bbox 1526 2126 1597 2156; x_wconf 70' lang='lat' dir='ltr'>dies</span> <span class='ocrx_word' id='word_1_765' title='bbox 1615 2127 1734 2156; x_wconf 78' lang='lat' dir='ltr'>numm.</span> <span class='ocrx_word' id='word_1_766' title='bbox 1779 2125 1896 2158; x_wconf 89' lang='lat' dir='ltr'>Totum</span> <span class='ocrx_word' id='word_1_767' title='bbox 1920 2124 2000 2158; x_wconf 90' lang='lat' dir='ltr'>illud</span> <span class='ocrx_word' id='word_1_768' title='bbox 2024 2127 2146 2159; x_wconf 85' lang='lat' dir='ltr'>dictum</span> <span class='ocrx_word' id='word_1_769' title='bbox 2160 2137 2237 2158; x_wconf 89' lang='lat' dir='ltr'>con-</span> 
     </span>
     <span class='ocr_line' id='line_1_112' title="bbox 1256 2167 2236 2209; baseline 0.004 -12"><span class='ocrx_word' id='word_1_770' title='bbox 1256 2167 1406 2198; x_wconf 86' lang='lat' dir='ltr'>cionatur</span> <span class='ocrx_word' id='word_1_771' title='bbox 1440 2168 1480 2198; x_wconf 85' lang='lat' dir='ltr'>de</span> <span class='ocrx_word' id='word_1_772' title='bbox 1517 2175 1657 2209; x_wconf 79' lang='lat' dir='ltr'>utraque</span> <span class='ocrx_word' id='word_1_773' title='bbox 1692 2175 1809 2199; x_wconf 80' lang='lat' dir='ltr'>natura</span> <span class='ocrx_word' id='word_1_774' title='bbox 1840 2167 1978 2204; x_wconf 83' lang='lat' dir='ltr'>Cln·isti;</span> <span class='ocrx_word' id='word_1_775' title='bbox 2008 2170 2101 2201; x_wconf 88' lang='lat' dir='ltr'>etde</span> <span class='ocrx_word' id='word_1_776' title='bbox 2124 2168 2236 2202; x_wconf 85' lang='lat' dir='ltr'>officio</span> 
     </span>
     <span class='ocr_line' id='line_1_113' title="bbox 1257 2209 2238 2254; baseline 0.004 -14"><span class='ocrx_word' id='word_1_777' title='bbox 1257 2211 1337 2241; x_wconf 86' lang='lat' dir='ltr'>eius.</span> <span class='ocrx_word' id='word_1_778' title='bbox 1382 2209 1547 2241; x_wconf 82' lang='lat' dir='ltr'>Testatur.</span> <span class='ocrx_word' id='word_1_779' title='bbox 1572 2212 1661 2252; x_wconf 82' lang='lat' dir='ltr'>quod</span> <span class='ocrx_word' id='word_1_780' title='bbox 1685 2210 1770 2243; x_wconf 76' lang='lat' dir='ltr'>filius</span> <span class='ocrx_word' id='word_1_781' title='bbox 1795 2211 1856 2243; x_wconf 83' lang='lat' dir='ltr'>Dei</span> <span class='ocrx_word' id='word_1_782' title='bbox 1878 2213 1919 2244; x_wconf 83' lang='lat' dir='ltr'>sit</span> <span class='ocrx_word' id='word_1_783' title='bbox 1944 2219 2021 2244; x_wconf 77' lang='lat' dir='ltr'>unte</span> <span class='ocrx_word' id='word_1_784' title='bbox 2037 2213 2238 2254; x_wconf 74' lang='lat' dir='ltr'>assumptio·</span> 
     </span>
     <span class='ocr_line' id='line_1_114' title="bbox 1258 2253 2235 2297; baseline 0.004 -14"><span class='ocrx_word' id='word_1_785' title='bbox 1258 2264 1331 2284; x_wconf 81' lang='lat' dir='ltr'>nem</span> <span class='ocrx_word' id='word_1_786' title='bbox 1354 2260 1490 2284; x_wconf 75' lang='lat' dir='ltr'>naturae</span> <span class='ocrx_word' id='word_1_787' title='bbox 1514 2253 1685 2285; x_wconf 81' lang='lat' dir='ltr'>humanae.</span> <span class='ocrx_word' id='word_1_788' title='bbox 1731 2253 1791 2285; x_wconf 75' lang='lat' dir='ltr'>Est</span> <span class='ocrx_word' id='word_1_789' title='bbox 1816 2262 1951 2287; x_wconf 78' lang='lat' dir='ltr'>creator</span> <span class='ocrx_word' id='word_1_790' title='bbox 1975 2266 2049 2287; x_wconf 87' lang='lat' dir='ltr'>cum</span> <span class='ocrx_word' id='word_1_791' title='bbox 2073 2263 2180 2297; x_wconf 76' lang='lat' dir='ltr'>patre,</span> <span class='ocrx_word' id='word_1_792' title='bbox 2203 2261 2235 2287; x_wconf 77' lang='lat' dir='ltr'>et</span> 
     </span>
     <span class='ocr_line' id='line_1_115' title="bbox 1257 2295 2236 2337; baseline 0.004 -11"><span class='ocrx_word' id='word_1_793' title='bbox 1257 2307 1388 2337; x_wconf 72' lang='lat' dir='ltr'>semper</span> <span class='ocrx_word' id='word_1_794' title='bbox 1411 2295 1511 2327; x_wconf 80' lang='lat' dir='ltr'>adsuit</span> <span class='ocrx_word' id='word_1_795' title='bbox 1539 2296 1723 2337; x_wconf 74' lang='lat' dir='ltr'>Ecclesiae,</span> <span class='ocrx_word' id='word_1_796' title='bbox 1746 2304 1777 2329; x_wconf 86' lang='lat' dir='ltr'>et</span> <span class='ocrx_word' id='word_1_797' title='bbox 1801 2303 1909 2330; x_wconf 75' lang='lat' dir='ltr'>tamen</span> <span class='ocrx_word' id='word_1_798' title='bbox 1934 2299 2124 2330; x_wconf 81' lang='lat' dir='ltr'>nasciturin</span> <span class='ocrx_word' id='word_1_799' title='bbox 2138 2297 2236 2331; x_wconf 88' lang='lat' dir='ltr'>Beth-</span> 
     </span>
     <span class='ocr_line' id='line_1_116' title="bbox 1256 2337 1374 2370; baseline -0.008 0"><span class='ocrx_word' id='word_1_800' title='bbox 1256 2337 1374 2370; x_wconf 70' lang='lat' dir='ltr'>lehem.</span> 
     </span>
    </p>

    <p class='ocr_par' dir='ltr' id='par_1_27' title="bbox 1257 2381 2238 2638">
     <span class='ocr_line' id='line_1_117' title="bbox 1344 2381 2237 2425; baseline 0.004 -13"><span class='ocrx_word' id='word_1_801' title='bbox 1344 2381 1549 2413; x_wconf 59' lang='lat' dir='ltr'>l‘ostrcmnm</span> <span class='ocrx_word' id='word_1_802' title='bbox 1575 2383 1792 2415; x_wconf 71' lang='lat' dir='ltr'>testimonium</span> <span class='ocrx_word' id='word_1_803' title='bbox 1821 2390 1872 2415; x_wconf 89' lang='lat' dir='ltr'>est</span> <span class='ocrx_word' id='word_1_804' title='bbox 1914 2384 2002 2425; x_wconf 83' lang='lat' dir='ltr'>apud</span> <span class='ocrx_word' id='word_1_805' title='bbox 2043 2383 2237 2416; x_wconf 74' lang='lat' dir='ltr'>Zachariam</span> 
     </span>
     <span class='ocr_line' id='line_1_118' title="bbox 1258 2425 2238 2465; baseline 0.006 -11"><span class='ocrx_word' id='word_1_806' title='bbox 1258 2436 1330 2465; x_wconf 73' lang='lat' dir='ltr'>cap.</span> <span class='ocrx_word' id='word_1_807' title='bbox 1356 2425 1385 2455; x_wconf 83' lang='grc'>9.</span> <span class='ocrx_word' id='word_1_808' title='bbox 1456 2427 1496 2456; x_wconf 79' lang='lat' dir='ltr'>Tu</span> <span class='ocrx_word' id='word_1_809' title='bbox 1527 2430 1557 2456; x_wconf 75' lang='lat' dir='ltr'>it}</span> <span class='ocrx_word' id='word_1_810' title='bbox 1582 2430 1739 2465; x_wconf 66' lang='lat' dir='ltr'>sanym&#39;iw</span> <span class='ocrx_word' id='word_1_811' title='bbox 1761 2430 1944 2458; x_wconf 65' lang='lat' dir='ltr'>{eslmue’nlt&#39;</span> <span class='ocrx_word' id='word_1_812' title='bbox 1970 2428 2088 2459; x_wconf 68' lang='lat' dir='ltr'>educes</span> <span class='ocrx_word' id='word_1_813' title='bbox 2118 2431 2238 2460; x_wconf 70' lang='lat' dir='ltr'>cinctos</span> 
     </span>
     <span class='ocr_line' id='line_1_119' title="bbox 1257 2469 2236 2511; baseline 0.004 -13"><span class='ocrx_word' id='word_1_814' title='bbox 1257 2474 1329 2499; x_wconf 76' lang='lat' dir='ltr'>tuns</span> <span class='ocrx_word' id='word_1_815' title='bbox 1352 2479 1394 2498; x_wconf 62' lang='lat' dir='ltr'>aar</span> <span class='ocrx_word' id='word_1_816' title='bbox 1418 2471 1498 2498; x_wconf 72' lang='lat' dir='ltr'>lara.</span> <span class='ocrx_word' id='word_1_817' title='bbox 1524 2480 1556 2499; x_wconf 80' lang='lat' dir='ltr'>m</span> <span class='ocrx_word' id='word_1_818' title='bbox 1581 2480 1640 2508; x_wconf 73' lang='lat' dir='ltr'>qm)</span> <span class='ocrx_word' id='word_1_819' title='bbox 1663 2479 1725 2500; x_wconf 86' lang='lat' dir='ltr'>mm</span> <span class='ocrx_word' id='word_1_820' title='bbox 1749 2474 1799 2501; x_wconf 76' lang='lat' dir='ltr'>cs!</span> <span class='ocrx_word' id='word_1_821' title='bbox 1820 2480 1910 2510; x_wconf 82' lang='lat' dir='ltr'>aqua.</span> <span class='ocrx_word' id='word_1_822' title='bbox 1964 2469 2060 2511; x_wconf 70' lang='lat' dir='ltr'>Apud</span> <span class='ocrx_word' id='word_1_823' title='bbox 2097 2470 2236 2502; x_wconf 82' lang='lat' dir='ltr'>eundem</span> 
     </span>
     <span class='ocr_line' id='line_1_120' title="bbox 1257 2510 2237 2551; baseline 0.002 -10"><span class='ocrx_word' id='word_1_824' title='bbox 1257 2510 1447 2551; x_wconf 75' lang='lat' dir='ltr'>propin-tntu</span> <span class='ocrx_word' id='word_1_825' title='bbox 1474 2516 1514 2547; x_wconf 63' lang='grc' dir='ltr'>μ’.</span> <span class='ocrx_word' id='word_1_826' title='bbox 1539 2512 1581 2549; x_wconf 66' lang='grc' dir='ltr'>ΣΗ</span> <span class='ocrx_word' id='word_1_827' title='bbox 1609 2520 1695 2543; x_wconf 73' lang='lat' dir='ltr'>extat</span> <span class='ocrx_word' id='word_1_828' title='bbox 1711 2511 1909 2543; x_wconf 75' lang='lat' dir='ltr'>vocabulum</span> <span class='ocrx_word' id='word_1_829' title='bbox 1931 2514 2070 2544; x_wconf 69' lang='lat' dir='ltr'>Zm’nmh</span> <span class='ocrx_word' id='word_1_830' title='bbox 2095 2514 2135 2544; x_wconf 86' lang='lat' dir='ltr'>(le</span> <span class='ocrx_word' id='word_1_831' title='bbox 2151 2512 2237 2545; x_wconf 78' lang='lat' dir='ltr'>Mes·</span> 
     </span>
     <span class='ocr_line' id='line_1_121' title="bbox 1257 2554 2237 2597; baseline 0.004 -14"><span class='ocrx_word' id='word_1_832' title='bbox 1257 2555 1318 2587; x_wconf 64' lang='lat' dir='ltr'>sia.</span> <span class='ocrx_word' id='word_1_833' title='bbox 1355 2554 1384 2584; x_wconf 68' lang='lat' dir='ltr'>inl</span> <span class='ocrx_word' id='word_1_834' title='bbox 1410 2562 1470 2586; x_wconf 63' lang='lat' dir='ltr'>cst.</span> <span class='ocrx_word' id='word_1_835' title='bbox 1507 2566 1653 2592; x_wconf 60' lang='lat' dir='ltr'>gvi-tucn.</span> <span class='ocrx_word' id='word_1_836' title='bbox 1688 2562 1717 2585; x_wconf 84' lang='lat' dir='ltr'>et</span> <span class='ocrx_word' id='word_1_837' title='bbox 1755 2564 1832 2595; x_wconf 83' lang='lat' dir='ltr'>puto</span> <span class='ocrx_word' id='word_1_838' title='bbox 1869 2554 2079 2589; x_wconf 78' lang='lat' dir='ltr'>Zachariam.</span> <span class='ocrx_word' id='word_1_839' title='bbox 2110 2563 2237 2597; x_wconf 78' lang='lat' dir='ltr'>putrent</span> 
     </span>
     <span class='ocr_line' id='line_1_122' title="bbox 1258 2597 2237 2638; baseline 0.003 -11"><span class='ocrx_word' id='word_1_840' title='bbox 1258 2597 1436 2638; x_wconf 64' lang='lat' dir='ltr'>Baptistae.</span> <span class='ocrx_word' id='word_1_841' title='bbox 1464 2597 1611 2629; x_wconf 53' lang='lat' dir='ltr'>munisse</span> <span class='ocrx_word' id='word_1_842' title='bbox 1637 2599 1721 2629; x_wconf 84' lang='lat' dir='ltr'>hunc</span> <span class='ocrx_word' id='word_1_843' title='bbox 1747 2609 1861 2629; x_wconf 64' lang='lat' dir='ltr'>vocem</span> <span class='ocrx_word' id='word_1_844' title='bbox 1886 2599 2015 2637; x_wconf 78' lang='lat' dir='ltr'>imitari,</span> <span class='ocrx_word' id='word_1_845' title='bbox 2039 2610 2111 2632; x_wconf 89' lang='lat' dir='ltr'>cum</span> <span class='ocrx_word' id='word_1_846' title='bbox 2136 2599 2237 2631; x_wconf 84' lang='lat' dir='ltr'>nomi·</span> 
     </span>
    </p>
   </div>
  </div>
 </body>
</html>
