2324 2958
149 161 214 196 819

150 269 210 292 nes
233 256 343 290 mundi
367 253 505 287 furentis
529 259 561 284 et
584 250 812 284 tumultuantis
839 249 1002 281 adversus
1015 246 1124 278 Evan-
1150 245 1153 256 '

150 301 285 345 gelium.
330 297 482 330 Potentia
514 293 648 327 Diaboli
681 303 749 325 non
777 291 900 324 delebit
928 288 1124 339 Ecclesiam.
1149 298 1154 353 ἱ

150 345 221 378 Etsi
243 341 333 375 multi
355 339 603 376 interficientur,
629 343 740 368 tamen
774 332 938 367 Diabolus
966 343 1034 364 non
1057 341 1125 362 vin-

151 394 213 421 cet.
258 384 361 417 Filius
384 383 459 421 Dei,
482 382 537 424 qui
559 386 610 412 est
632 380 740 412 victor
763 379 919 415 Satanae,
949 383 1126 423 conserva-

150 433 198 464 bit
219 427 415 462 Ecclesiam.
482 422 680 460 Quomodo?
741 421 815 453 Non
839 422 871 452 1'n
894 429 987 456 areu,
1010 425 1072 448 nou
1094 425 1127 446 m

150 474 284 507 robore:
316 470 374 503 sed
408 469 441 501 in
463 468 592 509 Spiritu
614 475 693 504 meo,
726 464 829 506 inquit
851 462 1015 494 Dominus
1039 459 1127 500 apud

151 515 356 549 Zachariam.
401 511 443 544 Et
464 511 520 543 hic
536 510 669 542 dicitur:
692 506 838 548 Spiritus
859 508 990 537 sanctus
1013 505 1128 553 arquet

151 560 299 592 mundum
327 557 367 588 de
392 555 528 586 iudicio.-
562 552 594 584 id
616 556 679 589 est,
712 550 843 582 sonabit
866 557 983 580 vocem
1007 545 1129 577 doctri-

151 613 226 641 nae,
250 599 417 633 damnabit
439 599 472 629 in
484 595 658 629 multorum
672 594 828 626 cordibus
852 589 950 627 idola,
974 594 1006 620 et
1029 588 1128 619 robo-

152 646 238 678 rabit
256 655 297 676 ac
321 641 529 675 confirmabit
552 647 644 669 suos.

239 703 328 737 Alibi
362 702 464 744 inquit
498 698 665 732 Christus:
710 695 832 726 Portae
860 690 1037 732 inferorum
1068 699 1129 722 non

151 747 394 792 pra-valebunt.
419 745 453 775 ln
477 753 517 775 ea
540 741 706 773 locutione
730 744 780 769 est
792 735 1003 778 Metonymia.
1028 732 1128 765 Porta

152 791 322 825 veteribus
357 787 577 830 significabat,
612 782 701 825 quod
732 790 793 812 nos
816 787 976 811 vocamus
1000 782 1129 827 praeto-

152 836 248 873 rium,
271 833 331 864 Ein
357 830 544 862 Ratbhaus:
564 827 642 869 quia
663 826 695 856 in
719 823 822 865 portis
835 821 1007 861 Principes
1027 826 1059 870 et
1072 822 1130 850 Se-

152 885 290 911 natores
325 874 576 906 conveniebant.
643 868 720 899 Ideo
755 875 854 907 saepe
877 866 909 895 in
929 861 1071 894 Psalmis
1095 861 1131 893 fit

153 921 273 954 mentio
307 924 438 961 portae:
472 921 518 953 ut,
552 912 628 944 Nou
651 908 872 950 confundetur,
892 917 961 938 cnm
984 907 1132 947 loquetur
1156 938 1158 940 ,

154 963 291 997 inimicis
321 962 388 993 suis
422 961 453 990 1¹11
474 961 592 999 porta:
625 955 658 985 id
681 960 743 991 est,
766 953 798 983 in
823 951 926 988 curia,
951 949 1130 991 praetorio,
1156 941 1159 995 J

155 1016 243 1040 arce.
289 1004 413 1036 Postea
435 1009 468 1033 ut
492 999 604 1031 fasces
628 1004 659 1029 et
681 1005 777 1028 arces
797 995 934 1025 dicimus
956 1003 1016 1034 pro
1030 991 1132 1041 impe-

155 1051 216 1088 rio,
240 1049 285 1080 ita
308 1048 405 1079 etiam
428 1052 544 1087 portae
577 1051 635 1083 pet·
668 1037 918 1071 translationem
942 1036 1133 1078 significant
1158 1048 1159 1080 ᾗ

156 1100 392 1133 nonnunquam
415 1087 560 1129 imperia.

243 1154 363 1184 Portae
386 1158 467 1186 erg-o
482 1148 658 1186 inferorum
672 1140 990 1181 nonproemlebtmt:
1012 1138 1043 1168 id
1068 1143 1132 1175 est,

158 1204 355 1239 quamquam
379 1182 529 1231 imperia,
552 1189 584 1218 in
608 1187 723 1228 quibus
748 1181 909 1214 Diabolus
933 1187 983 1212 est
1006 1187 1135 1231 potens,
1159 1184 1161 1208 ἰ

159 1244 274 1271 σει-ειη
299 1233 421 1267 bellum
445 1233 607 1264 adversus
633 1226 835 1264 Ecclesiam,
867 1232 899 1256 ut
923 1235 1011 1255 nunc
1036 1233 1136 1264 impe·
1158 1210 1163 1267 i

158 1265 240 1313 &ium
262 1279 450 1314 'sarcit-um,
474 1281 504 1306 et
528 1274 559 1304 in
584 1273 665 1303 orbe
689 1270 879 1302 Christiano
891 1267 1038 1309 potentia
1050 1265 1136 1297 Pon·
1158 1272 1162 1336 ἶ

159 1326 281 1356 tificum
305 1326 467 1353 conantur
486 1315 597 1348 delere
620 1312 823 1347 Ecclesiam;
858 1318 966 1342 tamen
988 1319 1054 1340 non
1078 1319 1136 1350 po·

158 1372 269 1399 terunt
291 1374 362 1396 eam
387 1360 506 1394 delere.

245 1425 340 1456 Hanc
375 1419 637 1454 consolationem
672 1416 834 1447 habemus
859 1413 1082 1453 praeeipuam,
1105 1416 1137 1441 et

160 1480 199 1502 ea
224 1467 297 1499 freti
316 1473 508 1498 maneamus
532 1462 563 1492 in
587 1458 810 1491 consessione.
855 1456 928 1487 Deo
951 1464 1052 1486 curae
1064 1454 1136 1491 erit,

160 1521 194 1545 ut
217 1509 371 1543 Ecclesia
392 1508 513 1539 habeat
535 1503 690 1545 hospitia,
720 1507 751 1532 et
768 1498 901 1531 nidulos
924 1497 1072 1540 aliquos;
1105 1501 1137 1528 et

160 1562 195 1588 ut
219 1555 284 1586 sint
306 1561 438 1592 semper
460 1548 561 1589 aliqui
575 1554 702 1583 coetus,
725 1542 936 1586 quantumvis
953 1540 1137 1573 furentibus

161 1598 314 1631 omnibus
348 1592 512 1626 Diabolis.
579 1589 662 1621 Nam
697 1585 862 1619 Diabolus
893 1591 943 1616 est
962 1585 1138 1620 iudicatus,

160 1641 227 1673 hoc
261 1646 325 1677 est,
361 1637 612 1670 condemnatus,
645 1632 798 1663 addictus
820 1638 958 1671 poenae,
992 1627 1139 1668 potentia

162 1685 233 1717 eius
256 1681 362 1714 fracta
385 1687 446 1717 est,
470 1683 546 1709 sunt
570 1677 597 1707 ei
621 1676 741 1707 iniecta
765 1671 909 1710 vincula,
934 1677 1010 1701 sunt
1033 1676 1140 1701 metae

161 1727 372 1762 constitutae,
397 1729 572 1765 quousque
595 1724 809 1761 grassaturus
833 1716 886 1746 sit.

247 1785 362 1817 Bonus
396 1788 427 1814 et
454 1782 528 1824 pius
552 1780 601 1810 vir
622 1778 787 1810 Dominus
812 1774 989 1807 Plateanus
1009 1772 1141 1804 moritu-

161 1840 230 1868 rus,
254 1827 431 1870 praecipue
454 1825 517 1856 hae
541 1821 706 1854 sententia
729 1830 767 1851 se
790 1818 995 1851 confirmavit
1025 1826 1065 1848 ac
1088 1825 1142 1847 su-

161 1872 334 1905 stentaw‘t:
373 1869 529 1908 Princeps
563 1865 676 1897 ηιιιιιιΙί
707 1865 771 1894 iam
802 1863 962 1894 iudicatus
990 1864 1049 1896 est,
1080 1868 1143 1890 uon

161 1920 270 1958 potest
291 1924 338 1945 me
360 1914 526 1944 damnarc.
572 1908 665 1940 Hanc
684 1906 879 1938 sententiam
893 1903 1069 1945 aliquoties
1094 1911 1143 1933 re-

161 1959 266 2002 petiit.

250 2017 343 2049 Haec
366 2021 415 2047 est
438 2014 538 2057 igitur
561 2012 677 2043 concio
702 2011 742 2041 de
766 2007 944 2040 ministerio
957 2003 1142 2046 Evangelii,
1167 2005 1171 2033 Ι

164 2069 196 2095 et
221 2062 262 2093 de
286 2068 415 2092 summa
439 2056 601 2092 doctrina,
626 2055 667 2085 de
691 2063 755 2094 qua
778 2051 854 2082 alibi
879 2051 974 2081 etiam
988 2048 1143 2080 Christus

164 2105 280 2147 inquit,
303 2103 388 2143 quod
416 2102 560 2141 Apostoli
587 2099 721 2129 debeant
750 2095 943 2135 prardfcare
965 2096 996 2123 in
1021 2096 1144 2123 nomme

164 2152 233 2180 eius
265 2148 495 2188 poenitentiam
529 2147 561 2174 et
592 2141 812 2172 remissionom
844 2141 1057 2183 peccatorum.
1103 2133 1144 2184 Et

188 2192 241 2223 uia
276 2195 386 2221 textus
420 2187 474 2218 hic
509 2186 609 2217 utitur
638 2192 721 2214 voce
756 2180 926 2221 “mumuli-
956 2186 988 2210 et
1012 2177 1089 2209 dicit
1112 2177 1142 2208 id

165 2203 236 2266 geri
270 2243 329 2274 per
362 2231 518 2271 Spiritum
552 2233 715 2263 sanctum,
750 2234 815 2255 non
850 2223 1047 2272 cogitemus.
1067 2229 1143 2251 esse

166 2277 321 2319 quiddam
345 2273 467 2305 lentum
492 2270 544 2302 vel
570 2270 723 2306 otiosum,
758 2267 818 2298 sed
854 2264 918 2297 tale
950 2263 1085 2305 aliquid,
1108 2269 1143 2294 ut

166 2320 270 2351 corda
294 2317 433 2349 sentiant
459 2316 539 2346 iram
563 2312 644 2350 Dei,
678 2318 710 2343 et
733 2316 849 2352 postea
873 2306 1144 2356 consolationem.

166 2363 241 2395 Non
265 2360 491 2401 intelligantur
514 2359 577 2388 ista
601 2356 641 2387 de
666 2364 702 2386 re
724 2353 800 2385 levi.
845 2351 944 2383 Certe
962 2353 993 2382 in
1018 2349 1145 2381 indiciis

168 2403 385 2437 dissimilibus
420 2402 580 2437 videmus,
614 2398 725 2440 quanti
749 2397 814 2428 sint
838 2401 952 2427 aestus
971 2393 1148 2430 hominum,

169 2455 202 2480 et
226 2449 377 2489 impetus,
401 2452 432 2477 et
458 2451 580 2486 quanta
604 2441 795 2473 certamina.

783 154 896 187 PHlL.
919 153 1022 186 MEL.
1046 150 1232 186 SCRIPTA
1256 146 1518 180 EXEGETICA.

1206 244 1414 285 Enarratio
1447 242 1747 284 Sententiarum
1779 242 1933 297 aliquot
1971 243 2011 283 in
2042 243 2124 284 fine

1491 321 1609 360 huius
1640 320 1850 361 concionis.

1264 410 1300 442 ln
1323 410 1388 443 fine
1409 411 1575 443 adduntur
1586 409 1670 442 aliae
1683 411 1845 453 quaedam
1856 412 2050 450 sententiae,
2069 421 2156 453 quae

1178 453 1341 495 pertinent
1376 454 1420 486 ad
1454 455 1636 486 doctrinam
1667 455 1707 485 de
1730 455 1868 495 Spiritus
1892 461 2033 486 sancto:
2056 457 2157 487 Multa

1178 497 1278 529 habeo
1310 497 1397 529 vobis
1429 499 1553 537 dicere,
1586 498 1647 529 sed
1667 506 1729 529 non
1747 501 1884 537 potestis
1906 507 1990 529 nunc
2010 502 2156 538 portare.

1183 540 1261 571 Cum
1284 543 1388 571 autem
1410 544 1541 572 vener-rt
1560 540 1703 580 Spiritus
1731 542 1784 572 ille
1806 544 1967 578 veritato,
1989 541 2084 572 ducet
2104 550 2157 573 vos

1180 585 1213 613 in
1237 591 1361 613 omnem
1382 586 1559 615 veritatem.
1604 582 1678 614 Non
1709 581 1788 614 volo
1816 582 1870 615 hic
1893 581 2028 614 stultam
2051 582 2156 622 illam,

1181 623 1235 656 vel
1258 625 1366 666 potius
1391 624 1664 658 contumeliosam
1688 626 1907 658 obiectionem
1930 627 2084 658 recitare:

1267 683 1410 724 Spiritum
1431 686 1556 717 docebit
1575 688 1689 717 multa:

1268 726 1354 766 Eryo
1387 728 1529 760 Ecclesia
1563 730 1656 760 babet
1685 730 1808 769 aliquos
1828 731 1990 769 articulos,
2018 729 2076 771 qni
2095 739 2159 761 non

1311 774 1387 801 suut
1405 773 1519 803 traditi
1539 772 1572 803 in
1595 773 1772 812 Etanyelio.

1268 837 1329 868 Est
1350 838 1473 879 inepta,
1498 845 1529 870 et
1552 846 1660 871 tamen
1683 846 1768 872 tetra
1792 838 1969 872 cavillatio.
1992 839 2160 873 Docuitne

1155 877 1159 933 j
1184 880 1328 923 Spiritus
1362 887 1500 913 sanctus
1530 881 1610 920 alia,
1643 892 1827 925 quamquae
1850 882 2002 915 Christus
2026 883 2160 916 docuit?

1185 923 1414 964 Respondeoz·
1440 924 1532 961 Non3
1556 926 1632 966 quia
1655 926 1709 957 hic
1721 926 1851 964 dicitur,
1874 936 1954 966 quae
1976 928 2093 967 audiet,
2116 927 2160 958 Io-

1184 972 1307 1007 quetur.
1356 966 1446 1004 Item,
1469 969 1603 1007 Rediyec
1624 969 1709 1000 robis·
1731 972 1764 999 in
1787 970 1974 1001 memoriam
2008 980 2055 1009 ea,
2078 979 2160 1011 quae

1184 1011 1253 1041 (Ιὶ.τὶ
1276 1011 1371 1041 tobis.
1438 1010 1479 1041 Et
1498 1009 1622 1042 Paulus
1645 1012 1763 1053 inquit:
1797 1011 1836 1042 St
1855 1014 1927 1052 quis
1948 1014 2037 1044 maed
2058 1013 2161 1044 Eran-

1184 1055 1301 1092 ι(μΞΙίιιιη
1324 1054 1424 1093 docet,
1447 1055 1616 1085 mmlhemu
1637 1055 1690 1085 sit.
1735 1053 1835 1088 Quod
1856 1055 1885 1085 si
1908 1065 2062 1096 quaeras,
2085 1054 2162 1096 quid

1186 1097 1284 1138 igitur
1306 1096 1394 1137 agit?
1417 1097 1494 1137 quid
1517 1096 1617 1128 eflicit
1642 1096 1782 1138 Spiritus
1807 1097 1967 1128 sanctus?
2011 1097 2162 1139 Respon—

1158 1152 1161 1176 1
1186 1140 1241 1170 det
1266 1138 1436 1170 Christus:
1459 1141 1562 1171 Duce!
1582 1150 1636 1172 tos
1658 1144 1691 1171 iu
1714 1149 1836 1171 onmem
1849 1143 2033 1179 ceritatem;
2053 1140 2087 1171 id
2099 1146 2163 1178 est,

1187 1180 1369 1213 declarabit
1392 1183 1542 1220 verbum,
1567 1183 1654 1224 quod
1678 1192 1742 1224 ego
1755 1183 1881 1215 tradidi.
1905 1183 1997 1221 Item,
2022 1184 2165 1224 Spfritue

1187 1234 1237 1256 me
1255 1224 1454 1263 ylorilicabae't.
1499 1225 1551 1256 An
1577 1235 1656 1256 vero
1681 1225 1864 1267 glorificat,
1888 1227 1942 1267 qui
1966 1227 2062 1258 docet
2086 1235 2164 1258 con-

1187 1269 1303 1340 tgaria:
1326 1268 1390 1298 imo
1415 1268 1522 1308 potius
1548 1267 1624 1300 talis
1647 1274 1818 1311 oppugnat
1840 1274 1873 1300 et
1896 1266 2095 1301 contumelia
2116 1267 2164 1301 as—

1211 1316 1266 1341 cit.

1275 1351 1319 1383 Ut
1340 1358 1448 1383 autem
1468 1351 1546 1384 alibi
1565 1354 1666 1394 inquit
1681 1353 1849 1385 Cin-istus:
1872 1355 1979 1393 Pater,
2001 1355 2166 1393 sanctifica

1189 1404 1243 1426 eos
1267 1398 1300 1426 in
1324 1398 1469 1435 veritate,
1492 1405 1597 1427 sermo
1619 1401 1694 1427 tuus
1716 1401 1766 1428 est
1784 1400 1916 1428 veritas.
1961 1396 2009 1427 lta
2022 1396 2166 1437 Spiritus

1190 1443 1341 1476 sanctus,
1374 1447 1434 1478 per
1467 1448 1564 1480 quem
1587 1438 1621 1470 fit
1645 1438 1878 1477 sanctificatio,
1911 1438 1976 1471 hoc
2011 1437 2112 1471 efficit
2134 1439 2168 1470 iu

1189 1480 1301 1518 nobis,
1323 1486 1358 1512 ut
1381 1481 1543 1512 accendat
1567 1480 1673 1513 lucem
1695 1482 1727 1513 iu
1750 1483 1927 1519 mentibus,
1950 1489 1986 1514 ut
2009 1480 2168 1524 intelliga-

1190 1533 1264 1555 mus
1285 1523 1351 1554 hoc
1373 1525 1480 1566 ipsum
1502 1525 1648 1556 verbum.
1716 1523 1813 1556 Tollit
1837 1523 2068 1563 velamentum,
2101 1535 2169 1566 quo

1191 1572 1319 1598 mentes
1343 1573 1420 1599 sunt
1443 1566 1580 1599 velatae.
1623 1567 1776 1610 Amplius
1803 1568 1898 1599 etiam
1928 1568 2028 1600 flectit
2053 1567 2168 1604 corda,

1191 1615 1225 1640 ut
1248 1609 1498 1651 amplectantur,
1521 1612 1756 1649 assentiantur,
1780 1617 1811 1642 et
1835 1611 1985 1642 credant:
2010 1610 2102 1642 Sicut
2124 1610 2170 1641 iu-

1192 1653 1259 1695 quit
1279 1651 1420 1684 Paulus:
1444 1655 1586 1694 Spiritus·
1608 1659 1741 1686 sanctus
1761 1655 1820 1685 dat
1839 1657 2052 1685 testimoninm
2073 1653 2171 1694 epiri-

1192 1697 1241 1727 tui
1260 1701 1378 1735 nostro,
1400 1702 1435 1729 ut
1456 1700 1593 1729 clament
1616 1699 1702 1729 Abba
1723 1698 1840 1728 Pater:
1858 1696 1890 1727 id
1909 1703 1981 1734 est,
2010 1702 2046 1728 ut
2068 1705 2173 1738 agno-

1193 1749 1342 1778 scamu5‚
1377 1750 1439 1770 nos
1473 1750 1551 1771 esse
1585 1741 1616 1772 in
1653 1741 1772 1782 gratia,
1808 1745 1840 1770 et
1863 1749 1943 1771 vere
1966 1748 2028 1770 nos
2050 1738 2173 1779 recipi;

1195 1782 1390 1814 invocemus
1413 1782 1532 1820 Deum,
1556 1783 1768 1814 subiiciamus
1791 1792 1854 1813 nos
1877 1783 1919 1820 ei,
1943 1788 1975 1814 et
1987 1782 2174 1813 serviamus

1195 1826 1269 1867 ipsi,
1294 1826 1465 1857 retinendo
1490 1825 1587 1857 fidem
1610 1831 1642 1857 et
1666 1827 1786 1857 bonam
1810 1825 2058 1857 conscientiam.

1282 1870 1402 1901 Annon
1437 1868 1602 1900 habebant
1638 1870 1699 1899 iam
1724 1868 1878 1910 Spiritum
1908 1874 2060 1900 sanctum
2083 1866 2173 1909 Apo-

1196 1909 1295 1942 stoli?
1340 1911 1407 1943 Cur
1429 1912 1527 1953 igitur
1549 1912 1649 1953 inquit
1675 1912 1846 1943 Christus:
1866 1921 1928 1943 non
1947 1914 2084 1952 potestis
2097 1919 2173 1951 por-

1196 1959 1282 1993 tare:
1303 1955 1363 1986 sed
1383 1957 1509 1995 quando
1527 1956 1656 1986 (labitur
1678 1957 1829 1995 Spirmu,
1852 1959 1926 1986 tunc
1948 1956 2003 1986 illa
2021 1954 2175 1993 intellige-

1196 1999 1264 2029 tis?
1308 1996 1518 2038 Respondeo.
1566 1998 1739 2029 Habebunt
1762 1998 1920 2039 Spiritum
1942 2003 2107 2030 sanctum,
2141 2001 2176 2027 et

1197 2039 1300 2072 intelli
1328 2042 1425 2071 ebant
1450 2040 1558 2083 aliqua
1578 2052 1618 2072 ex
1642 2049 1744 2082 parte.
1798 2040 1972 2072 Habebunt
1999 2039 2090 2071 initia
2113 2048 2176 2070 seu

1195 2083 1372 2115 scintilam
1396 2085 1482 2122 fidei,
1506 2091 1537 2115 et
1563 2084 1644 2116 haec
1668 2084 1725 2116 suit
1749 2082 1846 2116 valde
1864 2082 2020 2125 languida
2042 2082 2074 2113 in
2098 2090 2174 2123 pas-

1195 2128 1301 2163 sione,
1325 2134 1355 2158 et
1380 2127 1449 2158 sere
1473 2128 1617 2159 extincta
1641 2129 1672 2158 in
1696 2126 1753 2159 ilia
1776 2129 1846 2166 ipsa
1869 2133 1979 2164 nocte,
2002 2125 2062 2157 sed
2085 2130 2176 2166 post-

1196 2180 1236 2202 ea
1258 2180 1374 2202 rursus
1408 2172 1550 2202 excitata
1579 2178 1610 2202 et
1640 2171 1834 2202 confirmata
1857 2176 1920 2201 est.
1989 2168 2062 2200 Nou
2086 2167 2176 2210 eogi-

1197 2220 1302 2245 temus
1326 2213 1489 2245 bominem
1512 2215 1621 2245 statim
1646 2225 1723 2245 esse
1746 2211 1939 2255 perfectum.
1984 2210 2084 2243 Dona
2103 2209 2176 2252 Spi-

1197 2258 1277 2288 ritus
1303 2255 1456 2298 panlatim
1481 2264 1653 2295 crescunt,
1689 2264 1720 2289 et
1752 2262 1803 2288 est
1825 2256 1961 2287 assidua
1983 2253 2178 2296 precatione

1197 2311 1295 2342 opus,
1319 2308 1349 2331 ut
1377 2310 1567 2332 crescamus
1590 2301 1622 2332 in
1646 2300 1811 2343 agnitione
1835 2306 1867 2330 et
1887 2297 2111 2339 proficiamus.

1286 2344 1332 2375 lta
1356 2350 1464 2375 textus
1488 2344 1540 2375 isti
1565 2342 1655 2375 clare
1679 2351 1709 2375 et
1729 2343 1904 2385 perspicue
1928 2341 2061 2377 doce-t,
2080 2347 2178 2370 unam

1200 2397 1275 2418 esse
1299 2398 1415 2418 vocem
1439 2386 1611 2429 Evangelii
1635 2387 1785 2418 traditum
1811 2395 1831 2417 a
1854 2383 1936 2416 Filio
1959 2383 2035 2421 Dei,
2070 2388 2102 2413 et
2136 2381 2178 2413 ab

1202 2429 1383 2471 Apostolis‚
1403 2437 1432 2461 et
1446 2431 1601 2472 Spiritum
1613 2436 1762 2461 sanctum
1782 2427 1860 2460 nihil
1883 2428 2003 2459 afferre
2025 2433 2179 2467 pugnans

1202 2485 1276 2505 cum
1311 2475 1460 2505 doctrina
1495 2473 1635 2505 t'hristt:
1670 2479 1698 2504 et
1734 2472 1822 2514 quod
1846 2472 1878 2502 in
1902 2470 1998 2502 nobis
2027 2472 2181 2510 oporteat

1202 2528 1354 2549 cresccre
1388 2518 1587 2559 agnitionem
1621 2516 1763 2557 peccati,
1798 2521 1829 2545 et
1854 2511 2126 2548 consolationem,
2148 2515 2181 2541 et

1203 2573 1268 2593 una
1292 2572 1363 2592 cum
1385 2559 1615 2592 consolatione
1639 2560 1758 2589 ‹lebeat
1778 2558 1810 2588 in
1834 2557 1931 2588 nobis
1955 2555 2024 2586 fieri
2048 2554 2182 2585 invoca-

1204 2606 1248 2636 tio
1272 2605 1440 2636 ardentior
1463 2610 1494 2635 et
1519 2603 1738 2638 constantior,
1761 2607 1795 2632 ut
1820 2600 1969 2631 dicamus
1999 2607 2074 2629 cum
2098 2594 2182 2627 Pau·

2088 143 2205 178 820-
