2324 2958
96 174 140 208 85
778 171 996 205 POSTlLLA
1010 171 1417 205 MELANTHONIANA.
2058 176 2102 209 86

98 269 182 301 enim
205 267 399 310 gubernatio
422 265 533 297 Attica
555 264 663 297 mitior
693 271 726 296 et
748 263 938 305 humanior,
973 275 1071 308 quam

97 311 274 343 Laconica.
339 309 489 342 Mutuata
519 314 572 339 est
604 308 703 350 igitur
736 306 889 340 Ecclesia
906 332 914 345 ‚
952 318 1073 341 nomen

97 354 267 396 Episcopiv
288 362 328 385 ex
351 351 588 384 consuetudine
611 351 775 382 sermonis
798 351 918 389 Attici,
951 350 994 383 Et
1023 352 1073 383 sic

97 397 277 429 nominavit
288 400 435 428 vetustas
458 403 529 432 eos,
551 394 606 436 qui
625 399 719 425 erant
740 394 773 425 in
791 404 946 435 supremo
966 395 1073 436 gradu

99 441 224 472 ordinis
256 437 495 470 Ecclesiastici.
557 435 680 472 Quales
712 436 812 468 hodie
844 443 921 468 sunt
954 437 1073 478 Super-

98 483 319 520 intendentes,
341 481 396 523 qui
417 479 542 511 habent
564 480 803 521 inspectionem
826 479 1009 518 doctrinae,
1040 486 1074 512 et

99 525 346 568 gubernationis
376 521 567 560 Ecclesiae,
601 529 634 554 ct
667 528 866 563 potestatem
900 523 1073 555 ordinandi

98 569 265 600 ministms
288 565 473 605 Ecclesiae,
496 572 529 597 et
550 566 601 597 ius
626 566 833 598 convocandi
856 571 1018 597 caeteros.

184 609 226 642 D.
250 610 483 651 Keisersberg,
507 609 562 650 qui
588 606 649 640 fuit
671 608 897 640 Concionator
918 609 1074 651 Argenti-

97 654 222 691 nensis,
244 654 295 684 vir
319 651 429 684 clams
452 658 485 683 et
506 651 696 694 religiosus,
726 650 844 683 solitus
873 657 924 683 est
947 653 1073 684 dicere:

98 695 143 728 Se
165 695 306 728 libenter
328 704 488 727 revocare
509 704 630 726 nomen
653 694 811 736 Episcopi
841 695 883 726 ad
913 693 1073 736 etjunolo-

99 740 187 781 giam
217 738 462 770 Germanicam:
502 743 537 768 ut
570 738 613 769 sit
648 737 772 776 ffiit'cboff
805 738 900 779 quasi
934 741 984 777 bet)
1019 737 1072 769 ben

98 781 223 823 t'cbuffett.
267 782 334 814 Sed
357 791 423 812 non
443 781 570 817 moveri
592 780 780 822 Episcopos
809 781 863 822 qui
885 791 973 813 nunc
995 780 1073 818 sint,

97 826 169 858 sive
192 824 335 863 Graeca,
358 824 428 855 sive
447 823 644 855 Germanica
656 822 880 866 Etymologia,
903 830 939 855 ut
959 821 1072 855 faeere

98 867 200 900 velint
222 865 367 899 officium
389 876 497 898 suum.
541 865 619 898 Ideo
643 877 681 898 se
706 867 793 909 cogi,
815 871 851 897 ut
874 866 1072 898 contrariam

97 909 340 952 Etymologiam
362 908 496 948 afferat,
529 916 565 940 ut
589 910 717 941 dicatur
740 908 863 950 Qit'dyoff
890 909 987 951 quasi
1010 909 1071 946 brit}
1096 933 1100 944 .

96 954 154 986 baa
177 953 267 993 t'cbuff.
302 953 355 985 Sic
378 953 463 984 enim
475 953 580 995 magis
606 962 790 994 congruere
812 952 854 983 ad
877 957 1072 993 praesentes

95 996 296 1039 Episcopus,
328 1006 448 1027 nomen
473 995 703 1027 Germanicum
725 994 862 1035 Qit'dyoff'
897 1005 983 1033 cum,
1018 993 1073 1035 qui

95 1040 161 1072 iam
193 1039 338 1071 habeant
375 1047 495 1069 nomen
529 1037 787 1080 Episcoporum,
819 1047 886 1069 non
919 1039 985 1069 sint
1019 1035 1074 1069 vel

96 1083 305 1124 inspectores
339 1081 410 1112 veri
442 1079 687 1119 Ecclesiarum,
728 1079 783 1113 vel
821 1086 997 1121 pastores,
1039 1085 1072 1111 et

98 1131 270 1157 curatores
292 1124 412 1156 ovium.

183 1167 374 1208 Presbyteri
404 1172 515 1204 erant,
556 1167 611 1208 qui
643 1166 843 1197 adiuvabant
870 1166 1073 1207 Episcopum

96 1211 129 1241 in
167 1209 392 1251 gubernandis
431 1209 560 1240 iudiciis
601 1208 797 1247 Ecclesiae,
835 1214 868 1240 et
904 1209 1073 1241 habebant

94 1258 292 1294 potestatem
320 1251 472 1289 docendi,
507 1257 540 1283 et
569 1252 820 1284 administrandi
847 1251 1071 1284 Sacramenta.

95 1295 224 1327 Nomen
253 1300 305 1327 est
331 1295 373 1326 ab
403 1300 512 1326 aetate
541 1301 724 1335 sumptum:
761 1294 846 1330 Quia
874 1295 1074 1337 πρεσβύτερος

93 1337 180 1370 idem
204 1344 265 1379 est,
288 1337 378 1379 quod
400 1337 521 1370 senior.
556 1337 753 1370 Germanica
775 1348 842 1370 vox
864 1340 976 1378 priestet
997 1339 1074 1370 inde

96 1381 257 1423 originem
277 1390 375 1412 suam
395 1380 507 1412 habet.

181 1422 257 1455 Alia
280 1429 331 1455 est
354 1423 448 1464 origo
481 1423 621 1454 nominis
656 1423 836 1463 Sacerdos,
870 1424 962 1465 quod
995 1433 1074 1456 con-

97 1466 185 1508 gruit
208 1476 282 1498 cum
305 1466 545 1508 significatione
569 1465 722 1498 Graecae
745 1466 839 1503 vocis
863 1466 966 1507 ἱερεύς.

181 1508 322 1540 Diaconi
345 1518 466 1540 nomen
479 1507 679 1551 generaliter
700 1508 865 1551 siguificat
876 1509 1074 1547 ministrum,

95 1551 190 1593 quasi
223 1551 336 1589 dicas,
370 1557 579 1583 executorem
608 1553 819 1594 negotiorum
845 1562 865 1583 a
887 1552 984 1591 κόνις,
1019 1553 1074 1593 qui

94 1599 247 1626 versatur
279 1594 312 1625 in
344 1592 481 1634 pulvere
515 1599 547 1625 et
578 1592 762 1627 laboribus.
818 1594 942 1627 Postea
975 1605 1074 1636 pecu=

94 1635 219 1668 liariter
240 1635 436 1668 translatum
456 1643 507 1668 est
524 1636 721 1669 hocnomen
744 1638 787 1669 ad
809 1648 880 1677 eos,
904 1639 958 1680 qui
980 1648 1074 1679 prae·

1122 274 1247 307 peram.
1292 264 1396 297 Erant
1417 264 1563 298 acoluthi
1591 269 1724 309 proprie
1752 269 1910 308 ordinati,
1944 275 1980 301 ut
2012 270 2100 303 mini-

1123 314 1269 340 strarent
1291 313 1324 339 et
1347 309 1582 341 comitarentur
1603 310 1799 352 Episcopus.

1209 350 1352 382 Diaconi
1375 353 1590 383 communiter
1613 354 1803 386 serviebant
1826 353 2011 393 Ecclesiae,
2033 366 2101 388 non

1125 399 1220 425 erant
1231 393 1369 425 ministri
1386 394 1483 426 unius
1502 405 1678 436 personae,
1697 397 1782 428 sicut
1805 397 1962 430 acoluthi.
1997 397 2100 431 Cura-

1123 437 1205 468 bant
1226 435 1475 479 eleemos5nas:
1511 444 1543 469 et
1571 444 1703 470 caetera
1736 450 1822 480 quae
1849 441 1882 472 in
1911 442 2016 483 prima
2037 441 2102 474 Ec-

1125 478 1228 510 clesia
1253 478 1508 512 conferebantur
1531 481 1564 511 in
1588 491 1778 520 commune,
1807 489 1840 514 et
1862 484 2101 517 distribuebant

1125 522 1167 553 ad
1190 523 1401 554 necessarios
1420 533 1503 554 usus
1525 522 1709 556 Ecclesiae.
1738 525 1990 558 Adhibebamur
2002 528 2101 559 etiam

1124 565 1166 596 ad
1189 565 1446 598 iurisdictionem
1463 564 1747 605 Ecclesiasticam,
1777 574 1809 599 et
1832 570 1875 599 ad
1899 579 2021 602 causas
2045 580 2101 602 co-

1125 608 1356 649 gnoscendas,
1391 609 1477 641 sicut
1509 609 1618 641 adhuc
1652 609 1886 642 Archidiaconi
1919 613 1952 643 in
1980 613 2102 645 Cathe-

1124 648 1272 682 dralibus
1293 650 1456 683 Ecclesiis
1487 651 1683 684 adhibentur
1705 653 1746 684 ad
1775 654 1996 696 cognitionem
2025 666 2101 688 cau·

1123 703 1236 724 sarum
1259 692 1554 726 matrimonialium.
1589 696 1714 727 Postea
1737 695 1868 728 fuerunt
1890 696 1946 729 alii
1969 709 2102 741 quoque

1124 737 1248 777 gradus
1271 735 1458 775 inferioreS,
1480 740 1643 776 Lectores,
1669 740 1836 781 Cantores,
1861 742 2023 774 Ianitores
2044 753 2102 775 seu

1127 780 1290 811 Custodes.

1211 821 1278 853 Ista
1300 821 1466 854 vocabulo
1498 823 1658 856 discenda
1681 831 1776 863 sunt,
1810 831 1844 856 ut
1867 825 2100 859 adolescentes

1125 864 1233 896 sciant
1266 863 1389 907 aliquid
1422 865 1464 897 de
1486 867 1609 898 veteris
1633 865 1807 900 Ecclesiae
1836 866 1955 900 forma.
2005 869 2101 902 Initio

1124 906 1310 940 habuerunt
1331 908 1465 940 institua
1477 916 1602 948 vetera,
1621 909 1781 942 honestas
1794 922 1927 950 causas,
1951 917 1984 943 et
2003 914 2102 954 prod-

1125 957 1220 981 erant
1256 951 1298 982 ad
1337 952 1460 984 bonum
1495 952 1665 992 ordinem,
1707 954 1767 984 sed
1801 961 1921 995 postea
1942 953 2102 998 pleraque

1125 999 1280 1034 corrupta
1302 1000 1389 1026 sunt.

1209 1035 1262 1068 De
1302 1037 1538 1069 constitutione
1577 1037 1802 1072 Diaconorum
1847 1046 1959 1072 narrat
1991 1040 2102 1074 Lucas

1123 1078 1240 1110 Actor.
1264 1079 1295 1110 6.
1319 1080 1397 1121 quid
1419 1081 1449 1112 ei
1467 1081 1514 1112 rei
1537 1082 1748 1114 occasionem
1770 1084 1968 1124 praebuerit.
1998 1083 2103 1117 Erant

1124 1121 1279 1163 Apostoli
1313 1124 1468 1163 occupati
1502 1124 1666 1156 docendo.
1731 1125 1799 1157 Sed
1838 1127 1917 1168 quia
1951 1133 2104 1159 creverat

1123 1163 1298 1197 multitudo
1321 1167 1540 1205 credentium,
1575 1173 1608 1198 et
1635 1168 1669 1199 in
1692 1179 1732 1200 ea
1767 1176 1860 1201 erant
1881 1179 2046 1211 pauperes
2069 1176 2104 1202 et

1124 1209 1272 1249 aegroti,
1314 1209 1401 1241 sicut
1434 1208 1469 1240 fit
1501 1210 1703 1253 (ubicunque
1737 1213 1823 1243 enim
1862 1218 1914 1244 est
1947 1213 2104 1252 societas,

1126 1256 1257 1292 oportet
1280 1252 1312 1282 in
1347 1251 1410 1283 hac
1439 1253 1508 1284 vita
1538 1254 1688 1295 cogitare
1711 1255 1752 1286 de
1776 1255 2005 1287 communibus
2029 1266 2103 1288 cor-

1124 1304 1242 1335 porum
1270 1295 1541 1334 necessitatibus)
1575 1296 1652 1328 Ideo
1688 1298 1882 1330 ordinarunt
1918 1297 2103 1338 Diaconos,

1125 1337 1181 1378 qui
1203 1336 1367 1370 haberent
1398 1338 1560 1370 rationem
1583 1350 1782 1382 pauperum,
1817 1346 1850 1372 et
1881 1348 2105 1383 aegrotorum,

1125 1380 1181 1422 qui
1203 1380 1414 1413 circumirent
1436 1387 1468 1413 et
1481 1381 1717 1415 distribuerent
1728 1384 1789 1421 eis,
1812 1394 1897 1426 quae
1916 1385 1960 1416 ad
1981 1385 2105 1418 victum

1125 1429 1158 1454 et
1180 1420 1263 1454 alias
1285 1434 1342 1456 res
1363 1425 1575 1457 necessarias
1609 1436 1694 1467 opus
1727 1434 1851 1459 essent.
1905 1426 1989 1459 Tota
2020 1426 2105 1460 haec

1124 1466 1193 1497 vita
1211 1467 1312 1498 variis
1336 1467 1542 1500 adminiculis
1565 1469 1706 1511 indiget:
1735 1476 1768 1501 et
1793 1475 1846 1501 est
1866 1470 2024 1502 miserum
2045 1470 2105 1501 ho-

1126 1507 1257 1550 spitale,
1280 1509 1346 1541 hoc
1368 1515 1473 1542 totum
1495 1513 1675 1550 πολίτευμα,
1706 1513 1795 1554 quod
1823 1512 1962 1544 vivimus
1990 1514 2024 1545 in
2051 1513 2104 1545 his

1125 1551 1235 1590 terris,
1270 1553 1325 1584 ubi
1347 1562 1488 1585 necesse
1521 1559 1573 1585 est
1600 1553 1684 1587 alios
1715 1553 1788 1586 aliis
1812 1556 1954 1588 servire:
1979 1555 2022 1588 Et
2049 1557 2105 1599 qui

1124 1600 1283 1635 praesunt
1300 1595 1493 1635 ministerio,
1516 1597 1638 1629 debent
1660 1598 1725 1629 ista
1749 1599 1913 1630 ordinare.

1211 1638 1267 1669 sic
1285 1637 1476 1680 Stephanus
1498 1640 1541 1671 ad
1564 1641 1781 1673 oeconomica
1802 1640 1859 1673 illa
1882 1640 2008 1680 officia,
2030 1652 2105 1674 cum

94 1685 189 1712 erant
217 1680 347 1711 aerario
369 1678 566 1719 Ecclesiae,
601 1681 656 1721 qui
690 1681 960 1712 administrarunt
997 1691 1074 1713 con·
1097 1691 1101 1704 ·
1125 1681 1195 1711 suis
1229 1682 1426 1722 quibusdam
1460 1680 1599 1724 collegis
1633 1684 1805 1716 ordinatus
1828 1691 1915 1723 erat,
1950 1685 2036 1717 sicut
2070 1686 2106 1717 in

96 1722 316 1764 signationem
339 1728 371 1754 et
383 1721 615 1754 collectionem
637 1723 811 1761 redituum,
835 1730 868 1754 et
890 1723 1074 1765 eleemosy-

96 1775 229 1797 narum:
253 1763 376 1800 Quales
399 1771 475 1797 sunt
497 1765 606 1804 hodie,
631 1766 686 1807 qui
705 1772 868 1798 vocantur
890 1767 1073 1806 {uttenberrm

183 1807 249 1843 Qui
270 1818 358 1839 nunc
380 1809 504 1849 passim
526 1809 678 1841 dicuutur
696 1808 847 1848 Diaconi,
865 1811 897 1841 id
921 1816 984 1848 est,
1009 1808 1073 1841 col-

97 1850 195 1893 legae
206 1851 393 1889 Pastorum,
416 1862 490 1883 cum
502 1852 645 1883 doceant
657 1858 690 1883 et
712 1853 941 1885 administrent
954 1853 1072 1884 Sacra-

96 1900 220 1931 menta,
243 1891 331 1925 aliud
349 1904 467 1926 munus
489 1895 671 1933 sustinent,
705 1905 804 1936 quam
833 1897 888 1938 qui
913 1896 945 1927 in
968 1896 1073 1937 prima

97 1935 250 1967 Ecclesia
273 1937 382 1968 vocati
405 1942 481 1968 sunt
492 1937 644 1969 Diaconi.
681 1937 799 1970 Dicam
823 1945 932 1970 autem
954 1944 1072 1980 postea

98 1979 140 2010 de
173 1977 373 2010 collectione
416 1979 576 2012 redituum
609 1979 793 2013 Ecclesiae.
855 1981 952 2014 Pu‘us
987 1982 1072 2013 enim

96 2021 275 2094 {liserimen
309 2023 481 2054 ostendam
504 2023 588 2055 inter
610 2024 742 2056 nomina
764 2023 906 2056 Diaconi
929 2030 962 2056 et
983 2025 1071 2057 Aco-

110 2064 189 2095 uthi.
496 2069 503 2072 ”

181 2106 310 2138 Nomen
332 2106 489 2139 Acoluthi
513 2107 681 2141 deducitur
699 2110 741 2141 ab
770 2109 958 2149 ἀκολσύθεΐν,
983 2112 1072 2152 quod

96 2155 148 2181 est
171 2149 319 2181 comitari
341 2148 396 2181 vel
418 2151 514 2192 sequi
530 2150 682 2193 aliquem.
726 2152 883 2195 Episcopi
905 2152 1072 2185 habebant

95 2192 282 2230 ministros,
317 2193 373 2235 qui
402 2194 641 2227 comitabantur
664 2204 741 2234 eOS,
773 2197 859 2228 utin
882 2196 1071 2228 Academiis

94 2233 221 2266 Pedelli
262 2235 461 2267 comitantur
495 2236 682 2270 Rectorem.
753 2238 939 2271 Alebantur
984 2240 1071 2271 tales

94 2278 232 2309 ministri
256 2277 297 2308 de
320 2277 475 2319 publico,
516 2279 600 2314 Quia
628 2287 808 2322 occupatos
832 2283 1072 2324 gubernatione

93 2319 227 2360 publica
249 2326 379 2362 oportet
403 2321 526 2353 habere
549 2323 690 2362 scribas,
712 2334 944 2364 amanuenses,
969 2325 1072 2358 famu·

94 2361 159 2402 los,
182 2373 242 2405 per
265 2374 349 2405 quos
372 2370 489 2395 curent
511 2375 573 2396 sua
595 2367 743 2408 negotia,
771 2375 946 2400 accersant
970 2369 1012 2400 ad
1034 2379 1072 2401 se

92 2404 254 2438 homines.
299 2406 346 2437 lta
376 2406 533 2449 Episcopi
567 2407 733 2442 habebant
766 2409 942 2443 acoluthos
975 2421 1070 2451 suos,

93 2457 234 2489 quorum
257 2458 359 2491 opera
381 2450 560 2482 utebantur
582 2451 615 2482 in
639 2452 828 2492 scribendo,
856 2454 911 2496 qui
936 2455 1070 2486 comita-

93 2491 214 2522 bantur
251 2502 328 2530 eos,
361 2503 446 2533 quos
481 2492 547 2525 huc
580 2492 659 2526 illuc
692 2495 902 2538 ableg-abant.
959 2496 1070 2539 Aliqui

93 2534 242 2566 scribunt
264 2534 331 2566 hoc
353 2545 472 2567 nomen
496 2547 556 2577 per
578 2535 725 2578 ypsilon:
746 2538 945 2582 Acolythos,
975 2541 1069 2582 quasi

93 2576 200 2615 dicat,
234 2587 300 2609 non
324 2578 519 2619 prohibitus,
553 2580 595 2611 ab
614 2593 633 2609 α
655 2586 687 2612 et
708 2582 815 2612 κωλύω.
866 2582 933 2614 Alii
966 2582 1069 2616 multo

93 2620 198 2661 magis
222 2620 419 2662 depravant,
443 2632 517 2654 cum
541 2622 651 2655 dicunt
675 2622 848 2657 Coluthus.
899 2625 967 2658 Sed
995 2636 1068 2668 per·

1124 1722 1227 1761 locis,
1262 1725 1319 1755 ubi
1351 1723 1428 1765 plus
1463 1731 1514 1756 est
1547 1725 1690 1765 ordinis,
1726 1728 1971 1759 constituuntur
2003 1726 2105 1770 aliqui

1124 1766 1220 1797 etiam
1245 1765 1355 1803 hodie,
1384 1768 1439 1809 qui
1463 1774 1578 1800 curent
1610 1779 1792 1811 paupereS,
1825 1771 2039 1809 circumeant,
2072 1777 2106 1803 et

1124 1809 1266 1847 videant,
1291 1811 1410 1851 quibus
1434 1812 1535 1843 rebus
1558 1812 1727 1854 indigeant
1746 1814 1883 1855 aegroti.
1918 1813 2017 1855 Apud
2039 1823 2103 1845 nos

1123 1852 1156 1883 in
1178 1853 1244 1884 ista
1266 1853 1388 1894 inopia,
1413 1859 1445 1885 et
1467 1853 1591 1886 malitia
1614 1854 1801 1895 hominum,
1827 1866 1894 1888 non
1923 1866 2103 1897 possumus

1123 1895 1295 1927 instituere
1317 1895 1418 1928 talem
1442 1897 1602 1929 ordinem.
1648 1898 1788 1930 Etiamsi
1818 1898 1959 1931 libenter
1981 1898 2103 1932 vellem

1124 1938 1204 1970 dare
1236 1940 1426 1981 pecuniam,
1459 1946 1569 1972 tamen
1601 1951 1668 1973 non
1701 1951 1837 1982 possem
1870 1941 2011 1981 habere,
2047 1943 2103 1984 qui

1123 1980 1225 2012 velint
1247 1983 1408 2014 inservire
1441 1984 1598 2026 aegrotis.
1655 1983 1754 2021 Quod
1782 1995 1883 2027 saepe
1906 1983 2000 2017 soleo
2025 1995 2102 2018 con-

1146 2034 1225 2056 ueri.

1123 2035 1144 2066 q
1210 2069 1242 2099 ln
1265 2066 1322 2099 illa
1345 2069 1449 2109 prima
1482 2068 1637 2101 Ecclesia
1671 2080 1793 2112 magna
1827 2070 1886 2102 suit
1920 2069 2101 2103 liberalitas

1122 2111 1156 2142 in
1187 2110 1306 2142 dandis
1332 2110 1566 2154 eleemosynis.
1622 2112 1717 2145 Multi
1746 2114 1843 2145 etiam
1868 2115 2009 2146 venditis
2032 2115 2101 2146 suis

1122 2154 1398 2195 possessionibus
1420 2156 1593 2196 pecuniam
1622 2154 1838 2188 conferebant
1862 2157 1893 2187 in
1918 2167 2100 2189 commune.

1123 2197 1271 2232 Quaesiti
1293 2203 1371 2228 sunt
1392 2198 1492 2239 igitur
1515 2199 1665 2231 homines
1689 2199 1857 2238 industrii,
1891 2200 1946 2241 qui
1967 2209 2101 2241 praees·

1123 2245 1196 2271 sent
1217 2240 1315 2271 bonis
1334 2240 1602 2281 Ecclesiasticis,
1636 2248 1668 2274 et
1691 2242 1925 2274 distribuerent
1945 2252 1984 2274 ea
2007 2248 2101 2276 certo

1123 2283 1249 2314 ordine.
1294 2283 1415 2316 Adhuc
1445 2284 1478 2315 in
1502 2283 1694 2317 canonibus
1724 2286 1900 2323 recitatur,
1934 2286 2100 2327 quomodo

1122 2325 1234 2357 multis
1264 2326 1413 2359 saeculis·
1443 2327 1568 2359 reditus
1591 2327 1820 2360 Ecclesiastici
1847 2328 1969 2359 luerint
1992 2329 2100 2360 distri-

1123 2369 1202 2400 buti.
1249 2368 1321 2401 Una
1343 2381 1421 2411 pars
1435 2375 1504 2402 erat
1527 2370 1707 2409 ministerii,
1729 2369 1793 2402 alia
1810 2370 2012 2410 scholarum,
2036 2369 2100 2403 alia

1122 2422 1315 2453 pauperum,
1338 2412 1403 2445 alia
1426 2412 1700 2445 aedificationum.
1745 2413 1813 2445 Sed
1836 2418 2013 2456 postquam
2036 2413 2099 2446 Ec-

1122 2453 1333 2487 clesiasticus
1362 2462 1469 2488 status
1499 2455 1755 2488 transformatus
1789 2462 1841 2488 est
1873 2457 1906 2487 in
1935 2458 2098 2499 guberna-

1121 2498 1244 2529 tionem
1267 2497 1445 2540 politicam,
1476 2499 1624 2530 videmus
1653 2509 1795 2541 magnos
1824 2497 1901 2531 illos
1924 2499 2100 2539 Dominos,

1121 2539 1332 2582 Episcopos,
1368 2541 1560 2580 Praelatos‚
1595 2541 1784 2574 Canonieos
1808 2543 1985 2574 absumere
2010 2543 2100 2575 bona

1121 2583 1377 2623 Ecclesiasttca‚
1408 2584 1606 2616 defraudare
1640 2583 1864 2617 scholasticos
1894 2591 1927 2617 et
1955 2585 2097 2624 litteras,

1121 2636 1243 2659 necare
1266 2626 1351 2659 fame
1374 2626 1572 2666 Ecclesiam,
1603 2634 1633 2659 et
1658 2627 1816 2661 Pastores
1839 2629 1924 2670 pios.
1970 2629 2098 2662 Interea

1891 2687 1926 2712 e·
