2324 2958
239 167 300 200 351

324 261 371 294 lta
394 263 578 295 adversarii
610 265 716 297 nostri
749 271 872 297 vocant
898 276 986 298 nunc
1017 277 1079 299 nos
1101 266 1218 299 haere-

238 305 334 336 ticos
375 305 442 337 Sed
466 313 604 338 eventus
628 305 804 349 aliquando
822 309 986 347 ostendet,
1009 310 1098 351 quod
1121 309 1218 341 suerit

239 348 362 379 veritas
387 349 418 379 in
442 348 494 379 his
528 349 652 381 nostris
681 351 843 382 coetibus.
900 351 1088 384 Confundet
1121 352 1215 384 Deus

238 389 401 431 Papisius,
425 390 691 432 Mainometistas,
724 400 756 425 et
789 392 884 425 alios.
930 394 1059 426 Interea
1083 404 1215 427 oremus

238 431 336 464 filiuni
361 432 436 471 Dei,
460 440 495 465 ut
518 444 581 466 nos
605 441 717 478 regat,
750 437 931 479 gubernet,
965 436 1077 469 foveat
1099 436 1216 470 Eccle-

236 477 331 514 siam,
350 482 381 508 et
406 475 501 508 tollat
525 488 641 510 omnes
664 489 808 512 errores.

232 636 456 671 130³thch
505 638 708 673 PROXIME
759 640 991 676 SEQUENTE
1039 640 1215 674 FESTUM

543 707 903 748 PURlFICATlONlS,

323 809 356 840 in
381 819 478 851 quam
502 810 615 842 incidit
638 820 873 854 nonnunquam
897 811 968 844 dics
992 811 1118 844 Basilii.

317 910 458 953 Semper
481 923 576 945 mane
599 920 677 955 post
702 914 820 945 dictam
850 915 1087 955 precationem,
1110 921 1143 946 et
1166 914 1212 947 le·

229 961 317 986 ctum
340 966 440 987 unum
463 962 561 997 caput
592 967 631 987 ex
654 955 789 995 Bibliis,
820 958 947 989 debetis
974 959 1125 998 aspicere
1149 957 1211 990 Ca-

227 997 422 1037 lendarium,
452 1009 517 1029 non
541 1000 640 1031 modo
673 1005 707 1030 ut
743 1000 894 1042 cogitetis
918 1001 1108 1033 discrimina
1130 1006 1212 1032 tem-

226 1051 359 1082 porum,
390 1042 600 1083 quodetiam
631 1043 780 1074 homines
814 1042 938 1084 politici
971 1043 1113 1082 faciunt,
1149 1045 1210 1075 sed

226 1082 328 1115 multo
365 1085 489 1126 magis,
523 1091 558 1116 ut
593 1085 946 1118 commonefactionem
980 1087 1133 1118 habeatis
1167 1087 1209 1118 de

226 1125 337 1168 aliqua
361 1134 455 1168 parte
479 1129 635 1160 historiae
659 1128 843 1161 Ecclesiae.
895 1129 1080 1161 Habuimus
1103 1140 1209 1171 nuper

226 1169 312 1200 diem
335 1168 530 1212 polycarpi,
566 1178 598 1202 et
623 1172 725 1203 hodie
759 1178 811 1203 est
833 1173 904 1204 dies
927 1171 1031 1204 Blasii
1060 1183 1121 1204 seu
1144 1173 1208 1204 Ba-

224 1211 298 1244 silii.
345 1212 484 1253 Oportet
519 1220 627 1245 autem
661 1224 723 1245 nos
758 1215 846 1247 scire
880 1217 1000 1247 seriem
1033 1214 1207 1248 Ecclesiae

224 1256 368 1287 omnium
387 1262 581 1298 temporum,
605 1263 637 1288 et
656 1258 836 1289 certamina
855 1259 1027 1290 doctorum
1046 1266 1206 1297 veterum,

223 1308 283 1372 pizr
316 1308 402 1340 quos
436 1301 630 1341 accepimus
653 1301 857 1339 doctrinam,
891 1311 989 1343 quam
1023 1307 1121 1334 sonat
1144 1301 1208 1334 Ec-

224 1351 242 1372 c
258 1351 340 1373 esta.

543 1508 608 1548 De
640 1508 876 1564 Polycarpo.

310 1598 389 1636 Quis
425 1601 493 1639 suit
524 1601 755 1640 Polycarpus?
799 1599 874 1631 Fuit
906 1599 1038 1632 auditor
1071 1599 1205 1632 loannis

219 1640 458 1683 Evangelistac
481 1641 605 1674 Postea
628 1641 737 1675 factus
750 1649 802 1674 est
824 1641 1014 1685 Episcopus
1027 1642 1204 1685 Smyrnae,

219 1692 251 1716 et
292 1683 405 1717 habuit
447 1686 627 1717 certamina
667 1696 743 1717 cunt
783 1685 964 1718 Marcione.
1026 1685 1205 1729 Polycarpi

219 1728 351 1759 auditor
374 1726 434 1759 fuit
458 1728 628 1767 irenaeus,
652 1729 706 1770 qui
731 1729 855 1770 passim
880 1735 1021 1761 testatur
1044 1740 1082 1761 se
1105 1729 1204 1772 Poly-

220 1771 312 1812 carpi
336 1771 478 1814 vestigia
502 1773 607 1813 sequi,
631 1777 663 1802 et
685 1771 808 1803 multos
832 1782 1024 1811 sermones,
1059 1779 1092 1805 et
1115 1773 1205 1805 sacta

218 1812 353 1844 loannis
377 1824 415 1845 se
438 1825 458 1845 a
483 1814 670 1856 polycarpo
705 1815 874 1847 audivisse
908 1814 1063 1847 affirmat.
1109 1815 1204 1847 Reci-

219 1862 266 1888 tat
289 1857 386 1888 etiam
412 1859 594 1899 quaedam,
624 1868 708 1899 quae
732 1857 873 1890 {oannes
903 1858 1022 1890 solitus
1048 1859 1089 1890 sit
1115 1869 1203 1890 com-

218 1910 403 1931 memorare
435 1901 475 1931 de
511 1901 768 1932 conversatione
800 1901 951 1933 familiari
976 1901 1099 1933 Christi
1131 1913 1203 1933 cum

219 1942 404 1983 discipulis-
450 1943 564 1984 ltaque
589 1942 766 1986 l'olyearpi
789 1950 843 1975 aut
868 1944 992 1976 irenaei
1016 1946 1203 1976 testimonia

217 1986 409 2024 audientes,
445 1988 632 2027 cogitemus
667 1997 728 2017 nos
760 1988 866 2028 ipsum
899 1988 1052 2019 loannem
1075 1989 1202 2026 audire,

216 2035 246 2060 et
274 2028 506 2060 confirmemur
529 2028 646 2061 horum
682 2030 826 2061 virorum
862 2031 957 2061 dictis
981 2032 1021 2062 de
1045 2032 1202 2071 gravissi-

215 2072 277 2102 mis
301 2073 415 2110 rebus,
440 2073 480 2103 de
504 2073 624 2114 quibus
650 2079 727 2103 tnnc
752 2073 882 2104 fuerunt
907 2075 1097 2105 certamina.

306 2117 463 2153 Quamdiu
498 2120 579 2147 rixi!
611 2118 835 2156 polycarpus?
890 2116 1055 2148 Eusebius
1085 2117 1203 2148 scribit

215 2168 288 2189 eum
313 2157 523 2190 interfectum
547 2169 625 2190 esse
649 2159 889 2200 lmperantibus
914 2160 1030 2192 Marco
1055 2166 1087 2191 et
1111 2160 1202 2191 Vero

214 2199 392 2239 fratribus,
427 2203 516 2233 eirca
540 2212 661 2233 annum
682 2201 806 2233 Christi
830 2204 1047 2235 centesimum
1071 2210 1202 2244 septua-

215 2245 390 2285 gesimum.
438 2245 580 2276 loannes
615 2246 759 2276 decessit
793 2246 855 2275 sub
879 2245 1032 2277 Traiano.
1081 2246 1201 2278 llabuit

214 2288 242 2318 is
274 2295 407 2328 praeter
431 2287 653 2330 Polycarpum
683 2288 867 2330 discipulos
891 2290 1003 2327 etiam,
1039 2289 1200 2331 Ignatium

214 2337 243 2361 et
271 2330 418 2372 Papiam.
465 2331 611 2372 ignatius
635 2337 751 2373 postea
775 2331 914 2373 praefuit
941 2332 1115 2363 Ecclesiae
1135 2333 1200 2363 An-

215 2373 407 2410 tiocluenae,
447 2381 477 2405 et
514 2374 658 2405 al'lirtnat
691 2384 728 2405 se
763 2373 931 2406 t'lnistum
966 2376 1091 2406 vidisse
1125 2381 1202 2417 post

216 2419 508 2448 resurrectionem.
557 2417 678 2459 Papias
702 2418 783 2448 rexit
816 2417 999 2449 Ecclesiam
1031 2420 1062 2450 in
1087 2418 1200 2449 llicra·

239 2458 295 2497 oli,
319 2460 439 2492 solitus
465 2467 514 2491 est
539 2460 682 2502 praefari
706 2461 777 2491 suis
801 2462 953 2501 seriptis,
982 2472 1019 2492 sc
1042 2462 1200 2493 mandare

214 2471 323 2534 iiten-is
348 2514 398 2540 ea,
423 2514 507 2544 (litae
538 2505 579 2534 ab
604 2502 777 2545 Apostolis
802 2504 877 2535 viva
908 2515 991 2535 vore
1021 2504 1199 2546 aceepeiit.

307 2548 397 2583 (iuml
415 2551 481 2586 sui!
503 2549 617 2586 domna
630 2549 812 2585 Marcionis,
835 2552 948 2579 contra
965 2558 1057 2587 qm'm
1079 2558 1201 2588 pumm-

216 2593 260 2620 ΓΗ
283 2591 502 2630 Polyme-lum?
556 2590 627 2621 Fuit
661 2600 815 2631 magnum
845 2589 949 2621 chaos·
985 2590 1199 2622 t'unmicnrmn

216 2633 418 2674 opinionum,
442 2633 620 2664 corissatnm
646 2644 684 2664 ex
710 2633 829 2665 Stoicis
853 2632 989 2671 delirus,
1021 2640 1052 2665 ct
1075 2633 1200 2665 Enthu-

872 171 984 206 PfflL.
1006 172 1111 205 MEL.
1135 173 1322 206 SCRIPTA
1345 173 1608 207 EXEGETICA.

2187 181 2253 215 352

1270 268 1417 300 siasticis
1439 269 1742 309 superstitionibus.
1786 269 1861 302 Fuit
1882 270 1990 304 simile
2017 271 2138 315 aliquid
2160 275 2249 308 Ana·

1270 311 1456 352 baptisticis
1478 312 1657 345 furoribus.
1702 313 1786 344 Nam
1809 313 2014 346 Marcionem
2043 316 2150 348 secuti
2173 324 2250 351 sunt

1268 353 1467 386 Manichaei.
1531 353 1780 387 Constituerunt
1820 357 1886 388 duo
1926 357 2088 399 principia
2126 360 2249 400 pariter

1268 402 1415 435 aeterna,
1439 398 1525 430 inter
1547 408 1586 430 se
1607 399 1802 441 pugnantia,
1824 399 1857 430 id
1881 406 1943 438 est,
1973 399 2138 433 finxerunt
2162 403 2247 436 duos

1268 439 1375 478 Deos,
1397 451 1538 482 quorum
1561 440 1702 473 alterum
1725 442 1883 474 dixerunt
1905 452 1983 474 esse
2012 454 2148 476 causam
2170 456 2248 487 pec·

1268 483 1344 521 cati,
1374 493 1473 524 quem
1506 485 1717 516 nominarunt
1738 483 1826 523 ἱὶληνε
1859 484 1901 516 Et
1933 487 1976 517 ab
1999 486 2065 517 hoc
2087 487 2248 530 principio

1267 531 1361 557 ortos
1385 526 1536 558 dixerunt
1557 537 1624 559 non
1647 537 1748 569 posse
1771 528 1922 559 converti
1944 529 1986 560 ad
2011 530 2144 562 bonum.

1353 568 1505 601 Alterum
1528 570 1680 602 dixerunt
1703 570 1833 602 Bonum
1854 570 1980 610 Deum,
2016 582 2112 614 quem
2145 574 2248 606 nomi-

1267 617 1387 643 narunt
1421 613 1497 652 φῶς,
1528 613 1560 644 id
1594 619 1657 651 est,
1689 612 1810 645 lucem.
1861 613 1904 644 Et
1926 614 2088 653 dixerunt,
2111 622 2205 648 ortos
2226 627 2248 649 a

1266 653 1354 693 luce,
1376 664 1443 686 non
1465 665 1568 696 posse
1592 656 1749 691 damnari,
1778 657 1938 698 quidquid
1978 657 2110 690 iaciant.
2177 659 2247 691 Da-

1266 703 1420 728 mnarunt
1433 698 1632 740 coniugium,
1656 709 1748 731 esum
1763 700 1919 737 carnium.
1943 699 2143 733 simularunt
2153 701 2247 734 afssa-

1267 746 1333 778 tus,
1356 740 1538 772 Finxerunt
1560 740 1731 782 politicum
1755 743 1915 784 ordinem,
1947 742 2177 786 Magistratus,
2198 746 2246 777 iu·

1267 783 1364 821 dicia,
1388 793 1465 815 esse
1490 793 1590 825 opera
1613 783 1688 816 mali
1710 785 1871 827 principii.

1352 825 1392 857 Hi
1417 827 1491 857 tetri
1515 825 1647 859 furores
1670 827 1768 859 facile
1786 827 1923 871 intelligi
1945 836 2087 870 possunt
2110 835 2143 862 et
2164 830 2244 862 iudi-

1267 869 1346 907 cari,
1370 869 1455 904 Quia
1479 869 1576 901 etiam
1599 880 1673 902 cum
1696 871 1815 903 iudicio
1839 873 1977 903 rationis
2000 878 2158 913 puvnant.
2202 872 2247 905 Et

1264 918 1465 953 pepererunt
1498 913 1552 943 isti
1584 911 1718 945 furores
1751 913 1854 946 multa
1887 921 1969 946 tetra
1988 896 2117 947 scel’era
2139 913 2244 947 libidi-

1264 965 1352 994 num,
1388 953 1626 995 confusiones,
1659 960 1698 988 et‘
1725 957 1915 989 seditiones.
1982 957 2058 999 lpse
2091 957 2244 990 Marcion

1264 999 1439 1041 coniugem
1453 997 1595 1030 Diaconi
1619 999 1790 1031 cuiusdam
1808 1001 1840 1032 in
1853 999 1966 1043 Cypro
1988 1001 2134 1037 abduxit,
2159 1010 2244 1043 quae

1262 1047 1379 1082 postea
1402 1051 1539 1073 reversa
1561 1042 1603 1073 ad
1616 1043 1778 1079 maritum,
1803 1044 1950 1075 narravit
1966 1054 2120 1086 magnam
2142 1044 2244 1085 turpi-

1262 1085 1405 1116 tudinem
1439 1085 1534 1116 istius
1568 1092 1693 1117 sectae.
1748 1085 1810 1117 Est
1839 1087 1924 1118 enim
1952 1086 2141 1119 universale
2164 1086 2242 1125 hoc,

1260 1129 1350 1169 quod
1373 1127 1430 1159 ubi
1452 1134 1557 1159 tetrae
1580 1127 1734 1161 libidines
1757 1135 1850 1168 sunt,
1880 1129 1923 1160 ibi
1953 1129 2050 1162 etiam
2073 1131 2116 1162 sit
2138 1128 2242 1162 idolo·

1261 1170 1373 1209 latria,
1407 1169 1516 1202 etalii
1550 1181 1683 1203 errores
1718 1172 1759 1203 de
1794 1173 1958 1204 doctrina.
2008 1172 2050 1204 Et
2083 1173 2243 1211 vicissim,

1260 1215 1315 1245 ubi
1340 1220 1390 1245 est
1415 1213 1567 1246 confusio
1601 1215 1790 1257 dogmatum
1813 1222 1845 1247 et
1867 1213 2070 1254 idololatria,
2097 1216 2142 1247 ibi
2164 1221 2243 1247 sunt

1260 1257 1358 1288 etiam
1381 1255 1547 1296 libidines,
1571 1256 1655 1292 Quia
1679 1256 1812 1289 fanatici
1842 1258 1992 1290 homines
2021 1265 2099 1291 sunt
2126 1259 2159 1291 in
2182 1269 2241 1300 po·

1260 1305 1381 1331 testate
1403 1299 1550 1338 Diaboli,
1581 1302 1636 1341 qui
1659 1307 1695 1332 ut
1717 1302 1846 1332 animos
1870 1302 2018 1342 ipsorum
2041 1303 2242 1334 contamina·

1260 1343 1316 1381 vit,
1339 1343 1389 1373 sic
1413 1353 1556 1384 corpora
1579 1353 1711 1385 quoque
1735 1353 1848 1376 eorum
1873 1345 2085 1376 contaminat.

1345 1385 1429 1416 Late
1452 1392 1560 1417 autem
1595 1387 1740 1427 grassati
1774 1392 1852 1418 sunt
1886 1385 2017 1419 furores
2046 1386 2241 1428 Marcionis,

1259 1438 1326 1459 non
1349 1433 1474 1459 tantum
1498 1429 1530 1459 iu
1554 1428 1647 1469 Asia,
1671 1429 1732 1460 sed
1756 1430 1853 1460 etiam
1876 1429 1909 1461 in
1931 1430 2005 1470 ipsa
2027 1431 2111 1462 urbe
2123 1430 2241 1462 Roma.

1258 1471 1310 1502 Ac
1333 1471 1490 1502 scribitur
1524 1469 1732 1514 Polycarpus
1765 1473 1900 1503 venisse
1933 1471 2080 1504 Romam.
2137 1471 2186 1504 lbi
2209 1477 2243 1504 et

1258 1511 1415 1546 refutavit
1447 1513 1673 1554 Marcionem,
1709 1520 1741 1546 et
1772 1513 1896 1547 multos
1929 1516 1972 1547 ab
2006 1525 2046 1547 eo
2081 1515 2242 1548 seductos

1258 1557 1431 1589 revocavit
1452 1558 1494 1589 ab
1519 1568 1644 1590 errore.

1345 1607 1427 1640 Cum
1449 1609 1602 1641 Marcion
1626 1610 1656 1641 ei
1685 1609 1817 1641 obviam
1846 1607 1956 1641 factus
1984 1610 2241 1652 interrogasset:

1257 1653 1340 1684 Num
1363 1655 1511 1692 agnoscis
1541 1662 1592 1685 me
1619 1654 1820 1693 Polycarpe?
1864 1651 2062 1694 Respondit:
2098 1655 2242 1693 Aynosco

1257 1700 1290 1727 te
1313 1699 1564 1736 p1·imoyenitum
1587 1697 1722 1727 Diaboli.
1768 1694 1879 1728 Voluit
1909 1694 2065 1728 fortassis
2089 1695 2241 1728 Marcion

1258 1747 1296 1769 se
1319 1739 1488 1770 insinuare
1516 1740 1549 1770 in
1573 1739 1643 1770 eius
1665 1739 1859 1778 amicitiam,
1893 1739 1980 1770 sicut
2003 1745 2115 1771 narrat
2138 1738 2241 1771 histo-

1257 1782 1317 1819 ria,
1339 1780 1556 1819 Marcionem,
1579 1788 1755 1823 postquam
1779 1783 1962 1823 sparsisset
1991 1793 2141 1814 errorum
2164 1792 2240 1814 suo·

1258 1835 1328 1855 rum
1352 1825 1489 1862 semina,
1513 1823 1690 1857 simulasse
1713 1831 1831 1866 postea
1842 1825 2087 1867 poenitentiam,
2111 1830 2142 1856 et
2163 1835 2239 1867 pro·

1258 1865 1384 1899 fessum
1408 1877 1495 1905 esse,
1519 1868 1608 1909 quod
1638 1874 1798 1899 mutasset
1831 1868 2039 1899 senteutiam.
2090 1867 2159 1900 Sed
2183 1867 2240 1900 ali·

1257 1917 1379 1951 quanto
1409 1916 1486 1951 post
1521 1910 1636 1941 eadem
1672 1910 1808 1949 deliria,
1843 1921 1904 1943 seu
1938 1909 2069 1942 furores
2103 1911 2239 1943 eosdem

1256 1954 1440 1985 renovavit.
1495 1953 1572 1984 ldeo
1598 1952 1805 1996 l’olyearpus
1835 1964 1956 1997 magno
1990 1952 2062 1986 zelo
2085 1964 2105 1985 a
2128 1964 2167 1986 se
2188 1963 2238 1986 re-

1256 1995 1338 2038 pulit
1362 1997 1577 2037 impostorem
1601 2003 1631 2028 et
1657 1997 1894 2029 simulatorem.

1345 2056 1502 2088 irenaeus
1536 2057 1634 2088 etiam
1668 2057 1794 2099 inquit,
1841 2055 2064 2099 Polycarpum
2105 2054 2238 2088 solitum

1255 2097 1359 2131 fuisse
1383 2110 1482 2131 aures
1506 2101 1700 2139 obstruere,
1734 2101 1761 2131 si
1786 2101 1919 2141 quando
1954 2101 2071 2141 impias
2096 2099 2238 2132 haereti-

1255 2153 1369 2174 corum
1403 2154 1506 2174 voces
1541 2143 1710 2180 audiebat,
1746 2143 1822 2174 loca
1855 2144 1951 2175 etiam
1986 2143 2109 2182 vitare,
2142 2142 2238 2185 quasi

1254 2184 1392 2227 polluta,
1417 2187 1447 2217 in
1472 2186 1590 2227 quibus
1615 2185 1691 2217 illae
1716 2187 1824 2217 dictae
1853 2192 1957 2217 erant.
2008 2185 2148 2218 Tantum
2179 2184 2238 2217 suit

1254 2229 1397 2260 studium
1432 2228 1552 2260 inillis·
1587 2230 1714 2261 sanctis
1750 2230 1828 2260 viris
1853 2229 2043 2261 retinendae
2076 2229 2238 2267 veritatis,

1254 2282 1295 2304 ne
1318 2271 1425 2314 gloria
1448 2271 1511 2304 Dei
1537 2271 1735 2304 laederetur.

1341 2331 1508 2364 Rel'utavit
1533 2332 1738 2364 Marcionem
1762 2333 1860 2364 etiam
1884 2332 2050 2371 irenaeus,
2081 2330 2121 2364 Et
2144 2330 2237 2364 multi

1254 2375 1436 2416 scriptores
1460 2378 1677 2418 sequentibus
1713 2377 1918 2417 temporibus
1953 2374 2136 2408 refutarunt
2166 2373 2237 2408 Ma·

1255 2417 1420 2450 uicimus.
1479 2420 1712 2451 Necessarium
1748 2425 1797 2449 est
1831 2426 1957 2457 autem,
1991 2419 2135 2450 (minium
2158 2425 2236 2450 tem·

1254 2472 1369 2502 porum
1394 2464 1572 2494 certamina
1608 2463 1638 2493 in
1675 2460 1826 2493 Ecclesia
1851 2463 2082 2499 considerare,
2118 2468 2151 2494 et
2180 2461 2236 2504 qul

1254 2505 1313 2535 viri
1338 2504 1545 2537 defenderint
1575 2507 1764 2544 veritatem,
1798 2512 1831 2536 et
1865 2506 1919 2547 qui
1952 2506 2174 2579 opputptnrint
2203 2509 2237 2538 et

1254 2549 1421 2579 oliruerint
1448 2559 1531 2580 earn.
1566 2547 1746 2580 Plurimum
1766 2549 1899 2580 ouinino
1923 2549 1986 2580 hoc
2011 2560 2046 2580 re
2062 2555 2112 2580 ert
2134 2548 2184 2581 sci

1253 2590 1370 2632 qttales
1394 2592 1455 2623 viri
1491 2590 1610 2623 suerint
1645 2593 1676 2623 in
1700 2590 1843 2634 qualibet
1870 2598 1983 2633 parte,
2017 2603 2071 2633 qut
2105 2592 2210 2624 verita

1253 2635 1473 2667 testimonium
1496 2635 1732 2677 perhibuerint,
1755 2642 1787 2666 et
1810 2635 1864 2677 qui
1888 2636 2078 2667 restiterint·
