2324 2958
192 158 252 190 143

235 254 338 291 Renes
367 261 421 282 eos
455 254 487 281 in
522 259 610 288 rerqa
625 251 750 289 ferrea,
773 254 806 280 et
827 253 974 287 tanquam
999 256 1054 277 ras
1076 244 1166 285 siqua·

276 292 458 333 confrinycs
481 302 543 324 eos.

278 362 340 397 Qui
363 359 477 391 nolunt
500 359 624 390 hab‘ere
642 358 729 390 huuc
752 358 864 396 fllium,
895 356 1112 391 salvatorem,
1143 354 1163 384 ii

193 406 399 446 experientur
432 413 504 433 eum
528 402 676 433 iudicem.
745 401 785 432 Et
810 402 895 441 impii
919 400 972 441 qui
995 408 1060 429 non
1086 407 1163 427 con·

192 454 372 484 vertuntur,
405 455 471 476 non
505 443 612 476 solum
646 445 876 486 praesentibus
899 442 1013 482 poenis
1032 440 1163 481 punien-

192 499 255 527 tur,
279 491 337 520 scd
362 489 457 519 etiam
481 488 705 529 opprimentur
727 493 861 518 aeterno
885 484 1012 515 iudicio.
1077 481 1164 513 Con·

192 532 315 565 seratur
338 531 402 562 huc
427 530 580 562 Psalmus
601 530 672 560 110.
738 530 830 561 Dixit
850 530 1017 565 Domitius,
1047 525 1079 556 id
1103 530 1166 561 est,

193 576 337 607 decreuit
362 574 466 611 Deus,
491 572 568 604 fecit
592 573 758 604 decretum
772 578 940 602 aeternum
964 575 994 599 et
1017 569 1164 598 immuta-

193 618 274 650 bile:
299 619 381 649 Sede
399 628 418 647 a
431 619 559 648 tleaelris
582 617 668 654 meis,
691 617 790 646 donec
798 623 913 654 ponam
928 611 1071 643 amnicos
1093 615 1165 641 letos

191 663 358 693 scabellum
380 661 497 700 pedum
520 663 653 690 luorum.
699 657 789 693 Item,
815 658 984 687 Dominare
1007 655 1040 683 in
1064 654 1165 684 medio

192 707 386 735 inineicomzm
409 708 544 733 luorum.
614 701 705 737 ltem,
741 699 896 730 Iudicabil
917 701 949 728 iu
972 697 1164 735 nationibus,

191 747 329 787 implebit
349 749 464 781 ruitu's,
488 745 711 783 conquas-cabi!
729 745 843 781 capilo,
873 739 937 771 hoc
961 745 1031 776 est,
1053 749 1165 770 mona-

193 789 285 827 chos,
310 798 418 830 reges,
439 787 616 828 principes,
639 787 671 816 in
694 792 782 816 terra
806 782 992 815 multorum.

278 849 368 880 Sicut
392 848 558 878 decretum
584 845 646 876 Dei
670 851 721 876 est
749 845 929 875 immotum:
965 842 1018 873 Sic
1041 841 1165 873 utrobi-

191 902 256 934 que
279 890 472 927 affirmatur,
496 888 618 920 nullius
640 888 745 919 hostis
769 893 890 918 tantam
913 885 1092 926 potentiam
1116 883 1165 915 so·

191 945 238 970 re,
273 935 326 975 qui
351 935 391 964 sit
417 932 594 968 deleturus,
632 937 687 961 aut
710 939 887 961 eversurus
911 938 1048 969 regnum
1072 926 1164 959 Chri-

189 978 250 1009 sti:
275 977 340 1008 Sed
364 975 451 1017 quod
474 975 535 1015 ipsi
560 974 674 1004 hostes
697 972 856 1014 tragicum
879 972 999 1003 exitum
1022 970 1164 1002 habituri

189 1022 264 1052 sint.
331 1019 484 1060 Sequitur
518 1014 730 1057 Apostrophe
771 1025 829 1046 seu
871 1012 1081 1055 compellatio
1121 1014 1164 1045 ad

189 1073 302 1095 omnes
337 1062 496 1100 homines,
526 1059 718 1101 praesertim
753 1063 906 1099 potentes
940 1062 972 1088 et
994 1058 1163 1098 sapientes

188 1106 309 1138 mundi.

232 1167 273 1197 Et
293 1174 376 1196 mmc
398 1173 490 1203 reyes
519 1162 696 1201 iutelliffl'te:
730 1161 914 1192 Erudimini
942 1160 998 1200 qni
1013 1161 1164 1192 iudicatis

273 1213 401 1239 terram.

232 1253 354 1283 Serrae‘te
372 1251 506 1281 Domino
518 1251 551 1279 in
563 1250 686 1287 timore,
705 1251 737 1278 et
753 1248 896 1278 exultate
919 1249 950 1278 ei
960 1249 993 1278 in
1016 1250 1165 1278 tremore.

272 1318 430 1350 Ilortatur
451 1316 493 1348 ad
516 1314 764 1358 agnoscendum
788 1313 876 1346 hunc
899 1324 1029 1357 regem,
1063 1320 1095 1347 et
1128 1321 1164 1347 ut

188 1362 342 1394 obediant
365 1361 405 1398 ei,
429 1359 563 1391 audiant
586 1365 617 1390 et
639 1363 840 1389 venerentur
859 1367 943 1390 eum.
1009 1357 1164 1390 Nomina-

187 1406 242 1437 tim
265 1414 344 1435 vero
368 1401 548 1445 alloquitur
570 1411 683 1444 regeS,
714 1406 749 1433 ut
771 1401 880 1432 sciant
903 1410 940 1433 se
959 1411 1093 1443 quoque
1115 1402 1163 1433 in-

186 1447 326 1480 feriores
345 1456 421 1478 esse
444 1447 510 1477 hoc
531 1444 686 1482 Domino,
710 1450 742 1476 et
760 1443 849 1476 hunc
861 1443 1007 1476 {uturum
1019 1445 1162 1476 omnium

186 1501 299 1534 regum
323 1490 474 1522 iudicem.
541 1488 602 1520 Est
623 1487 724 1529 igitur
745 1486 800 1518 hic
822 1487 1054 1525 testimonium,
1073 1487 1163 1529 quod

187 1544 286 1577 reges
318 1533 414 1565 etiam
448 1538 480 1564 et
515 1531 636 1563 caeteri
669 1530 834 1572 principes
867 1529 997 1572 politici
1022 1531 1164 1562 debeant

187 1578 317 1609 discere
340 1576 521 1607 doctrinam
546 1575 586 1606 de
610 1573 754 1611 Christo,
778 1584 844 1605 non
866 1573 981 1605 ludere
1004 1574 1163 1615 opinioni-

188 1621 250 1652 bus
273 1621 304 1651 in
329 1618 499 1661 religione,
534 1618 694 1660 praebere
716 1617 858 1658 hospitia
880 1615 1068 1655 Ecclesiae,
1096 1627 1162 1648 non

186 1663 370 1695 adversari.
417 1661 592 1693 Debebunt
615 1661 710 1691 etiam
729 1661 823 1698 tueri,
847 1660 913 1692 Sed
937 1659 1002 1691 hoc
1025 1670 1163 1702 regnum

188 1717 253 1738 non
278 1704 464 1737 defenditur
487 1704 637 1735 humanis
660 1703 844 1745 praesidiis,
878 1703 940 1735 sed
974 1703 1102 1746 regitur
1124 1713 1164 1734 ac

187 1755 405 1782 conservatur
427 1757 486 1789 per
507 1745 614 1779 filium.

276 1792 469 1833 Quanquam
503 1796 610 1821 autem
643 1788 755 1831 plures
779 1799 910 1831 semper
932 1790 1164 1828 adversantur,

188 1842 296 1867 tamen
320 1833 419 1876 aliqui
442 1833 587 1870 audiunt,
611 1832 818 1875 Coniungunt
841 1843 880 1864 se
902 1843 976 1864 cum
999 1832 1165 1871 Ecclesia,

188 1879 348 1920 praebent
371 1878 531 1918 hospitia,
566 1874 689 1907 leniunt
723 1886 899 1907 aerumnas
923 1877 984 1917 piis
1008 1877 1164 1908 membris

189 1919 374 1958 Ecclesiae,
397 1921 483 1951 sicut
506 1929 607 1951 canes
630 1919 755 1961 lingunt
778 1918 890 1951 ulcera
913 1919 1044 1951 Lazari.
1073 1918 1165 1950 Man-

189 1965 300 1996 datum
325 1963 386 1995 Dei
416 1973 482 1994 non
512 1969 562 1994 est
592 1963 715 1994 irritum
738 1963 769 1993 in
793 1963 994 1994 universum.
1060 1961 1165 1994 Erunt

189 2009 288 2050 igitur
321 2006 438 2048 aliqui,
472 2016 611 2048 quorum
641 2011 767 2037 mentes
792 2005 902 2037 ilectet
927 2004 1011 2037 filius
1035 2004 1099 2037 Dei
1122 2005 1164 2036 nd

188 2050 254 2082 hoc
277 2048 438 2087 officium,
473 2056 508 2081 ut
531 2055 700 2090 praestent
722 2047 881 2079 Ecclesiis
908 2049 1070 2090 hospitia,
1103 2049 1165 2080 etsi

189 2094 327 2126 maxima
352 2093 498 2134 potentia
522 2093 553 2123 Ξ11
578 2093 673 2123 terris
697 2093 904 2134 repugnabit,
927 2098 962 2123 ut
980 2102 1066 2123 nunc
1085 2090 1165 2123 Tur-

189 2148 260 2175 cac‚
284 2143 315 2168 et
338 2135 512 2167 Pontificii.
569 2135 698 2171 Quanta
726 2135 888 2176 asperitas
912 2142 964 2166 est
987 2135 1018 2166 iu
1044 2133 1165 2172 Gallia,

189 2187 311 2222 quanta
336 2180 494 2210 samnia?
539 2179 778 2210 luterliciuntur
801 2179 904 2209 sancti
923 2177 1073 2209 homines
1095 2177 1166 2219 plu-

190 2224 260 2255 rimi
274 2221 484 2260 horribiliter,
504 2220 725 2254 del'enduntur
736 2220 930 2252 manifestae
948 2219 1165 2253 idololatriae.

234 2284 468 2325 ,lpprae’hemlile
484 2282 694 2323 (lckct'ph'nam,
713 2292 753 2312 ιιι»
771 2283 898 2321 qnando
921 2285 1086 2312 iras-culm·
1103 2283 1166 2313 110-

276 2330 388 2358 mt'mts.
417 2331 449 2357 et
476 2326 620 2366 pereatis
641 2326 681 2356 de
704 2328 753 2356 ria
776 2328 868 2364 insta,
901 2326 975 2356 Fumi
1005 2328 1169 2356 ‹nrm-serit

276 2371 308 2401 in
332 2372 420 2401 ltrere'
442 2370 493 2401 Ira
516 2372 593 2400 eim.

279 2439 350 2470 Non
375 2445 423 2470 est
449 2444 538 2469 recte
562 2436 741 2473 redditum,
771 2435 881 2467 Debet
905 2446 980 2467 csse
1004 2437 1075 2467 ¹sinc
1100 2435 1166 2468 ulla

191 2483 404 2514 dubitatione:
429 2484 621 2513 ‘'settlantini
639 2481 748 2520 fillum.
794 2478 918 2520 Estque
942 2477 1166 2511 dulcissimum

192 2527 291 2562 mim,-
315 2526 355 2557 de
379 2526 476 2556 modo
500 2523 627 2555 colendi
641 2523 736 2554 huius
748 2521 892 2559 Domini,
916 2523 980 2554 11110
1001 2523 1041 2553 de
1065 2523 1167 2563 ipsius

191 2570 352 2601 adventus
377 2568 576 2600 conditione.
641 2565 809 2609 Significat
832 2566 880 2597 sic
903 2566 1058 2597 advenire
1083 2576 1168 2599 011111,

192 2620 225 2644 at
250 2613 447 2645 suaxissime
472 2621 532 2643 nos
557 2609 760 2641 salutaturus
788 2610 846 2640 sit:
882 2608 954 2640 Nou
990 2609 1109 2644 veniet,
1133 2617 1165 2639 ut

810 152 934 185 PHIL.
958 151 1062 183 MEL.
1086 149 1272 183 SCRIPTA
1291 145 1555 179 EXEGETICA.

1187 334 1194 669 ε

1192 2613 1195 2644 Ι

2130 148 2195 181 144

1217 242 1332 284 perdat
1365 251 1470 283 genus
1505 240 1693 280 humanum,
1723 242 1783 273 sed
1816 248 1852 274 ut
1883 252 1998 274 omnes
2022 243 2064 274 ad
2087 243 2194 283 ipsum

1217 283 1446 326 confugientes
1486 291 1617 323 servet,
1662 286 1747 316 sicut
1781 285 1897 327 inquit:
1941 287 2045 318 t'enioe
2073 287 2119 317 ad
2146 296 2196 318 me

1216 337 1331 367 omnes,
1354 330 1409 367 qm'
1428 329 1590 368 taboram,
1608 333 1641 360 et
1661 332 1787 359 onerati
1807 331 1894 359 estis.
1939 327 2031 360 Haec
2054 339 2120 360 vox
2143 334 2195 361 est

1216 370 1339 402 blanda
1362 369 1528 409 salutatio,
1552 377 1583 402 et
1602 369 1825 402 dulcissimum
1849 369 2010 410 osculum,
2033 372 2122 413 quod
2146 370 2194 403 of-

1215 413 1279 445 fert
1302 414 1409 444 nobis.
1437 413 1512 445 Non
1536 414 1718 456 ingreditur
1740 413 2005 455 Hierosolymam
2028 414 2195 454 Christus,

1215 463 1250 488 ut
1274 456 1424 488 Herodes
1448 457 1614 488 trucidans
1638 455 1805 498 populum,
1839 457 1899 488 sed
1933 456 2077 489 offerens
2106 456 2195 490 salu-

1215 506 1281 531 tem
1305 500 1467 531 omnibus.
1497 501 1587 531 Iubet
1610 501 1707 541 igitur
1729 506 1885 531 aeternus
1907 507 2014 540 pater,
2037 507 2069 532 ut
2092 500 2194 533 filium

1216 543 1363 574 vicissim
1397 541 1644 583 amplectamur,
1677 543 1861 581 audiamus,
1885 542 2085 575 osculemur.
2152 543 2195 575 Et

1217 587 1294 626 quia
1315 585 1369 616 hic
1392 585 1479 616 filius
1505 592 1555 616 est
1578 586 1708 617 nativus
1732 584 1837 624 filius,
1870 596 1931 617 seu
1954 593 2071 618 natura
2095 585 2194 626 filius,

1216 629 1250 660 ld
1273 628 1359 659 enim
1381 627 1547 669 significat
1569 638 1686 659 nomen
1708 628 1784 667 Bar,
1808 629 1896 670 quod
1918 628 1972 661 hic
1995 630 2027 660 in
2041 629 2194 662 Hebraeo

1217 677 1309 702 textu
1331 671 1473 711 ponitur,
1498 677 1638 702 testatur
1659 670 1756 703 simul
1768 678 1924 703 aeternus
1937 678 2032 714 pater
2053 683 2091 704 se
2114 683 2195 715 quo-

1218 724 1282 755 quc
1305 713 1444 755 diligere
1467 715 1592 745 amicos
1615 714 1712 746 huius
1736 715 1788 746 sui
1813 714 1880 746 filii.

1304 756 1442 788 Phrasis
1476 763 1606 798 sumpta
1639 763 1689 788 est
1723 768 1763 789 ex
1792 759 1895 789 veteri
1919 769 2010 790 more
2033 769 2095 790 seu
2118 768 2195 790 con·

1216 800 1402 838 suetudine,
1436 810 1501 841 qua
1534 799 1681 841 hospites
1709 801 1924 833 advenientes
1946 808 2060 833 mutuo
2083 812 2121 833 se
2140 811 2196 833 ex-

1217 848 1375 884 ceperunt
1399 853 1472 874 cum
1496 843 1638 884 quadam
1667 845 1865 882 reverentia,
1898 851 1931 875 et
1965 845 2042 876 dato
2067 843 2195 876 osculo.

1217 885 1291 917 Nou
1315 884 1490 927 intelligite
1513 892 1680 927 agrestem
1715 892 1747 918 et
1781 887 1961 919 deformem
1997 887 2195 929 amplexum,

1217 928 1284 960 Sed
1308 929 1453 970 cogitate
1477 929 1517 959 de
1529 927 1744 960 honestorum
1757 929 1924 962 hominum
1943 931 2196 973 congressibus,

1217 972 1272 1013 qui
1295 982 1369 1003 cum
1393 970 1547 1013 arnplexu
1579 978 1771 1003 reverenter
1798 979 1830 1004 et
1853 980 2000 1005 amanter
2022 984 2060 1005 se
2082 981 2196 1006 mutuo

1216 1015 1395 1056 excipiunt.

1304 1058 1338 1088 ln
1363 1057 1447 1089 aulis
1461 1064 1579 1098 postea
1598 1055 1735 1089 inolevit
1753 1056 1818 1089 alia
1830 1059 2048 1097 consuetudo,
2071 1065 2105 1090 ut
2118 1061 2197 1091 sub-

1217 1101 1273 1132 diti
1286 1111 1401 1132 manus
1414 1111 1540 1142 regum,
1565 1101 1758 1142 principum,
1781 1102 2042 1144 magistratuum,
2066 1101 2196 1135 oscula-

1217 1150 1345 1178 rentur-3
1380 1143 1458 1175 lnde
1482 1143 1634 1175 fortassis
1658 1150 1763 1176 ortum
1787 1151 1850 1183 est,
1886 1145 1973 1187 quod
1996 1144 2094 1177 bodie
2117 1157 2197 1188 quo-

1217 1197 1282 1229 que
1303 1186 1478 1219 inferiores
1501 1188 1593 1228 prius
1617 1197 1697 1218 suas
1720 1198 1837 1219 manus
1860 1187 2070 1227 osculantur,
2105 1195 2197 1221 ante·

1217 1241 1315 1272 quam
1338 1231 1508 1272 porrigant
1531 1230 1679 1271 principi.
1724 1231 1904 1263 ludicatum
1927 1230 2002 1269 suit,
2032 1230 2097 1264 hoc
2120 1243 2197 1265 esse

1217 1271 1358 1312 civilius,
1392 1283 1433 1305 ne
1453 1273 1604 1312 cuilibet,
1639 1273 1727 1315 apud
1749 1280 1867 1315 gentes
1891 1275 1996 1315 magis
2020 1275 2197 1314 barbaras,

1216 1315 1333 1348 liceret
1357 1327 1416 1348 ore
1439 1326 1501 1348 suo
1525 1317 1721 1359 contingere
1744 1328 1875 1348 manum
1893 1318 1997 1359 ipsius
2026 1319 2196 1360 principis.

1303 1359 1371 1391 Sed
1399 1365 1494 1391 vetus
1529 1360 1736 1391 consuetudo
1771 1359 1944 1392 osculandi
1968 1371 2086 1393 manus
2109 1363 2197 1404 prin-

1217 1403 1323 1443 cipum
1343 1403 1474 1434 duravit
1496 1401 1572 1434 olim
1594 1412 1701 1444 usque
1724 1403 1766 1434 ad
1797 1403 2031 1444 Imperatorem
2059 1403 2196 1437 Diocle·

1216 1446 1358 1477 tianum:
1383 1445 1447 1481 Qui
1470 1445 1602 1476 admisit
1624 1446 1720 1477 etiam
1732 1456 1858 1478 morem
1885 1445 2059 1479 osculandi
2082 1448 2197 1490 pedes.

1215 1488 1300 1520 Hinc
1334 1499 1457 1520 morem
1492 1489 1602 1521 adhuc
1638 1489 1781 1520 retinent
1818 1489 2000 1521 Pontifices
2044 1490 2195 1523 Romani.

1215 1531 1282 1564 Sed
1305 1542 1368 1563 vos
1391 1531 1545 1574 respicite
1567 1532 1609 1563 ad
1622 1537 1766 1564 veterem
1779 1532 2062 1572 consuetudinem,
2084 1538 2116 1564 et
2140 1543 2196 1564 co-

1215 1576 1328 1616 gitate,
1361 1585 1459 1617 quam
1493 1575 1607 1606 suavis
1642 1580 1675 1607 et
1709 1574 1817 1606 dulcis
1851 1575 1894 1606 sit
1927 1584 2049 1607 sensus
2075 1574 2194 1607 osculi.

1215 1618 1398 1660 Loquimur
1431 1618 1473 1650 de
1506 1628 1588 1649 vero
1620 1616 1758 1655 osculo,
1792 1627 1859 1648 non
1883 1618 1924 1649 de
1946 1617 2064 1650 osculo
2083 1617 2195 1657 Iudae,

1216 1661 1301 1697 Quia
1324 1662 1488 1703 scriptura
1510 1659 1656 1702 loquitur
1679 1661 1720 1692 de
1744 1661 1844 1692 rebus
1864 1661 1970 1698 veris,
2000 1672 2066 1693 non
2090 1662 2132 1693 de
2154 1662 2195 1694 si·

1216 1703 1405 1736 mulatione.
1439 1703 1593 1746 Cogitate
1616 1704 1658 1735 de
1681 1702 1797 1735 osculo
1821 1710 2004 1745 parentum,
2028 1715 2093 1747 quo
2117 1705 2197 1736 dant

1216 1746 1404 1779 suaviolum
1438 1745 1600 1778 infantulo
1635 1745 1744 1778 adhuc
1767 1753 1901 1785 tenero,
1933 1753 1968 1778 ut
1992 1758 2066 1779 cum
2089 1746 2197 1779 Maria

1218 1789 1353 1822 filiolum
1377 1790 1537 1822 iacentem
1560 1789 1592 1821 in
1616 1789 1709 1822 cunis
1733 1788 1885 1821 osculata
1908 1796 1967 1821 est.
2025 1790 2061 1822 ln
2083 1797 2197 1833 pecto-

1216 1835 1308 1865 ribus
1331 1839 1504 1875 parentum
1528 1833 1683 1864 divinitus
1707 1833 1825 1863 insitae
1843 1839 1920 1864 sunt
1943 1836 2084 1875 στοργαὶ,
2110 1843 2198 1876 quae

1216 1875 1376 1914 efficiunt,
1400 1882 1436 1908 ut
1458 1883 1564 1907 mater
1593 1875 1732 1907 laetetur
1765 1875 1885 1907 sobole
1919 1886 1999 1915 sua,
2033 1877 2198 1918 pendente

1217 1921 1259 1952 de
1282 1917 1381 1957 collo,
1403 1925 1461 1950 aut
1483 1920 1611 1951 iacente
1635 1920 1667 1950 in
1691 1920 1796 1950 cunis.
1819 1925 1875 1951 aut
1898 1920 2023 1961 gremio
2041 1929 2115 1951 su0.
2140 1919 2199 1951 Sic

1217 1962 1289 1995 vult
1322 1972 1384 1994 nos
1418 1961 1512 1994 Deus
1546 1961 1659 1994 laetari
1683 1961 1747 1993 hoc
1771 1961 1850 2000 tilio,
1886 1962 1957 1994 vult
1979 1972 2043 1993 nos
2065 1963 2199 2004 acquie-

1217 2016 1313 2039 scere
1346 2006 1378 2036 in
1413 2015 1465 2043 eo,
1498 2007 1554 2037 bns
1584 2006 1638 2038 mir
1666 2007 1709 2037 cin
1744 2007 1879 2047 [tt-relidit·
1903 2007 1982 2043 frettb
2005 2006 2063 2038 mtb
2085 2015 2198 2045 monac,

1217 2051 1274 2083 mtb
1298 2049 1362 2085 trost
1386 2058 1423 2080 (111
1448 2058 1486 2084 ιιιι
1511 2051 1612 2080 baben.

1304 2092 1368 2125 Sed
1402 2090 1662 2133 complectamur
1695 2099 1725 2124 et
1749 2090 1886 2123 alteram
1910 2091 2198 2133 significationem.

1218 2135 1303 2168 Nam
1337 2134 1488 2167 osculum
1519 2135 1684 2177 siguificat
1707 2135 1803 2166 etiam
1828 2145 1867 2166 os
1891 2133 2037 2166 Mes-siae
2060 2134 2198 2172 docens,

1219 2179 1299 2210 ltem
1333 2188 1519 2210 sermonem
1554 2185 1585 2209 et
1608 2179 1791 2209 doctrinam
1815 2179 1930 2219 ipsam.
1998 2177 2078 2208 Vult
2098 2178 2199 2220 igitur

1219 2221 1314 2254 Deus
1336 2231 1399 2253 nos
1422 2221 1536 2253 audire
1560 2219 1659 2252 tilium
1683 2222 1868 2254 docentem.
1902 2221 2050 2262 recipere
2073 2231 2199 2251 sermo-

1219 2275 1294 2297 nem
1317 2265 1401 2303 etus,
1435 2270 1466 2295 et
1489 2265 1538 2295 sic
1562 2265 1657 2306 quasi
1681 2272 1792 2296 1111111111
1816 2262 1933 2296 oscula
1962 2274 2022 2295 seu
2046 2263 2139 2295 basia
2163 2262 2199 2294 fi·

1220 2318 1301 2349 gere
1323 2308 1394 2339 eius
1418 2305 1559 2338 labellis.
1628 2307 1781 2339 Christus*
1811 2305 1987 2348 alloquens
2016 2317 2079 2337 nos
2103 2305 2199 2338 offert

1219 2361 1348 2392 pacem,
1370 2350 1524 2388 salutem,
1549 2351 1635 2381 bona
1661 2351 1778 2382 01111110.
1805 2350 1876 2382 1100
1899 2357 1949 2381 est
1973 2350 2078 2391 ipsius
2102 2360 2200 2380 oscu-

1221 2394 1295 2426 lum.
1342 2394 1497 2425 Yivissim
1523 2405 1582 2424 nos
1608 2394 1766 2426 dvbenms
1790 2403 1863 2425 eum
1888 2393 2051 2434 excipere.
2086 2392 2199 2424 Corda

1220 2444 1335 2468 nostra
1358 2437 1477 2469 debent
1501 2435 1617 2468 laetari
1642 2438 1672 2468 in
1697 2435 1853 2474 fllioDei,
1877 2442 1909 2467 et
1932 2445 2120 2478 quanquam
2145 2445 2201 2467 su·

1220 2491 1293 2512 mus
1316 2481 1441 2513 miseri.
1475 2487 1504 2512 01
1531 2480 1791 2512 circumferimus
1815 2477 1949 2511 dolores
1973 2486 2122 2516 11051103,
2153 2485 2200 2509 ta-

1221 2534 1293 2555 men
1317 2530 1464 2555 statuere
1488 2523 1658 2561 debemus.
1682 2523 1770 2565 quod
1794 2523 1898 2554 simus
1910 2532 2010 2553 curae
2028 2521 2101 2553 Deo
2125 2530 2200 2562 pro·

1220 2573 1292 2608 pter
1316 2565 1425 2598 11Ιί11111.
1472 2565 1642 2598 Debemus
1665 2577 1726 2599 nos
1750 2568 1937 2598 exuscitare
1960 2565 2001 2596 ad
2019 2563 2200 2596 invocatio·

1222 2621 1294 2640 ncm
1319 2616 1495 2651 expectare
1524 2610 1692 2645 auxilium,
1726 2619 1862 2651 sperare
1885 2609 2119 2651 mitigationem
2144 2612 2201 2638 aut

2318 2573 2324 2653 .-...
2320 2554 2324 2563 -
2318 2458 2324 2537 .—-
2308 2187 2324 2440 -h———A-

2300 890 2313 926 1

2302 933 2314 958 n

2303 963 2314 1007 1

2303 1010 2315 1048 i

2304 1058 2322 1113 ἓ,

2313 2011 2318 2040 ι
2304 1645 2324 2000 Μ.
2299 1176 2318 1481 ,εκ-ν»
