2324 2958
158 176 219 208 'tol

157 279 268 303 omnes
303 271 384 300 enim
415 267 556 300 hmines
594 266 736 305 indiyene
766 264 843 297 Deo.
908 265 1004 297 Ratio
1037 265 1133 304 videt,

158 310 413 345 imbecillitatem
448 309 640 346 humanam,
673 313 705 339 et
734 309 859 349 cogitat
892 319 969 339 esse
997 308 1131 350 aliquod

157 365 295 390 numen,
328 353 415 394 quod
444 358 554 385 servet
577 360 683 393 genus
716 351 901 382 humanum.
956 352 1012 382 Sic
1037 350 1130 382 Plato

158 391 200 429 de
234 396 324 428 culto
350 394 410 426 Dei
434 394 578 438 loquitur
609 394 641 425 in
675 393 740 424 hoc
772 392 992 433 pulcherrimo
1024 395 1128 425 dicto:

157 442 255 472 Nemo
277 440 367 470 nobis
385 439 585 478 persuadeat
593 437 745 468 maiorem
758 440 903 467 rirlulem
927 447 998 469 esse
1016 441 1132 476 oenerae'

156 485 296 521 mortali,
336 485 465 521 pietate.
529 481 644 518 Μεῖζον
678 478 781 520 ἀρετῆς
812 479 917 517 μηδείς
950 492 1019 510 πυτς
1054 480 1130 518 ἡμᾶς

155 524 245 565 πείδῃ
267 525 318 562 τῆς
336 523 485 563 εὐσεβείας
507 521 583 553 εἶναι
604 523 646 564 τῷ·
667 523 771 559 ,9ιήιῶ
793 526 875 560 γένη.
920 523 1128 563 Agnitionem

155 566 230 605 Dei,
255 573 288 598 et
311 567 552 602 assensionem,
575 565 663 606 quod
686 565 728 595 sit
751 552 856 602 Deus,
880 567 966 606 quod
990 567 1032 597 sit
1055 576 1128 606 pro—

155 610 311 647 videntia,
334 609 421 651 quod
436 608 528 640 Deus
554 606 739 638 benefaciat
762 608 870 646 bonis,
895 614 927 638 et
950 609 990 639 sit
1009 610 1128 640 vindex

155 651 338 684 scelerum:
372 653 467 688 item,
501 650 588 691 quod
611 650 823 688 metuendus,
857 652 943 691 qnod
969 650 1127 682 colendus

156 695 199 726 sit
232 695 345 727 Deus.
386 694 418 725 itl
451 691 640 734 philosophi
680 698 839 724 vocarunt
872 693 1032 733 εὐσέβειαν.
1087 693 1126 724 Et

155 738 246 768 addit
279 736 398 768 Plato:
449 737 608 767 Debemus
642 737 741 767 Deum
790 739 895 767 colere
934 736 965 767 οὐ
995 738 1127 776 σχήμασι

155 780 353 820 εεχιίἱζοιτας,
376 777 440 810 ἀλλ’
463 778 594 822 ἀληθείᾳ
617 779 762 816 τιμῶντας
784 777 833 815 τήν
855 778 978 819 ἀρετὴ-ἰν.-
1007 781 1038 810 id
1062 787 1125 817 est,

154 832 216 855 non
235 825 379 864 yestebus
396 823 568 860 artificiose
585 822 706 860 aliquid
718 822 885 861 facz'enles,
908 824 969 853 sed
989 823 1023 853 in
1047 826 1126 854 reri-

153 869 219 898 tate
251 868 388 897 colentes
421 875 479 896 seu
512 868 701 895 exercentes
734 867 888 895 rirlulem.
943 864 1003 896 Est
1032 865 1128 903 idem,

155 908 243 950 quod
266 909 298 939 in
321 908 473 939 versibus
498 906 634 938 Catonis
658 907 793 938 dicitur:

284 969 320 1000 St·
337 970 424 999 Deus
446 971 497 999 est
516 970 651 1005 animus,
675 967 766 998 nobis
788 971 823 998 nc
842 969 988 998 carmina
1009 968 1127 1008 dicitnr,

281 1011 342 1042 mc
364 1012 420 1042 {tbi
436 1013 612 1050 praecipue
633 1010 678 1040 sz'l
695 1019 781 1049 pura
804 1014 905 1041 mente
925 1011 1084 1041 colendus.

238 1077 384 1120 Uterque
419 1077 583 1119 significat
605 1077 714 1108 Deum
748 1075 921 1108 colendum
955 1087 1032 1109 esse
1062 1087 1127 1108 non

154 1128 289 1153 externa
314 1121 492 1163 hypocrisi,
517 1120 574 1150 sed
600 1120 688 1150 bona
711 1119 893 1152 voluntate.
917 1121 1012 1151 bonis
1032 1121 1127 1151 mori-

153 1166 227 1197 bus.
273 1163 396 1205 Magna
428 1173 506 1204 pars
541 1162 704 1193 hominum
739 1161 876 1203 negligit
910 1163 1126 1194 obedientiam

153 1205 328 1244 moralem,
364 1214 396 1237 et
429 1212 553 1236 tantum
595 1205 790 1235 ceremoniis
824 1205 945 1236 studet.
1001 1205 1126 1237 Sumite

152 1248 300 1290 exempla
324 1248 514 1290 llispanica,
545 1257 741 1288 quamquam
770 1247 892 1289 ubique
918 1249 1126 1289 reperiuntur

151 1293 248 1324 etiam
281 1292 367 1332 apud
401 1300 474 1321 nos.
530 1290 670 1324 Quando
705 1296 755 1320 est
794 1296 922 1331 tempus
956 1292 1123 1332 passionis

151 1335 287 1371 Christi,
314 1344 375 1365 seu
398 1333 524 1369 ieiunii,
560 1332 696 1373 Hispani
725 1339 972 1374 congregantur
1004 1345 1125 1376 magno

151 1387 302 1414 numero,
326 1383 357 1407 et
381 1386 418 1406 se
446 1373 632 1417 flagellant,
661 1375 705 1405 ita
728 1381 762 1406 ut
792 1377 929 1416 sanguis
959 1384 1124 1418 erumpat:

151 1426 183 1451 et
205 1426 313 1450 tamen
336 1417 381 1449 illi
409 1419 472 1458 ipsi
495 1417 698 1454 nebulones,
725 1424 802 1449 sunt
830 1416 935 1458 fures,
963 1419 1122 1459 latrones,

150 1461 300 1499 adulteri,
323 1462 444 1498 sicarii,
468 1460 601 1502 pessimi
625 1460 766 1491 omnium
789 1460 965 1492 hominum.
1005 1461 1123 1494 Putant

149 1515 188 1537 se
210 1504 316 1536 Deum
347 1503 457 1535 colere
487 1502 544 1534 illo
577 1509 714 1534 externo
745 1510 853 1544 gestu.
909 1503 1052 1547 Fingunt
1084 1516 1122 1537 se

149 1546 262 1579 facere
294 1545 374 1577 illud
406 1557 507 1586 opus,
540 1546 581 1576 ad
615 1547 865 1585 promerendam
894 1548 1121 1579 remissionem

148 1596 371 1632 peccatorum.
402 1589 507 1624 Quam
530 1587 621 1619 multi
644 1594 721 1619 sunt
742 1588 932 1627 sacrificuli,
955 1591 1008 1632 qui
1033 1592 1122 1631 cogi-

148 1639 229 1669 tant,
252 1632 339 1674 quod
364 1630 476 1662 colant
499 1631 616 1668 Deum,
639 1631 667 1661 si
691 1641 786 1661 unam
811 1631 947 1663 Missam
977 1635 1122 1673 quetidie

149 1674 337 1708 celebrent:
371 1674 499 1704 interim
522 1679 600 1705 sunt
622 1679 837 1712 scortatores,
862 1677 1010 1716 cynaedi,
1034 1687 1121 1707 moe-

148 1717 215 1754 chi,
237 1716 311 1748 mali
339 1716 505 1748 homines!
564 1714 661 1747 Tales
691 1722 769 1747 sunt
798 1716 888 1748 multi
923 1728 963 1748 ex
987 1721 1121 1758 nostris,

148 1761 302 1801 quisunt
329 1760 534 1800 hypocritae.
590 1757 714 1789 volunt
749 1769 825 1790 esse
860 1759 1054 1799 Christiani,
1089 1769 1119 1794 et

148 1801 318 1843 prophane
352 1803 475 1832 vivunt.
530 1801 665 1832 Fallunt
697 1812 735 1832 se
755 1807 787 1832 et
809 1801 910 1840 alios,
944 1810 980 1835 ut
1003 1805 1121 1836 dicitur

148 1846 180 1876 in
205 1851 368 1885 poemate:
394 1846 446 1876 Da
467 1846 546 1876 milti
564 1847 702 1884 fallere:
738 1846 788 1876 Da
815 1847 932 1877 ιἰιείαηι
961 1853 1120 1879 sanctum-

147 1897 209 1929 que
241 1890 355 1919 vocari.
411 1887 445 1917 ld
479 1887 641 1927 improbat
673 1887 769 1919 etiam
804 1887 917 1926 Plato,
958 1890 1120 1930 inquiens,

148 1932 246 1962 Deum
269 1941 332 1961 non
362 1940 433 1961 esse
460 1930 623 1961 cols-mlum
654 1932 803 1969 aestibus.
859 1930 1014 1973 Eousque
1048 1944 1119 1974 per-

148 1973 236 2004 venit
255 1974 350 2006 ratic).
396 1972 436 2002 Et
460 1973 509 2003 sic
533 1973 563 2002 in
587 1971 663 2013 lege
687 1972 818 2004 Zaleuci
843 1984 974 2016 qnoque
998 1976 1119 2008 dictum

147 2022 214 2046 est:
238 2015 334 2050 Quod
354 2015 444 2046 Deus
470 2015 509 2045 sit
534 2013 691 2045 colendus
714 2026 779 2047 non
802 2016 998 2058 Tragoediis
1022 2020 1119 2060 capti-

148 2069 275 2096 vorum,
295 2068 354 2089 seu
377 2058 528 2099 'fregit-is
562 2058 728 2099 gestibus,
763 2060 821 2089 sed
844 2062 962 2092 virtute
990 2067 1021 2092 et
1044 2073 1118 2103 pro-

146 2102 253 2142 posito
275 2101 435 2131 iustorum
460 2107 491 2131 et
516 2101 726 2131 honestorum
750 2111 896 2141 operum.

232 2144 381 2178 Quaero:
404 2144 456 2174 An
481 2143 562 2173 satis
585 2143 627 2173 ¹sit
649 2143 790 2174 dictum?
833 2145 917 2176 Non.
963 2145 1116 2179 Christus

145 2185 241 2227 plura
264 2185 505 2227 complectitur,
530 2196 602 2216 cum
625 2186 701 2216 dicit
726 2185 793 2216 loh-
816 2187 844 2218 4.
905 2189 975 2220 Veri
1001 2192 1116 2221 adm-(1-

145 2235 231 2261 tores
259 2230 438 2261 adorabunt
465 2231 594 2260 Palrem
623 2232 656 2259 in
679 2230 801 2268 Spiritu
829 2234 862 2261 et
888 2233 1026 2264 rert'late.
1078 2236 1115 2264 ln

144 2275 269 2312 spiritu,
293 2271 324 2303 id
349 2278 417 2309 est.
452 2273 593 2301 motibus
629 2272 778 2301 excitatis
802 2282 820 2302 a
843 2273 963 2313 Spiritu
987 2282 1114 2306 sant-to.

144 2316 182 2353 [n
205 2318 347 2351 rere'tate,
370 2314 435 2344 hoc
458 2320 526 2351 est,
563 2315 592 2344 in
629 2324 707 2344 vera
736 2315 902 2355 agnitione
925 2315 996 2349 Dei.
1040 2318 1113 2349 Non

144 2358 225 2387 satis
254 2363 305 2388 est
337 2363 452 2399 gestu,
488 2357 692 2394 ceremoniis,
725 2364 778 2387 aut
813 2359 908 2389 etiam
940 2361 1113 2392 virtutibus

145 2398 294 2431 civilibus
317 2399 428 2431 colere
452 2399 568 2437 Deum,
591 2400 649 2430 sed
674 2406 803 2440 oportet
826 2410 901 2431 esse
923 2409 1030 2433 motus
1054 2414 1112 2435 seu

143 2443 281 2473 affectus
304 2440 504 2481 spirituales,
529 2443 675 2473 timorem
700 2441 774 2479 Dei,
799 2448 830 2473 et
858 2443 1008 2475 fiduciam
1033 2456 1113 2486 erga

143 2484 260 2516 Deum.
317 2484 359 2515 Et
392 2491 519 2525 oportet
549 2485 748 2526 praecedere
776 2483 881 2516 lucem
905 2485 992 2518 illam
1011 2499 1113 2529 agno-

144 2534 290 2558 scentem
325 2537 435 2558 xerunt
460 2527 579 2564 Deum,
613 2526 698 2557 sicut
720 2537 758 2557 se
781 2528 947 2568 patefecit,
977 2536 1009 2560 et
1032 2532 1112 2561 noti-

143 2570 218 2601 tiam
242 2570 480 2610 promissionis,
504 2570 592 2611 quod
614 2568 692 2601 velit
716 2580 777 2600 nos
801 2571 955 2601 exaudire
979 2580 1113 2614 propter

142 2612 269 2643 Filium.
322 2612 390 2643 Sed
412 2622 500 2643 nuno
523 2623 589 2643 non
612 2613 756 2644 dicemus
780 2613 821 2644 de
843 2613 1035 2654 affectibus,
1058 2617 1112 2657 qui

842 171 1059 204 Pos'rtLLA
1081 169 1479 203 MELANTHONIANA.

2088 175 2152 208 762

1182 270 1249 295 tum
1283 264 1411 295 demum
1444 265 1668 297 accenduntur
1705 267 1737 297 in
1770 268 1981 308 pectoribus,
2020 268 2151 310 quando

1182 305 1271 338 lucet
1294 317 1373 338 vera
1395 308 1519 346 agnitio
1538 307 1600 339 Det
1622 314 1655 339 et
1676 308 1855 341 voluntatis
1879 311 1949 341 eius
1977 312 2008 342 in
2029 312 2150 343 nostris

1181 350 1354 381 mentibus.
1410 349 1568 381 Dicemus
1591 351 1655 382 iam
1683 357 1809 384 tantum
1838 353 1879 385 de
1908 354 2079 392 doctrina,
2110 364 2151 386 ex

1181 403 1245 434 qua
1268 393 1371 424 oritur
1393 391 1450 424 illa
1472 393 1608 435 agnitio.

1181 556 1296 607 Quae
1335 563 1428 598 sunt
1466 571 1562 611 ergo
1604 558 1852 599 differentiae
1889 559 2151 602 invocationis

1178 634 1389 685 Ecclesiae,
1421 640 1464 674 et
1504 634 1669 674 aliarum
1705 634 2006 676 invocationum
2037 643 2151 678 extra

1542 711 1787 753 Ecclesiam?

1264 817 1340 850 Duo
1374 824 1451 850 sunt
1488 818 1666 860 praecipua
1705 820 1915 851 discrimina:
1956 830 2054 852 unum
2088 826 2150 859 est,

1178 861 1302 901 agnitio
1326 861 1506 893 essentiae:
1540 860 1695 900 alterum,
1724 863 1846 904 agnitio
1875 862 2053 895 voluntatis
2077 863 2151 895 Dei.

1179 904 1449 946 Quandocunque
1465 904 1606 946 incipitis
1619 906 1852 945 precationem,
1877 906 2032 947 cogitate,
2055 916 2150 948 quem

1177 945 1399 988 alloquamini,
1424 953 1456 978 et
1478 957 1532 984 an,
1561 958 1602 978 ac
1625 958 1684 978 cur
1706 948 1931 980 exaudiamini.
1988 948 2040 980 De
2062 956 2151 981 utra-

1178 998 1242 1029 que
1264 999 1300 1020 re
1324 988 1417 1021 Deus
1441 990 1528 1021 dedit
1550 990 1788 1031 patefactiones
1812 991 1844 1022 in
1868 992 1969 1022 verbo
1994 1002 2074 1029 suo,
2107 993 2148 1024 ad

1179 1041 1262 1071 quas
1296 1042 1357 1062 nos
1393 1031 1552 1074 alligavit.
1620 1033 1688 1064 llas
1723 1040 1850 1074 oportet
1886 1034 2034 1075 cogitare
2067 1035 2151 1066 inter

1178 1075 1390 1114 precandum.
1420 1075 1579 1106 N'etustas
1592 1075 1681 1114 dixit,
1702 1078 1919 1108 Precaetonem
1932 1086 2002 1109 esse
2014 1080 2152 1110 omnium

1179 1127 1310 1155 operum
1332 1119 1565 1157 difficillimam.
1612 1118 1647 1149 ld
1670 1129 1783 1150 verum
1813 1125 1879 1151 est:
1908 1120 1991 1154 Quia
2015 1129 2151 1160 precan-

1178 1165 1243 1190 tem
1272 1166 1400 1200 oportet
1430 1161 1586 1192 intentum
1621 1171 1697 1192 esse
1730 1162 1761 1192 in
1796 1162 2030 1204 cogitationem
2060 1169 2150 1204 pate-

1178 1202 1355 1233 factionum
1379 1203 1572 1241 divinarum,
1595 1209 1826 1246 praeterquam
1850 1206 1938 1246 quod
1962 1204 2025 1236 alia
2050 1204 2149 1236 multa

1177 1245 1404 1286 impedimenta
1426 1252 1513 1283 sunt,
1548 1256 1631 1287 quae
1664 1257 1726 1278 nos
1749 1254 1903 1285 avocant,
1937 1254 1994 1279 aut
2016 1249 2150 1279 turbant

1177 1288 1208 1318 in
1243 1289 1422 1329 precando,
1489 1289 1630 1324 Quando
1664 1291 1736 1322 sine
1775 1291 1974 1332 cogitatione
2007 1301 2148 1322 murmu-

1177 1338 1291 1362 rantur
1319 1341 1456 1372 preces,
1479 1337 1513 1362 ut
1537 1330 1660 1363 faciunt
1688 1333 1843 1371 Nonnae,
1877 1339 1932 1363 aut
1956 1332 2146 1372 sacrificuli,

1177 1384 1216 1404 ea
1250 1385 1315 1405 non
1350 1380 1400 1405 est
1434 1385 1512 1406 vera
1540 1376 1708 1415 precatio:
1743 1386 1937 1417 quamquam
1971 1375 2148 1407 multorum

1176 1421 1266 1447 tanta
1300 1422 1351 1448 est
1372 1416 1606 1459 prophanitas,
1641 1423 1678 1449 ut
1706 1419 1802 1449 etiam
1836 1417 1974 1450 ludibrio
2004 1417 2148 1450 habeant

1174 1469 1308 1500 preces:
1342 1460 1427 1491 sicut
1451 1460 1610 1491 sacerdos
1633 1459 1705 1498 ille,
1739 1471 1812 1493 cum
1836 1460 2043 1503 neglexisset
2064 1462 2148 1493 reci-

1175 1508 1244 1533 tare
1268 1502 1366 1533 horas
1397 1502 1600 1542 Ganonieas,
1632 1502 1808 1545 colligebat
1837 1503 1949 1536 literas
1978 1504 2021 1541 A,
2044 1504 2084 1543 B,
2107 1504 2146 1543 C,

1175 1552 1205 1575 et
1228 1546 1427 1577 recensebat
1459 1550 1562 1576 totum
1596 1544 1820 1587 alphabetum,
1856 1553 1887 1578 et
1921 1547 2068 1579 dicebat:
2102 1548 2150 1580 Mi

1175 1590 1277 1626 Deus,
1309 1592 1418 1629 accipe
1449 1589 1510 1620 ltus
1541 1590 1669 1627 meras,
1703 1593 1734 1621 et
1765 1592 1823 1629 fac
1845 1591 1904 1621 tibi
1923 1592 2021 1621 horas
2046 1590 2148 1622 Cano·

1173 1634 1273 1662 nit-as.
1320 1630 1380 1662 Est
1402 1632 1507 1662 oratio
1531 1631 1708 1662 deridentis
1731 1633 1885 1673 pietatem
1910 1638 1943 1664 et
1965 1633 2146 1664 invocatio-

1173 1684 1257 1705 nem.
1303 1673 1432 1711 Adulti,
1467 1674 1521 1715 qui
1545 1684 1623 1705 vere
1646 1675 1689 1715 pii
1711 1680 1805 1713 sunt,
1839 1676 1959 1707 debent
1987 1675 2145 1707 adhibere

1173 1718 1205 1747 in
1237 1717 1427 1757 precatione
1461 1717 1693 1757 cogitationem
1727 1718 1846 1749 seriam
1881 1718 1922 1749 de
1955 1718 2146 1750 discrimine

1172 1760 1257 1790 inter
1279 1770 1390 1791 veram
1425 1765 1457 1790 et
1483 1758 1602 1791 falsam
1630 1760 1881 1792 invocationem.
1928 1760 2002 1792 Non
2026 1761 2146 1792 debent

1173 1812 1288 1840 orare,
1320 1809 1357 1833 ut
1389 1801 1548 1839 infantes,
1581 1803 1636 1843 qui
1669 1804 1813 1834 nondum
1847 1802 2049 1845 intelligunt,
2083 1813 2145 1835 nee

1173 1845 1319 1886 cogitant
1341 1846 1454 1883 verba,
1479 1854 1563 1886 qnae
1585 1845 1724 1876 recitant
1746 1846 1778 1877 in
1796 1847 1962 1887 precibus.
1996 1845 2031 1877 ln
2053 1845 2144 1878 adul·

1171 1888 1213 1918 tis
1253 1888 1351 1918 debet
1390 1888 1570 1919 exuscitati
1612 1889 1767 1930 cogitatio
1807 1896 1838 1920 et
1877 1890 2016 1920 accendi
2049 1888 2143 1922 fides.

1171 1929 1263 1961 Deus
1298 1931 1381 1973 regit
1415 1929 1557 1961 infantes
1591 1940 1652 1962 suo
1687 1932 1796 1962 modo.
1853 1931 2045 1963 Sanctificat
2072 1941 2143 1970 eos,

1171 1980 1200 2004 et
1225 1983 1327 2014 saepe
1350 1972 1515 2004 mirabiles
1539 1979 1649 2004 motus
1679 1974 1709 2005 in
1741 1975 1789 2005 eis
1823 1975 1956 2006 excitat.
2001 1975 2142 2016 Spiritus

1170 2023 1305 2047 sanctus
1328 2026 1406 2047 vere
1429 2017 1460 2046 in
1484 2015 1547 2047 {llis
1571 2017 1669 2047 etiam
1693 2022 1776 2055 orat,
1800 2018 1883 2048 sicut
1902 2017 2141 2057 scriptumest:

1170 2061 1219 2091 Ea·
1246 2069 1302 2090 ore
1331 2060 1503 2099 infantium
1537 2064 1569 2091 et
1600 2060 1782 2091 lactentium
1807 2063 1979 2100 perfecisti
2005 2062 2140 2092 luentem.

1170 2102 1245 2133 Mea
1268 2101 1370 2133 filiola
1400 2103 1618 2143 componebat
1647 2101 1900 2134 cantium-ulam:
1931 2104 2045 2134 Lieben
2072 2104 2141 2135 kim

1168 2146 1306 2176 ‹lm-chen
1330 2147 1401 2176 seit!
1432 2146 1484 2176 1'l1r
1503 2148 1603 2184 from,
1636 2155 1672 2176 so
1694 2147 1802 2185 ltompt
1834 2147 1886 2176 iln·
1915 2149 1947 2176 m
1970 2146 2031 2177 (len
2055 2147 2140 2178 Him-

1169 2190 1246 2223 mel,·
1269 2188 1348 2219 Sem
1369 2189 1420 2219 ιἸιν
1442 2189 1520 2219 aber
1542 2189 1629 2219 niem
1643 2191 1740 2227 from,
1774 2198 1809 2219 so
1831 2190 1937 2228 lcompl
1959 2189 2010 2219 e'laer
2032 2189 2064 2218 1⁶11
2087 2190 2139 2220 (lle

1168 2232 1266 2261 llelle.
1341 2231 1482 2270 Spiritus
1519 2237 1655 2261 sanctus
1696 2230 1888 2261 mirabiliter
1927 2236 1978 2261 cst
2016 2229 2138 2262 efficax

1167 2274 1263 2303 etiam
1287 2273 1318 2303 in
1342 2272 1535 2311 infantibus,
1570 2273 1623 2314 qui
1659 2271 1776 2303 efficax
1811 2271 1869 2303 fuit
1899 2273 1995 2303 etiam
2028 2274 2058 2303 in
2090 2273 2134 2304 lo-

1167 2315 1284 2352 hanne‚
1310 2327 1381 2347 cum
1405 2317 1513 2347 adhuc
1537 2321 1625 2346 esset
1649 2316 1679 2345 in
1709 2322 1802 2345 utero
1826 2316 1949 2346 matris.
1996 2315 2061 2346 Sed
2089 2314 2136 2347 lo-

1166 2369 1249 2399 quor
1282 2359 1344 2389 iam
1379 2360 1419 2390 de
1448 2357 1584 2389 adultis:
1625 2358 1663 2388 Hi
1699 2358 1819 2388 debent
1856 2358 1978 2389 addere
2012 2360 2136 2400 cogita-

1164 2402 1294 2432 tionem.

1250 2443 1299 2474 Sit
1322 2453 1404 2485 ergo
1432 2443 1515 2474 haec
1548 2443 1652 2483 prima
1686 2443 1853 2484 cogitatio.
1898 2442 2135 2476 Discernamus

1165 2491 1309 2517 nostram
1333 2487 1573 2517 invocationem
1597 2486 1638 2516 ab
1653 2485 1803 2523 Edmica,
1826 2487 1933 2527 quoad
1947 2487 2134 2518 essentiam-

1166 2529 1291 2559 timuit-t
1316 2534 1438 2569 negant
1471 2527 1560 2559 illum
1596 2537 1672 2559 esse
1706 2538 1818 2559 verum
1852 2528 1972 2567 Deum,
2005 2531 2059 2571 qui
2082 2537 2137 2561 est:

1166 2570 1262 2602 Pater
1297 2570 1426 2602 Domini
1457 2571 1561 2602 nostri
1595 2570 1670 2602 lesu
1693 2570 1830 2603 Christi:
1863 2578 1985 2613 negant
2016 2571 2134 2606 filium

1164 2623 1241 2644 esse
1281 2611 1595 2645 consubstantialem
1641 2613 1752 2645 Patri:
1813 2622 1935 2657 negant
1978 2615 2131 2656 Spiritum
