2324 2958
12 2409 21 2413 ’
73 2413 181 2453 possit
204 2413 246 2443 ab
269 2411 343 2443 aliis
366 2411 515 2453 intelligi.

79 147 140 180 321

81 241 239 284 quodam,
271 245 333 267 ceu
355 235 572 273 Anatomico,
604 235 638 265 in
666 234 874 265 dissecandis
897 234 1047 266 victimis.

81 285 182 317 Erant
212 277 297 311 aliae
330 283 443 319 partes
477 277 699 319 assignandae
734 276 827 315 Deo,
867 283 902 308 ut
939 283 1049 318 caput,

82 325 195 362 cauda,
216 322 329 365 adeps.
386 319 482 352 Aliae
505 320 713 351 sacerdotum
736 326 846 356 erant,
876 326 911 351 ut
933 326 1049 360 pectus

83 375 115 402 et
135 365 222 399 armi.

80 456 203 486 tuerent
237 450 387 480 convivia
416 449 458 479 ad
481 458 579 480 sacra
601 447 695 486 loca,
728 448 760 478 in
794 448 913 488 quibus
950 446 1051 478 laeta-

81 497 194 528 bantur
215 502 292 530 una,
324 498 357 522 et
390 490 537 522 hilariter
561 492 686 533 gratias
710 489 782 521 Deo
813 492 958 532 agebant
989 500 1050 531 pro

77 535 221 576 acceptis
246 533 426 565 beneficiis.

159 577 329 618 Nusquam
353 577 383 607 in
408 577 485 607 totis
497 575 616 607 Bibliis
639 582 706 607 tam
729 574 903 616 diligenter
927 575 1052 605 discer-

75 622 161 654 nitur
183 621 306 651 iustitia
329 620 465 650 rationis
499 626 530 650 et
564 618 649 660 legis
680 629 700 649 a
735 618 857 649 iustitia
891 617 966 648 fidei
991 628 1051 649 seu

58 662 261 704 >Evangelii:
295 661 375 693 Item
396 662 519 692 iustitia
541 661 687 702 politica,
720 671 740 692 a
764 659 938 702 spirituali,
961 666 997 692 ut
1019 661 1051 691 in

74 706 206 747 scriptis
230 703 334 736 Pauli.

160 748 266 783 Quam
290 754 341 778 est
364 747 493 788 insigne
517 746 582 777 hou
601 747 733 784 dictum,
757 757 822 787 quo
843 747 951 783 docet,
975 746 1052 786 quid

75 792 118 823 sit
152 791 274 822 iustitia
308 789 510 831 spiritualis?
554 791 697 828 Reqmmz
722 791 783 820 Dei
809 799 872 820 non
895 794 945 820 est
964 789 1052 819 cibus

74 839 108 866 et
122 838 235 874 potus,
263 835 324 864 sed
351 836 488 866 iustitia.
519 842 599 872 pas,
634 837 666 863 et
691 833 844 871 qaucle‘um
872 835 905 863 in
928 833 1053 871 Spiritu

73 880 191 910 sancto.

159 917 265 954 Quam
287 916 415 948 illustre
439 924 491 948 est
513 917 730 948 testimonium
749 917 904 948 sanciens
927 921 960 947 et
982 926 1052 946 mu-

72 962 167 994 niens
191 961 339 992 ordinem
363 959 530 1000 politicum
554 959 693 991 Roman.
720 959 780 990 13?
830 959 904 990 Non
928 958 1051 989 frustra

72 1003 176 1036 voluit
210 1002 304 1035 Deus
339 1004 521 1034 doctrinam
556 1003 596 1033 de
633 1003 748 1033 ordine
780 1001 914 1043 politico
948 1001 1051 1042 repeti

73 1053 105 1079 et
127 1045 284 1087 explicari
307 1047 339 1076 in
363 1056 450 1077 novo
473 1045 702 1076 Testamentoz
736 1044 833 1080 Quod
856 1044 944 1076 haud
967 1045 1050 1081 scio,

71 1100 114 1122 an
137 1090 263 1130 uspiam
287 1094 378 1119 tanto
402 1087 580 1129 splendore
604 1088 763 1119 orationis
787 1086 909 1119 factum
933 1087 988 1125 sit,
1016 1092 1052 1117 ut

71 1142 91 1163 a
113 1131 238 1169 Paulo,
273 1132 327 1173 qui
350 1132 447 1162 etiam
483 1131 706 1162 conscientias
739 1137 873 1161 nostras
897 1128 1051 1171 alligatas

71 1184 148 1206 esse
172 1175 280 1212 docet,
312 1180 347 1205 ut
370 1174 523 1204 obediant
548 1173 775 1215 Magistratui,
808 1172 849 1204 Et
872 1178 980 1203 tamen
1003 1170 1051 1202 sa-

70 1218 169 1249 natici
203 1217 337 1258 spiritus
377 1222 593 1256 corruperunt
634 1222 751 1257 postea
792 1216 973 1246 doctrinam
1009 1215 1050 1245 de

71 1261 187 1292 ordine
219 1258 369 1300 politico:
404 1259 530 1290 etiamsi
565 1258 748 1289 clarissime
782 1259 934 1290 traditum
969 1258 1050 1288 sita

69 1301 188 1340 Paulo,
208 1303 297 1344 quod
311 1300 463 1333 Ecclesia
479 1303 513 1332 in
532 1302 634 1332 corde
649 1301 767 1332 habeat
787 1303 895 1333 lucem
907 1301 1050 1332 divinam

71 1351 163 1377 recte
185 1351 424 1386 agnoscentem
458 1350 491 1375 et
519 1345 728 1375 invocantem
751 1344 877 1382 Deum,
910 1350 941 1374 et
967 1342 1049 1374 foris

72 1386 219 1419 conserat
249 1397 369 1427 operas
402 1394 433 1418 et
456 1386 590 1418 labores
614 1387 656 1417 ad
680 1396 884 1417 communem
908 1386 1050 1417 societa-

71 1436 138 1462 tem
171 1430 385 1460 retinendam.
431 1429 503 1460 Hoc
537 1429 715 1461 discrimen
744 1435 835 1459 tanta
867 1428 1051 1470 perspicui·

71 1478 141 1504 tate
165 1474 327 1512 expressit
345 1470 481 1509 Paulus,
505 1478 627 1513 quanta
643 1478 854 1512 posterorum
877 1471 1050 1502 doctorum

71 1525 189 1552 nemo,
223 1515 277 1555 qui
302 1515 479 1546 obscurius
513 1515 554 1545 de
583 1514 646 1545 hac
676 1524 718 1545 re.
735 1513 836 1545 locuti
861 1520 954 1552 sunt,
987 1513 1050 1544 nisi

94 1557 161 1588 uod
194 1555 371 1594 trenaeus,
405 1567 478 1587 cum
512 1557 632 1587 refutat
655 1556 878 1595 Marcionem,
907 1555 1052 1588 inculcat

70 1567 164 1631 Pauli
187 1599 388 1637 testimonia,
411 1600 530 1641 quibus
553 1598 631 1629 nihil
655 1606 765 1639 potest
788 1598 958 1631 illustrius.

156 1641 274 1672 Amate
309 1642 408 1683 igitur
439 1642 620 1673 doctrinam
656 1648 688 1672 et
721 1642 845 1682 scripta
872 1641 985 1679 Pauli,
1019 1648 1051 1673 et

39 1699 46 1704 ·
71 1694 174 1725 saepe
195 1683 307 1725 legite.
355 1684 390 1715 ld
412 1685 519 1726 magis
549 1684 714 1725 proderit,
748 1695 846 1726 quam
880 1685 907 1715 si
930 1683 1051 1725 legatis

69 1737 212 1768 magnos
245 1737 387 1758 acervos
422 1726 750 1758 Commentariorum.
806 1727 870 1762 Qui
904 1728 1050 1758 ordinem

71 1771 231 1802 observat
254 1770 287 1800 in
311 1769 469 1811 Epistolis
490 1768 603 1808 Pauli,
637 1776 669 1800 et
692 1779 793 1810 saepe
813 1769 942 1811 relegit,
974 1769 1050 1810 plus

71 1813 186 1847 discit,
231 1823 328 1853 quam
369 1813 423 1854 qui
463 1811 584 1844 evolvit
622 1812 744 1844 multos
775 1811 1050 1844 Commentario-5.

71 1855 222 1898 Cogitate
247 1855 432 1896 Prophetas
456 1861 488 1887 et
509 1855 696 1897 Apostolos
718 1866 785 1886 non
808 1854 913 1887 fuisse
936 1854 1050 1886 fanati-

72 1909 143 1930 cOS.
189 1898 275 1933 Quid
304 1898 456 1930 differunt
483 1909 562 1929 vere
586 1898 773 1939 Prophetae
796 1910 816 1930 a
839 1899 1051 1939 Pseudopro—

70 1942 200 1984 phetis?
258 1940 382 1972 Paulus
418 1942 516 1972 dicit:
558 1942 700 1982 Spiritus
734 1943 969 1982 Prophetarum
1003 1945 1053 1972 est

71 1986 231 2017 subiectus
254 1986 400 2024 Spiritui,
423 1984 454 2014 id
478 1990 541 2021 est,
564 1985 632 2015 veri
646 1983 832 2025 Prophetae
854 1983 1051 2024 intelligunt,

72 2037 158 2070 quae
191 2028 312 2059 dicunt.
362 2027 509 2058 Fanatici
543 2027 675 2068 spiritus
710 2037 775 2058 non
809 2026 1050 2081 intelligebant,

96 2080 158 2102 uae
182 2071 342 2107 dicerent,
365 2080 438 2101 cum
463 2076 622 2101 sonarent
651 2070 735 2101 haec
758 2071 874 2101 verba:
910 2071 1051 2101 Croesus

85 2116 239 2144 rumiens
261 2114 386 2152 Halym,
415 2117 536 2144 evertet
559 2123 707 2152 magnum
730 2116 906 2153 imperium.
952 2112 1050 2154 Cogi-

72 2161 141 2187 tate
164 2156 204 2186 de
228 2155 496 2196 Lichtenbergio.
542 2155 573 2186 ls
606 2154 707 2187 multa
730 2156 825 2193 dixit,
860 2166 945 2197 quae
979 2156 1050 2196 ipse

72 2209 140 2230 non
163 2196 337 2229 intellexit:
374 2199 430 2231 δίη
464 2197 543 2234 wolff
574 2199 645 2230 mitb
681 2199 788 2237 bcm'l'm
817 2200 860 2231 bie
889 2208 944 2231 non
967 2198 1051 2231 Σῖτίετ

72 2242 130 2273 ”nb
154 2241 261 2280 Ἡρη.
316 2240 470 2272 Nondum
502 2239 625 2272 sactum
653 2247 721 2279 est,
756 2252 797 2272 ex
825 2251 891 2283 quo
912 2240 1050 2284 intelligi

72 2283 139 2316 hoc
162 2285 279 2324 possit.

159 2326 285 2358 Paulus
308 2325 454 2368 loquitur
478 2331 513 2357 ut
535 2324 733 2367 intelligens,
757 2332 789 2357 et
801 2327 929 2357 ordinat
955 2337 1051 2357 mem—

74 2369 135 2400 bra
158 2370 354 2400 concionum
379 2379 529 2407 suarum,
565 2375 596 2399 et
619 2369 722 2400 verba
751 2369 800 2400 sic
823 2369 982 2410 disponit,
1016 2376 1049 2401 ut

561 2411 634 2441 Non
665 2417 715 2442 est
739 2411 931 2452 pulchrum,
964 2410 1051 2444 velle

73 2455 284 2486 barbarizare
309 2461 342 2486 et
364 2453 545 2492 silicizare,
575 2452 714 2485 confusa
744 2460 777 2485 et
799 2453 977 2497 flexiloqua
1007 2456 1052 2485 di-

74 2505 162 2528 cere.
207 2497 270 2532 Qut
304 2507 370 2528 non
406 2497 506 2528 habet
539 2497 683 2528 studium
711 2498 921 2538 proprietatis
944 2498 976 2528 in
1006 2498 1052 2528 di-

75 2539 194 2578 cendo,
217 2540 245 2571 is
268 2538 354 2571 male
375 2538 466 2570 facit.
499 2538 619 2571 Merito
638 2538 874 2580 deplorandum
897 2546 959 2578 est,
983 2546 1052 2572 tan-

74 2587 142 2615 tum
164 2591 242 2615 esse
264 2582 538 2624 improprietatis,
571 2582 752 2620 barbariei,
787 2581 990 2614 confusionis
1018 2583 1052 2614 in

229 2641 376 2661 κεωτιι.
392 2641 472 2662 oren.
487 2641 550 2661 vot.
566 2641 644 2660 xx1v.

758 139 975 173 PosTtLLA
995 137 1395 171 MELANTHONIANA.

1078 737 1081 765 l
1106 744 1385 775 confirmationem
1415 745 1584 775 doctrinae
1618 745 1699 775 eins.

2012 139 2075 171 322

1099 231 1252 274 Ecclesia
1275 238 1391 263 nostro
1415 238 1562 273 tempore
1584 233 1670 274 apud
1692 232 1824 264 multos·
1859 232 1899 264 Et
1924 239 2078 264 crescent

1099 277 1164 307 ista
1186 273 1272 306 mala
1294 275 1337 305 ad
1358 281 1532 315 posteros,
1563 282 1596 306 et
1618 277 1783 307 nocebunt
1812 274 1984 307 Ecclesiae
2005 275 2076 317 plu-

1101 320 1227 350 rimum.
1283 317 1378 349 Deus
1412 325 1506 349 sanet
1538 324 1653 350 nostra
1687 317 1849 357 vulnera,
1889 329 1973 360 quae
2007 328 2076 350 non

279 362 439 404 Reliquae
472 369 583 404 partes
617 363 649 393 in
683 361 857 393 sacrificiis
893 361 1050 393 Euchari-
1074 368 1078 393 ι
1102 370 1178 393 sunt
1201 370 1314 402 parva.

82 410 170 444 stieis
192 406 415 438 reddebamur
436 406 488 444 iis,
513 406 567 447 qui
581 405 781 442 obtulerant,
804 411 837 435 ut
861 406 938 436 inde
961 405 1050 435 insti·
1075 418 1077 431 ÷

1102 526 1166 566 De
1199 526 1464 575 Testimoniis,
1496 525 1594 565 item
1626 527 1825 565 aerumnis
1863 535 1904 566 et
1934 527 2078 567 libera-

1424 602 1600 642 tionibus
1632 602 1755 642 Pauli.

1192 701 1284 732 Deus·
1317 700 1394 732 fecit
1428 713 1487 742 per
1522 700 1658 732 Paulum
1693 700 1794 732 multa
1829 701 2003 739 miracula,
2038 703 2079 732 ad

1758 744 1832 784 ipsa
1866 745 1998 775 vocatio
2023 743 2082 775 fuit

1104 786 1314 818 miraculosa.
1360 787 1482 818 Postea
1504 787 1693 818 sanationes
1711 788 1899 818 morborum
1923 786 2081 827 plurimae

1105 831 1285 861 recitantur
1308 831 1340 860 in
1363 830 1469 860 Actis.
1527 832 1604 861 Item
1633 829 1855 860 Resuscitatio
1880 836 2081 860 mortuorum

1104 883 1163 913 per
1186 883 1259 903 eum
1282 871 1371 903 facta
1393 878 1455 903 est.
1490 872 1579 903 Haec
1602 871 1759 903 miracula
1783 878 1947 903 testantur
1960 873 2080 903 doctri·

1105 926 1179 946 nam
1204 914 1297 946 Pauli
1320 915 1462 946 divinam
1488 925 1582 952 esse,
1616 922 1648 946 et
1672 914 1802 946 suerunt
1831 914 1896 945 illis
1928 915 2081 955 tempori-

1105 959 1167 988 bus
1192 958 1387 989 occasiones
1411 958 1640 989 conversionis
1669 957 1861 989 multorum:
1891 964 1926 989 ut
1950 958 2081 999 quando

1103 1001 1136 1031 in
1171 1001 1380 1041 navigatione
1413 999 1468 1031 illa
1491 1008 1639 1042 tempore
1662 1000 1831 1042 hyberum,
1866 1006 1998 1031 servata
2031 1006 2083 1031 est

1103 1044 1198 1074 navis
1233 1050 1265 1074 et
1298 1051 1434 1084 propter
1469 1043 1606 1074 Paulum
1630 1044 1818 1075 conservati
1853 1050 1930 1075 sunt
1960 1043 1992 1074 in
2015 1043 2082 1074 vita

1105 1096 1219 1117 omnes
1244 1087 1297 1127 qui
1320 1094 1414 1117 erant
1437 1086 1469 1118 in
1489 1097 1527 1117 ea
1553 1087 1638 1118 navi.

1190 1128 1263 1159 Hoc
1281 1128 1439 1160 miraculo
1456 1128 1547 1160 multi
1570 1136 1646 1160 sunt
1671 1129 1823 1160 conversi
1848 1129 1888 1159 ad
1903 1127 2082 1166 Christum,

1103 1172 1189 1203 sicut
1211 1172 1361 1203 videmus
1395 1173 1567 1203 custodem
1602 1172 1746 1203 carceris
1783 1183 1856 1203 cum
1891 1178 1961 1202 tota
1985 1172 2081 1202 domo

1103 1224 1164 1246 sua
1197 1216 1366 1255 recepisse
1401 1215 1497 1245 fidem
1532 1214 1653 1245 Christi
1694 1221 1807 1256 aperto
1848 1224 1984 1245 carcere
2023 1224 2083 1254 per

1102 1263 1211 1288 terrae
1244 1264 1384 1295 motum,
1420 1264 1451 1288 et
1486 1259 1589 1299 ruptis
1624 1257 1765 1288 vinculis
1799 1256 1893 1288 Pauli
1926 1263 1959 1288 et.
1982 1256 2081 1287 Silae.

1103 1300 1143 1331 Et
1166 1310 1240 1331 cum
1263 1307 1338 1341 post
1362 1299 1580 1342 naufragium,
1610 1299 1735 1331 Paulus
1759 1307 1789 1331 e!
1819 1301 1956 1331 comites
1978 1300 2083 1341 ipsius

1103 1343 1276 1373 venissent
1299 1344 1330 1373 in
1355 1342 1497 1374 insulam
1519 1341 1674 1381 Meliten,
1710 1353 1795 1384 quae
1817 1343 1915 1374 hodie
1944 1349 2083 1373 vocatur

1102 1385 1224 1423 Malta,
1259 1386 1343 1416 inter
1365 1385 1526 1424 Siciliam,
1560 1393 1593 1417 et
1615 1386 1795 1426 Aphricam
1826 1385 2004 1423 Minorem,
2038 1385 2082 1415 ibi

1103 1438 1242 1469 serpens
1265 1429 1430 1469 pendebat
1457 1429 1499 1459 de
1528 1428 1665 1460 brachio
1689 1428 1793 1459 Pauli.
1845 1427 1955 1469 Aliqui
1978 1427 2083 1458 mirati

1103 1477 1197 1508 sunt,
1231 1481 1304 1502 eum
1338 1482 1404 1502 non
1434 1472 1574 1502 interfici
1603 1482 1623 1502 a
1646 1477 1818 1512 serpente,
1852 1470 1944 1502 Deus
1973 1476 2083 1501 tamen

1103 1514 1282 1545 custodivit
1311 1513 1469 1551 Paulum,
1504 1521 1535 1544 et
1566 1513 1626 1545 suit
1649 1524 1688 1545 ea
1711 1514 1940 1545 conversionis
1963 1512 2083 1545 multo-

1103 1567 1174 1588 rum
1198 1557 1344 1588 occasio.

1191 1599 1357 1630 Pertinent
1390 1599 1457 1631 huc
1482 1604 1615 1630 caetera
1638 1599 1764 1636 omnia,
1798 1609 1884 1640 quae
1906 1604 2084 1630 narrantur

1105 1642 1145 1673 de
1164 1652 1264 1673 cursu
1286 1643 1373 1673 vitae
1397 1648 1429 1673 et
1452 1642 1708 1684 praedicationis
1732 1640 1837 1679 Pauli,
1858 1642 1898 1672 de
1916 1642 2082 1672 aerumnis

1104 1685 1174 1715 eius
1198 1691 1229 1715 et.
1252 1683 1515 1716 liberationibus.
1559 1683 1678 1715 Totum
1702 1685 1773 1715 eius
1806 1682 2004 1716 curriculum
2024 1683 2084 1715 suit

1103 1726 1235 1768 plenum
1270 1726 1515 1767 periculorum,
1561 1726 1810 1764 difficultatum,
1856 1727 2083 1765 certaminum,

1104 1780 1188 1810 quae
1221 1781 1296 1801 cum
1330 1769 1472 1801 humano
1509 1770 1649 1800 consilio
1684 1776 1799 1800 essent
1832 1769 2082 1808 inextricabilia,

1103 1812 1197 1844 Deus
1221 1819 1329 1844 tamen
1363 1813 1520 1844 mirandis
1554 1813 1660 1843 modis
1694 1823 1768 1844 eum
1797 1822 1899 1853 saepe
1920 1811 2082 1850 liberavit,

1104 1856 1190 1887 sicut
1229 1856 1429 1886 describitur
1462 1857 1494 1887 in
1518 1855 1630 1893 Actis,
1671 1861 1704 1886 et
1737 1856 1808 1896 ipse
1842 1856 1874 1886 in
1907 1855 2085 1896 posteriori

1102 1897 1253 1939 Epistola
1280 1899 1321 1929 ad
1346 1897 1537 1930 Corinthios
1559 1898 1686 1939 prolixa
1706 1900 1895 1929 narratione
1918 1904 2083 1929 recenset.

1190 1940 1355 1972 Versatus
1383 1947 1434 1972 est
1465 1943 1497 1973 in
1520 1951 1656 1972 munere
1679 1940 1876 1981 Apostolico
1899 1951 2006 1972 annos
2029 1940 2082 1972 36.

1103 1983 1170 2015 Isto
1194 1989 1342 2025 tempore
1365 1985 1485 2015 bonam
1508 1984 1611 2015 Asiae
1635 1990 1665 2015 et
1689 1984 1843 2025 Europae
1866 1993 1991 2025 partem
2011 1994 2083 2024 per-

1104 2033 1266 2067 vagatus,
1300 2025 1440 2058 fideliter
1464 2027 1593 2065 docuit,
1629 2033 1662 2058 et
1680 2026 1781 2067 longe
1804 2026 1935 2067 lateque
1958 2027 2083 2067 sparsit

1103 2068 1335 2111 Evangelium:
1358 2070 1399 2100 Et
1421 2071 1496 2111 plus
1516 2080 1681 2108 curarum,
1704 2070 1959 2107 solicitudinum,
1981 2068 2081 2100 mole-

1104 2113 1257 2150 stiarum,
1297 2113 1741 2146 adversitatumsustinuit,
1777 2122 1873 2153 quam
1909 2113 2083 2153 quisquam

1104 2162 1255 2186 nostrum
1278 2156 1484 2194 existimare,
1517 2162 1574 2187 aut
1598 2156 1798 2197 cogitatione
1824 2165 1886 2186 sua
1910 2152 2083 2195 complecti

1103 2204 1223 2240 potest.

1191 2240 1376 2272 Conversio
1406 2242 1532 2281 ipsius,
1572 2241 1604 2271 in
1645 2241 1760 2271 itinere
1802 2240 1842 2271 ad
1877 2238 2082 2271 Damascum

1104 2284 1208 2325 (quod
1232 2285 1329 2315 distat
1353 2294 1371 2314 a
1386 2282 1619 2325 Hierosolyma
1642 2283 1823 2314 miliaribus
1847 2282 2084 2324 quadraginta)

1100 2327 1215 2358 incidit
1233 2328 1264 2357 in
1284 2337 1404 2358 annum
1425 2326 1546 2358 Christi
1570 2326 1622 2357 35.
1646 2326 1766 2357 Tiberii
1792 2324 1842 2356 19.
1886 2325 2082 2357 interfectus

1104 2375 1155 2400 est
1178 2380 1198 2401 a
1221 2369 1354 2400 Nerone
1373 2380 1460 2401 anno
1485 2369 1607 2400 Christi
1632 2369 1683 2399 70.

1191 2412 1355 2454 Cogitate,
1382 2414 1443 2444 sub
1468 2411 1620 2454 qualibus
1643 2411 1845 2452 principibus
1864 2408 1972 2442 suerit.
2007 2410 2082 2441 Non

1106 2456 1206 2487 credo
1230 2454 1332 2486 fuisse
1357 2456 1529 2486 continuos
1553 2455 1718 2495 principes
1742 2454 1772 2484 in
1797 2463 1920 2494 genere
1937 2453 2082 2485 humano

1105 2504 1170 2529 tam
1194 2504 1311 2535 tetros,
1340 2508 1436 2539 quam
1456 2498 1587 2528 suerunt
1615 2495 1670 2527 illa
1693 2496 1863 2527 horribilia
1893 2502 2040 2528 monstra
2062 2506 2083 2527 a

1105 2539 1238 2573 Tiberio
1266 2551 1373 2582 uspue
1402 2541 1444 2572 ad
1466 2539 1728 2580 Vespasianum,
1760 2540 1823 2570 sub
1853 2539 1972 2580 quibus
2001 2539 2082 2569 vixit

1105 2583 1244 2622 Paulus,
1266 2583 1426 2621 loannes,
1457 2588 1489 2614 et
1511 2583 1606 2623 pauci
1634 2580 1688 2614 alii
1710 2580 1875 2623 Apostoli.
1926 2580 2083 2625 Plerique

1895 2643 1926 2667 21
