2324 2958
106 149 167 182 417

111 254 223 277 norum
247 243 369 275 ordme'
382 243 568 272 continetur.
615 239 653 270 1-’,1
677 240 718 269 ad
742 239 781 273 Q.
826 238 974 269 Fratrem
1001 239 1083 270 scri-

112 288 173 318 bit:
202 286 294 317 Itale
311 287 344 315 in
360 284 538 323 prot-mciis
560 284 696 318 versari,
719 286 754 312 ut
773 287 807 312 et
830 283 1008 320 puble’canis
1030 290 1082 312 sa·
1106 290 1109 317 ζ

112 332 266 369 ussat-ias,
286 326 480 367 praesertim
503 326 642 365 publicis
671 323 719 362 (id
741 331 811 361 est,
846 322 1082 366 vectigalibus)
1106 322 1110 355 ἑ

112 374 194 403 male
215 370 396 409 redemptis,
419 372 452 399 et
471 377 576 399 soecos
591 369 704 407 perire
731 376 795 398 non
817 369 923 406 sinas,
957 368 1084 397 divinae
1107 357 1110 407 1

111 414 275 447 cuiusdam
297 414 426 442 circatis
447 420 520 442 esse
542 411 672 441 ridetur.

197 454 412 494 Plaerumque
436 453 563 493 equites
587 451 725 483 Romani
745 449 873 482 fuerunt
904 449 1082 491 publicani.

111 507 143 531 et
165 498 347 530 habuerunt
371 505 452 526 suos
474 495 642 526 ministros
665 495 696 525 in
719 493 909 535 provinciis.
957 492 1006 523 1111
1029 493 1085 523 mi-
1108 525 1111 541 Ι

112 541 201 573 nisu-i
224 539 320 570 etiam
347 538 549 579 quaere-bant
580 548 642 568 sua
672 537 852 568 commoda.
914 534 1083 577 Deglutie-
1108 546 1111 570 i

112 586 187 616 bant
210 581 372 618 subditos,
396 580 631 612 exhauriebant
664 579 859 621 sanguinem
889 579 1084 609 miserorum

109 625 282 658 hominum.

191 665 252 697 Est
286 666 454 707 antiquum
488 666 608 696 dictum
643 663 878 704 Aristophanis
908 667 1012 701 ταμίαι
1035 658 1111 706 λοι-ξ

107 714 196 750 plac:
230 719 340 750 rapax.
387 708 495 739 Credo
530 706 634 739 fuisse
667 705 853 744 Ethnicum,
888 716 1084 747 quamquam

108 753 204 784 etiam
237 751 347 782 ludaei
380 749 510 782 fuerunt
545 749 724 791 publicani,
757 755 812 780 aut
835 757 925 781 certe
948 749 1083 779 ministri

107 793 368 837 publicanorum.
437 792 517 824 Cum
549 793 677 824 audiret
700 791 866 823 Christum
893 792 1083 833 praeterire,

109 837 163 880 qui
185 835 315 867 solebat
339 835 507 876 proficisci
530 836 706 868 comitante
728 845 848 877 magna
873 836 980 872 turba,
1002 835 1085 874 ipse,

110 880 185 922 quia
205 889 331 920 parvae
353 885 501 910 staturae
524 885 606 916 erat,
629 878 779 909 ascendit
803 878 834 908 in
862 878 1026 913 arborem,
1050 882 1085 907 ut

108 922 217 963 possit
240 931 338 962 supra
362 920 518 962 populum
543 921 750 958 consistens,
776 920 973 961 conspicere
993 918 1086 950 Chri-

109 972 195 996 stum
217 965 415 996 venientem.
473 963 565 995 lllam
588 964 742 994 arborem
765 963 911 993 nominat
935 961 1086 1003 Evange-

109 1007 186 1040 lista
207 1011 420 1048 συκομοραίαν,
444 1017 528 1047 quae
552 1013 603 1038 est
627 1006 845 1047 Sycomorns.

195 1049 279 1081 Sunt
303 1056 411 1080 autem
435 1050 654 1080 discernenda
667 1047 843 1080 vocabula:
868 1047 1085 1089 Syccmorus,

110 1092 220 1131 Ficus,
242 1091 371 1129 Morus,
395 1091 592 1133 Caprifleus.
638 1092 842 1133 Sycomorus
866 1101 933 1121 non
957 1095 1008 1120 est
1032 1100 1086 1120 ea-

110 1135 257 1177 prificus,
280 1141 315 1166 ut.
337 1133 437 1176 aliqui
460 1135 727 1176 interpretantur.
793 1133 877 1164 Nam
908 1132 1086 1173 caprificus

111 1176 286 1219 penultima
308 1178 487 1219 producta,
521 1184 571 1208 est
595 1186 636 1207 ex
659 1175 861 1207 silvestrium
886 1175 1006 1206 ficuum
1031 1185 1087 1216 ge·
1110 1188 1115 1486 Ι

109 1230 200 1259 nere,
221 1224 274 1253 ein
297 1222 410 1251 wilder
429 1221 620 1259 seiyebaum.
687 1217 815 1250 Profert
841 1218 923 1249 sicus
946 1228 1086 1258 prorsus

109 1273 175 1294 nou
196 1269 472 1300 maturescentes,
496 1272 581 1303 quae
603 1262 727 1294 habent
743 1259 987 1292 similitudinem
1012 1270 1087 1291 cum

107 1306 253 1348 grossis:
277 1306 336 1337 sed
360 1315 426 1336 non
450 1311 527 1336 sunt
551 1306 633 1342 esui,
662 1306 788 1343 [Ιαιιῃεη
811 1305 899 1335 nicht
919 1314 958 1334 zu
981 1313 1086 1335 essen.

108 1347 229 1380 Graeci
253 1347 444 1388 caprificum
468 1354 589 1379 vocant
612 1346 733 1387 ἐρινεὸν,
770 1354 802 1377 ut
827 1352 879 1377 est
905 1346 992 1387 apud
1013 1345 1087 1377 Plu-

108 1389 257 1422 tarchum
269 1391 302 1421 in
316 1388 473 1420 Camillo:
497 1390 547 1421 τὸν
560 1389 670 1430 ἐρινεὸν
692 1393 873 1429 καπρίφικον
895 1387 1087 1427 ὀνομάζουσι.-

107 1435 285 1464 silvestrem
306 1433 398 1471 sirum
421 1434 606 1472 caprificum
629 1434 798 1471 appellant.
865 1431 1006 1461 Fructus
1030 1441 1087 1462 au-

109 1482 173 1506 tem
192 1474 339 1516 caprifici
363 1475 550 1506 nominatur
579 1475 632 1515 qni
657 1474 794 1505 Graecis
823 1473 942 1515 ἐριιέὁν.
1009 1472 1088 1504 Inde

108 1522 162 1548 est
197 1518 336 1548 verbum
365 1519 465 1557 ἐρινὲω
497 1523 528 1548 et
551 1516 686 1557 ἐρινάζω,
719 1517 809 1558 quod
833 1517 1016 1556 scriptores
1041 1516 1087 1546 rei

107 1560 252 1590 rusticae
285 1559 455 1590 nominant
483 1560 680 1600 caprificum'.
748 1559 831 1590 Nam
860 1560 998 1589 arbores
1023 1558 1087 1597 fici,

106 1601 268 1643 inquiunt,
291 1600 535 1641 caprificandae
559 1609 652 1632 sunt:
675 1602 707 1633 id
731 1608 793 1639 est,
823 1601 933 1642 grossi
957 1611 996 1632 ex
1022 1600 1086 1632 fico

108 1643 333 1686 suspendendi
356 1649 433 1674 sunt
456 1644 545 1675 circa
568 1643 755 1675 solstitium.
802 1643 837 1674 ld
850 1644 885 1674 lit
897 1651 1086 1685 propterea,

108 1697 150 1718 ne
173 1685 300 1718 fructus
324 1686 530 1728 propinquae
553 1686 638 1718 ficus
662 1694 739 1717 ante
762 1687 980 1717 maturitatem
1000 1687 1087 1717 deci·

109 1729 200 1766 dam,
222 1729 310 1770 quia,
333 1730 394 1760 etsi
418 1729 480 1769 ipsi
504 1727 634 1760 fructus
658 1728 805 1770 caprifici
829 1739 996 1770 nunquam
1019 1740 1085 1760 ma-

110 1777 296 1809 turescunt,
329 1777 449 1809 tamen,
483 1772 571 1814 quod
590 1773 662 1813 ipsa
686 1771 862 1812 caprificus
887 1781 953 1803 non
976 1771 1087 1810 habet,

109 1813 183 1846 aliis
207 1814 332 1852 tribuit,
355 1820 391 1844 ut
413 1814 457 1845 att
481 1813 615 1846 Plinius.

195 1856 311 1888 Morus
335 1866 401 1887 non
422 1855 520 1888 habet
543 1866 661 1888 nomen
685 1867 705 1888 3
726 1857 842 1898 μῶρος,
873 1860 998 1897 stultus,
1021 1857 1085 1889 sic-

110 1906 145 1931 ut
163 1898 262 1941 aliqui
286 1899 397 1931 dicunt
420 1909 478 1939 per
499 1899 701 1940 antiphrasin
725 1901 774 1931 sic
794 1900 965 1938 nominari,
989 1901 1085 1941 quasi

110 1943 216 1979 dicas,
250 1942 380 1973 minime
415 1940 515 1973 stulta
536 1943 655 1979 arbor3
689 1943 765 1985 quia
788 1953 853 1974 non
879 1943 941 1973 nisi
966 1949 1084 1974 exacto

108 1984 234 2027 frigore
256 1985 432 2026 germinet:
458 1985 517 2015 sed
541 1994 659 2016 nomen
679 1991 731 2017 est
753 1996 771 2016 a
794 1990 898 2030 poqe'rbae.
919 1985 976 2017 Sic
1000 1987 1086 2017 enim

110 2027 231 2059 Graeci
254 2033 375 2059 vocant
399 2026 486 2058 hanc
508 2028 669 2059 arborem.
716 2027 857 2067 Morum,
883 2035 933 2060 est
957 2027 1085 2060 fructus

109 2071 194 2102 mori
228 2070 370 2108 arboris,
406 2071 568 2102 JJuulbeer
601 2077 649 2102 est
684 2081 738 2103 res
766 2070 855 2103 utilis
881 2072 914 2103 in
944 2073 1086 2104 medica·
1110 2049 1114 2116 1

111 2114 212 2145 tione.
1110 2121 1114 2164 Ι

197 2155 309 2186 Ficum
333 2154 453 2186 Graeci
473 2161 592 2186 vocant
614 2155 705 2195 σόκην
727 2163 759 2188 et
782 2158 870 2188 σῦκον
893 2168 952 2197 pro
975 2156 1086 2189 fructu
1110 2165 1114 2201 g

111 2205 144 2230 et
162 2199 294 2229 arbore.
361 2198 497 2238 Proprie
532 2204 641 2229 tamen
674 2200 764 2230 σῦκον
798 2200 963 2241 significat
989 2199 1113 2232 ficum!

110 2246 282 2279 maturam,
302 2250 362 2271 seu
384 2240 523 2272 dulcem.
564 2239 692 2278 ὅλυνθος
725 2242 890 2284 significat
919 2253 1085 2285 grossum,
1110 2233 1113 2283 ζ

109 2284 143 2315 111
166 2291 229 2322 est,
252 2283 391 2323 primum
415 2281 557 2314 fructum
581 2283 643 2315 fici.
1110 2285 1114 2323 j

197 2326 403 2367 sycomorus
427 2332 476 2357 est
500 2326 653 2367 quiddam
666 2327 805 2358 medium
828 2328 912 2359 inter
935 2327 1032 2360 ficum
1055 2334 1087 2360 et
1111 2328 1114 2365 ζ

110 2379 257 2400 morum:
280 2370 322 2398 ist
340 2368 426 2398 nicht
448 2379 507 2406 ,qw-
527 2370 581 2397 ιτίο
604 2370 651 2398 ein
671 2370 875 2407 Ῑεὶῃειιόαιιηι,
902 2371 978 2401 (ιιιι-Ιι
1014 2371 1084 2401 uir-le
1111 2373 1113 2378 “

109 2422 171 2451 yar
200 2413 256 2440 wie
285 2412 335 2442 ein
368 2411 618 2440 umulbcerbunm.
686 2410 809 2444 Plinius
832 2415 978 2446 nominat
996 2416 1087 2454 ficum.
1111 2397 1114 2444 1

111 2453 308 2493 Aegyptiam
354 2454 452 2494 Apud
487 2453 718 2486 Dioscoridem
742 2462 794 2486 est
815 2462 953 2498 utraque
976 2456 1086 2499 appel·
1111 2446 1114 2481 l

111 2495 207 2534 latio,
227 2495 415 2536 Syeomorns
438 2503 469 2528 et
493 2497 687 2536 Sycmm‘nus.
733 2496 851 2530 Celsus
875 2500 1009 2531 inverso
1033 2510 1085 2531 or·

111 2537 187 2569 dine
211 2545 310 2570 vocat
329 2539 508 2581 μυρί-συκον.
553 2539 627 2571 fuit.
656 2541 756 2572 arbor
778 2542 910 2583 propria
933 2541 1087 2580 Iudaeae,

112 2581 254 2623 gignens
286 2580 431 2614 fructum
465 2582 605 2613 medium
635 2583 720 2614 inter
755 2582 850 2615 ficum
885 2590 915 2615 et
948 2570 1114 2617 morum-i

267 2649 410 2668 Hennam.
419 2650 499 2669 ort-:tr
516 2649 578 2669 VOL.
589 2650 667 2670 xxiv.

788 144 1005 178 POSTlLLA
1026 145 1056 175 M
1063 143 1421 176 ELANTHONIANA.
1577 165 1589 174 1

2044 142 2108 174 418

1133 237 1308 278 Aegyptus
1338 243 1389 266 est
1424 236 1531 267 vicina
1566 235 1722 267 iudaeae:
1753 241 1785 266 et
1808 235 1988 275 scriptores
2011 236 2109 267 etiam

1134 279 1274 311 ludaeos
1299 279 1465 309 nominant
1500 278 1696 320 Aegyptios.
1742 277 1816 309 Non
1839 279 2029 308 maturescit
2053 288 2109 308 au·

1134 329 1197 353 tem
1220 319 1360 359 fructus,
1385 321 1444 351 nisi
1468 321 1559 361 prius
1582 319 1751 361 scalpatur
1775 319 1863 351 ferro
1888 326 1919 350 et
1942 319 2028 351 oleo.
2065 319 2110 349 Es

1137 364 1215 394 wirrl
1237 363 1322 393 πίε-Μ
1345 363 1423 402 rffl'ff,
1455 373 1522 392 man
1547 373 1626 392 mass
1649 373 1680 391 es
1704 374 1792 392 :uror
1816 362 2012 402 uaffkralaeu,
2046 362 2111 393 mut

1136 407 1184 437 iile
1203 407 1313 436 darein
1331 408 1459 445 ylessen.
1485 406 1595 436 Arbor
1618 406 1701 445 parit
1725 416 1789 436 una
1813 411 1940 437 aestate
1963 405 2109 445 saepius,

1136 457 1165 481 et
1191 450 1276 480 fruct
1302 459 1318 479 s
1342 455 1393 480 est
1416 447 1503 480 utilis
1518 448 1699 489 pecudibus
1723 454 1754 478 et
1775 449 1970 479 hominibus
2016 447 2112 479 Deus

1137 492 1234 523 valde
1270 490 1388 523 multas
1422 501 1503 532 opes
1540 490 1627 521 dedit
1668 491 1720 521 isti
1752 491 1872 531 exiguo
1906 489 2041 532 angulo,
2075 495 2112 521 ut

1137 536 1240 566 maior
1263 533 1435 566 multitudo
1461 534 1502 564 ibi
1526 531 1569 563 ali
1581 538 1696 574 posset
1710 533 1869 573 pecudum
1885 540 1913 563 et
1933 533 2110 564 hominnm.

1223 577 1299 618 Ipsa
1333 577 1429 608 etiam
1463 577 1562 606 arbor
1596 576 1693 606 habet
1719 575 1804 605 hanc
1834 575 2014 606 mirabilem
2037 585 2111 617 pro-

1137 620 1318 660 prietatem,
1343 626 1377 650 ut
1400 618 1524 660 lignum
1548 619 1580 648 in
1605 628 1723 658 aquam
1737 618 1888 648 iniectum
1909 619 2016 648 statim
2030 628 2111 649 mer—

1137 670 1244 705 gatur,
1269 673 1342 694 cuin
1362 668 1494 693 caetera
1517 659 1606 703 ligna
1630 667 1842 701 supernatent
1856 661 1972 700 aquis:
1995 666 2112 701 postea

1136 704 1292 747 paulatim
1315 705 1479 741 siccessit,
1503 711 1533 735 et
1557 709 1676 734 enatat.
1721 703 1793 733 Non
1819 702 1947 742 putrefit
1973 704 2002 733 iu
2027 713 2113 744 aqua

1137 755 1170 779 ut
1206 747 1271 779 alia.
1304 746 1406 789 ligna.
1473 746 1613 777 Fructus
1648 756 1711 776 non
1747 746 1843 776 modo
1874 746 1904 775 in
1936 746 2029 782 cibis,
2053 746 2114 777 sed

1137 791 1233 822 etiam
1256 792 1288 822 in
1313 790 1588 820 medicationibus
1613 794 1790 829 usurpatus
1814 787 1883 819 suit.
1930 787 1971 819 Et
2001 789 2115 819 scribit

1119 834 1343 871 -Athenaeus,
1366 832 1506 863 fructum
1531 832 1703 873 sycomori
1729 841 1802 861 cum
1816 830 1889 861 oleo
1904 841 2046 861 rosaceo
2068 831 2115 861 in-

1136 877 1279 917 positum
1315 875 1509 912 anticardio,
1545 884 1605 906 seu
1628 873 1752 904 orificio
1786 872 1968 910 ventriculi,
1994 874 2114 904 mederi

1137 919 1298 950 febribus.

1224 961 1290 992 lam
1313 961 1458 1002 cogitate
1482 960 1522 991 de
1546 960 1685 1001 pictura,
1708 969 1766 989 seu
1787 959 1939 1000 imagine,
1964 957 2114 999 profecto

1137 1002 1334 1041 admirabili,
1353 1013 1449 1044 quam
1473 1003 1625 1033 existimo
1649 1002 1679 1032 in
1694 1001 1898 1044 Sycumorea
1912 1002 2116 1043 propositam

1139 1057 1226 1078 esse.
1246 1046 1329 1077 Nam
1352 1047 1385 1076 in
1409 1044 1518 1076 multis
1542 1045 1690 1086 partibus
1715 1051 1851 1075 naturae
1877 1055 1983 1075 rcrum
2005 1043 2117 1075 lucent

1138 1091 1237 1132 signa
1261 1089 1442 1130 sapientiae
1467 1089 1606 1119 divinae.
1652 1087 1749 1127 Apud
1774 1085 1983 1117 Salomonem
2013 1086 2115 1128 inquit

1139 1132 1319 1174 Sapientia,
1355 1142 1439 1172 quae
1462 1137 1514 1162 est
1538 1129 1622 1162 filius
1645 1129 1726 1161 Dei:
1762 1129 1853 1159 Ludo
1877 1131 1908 1158 ιἰι
1928 1129 1999 1158 orbe
2023 1133 2117 1158 terra-

1138 1186 1213 1206 rum.
1281 1173 1379 1205 Tales
1416 1173 1482 1204 ludi
1518 1180 1593 1204 sunt
1617 1171 1782 1203 mirabiles
1806 1173 1965 1214 imagines
1990 1173 2118 1213 sapien-

1138 1219 1202 1249 tiae
1221 1217 1352 1248 divinae
1372 1217 1402 1247 iu
1429 1215 1539 1247 multis
1565 1217 1674 1247 rebus.
1722 1215 1780 1245 Est
1805 1215 2119 1256 igiturSyconmrea

1139 1261 1248 1302 imago
1282 1261 1377 1291 istius
1413 1258 1537 1300 populi,
1573 1259 1627 1300 qui
1662 1265 1740 1289 tunc
1774 1265 1844 1289 erat
1868 1257 2021 1289 Ecclesia
2043 1256 2118 1296 Dei,

1139 1304 1215 1346 quia
1240 1302 1299 1333 suit
1321 1303 1423 1333 arbor
1445 1302 1539 1332 istius
1564 1300 1630 1332 loci
1655 1301 1804 1342 propria:
1839 1301 1899 1331 etsi
1934 1301 1964 1331 in
1996 1310 2118 1342 genere

1139 1356 1270 1388 quoque
1304 1345 1346 1376 ad
1379 1343 1567 1376 Ecclesiam
1602 1345 1788 1385 ubicunque
1829 1343 1978 1375 locorum
2009 1344 2118 1385 imago

1139 1388 1382 1420 accommodari
1406 1393 1526 1428 potest.
1594 1387 1706 1417 Arbor
1735 1387 1834 1428 igitur
1857 1387 1920 1417 ista
1944 1386 2118 1418 admodum

1139 1438 1191 1462 est
1214 1429 1397 1461 foecunda:
1421 1430 1525 1471 gignit
1550 1428 1679 1461 fructus
1699 1430 1867 1470 copiosos.

1225 1473 1282 1504 Sic
1304 1472 1448 1514 populus
1472 1473 1534 1503 iste
1557 1471 1615 1503 suit
1630 1470 1825 1509 foecundus,
1848 1478 1981 1512 potens,
2003 1471 2120 1503 habuit

1139 1526 1293 1557 regnum:
1317 1516 1376 1546 sed
1399 1514 1461 1546 suit
1483 1513 1625 1556 populus
1649 1513 1743 1555 legis.
1775 1514 1925 1555 Oportuit
1951 1525 2024 1546 eum
2048 1514 2118 1556 regi

1139 1557 1323 1600 disciplina.
1389 1557 1459 1588 Lex
1483 1564 1603 1595 autem,
1627 1563 1659 1588 et
1682 1555 1795 1598 politia
1820 1564 1886 1587 tum
1915 1556 2043 1588 demum
2069 1561 2119 1588 est

1138 1599 1228 1633 utilis
1253 1608 1283 1632 et
1307 1599 1482 1638 salutaris,
1518 1601 1650 1642 quando
1676 1600 1864 1641 adiungitur
1886 1598 2119 1642 Evangelium:

1139 1645 1171 1675 id
1195 1643 1402 1686 significatur
1424 1643 1621 1684 pereleum,
1646 1643 1734 1684 quod
1750 1649 1880 1682 oportet
1904 1641 2028 1674 infundi
2053 1641 2119 1673 sru-

1139 1687 1205 1718 ctui
1228 1686 1408 1728 Sycomori.
1456 1685 1554 1721 Quod
1576 1690 1685 1716 autem
1709 1684 1815 1726 scalpi
1839 1686 1934 1716 etiam
1958 1691 1991 1716 et
2013 1686 2119 1716 secari

1138 1729 1281 1760 {ructum
1295 1730 1479 1769 oportebat,
1497 1737 1531 1759 ut
1553 1734 1811 1764 maturesce1·et;
1835 1728 1998 1759 stwniticat
2010 1727 2120 1759 Deum

1139 1772 1283 1803 subinde
1306 1772 1404 1803 istum
1428 1769 1585 1812 populum
1609 1769 1794 1812 scalpsisse
1815 1754 1927 1801 multis
1952 1769 2119 1802 calamita-

1139 1815 1239 1853 tibus,
1262 1820 1297 1846 ut
1320 1820 1496 1845 revocaret
1519 1824 1593 1845 eum
1617 1814 1658 1844 ad
1682 1814 1925 1854 poenitentiam.
1970 1813 2013 1844 Et
2034 1813 2120 1845 haec

1138 1858 1211 1898 ipsa
1234 1857 1435 1898 poenitentia
1458 1863 1524 1888 tum
1548 1855 1607 1888 fuit
1630 1866 1711 1887 vera
1741 1863 1771 1887 et
1796 1855 1964 1893 salutaris,
1988 1856 2119 1897 quando

1139 1901 1286 1932 accessit
1321 1899 1441 1938 oleum,
1476 1900 1508 1931 id
1532 1906 1596 1937 est,
1621 1898 1807 1930 consolatio
1831 1909 1871 1929 ex
1895 1899 2119 1940 promissioni—

1140 1945 1201 1974 bus
1236 1942 1419 1984 Evangelii.
1486 1942 1634 1974 Fuerunt
1667 1943 1698 1972 in
1733 1943 1796 1973 isto
1830 1941 1954 1983 populo
1988 1952 2120 1982 semper

1138 1984 1229 2017 multi
1252 1987 1371 2024 sancti,
1394 1992 1559 2027 tamquam
1582 1984 1711 2016 fructus
1736 1985 1875 2026 copiosi.
1905 1984 1973 2015 Sed
1996 1990 2029 2015 ut
2053 1984 2119 2016 fru-

1139 2034 1212 2060 ctus
1249 2028 1417 2070 Sycamini
1452 2039 1517 2060 non
1553 2033 1781 2059 maturescunt
1813 2028 1885 2058 sine
1914 2028 2063 2059 sectione
2087 2033 2119 2059 et

1139 2071 1230 2103 oleo:
1264 2072 1309 2102 ita
1337 2071 1431 2103 Deus
1466 2077 1499 2103 et
1520 2070 1608 2113 lege,
1632 2076 1663 2102 et
1687 2071 1816 2102 crebris
1847 2070 2118 2111 castigationibus

1139 2113 1279 2156 scalpsit
1303 2125 1383 2145 suos
1407 2113 1482 2145 illos
1507 2120 1656 2152 sanctos,
1681 2120 1711 2145 et
1726 2114 1831 2144 erexit
1844 2113 1952 2143 divina
1967 2111 2118 2144 consola-

1139 2158 1238 2189 tione.
1262 2156 1506 2199 Scalpebantur
1528 2168 1588 2188 seu
1610 2158 1811 2188 secabantur
1833 2154 2015 2193 israelitae,
2038 2165 2118 2197 quo-

1139 2201 1201 2232 ties
1225 2201 1435 2232 terrebantur
1457 2211 1541 2232 voce
1564 2198 1660 2241 legis,
1684 2200 1814 2241 quoties
1846 2199 2052 2229 vexabantur
2074 2199 2116 2229 ab

1138 2243 1312 2281 hosthus‚
1347 2242 1561 2281 Palaestinis,
1595 2243 1765 2284 Assyriis,
1800 2239 1986 2272 Chaldaeis.
2053 2241 2117 2273 Sed

1138 2287 1234 2318 Deus
1257 2286 1451 2317 infundebat
1465 2284 1592 2322 oleum;
1615 2285 1809 2316 restituebat
1832 2289 1863 2314 et
1883 2284 2022 2314 sanabat
2045 2293 2115 2322 eos,

1138 2329 1250 2361 missis
1285 2330 1380 2360 bonis
1416 2329 1566 2367 ducibus,
1602 2336 1635 2360 ut
1661 2325 1825 2364 Samuele,
1859 2325 2000 2364 Davide,
2028 2326 2116 2358 losa-

1139 2371 1229 2413 phat,
1252 2371 1337 2410 Elia,
1360 2370 1515 2403 Daniele:
1540 2378 1571 2402 et
1595 2371 1681 2401 intus
1706 2369 1914 2400 sustentabat
1937 2369 1968 2399 in
1984 2369 2115 2401 terrori-

1140 2416 1202 2446 bus
1226 2415 1463 2452 conscientiae,
1487 2423 1538 2446 aut
1561 2415 1592 2444 in
1608 2411 1791 2444 calamitate
1809 2411 2017 2450 coiistitutoS,
2040 2422 2116 2454 pro-

1139 2458 1296 2489 missione
1330 2458 1456 2500 gratiae
1491 2458 1532 2489 de
1555 2456 1700 2493 Clnisto,
1737 2461 1768 2486 et
1802 2453 1953 2486 efficacia
1975 2455 2114 2496 Spiritus

1139 2500 1268 2533 Sancti.

1225 2544 1260 2574 Si
1291 2541 1390 2574 vultis
1420 2543 1461 2573 ad
1491 2540 1676 2572 Ecclesiam
1704 2541 1736 2571 in
1767 2549 1888 2583 genere
1918 2538 2113 2572 transferre:

1139 2586 1342 2627 Sycomorus
1367 2585 1526 2626 significat
1554 2582 1752 2625 generaliter
1782 2588 1912 2615 coetum
1942 2581 2047 2620 illum,
2081 2584 2113 2614 in

1912 2645 1943 2666 27
