2324 2958
169 223 232 256 737
848 221 1063 255 POSTILLA
1091 221 1486 257 MELANTHONIANA.
2103 230 2166 262 738

170 318 233 350 emi
270 316 342 349 heri
382 316 565 348 versionem
603 315 777 357 Odysseae
811 315 1022 349 Homericae:
1056 317 1140 349 Man
1372 319 1436 360 De
1465 328 1704 374 argumento
1737 323 1884 364 Psalmi
1922 327 1984 366 16·

169 364 256 401 sayt,
288 369 322 390 es
343 360 392 390 sei
413 369 493 400 yros
515 359 592 399 dz‘ny
614 358 795 390 dan‘nnen:
824 359 878 390 Ich
897 359 959 391 hub
981 361 1061 392 mein
1084 364 1140 401 tay

168 401 352 434 muscher-
383 403 460 442 αἴης]
492 401 577 432 m'cht
607 401 749 442 qesehen.
816 401 959 443 Antiqua
988 409 1139 443 poemata
1228 425 1229 428 η
1654 406 1672 431 J
1760 408 1763 411 ·

169 443 244 476 sunt
265 442 439 475 involucra
461 443 667 480 fabularum3
689 441 820 475 fabulae
843 443 1014 476 involucra
1037 445 1139 476 histo·
1278 443 1430 476 Psalmus
1455 443 1505 475 16.
1535 450 1598 475 est.
1617 447 1767 486 precatio
1800 450 1832 479 et
1860 449 2038 490 gratiarum
2065 451 2164 489 actio,

168 487 300 518 riarum.
346 487 479 518 Aeneas
502 497 567 517 non
591 487 711 517 amavit
724 485 900 525 Didonem,
921 497 1029 528 neque
1051 488 1140 519 venit
1192 498 1288 528 quam
1311 488 1389 519 dicit
1410 486 1520 518 David
1544 488 1575 518 in
1597 497 1742 528 persona
1765 489 1899 522 Christi.
1944 492 2005 523 Est
2031 494 2165 534 proprie

167 529 210 560 ad
233 538 324 560 eam}
345 528 481 560 Etiamsi
503 528 603 561 habet
629 527 784 571 Virgilius
806 527 937 561 fabulas
967 531 1140 569 interdum,
1191 537 1224 561 et
1246 528 1470 571 principaliter
1493 531 1598 561 oratio
1617 529 1756 568 Christi;
1779 534 1897 573 p'ostea
1918 535 2015 566 etiam
2037 537 2080 566 ad
2101 546 2164 568 nos

166 576 274 603 tamen
298 581 423 603 summa
446 582 554 604 rerum
578 577 630 603 est
651 571 798 603 historia.
938 573 940 575 ’
1190 578 1301 614 potest
1341 573 1598 604 accommodari:
1642 573 1728 608 Quia
1768 584 1830 605 nos
1871 586 1984 608 sumus
2017 580 2164 610 membra

1189 615 1326 654 Christi,
1349 622 1381 646 et
1403 620 1537 656 propter
1560 625 1632 646 eum
1655 617 1894 654 recuscitamur
1904 625 1936 650 et
1949 620 2163 660 vivificamur,

1191 659 1370 699 sicutipse
1393 664 1446 689 est
1467 659 1695 689 resuscitatus.
1738 659 1826 691 Idem
1857 662 1940 692 e'nim
1971 663 2164 695 beneficium

1085 724 1089 727 .
1191 701 1449 732 communicatur
1472 701 1567 732 nobis
1592 702 1754 733 omnibus.
1778 702 1971 735 Liberamur
1993 715 2032 735 ex
2045 712 2163 744 morte,

225 734 514 777 Commentarii
545 751 626 777 non
657 736 811 777 debent
841 752 928 777 esse
959 738 1078 792 longi.
1191 743 1351 775 donamur
1372 744 1494 774 iustitia
1517 749 1549 775 et
1575 745 1643 775 vita
1665 751 1810 776 aeterna.
1856 746 1929 778 Hoc
1957 747 2163 786 beneficium,

1191 787 1278 827 quod
1312 787 1343 818 in
1377 787 1442 818 hoc
1471 785 1603 817 Psalmo
1627 788 1795 829 praedicat
1818 787 1991 827 Christus,
2024 791 2164 831 impertit

252 826 341 857 Nihil
365 833 417 858 est
441 825 570 858 dulcius
589 825 733 858 lectione
757 826 982 866 Pmlmorum,
1006 829 1138 869 quando
1191 830 1342 860 omnibus
1365 830 1436 860 suis
1458 830 1624 860 membris,

163 868 356 910 simpliciter
379 868 541 911 leguntur.
608 869 667 900 Est
691 870 778 911 apud
807 870 1025 902 Herodotum:
1057 870 1137 902 Cum
1272 870 1463 914 ‘Prophetae
1485 872 1558 903 ideo
1582 878 1658 903 sunt
1681 873 1786 911 missi,
1809 879 1844 904 ut
1867 875 2103 913 vaticinentur,
2132 882 2164 907 et

163 911 333 943 Asiaticus
357 919 471 944 orator
493 912 615 943 missus
644 919 733 944 esset
762 913 814 943 ad«
844 913 1138 952 Lacedaemonios,
1192 923 1255 944 non
1277 915 1310 944 in
1334 915 1365 945 id
1389 913 1508 952 solum,
1531 915 1589 946 scd
1613 915 1711 946 etiam
1735 915 1835 947 multa
1851 923 1883 948 et
1896 927 2016 959 magna
2038 919 2163 959 patian-

163 960 195 985 et
224 953 322 986 valde
343 953 475 996 longam
509 956 691 987 orationem
725 955 913 994 habuisset,
946 956 1076 997 quidam
1105 956 1137 987 in
1190 962 1252 987 tur.
1298 957 1333 988 ln
1357 956 1422 988 illis
1442 958 1652 998 passionibus
1676 959 1820 990 sentiunt
1831 958 2094 996 consolationem
2118 961 2163 992 di-

162 1003 280 1028 senatu
297 997 476 1036 Laconico,
498 999 551 1040 qui
575 999 688 1029 iussus
710 1004 781 1029 erat
805 999 1018 1040 respond-ere,
1041 999 1136 1030 dixite
1160 1001 1164 1033 Ι
1189 999 1313 1039 vinam;
1332 1000 1420 1032 sicut
1441 1001 1504 1032 iste
1517 999 1670 1032 Psalnius
1682 1001 1723 1032 de
1736 1000 1870 1033 Christo
1893 1003 2060 1043 praedicat
2083 1010 2164 1035 tam-

162 1039 316 1071 Rh'orum
343 1041 383 1072 ob
412 1042 636 1081 prolintatm
665 1042 825 1073 orationis
853 1042 946 1072 obliti
965 1051 1083 1078 mmm,
1106 1046 1137 1073 et
1189 1051 1286 1082 quam
1309 1043 1415 1083 capite
1438 1042 1624 1074 Ecclesiae.
1727 1045 1731 1049 ”
1796 1060 1799 1070 2
2017 1047 2021 1050 ”

161 1084 348 1122 posteriora
370 1093 433 1114 ηοπ
454 1085 666 1125 intellzyimus.
712 1083 772 1115 Est
794 1083 933 1124 pulchra
959 1083 1135 1126 reprehen-
1274 1083 1458 1116 precationi
1482 1087 1607 1118 inserta
1630 1092 1683 1118 est
1704 1087 1884 1128 daeoriptio
1906 1087 2097 1127 Ecclesiae,
2132 1095 2164 1120 et

162 1125 214 1156 sio
237 1124 454 1167 prolixitatis,
481 1137 567 1168 quae
590 1133 621 1159 et
645 1127 874 1158 insuavitatem
898 1133 931 1157 et
952 1128 1135 1158 obscurita·
1186 1126 1354 1158 distinctio
1378 1129 1420 1159 ab
1443 1127 1517 1159 aliis
1539 1130 1652 1159 sectis.
1717 1129 1792 1161 Non
1821 1132 1880 1161 est‘
1903 1132 2014 1174 magni
2037 1131 2163 1163 laboris

1187 1170 1365 1201 ostendere
1388 1171 1536 1202 ordinem
1560 1177 1592 1202 et
1615 1173 1733 1203 seriem
1757 1174 1884 1205 textus:
1918 1175 2100 1215 ethuando
2116 1183 2163 1206 ⁴ea

1187 1218 1264 1243 sunt
1286 1218 1376 1251 nota,
1398 1219 1466 1244 tum
1494 1215 1617 1245 rectius
1647 1213 1801 1256 leguntur
1831 1217 1964 1258 scripta.
2010 1216 2047 1248 ln
2068 1219 2162 1248 enar-

1187 1255 1370 1287 rationibus
1381 1255 1446 1287 hoc
1459 1257 1605 1297 inprimis
1627 1258 1791 1299 agendum
1815 1263 1877 1297 est,
1900 1266 1935 1290 ut
1957 1260 2062 1291 verba
2085 1262 2162 1291 c'on-

1186 1298 1383 1336 siderentur,
1407 1305 1440 1330 et
1462 1300 1543 1330 ordo
1567 1306 1779 1339 monstretur,
1801 1304 1838 1333 ut*
1847 1302 1898 1333 his
1912 1303 2067 1344 cognitis,
2084 1305 2162 1334 con·

1187 1341 1298 1372 stituat
1320 1340 1426 1373 lector
1449 1343 1490 1373 de
1507 1343 1686 1375 intentione
1709 1344 1867 1386 cuiusque
1890 1345 2014 1386 scripti.

162 1171 228 1199 tem
250 1169 345 1210 parit.
389 1170 529 1210 Oportet
552 1180 630 1201 esse
654 1170 784 1201 modum
806 1171 839 1200 in
862 1170 1136 1211 interpretationi—

161 1210 234 1241 bus.
300 1212 374 1242 Non
409 1222 492 1253 opus
526 1219 578 1244 est
611 1211 689 1244 ullis
713 1212 973 1246 commentariis,
1003 1214 1135 1253 quando

161 1252 354 1294 simpliciter
375 1253 537 1296 leguntur.

280 1418 390 1468 Quid
425 1419 625 1472 significat
663 1418 1014 1460 Commentarius?
1802 1442 1805 1446 ·

1493 1500 1656 1540 .Mouile
1689 1495 1859 1550 David(

1271 1589 1483 1630 Significatur
1507 1596 1752 1629 ornamentum,
1775 1592 1825 1626 ein
1848 1591 1985 1625 klemoffi
2007 1593 2091 1629 oder
2106 1604 2160 1635 qe?

1185 1631 1341 1670 schmaclf,
1364 1633 1421 1663 wie
1442 1633 1492 1664 ein
1514 1632 1732 1674 Rittm·'tre9c
1751 1635 1821 1670 eine
1843 1635 1963 1672 ketten,
1991 1637 2084 1678 quod
2109 1643 2160 1669 est

1186 1682 1412 1706 ornamentum
1435 1674 1584 1707 militare.
1618 1676 1680 1707 Est
1703 1683 1800 1709 vetus
1822 1678 1958 1710 dictum:
1984 1678 2161 1721 ‘I'lzeoloyths

1185 1718 1358 1757 annulatus
1380 1722 1437 1749 aut
1459 1722 1505 1749 est
1524 1717 1651 1757 sinuas,
1675 1723 1732 1750 aut
1752 1722 1933 1759 praelatus.
1997 1721 2079 1754 Cum
2109 1732 2160 1753 es-

1185 1770 1255 1791 sem
1279 1770 1372 1801 puer,
1391 1761 1521 1801 quidam
1546 1761 1714 1793 Sacerdos
1737 1762 1769 1793 in
1793 1773 1866 1795 mea
1888 1764 1993 1805 patria
2005 1765 2160 1806 gestabat

1184 1801 1326 1834 annulos
1359 1813 1492 1840 aureo-5,
1528 1805 1737 1836 scribebatur
1759 1805 1886 1837 ineius
1908 1807 2021 1844 sede„
2041 1807 2073 1838 id
2096 1813 2158 1846 est,

1184 1846 1240 1876 ubi
1263 1844 1393 1877 solebat
1417 1846 1534 1878 sedere
1556 1848 1587 1878 in
1612 1846 1745 1888 templo,
1765 1848 1818 1880 hic
1831 1859 1962 1886 versus,
2009 1857 2083 1882 uem
2095 1859 2159 1891 ego

1185 1888 1228 1919 ibi
1256 1889 1393 1929 primum
1423 1889 1530 1920 didici.
1575 1889 1682 1922 Multo
1704 1891 1810 1922 minus
1834 1892 1950 1924 decent
2019 1891 2160 1935 eulogos

1184 1936 1321 1972 torques
1344 1933 1450 1963 aurei:
1475 1933 1558 1964 Man
1580 1935 1630 1964 so!
1649 1934 1697 1964 sie
1718 1934 1828 1965 daran
1850 1934 1995 1966 laem-lma.
2019 1935 2159 1970 Quidam

1184 1974 1443 2006 concionabatur
1465 1975 1506 2006 de
1529 1982 1622 2007 veste
1646 1976 1887 2008 Franciscana:
1922 1977 2091 2016 smidaha,
2126 1978 2159 2009 id

1184 2023 1247 2054 est,
1280 2017 1333 2048 ihr
1355 2017 1566 2057 Itoltzsclmclz,
1602 2018 1850 2051 dicebatsacta
1873 2030 1952 2052 esse
1974 2031 2015 2052 ex
2037 2022 2158 2053 arbore

1183 2059 1341 2091 scientiae
1371 2059 1449 2092 boni
1477 2067 1509 2092 et
1543 2059 1630 2093 mali.
1697 2061 1750 2093 De
1773 2062 1851 2095 sune
1874 2063 2016 2101 dicebat,
2045 2064 2087 2095 ist
2108 2064 2158 2095 ein

1183 2102 1315 2133 hostliclz
1335 2103 1441 2144 (liwir,
1464 2104 1542 2135 uber
1564 2104 1650 2135 nicht
1673 2115 1723 2135 mn
1745 2105 1875 2136 rechten
1898 2110 1960 2136 orl.

1268 2145 1329 2177 Hic
1352 2145 1506 2178 Psalmus
1530 2147 1687 2178 describit
1711 2146 1825 2179 Filium
1849 2148 1928 2186 Dei,
1953 2149 2013 2179 der
2034 2149 2077 2181 ist
2099 2149 2158 2180 der

1185 2187 1304 2226 Rc‘lter,
1328 2189 1387 2220 der
1410 2190 1462 2221 dis
1484 2196 1711 2222 ornamentum
1733 2190 1800 2222 hut.

245 1500 375 1531 Graece
398 1500 515 1531 dicitur
539 1500 717 1540 ὑπόμνημα,
751 1500 973 1543 Ενιήηεὶηιιιρς
1007 1507 1052 1543 ut,
1070 1502 1135 1535 boc

159 1548 211 1574 est
233 1545 506 1581 commentarius,
538 1544 670 1586 quando
700 1545 844 1575 breviter
867 1545 941 1577 dico
963 1552 1133 1586 argumen-

158 1590 225 1616 tum
249 1592 281 1616 et
303 1592 415 1626 partes
440 1585 572 1617 Psalmi.
640 1586 713 1618 Non
737 1587 882 1629 cogitate
905 1588 1133 1620 enarrationes

157 1636 234 1658 esse
267 1625 390 1669 longos
425 1630 696 1665 commentarios;
731 1630 791 1661 sed
815 1628 915 1672 legite
938 1636 1066 1663 textus:
1101 1637 1134 1663 et

157 1670 259 1707 ordo,
284 1677 469 1704 contextus,
494 1678 525 1702 et
549 1681 735 1704 consensus
758 1673 929 1710 orationis,
954 1675 1014 1705 erit
1036 1675 1132 1706 nobis

157 1714 412 1745 commentarius
436 1714 590 1754 optimus.
857 1734 860 1737 -

497 1880 571 1920 Vis
603 1881 793 1921 Musicae.

243 1969 336 2001 Deus
359 1969 461 2001 voluit
484 1980 669 2012 propagare
693 1972 875 2003 doctrinam
887 1982 946 2013 per
957 1972 1130 2012 musicam,

156 2013 232 2045 ideo
256 2020 386 2044 veteres
409 2020 485 2044 sunt
509 2012 659 2045 delectati
679 2015 897 2046 cantionibus.
932 2014 1014 2047 Cum
1027 2016 1132 2048 lsrae-

157 2055 235 2088 litae
258 2066 298 2088 ex
320 2057 476 2098 Aegypto
500 2057 643 2094 exirent,
674 2057 882 2098 componitur
904 2060 1067 2091 canticum
1091 2060 1132 2091 de

156 2100 289 2132 interitu
313 2098 506 2130 Pharaonis.
572 2098 621 2129 lta
643 2099 751 2131 David
774 2099 887 2131 habuit
910 2111 1002 2133 suam
1031 2101 1131 2134 Musi-

158 2153 242 2180 cam,
265 2152 327 2174 sua
349 2148 501 2183 poemata
526 2142 556 2172 in
581 2140 733 2173 Psalmis.
799 2141 861 2173 Est
888 2144 1047 2176 mirabilis
1077 2156 1130 2177 res

157 2185 298 2223 Musica,
323 2192 354 2216 et
378 2190 429 2216 est
451 2183 622 2226 singulare
643 2183 777 2226 aliquid,
800 2187 939 2217 animam
962 2188 993 2218 in
1014 2198 1131 2229 corpo-

158 2239 248 2260 ream
270 2228 427 2259 delectari
448 2227 587 2258 Musica.
634 2227 814 2259 Cerebrum
835 2228 980 2262 afficitur
1001 2231 1131 2262 mirabi-

158 2269 233 2302 liter
254 2271 425 2302 harmonia
448 2271 587 2308 Musica,
621 2276 653 2301 et
675 2280 791 2301 rursus
816 2270 965 2311 laeditur,
997 2274 1130 2315 quando

158 2320 211 2345 est
233 2314 449 2346 dissonantia.
496 2313 569 2344 Non
593 2319 703 2354 potest
725 2314 817 2344 reddi
840 2316 934 2353 ratio,
956 2317 1019 2347 nisi
1042 2317 1128 2357 quod

157 2356 251 2388 Deus
273 2363 422 2388 naturam
445 2355 543 2388 talem
567 2356 721 2387 condidit.
767 2355 853 2387 Olim
876 2357 907 2388 in
931 2360 1038 2391 sacris
1060 2358 1130 2391 sue-

157 2406 233 2431 runt
251 2399 380 2431 Musica
402 2405 434 2430 et
456 2399 591 2431 Poetica
613 2399 837 2431 usitatissima.
881 2400 1005 2433 Nostra
1023 2408 1130 2434 aetate

157 2441 287 2484 plurimi
311 2449 428 2483 poetae
452 2443 516 2474 vim
540 2442 660 2483 ingenii
684 2448 716 2473 et
729 2440 935 2484 eloquentiae
957 2453 1038 2476 suae
1060 2444 1129 2476 lau-

158 2484 311 2517 dabiliter
333 2491 550 2516 exercuerunt
573 2485 603 2516 in
629 2485 803 2516 reddendis
821 2484 962 2518 Psalmis
984 2486 1130 2528 eleganti

158 2528 313 2559 carmine.
380 2527 470 2568 Papa
504 2528 568 2559 hoc
601 2538 687 2559 anno
722 2526 841 2559 refodit
862 2527 1064 2568 Flaminium,
1098 2537 1130 2562 et

159 2571 341 2601 combussit
375 2571 446 2601 eius
481 2570 634 2607 cadaver,
668 2570 721 2611 qui
745 2569 865 2601 multos
889 2570 1041 2604 Psalmos
1064 2572 1129 2604 ele·

183 2619 276 2644 anter
298 2613 454 2644 reddidit:
489 2613 548 2644 sed
572 2614 716 2644 carmina
746 2619 822 2644 sunt
847 2613 998 2652 meliora,
1032 2626 1128 2657 quam
1180 2618 1237 2657 qui
1257 2617 1418 2658 confidunt
1441 2617 1471 2647 ιή
1495 2628 1541 2647 eo.

157 2654 213 2687 ile
237 2656 505 2693 commentarius,
528 2665 624 2696 quem
647 2656 781 2697 scripsit
798 2656 830 2687 in
855 2655 1016 2689 Psalmos.
1268 2659 1431 2690 szserva
1456 2663 1524 2697 men]
1595 2659 1755 2691 Dominus
1775 2660 1909 2701 requirit
1934 2659 2151 2701 cultum·pre-

312 2713 458 2734 QTH.
472 2714 553 2735 OPEu.
568 2715 630 2734 VOL.
646 2715 720 2734 xmv.
1797 2721 1828 2743 47

1212 2353 1283 2394 De
1323 2354 1680 2409 Propositione
1720 2355 1913 2396 Primae
1954 2357 2123 2410 partis.

1269 2445 1456 2486 propositio
1479 2445 1601 2486 primae
1624 2447 1725 2487 partis
1749 2453 1798 2477 est
1820 2447 1977 2486 precatio.
2012 2446 2059 2478 lta
2081 2457 2154 2488 pre·

1182 2494 1277 2519 catur
1298 2487 1419 2527 David,
1442 2489 1486 2520 ita
1509 2488 1673 2526 Christus,
1695 2499 1757 2519 nos
1777 2487 1873 2520 simul
1903 2489 2060 2521 debemus
2082 2500 2154 2531 pre-

1182 2531 1261 2562 cari.
1311 2531 1414 2562 Vetus
1439 2538 1549 2562 textus
1572 2531 1684 2561 habet:
1709 2541 1818 2570 spero,
1853 2532 1913 2562 sed
1937 2532 2073 2574 confido,
2103 2538 2153 2564 est

1182 2572 1309 2604 melius.
1354 2573 1403 2605 Eo
1427 2576 1530 2604 verbo
1555 2575 1653 2605 utitur
1675 2574 1705 2604 2.
1727 2573 1894 2605 Psalmus:
1919 2575 2017 2606 Beata·
2036 2584 2153 2612 omnes,
