2324 2958
172 176 235 209 841

257 267 366 299 Prima
399 276 501 298 causa
534 271 603 304 est,
637 275 679 297 ne
712 270 843 306 putetur
875 266 1019 297 amissus
1053 263 1142 297 velut

171 316 350 352 spectrum.
400 309 475 341 Fuit
502 315 570 341 tum
598 318 665 340 una
693 316 814 349 magna
842 306 1022 339 multitudo.
1074 308 1141 339 Ad-

169 352 302 385 fuerunt
322 351 493 392 Apostoli,
521 358 554 383 et
581 349 659 388 alii,
687 356 721 381 ut
748 348 872 381 Paulus
895 351 1027 387 scribit,
1051 350 1142 392 quin-

195 395 260 426 enti
281 392 412 426 fratres.
463 393 574 426 Credo
604 394 700 425 etiam
728 402 881 433 magnum
909 399 941 423 et
969 391 1141 433 pulchrum

207 438 275 468 isse
303 446 421 478 agmen
449 446 658 473 Sanctorum,
695 435 750 476 qui
779 445 846 465 una
875 441 1140 473 resurrexerant,

169 480 246 521 quia
273 485 398 510 tantum
426 478 603 510 Dominum
631 479 772 510 decebat
794 477 918 508 habere
942 479 1141 509 comitatum.

169 522 330 554 Ascendit
352 521 452 562 igitur
474 520 593 552 visibili
621 520 749 561 specie,
778 525 950 560 spectante
973 531 1013 551 ea
1036 519 1142 551 multi-

168 565 294 602 tudine,
311 569 346 594 ut
368 564 521 601 sciretur,
538 568 613 605 post
636 569 683 594 tot
701 563 827 593 dierum
847 563 1143 600 conversationem,

168 617 235 648 quo
269 607 423 644 abiisset,
463 616 505 637 ne
537 611 709 647 putaretur
741 605 864 636 abiisse
898 611 932 636 ut
965 611 1143 646 spectrum,

169 649 256 681 sicut
285 646 345 679 illa
376 654 447 680 tota
480 647 685 679 familiaritas
718 657 737 678 a
772 647 954 685 Paschate,
988 648 1029 678 ad
1059 648 1143 678 diem

168 691 378 723 ascensionis
401 701 441 722 eo
464 690 551 722 iacta
573 696 642 728 est,
666 689 756 731 quod
778 689 883 721 voluit
905 690 1082 721 ostendere
1105 699 1143 722 se

169 744 248 765 vere
271 734 504 765 resuscitatum
528 743 621 771 esse,
644 743 706 764 nec
730 741 807 763 esse
830 739 1007 773 spectrum.

256 775 396 807 Habetis
432 776 464 806 in
497 775 591 806 Luca
624 776 761 807 verbum
795 775 1055 814 συναυλιζόμενοςε
1088 773 1144 805 alii

167 817 242 850 libri
265 818 396 861 legunt,
419 818 654 857 συναλιζόμενος.
712 818 777 848 Sed
808 818 885 849 mihi
909 816 1018 858 placet
1040 829 1143 848 συναυ-

168 861 327 901 λιζόμειός.
379 860 462 892 Nam
486 862 648 899 συναλίζειν
671 867 723 891 est
751 870 861 891 rarum
888 867 921 891 et
943 860 1143 891 inusitatum.

168 904 236 935 Sed
259 904 443 941 συναυλίζειν
466 910 518 934 est
544 902 641 934 valde
663 904 818 934 usitatum
843 903 982 934 Graecis
1005 903 1145 934 auctori-

168 947 247 978 bus:
271 945 441 987 Significat
466 947 680 983 commorari,
703 947 751 974 ein
777 945 846 974 weil
866 945 965 984 lieyen
988 955 1028 974 an
1050 946 1145 974 einem

167 993 235 1019 ort:
259 994 294 1019 ut
317 989 482 1019 exercitus
513 990 735 1027 συναυλίζεται,
763 986 885 1019 alicubi
912 993 1143 1018 commoratur.

169 1030 320 1063 Christus
351 1036 401 1061 est
430 1037 654 1062 commoratus
678 1030 765 1071 apud
788 1029 970 1071 discipulos
994 1028 1143 1061 familiari

169 1073 421 1109 consuetudine;
455 1083 556 1114 saepe
591 1073 770 1114 disputavit
803 1082 876 1103 cum
909 1073 975 1110 cis,
1008 1072 1145 1109 assedit,

168 1116 326 1153 comedit,
366 1115 592 1147 inambulavit.
654 1115 819 1146 Disseruit
857 1115 898 1145 de
931 1124 1036 1155 regno
1069 1113 1144 1145 Dei.

167 1157 243 1190 Non
267 1156 369 1189 voluit
391 1158 490 1200 igitur
512 1158 685 1189 discedere
708 1157 937 1198 ignorantibus
959 1156 1039 1187 illis:
1069 1156 1144 1187 Non

167 1200 271 1231 voluit
294 1199 479 1241 relinquere
502 1199 592 1231 illam
615 1199 851 1230 dubitationem
875 1198 928 1230 vel
946 1199 1144 1239 opinionem,

167 1243 257 1284 quod
280 1249 370 1273 esset
392 1242 536 1273 amissus
554 1248 590 1273 ut
607 1248 786 1283 spectrum.
833 1241 910 1273 Ideo
930 1242 1081 1273 ascendit
1099 1242 1146 1272 vi-

165 1284 315 1317 sibiliter.

188 1339 193 1340 ⁷
254 1327 345 1358 Haec
368 1332 419 1358 est
444 1327 549 1367 prima
573 1333 607 1358 et
628 1326 786 1358 historica
815 1335 935 1364 causa,
966 1337 1066 1367 quam
1089 1327 1144 1358 de-

166 1370 284 1401 bemus
313 1370 546 1405 considerare3
581 1368 734 1400 Christus
763 1378 843 1399 vere
872 1367 1043 1400 fruebatur
1066 1379 1143 1400 con-

167 1418 287 1453 spectu
309 1413 432 1442 aeterni
455 1412 572 1451 patris:
597 1417 669 1442 erat
691 1420 770 1442 vere
794 1412 922 1449 beatuS,
939 1411 1143 1447 immortalis,

166 1453 294 1485 habens
317 1452 474 1485 laetitiam
497 1462 600 1494 supra
623 1461 793 1484 creaturas
824 1463 958 1491 omnes,
985 1454 1142 1485 maiorem

167 1507 264 1538 quam
288 1494 355 1527 ulla
379 1502 532 1527 creatura
555 1495 679 1527 habere
694 1501 822 1537 potest,
848 1502 880 1528 et
904 1496 1047 1527 habebat
1070 1506 1141 1528 eam

166 1545 245 1580 post
277 1540 576 1576 resurrectionem,
615 1545 713 1570 etiam
752 1539 934 1570 secundum
968 1539 1142 1570 humanam

164 1587 326 1612 naturam.
372 1581 436 1613 Sed
459 1580 514 1611 ille
534 1580 671 1612 visibilis
695 1582 866 1613 discessus
891 1592 930 1613 eo
952 1580 1062 1613 factus
1082 1588 1143 1620 est,

164 1629 201 1655 ut
223 1623 376 1661 sciretur,
390 1633 456 1664 quo
479 1624 615 1654 abiisset
640 1623 812 1656 Dominus·
859 1623 988 1656 Deinde
1010 1631 1063 1656 est
1086 1635 1142 1656 no-

165 1665 218 1697 bis
240 1665 461 1696 testimonium
480 1666 521 1695 ad
547 1664 646 1697 multa
669 1665 743 1697 alia.

252 1707 408 1739 Secunda
441 1708 540 1749 igitur
571 1718 671 1740 causa
702 1715 771 1746 est,
806 1715 839 1739 ut
862 1709 1029 1740 discerent
1052 1709 1142 1750 Apo-

167 1748 263 1787 stoli,
292 1756 325 1781 et
347 1751 448 1781 sciret
471 1751 626 1782 universa
649 1750 820 1789 Ecclesia,
843 1751 993 1793 Regnum
1018 1751 1140 1783 Christi

166 1802 233 1823 non
261 1790 334 1823 sore
363 1791 529 1833 politicum
559 1794 591 1824 in
622 1793 686 1825 hac
714 1795 800 1831 vita,
828 1800 862 1824 ut
890 1795 952 1835 ipsi
975 1793 1141 1826 habebant

165 1835 431 1877 imaginationem
453 1845 558 1874 suam,
578 1842 609 1867 et
630 1836 738 1867 adhuc
762 1836 872 1867 ludaei
895 1836 981 1868 hanc
1004 1837 1140 1877 phanta-

165 1878 249 1908 siam
283 1877 435 1908 retinent.
497 1877 669 1918 Imperium
702 1879 848 1910 Messiae
882 1878 1026 1910 fututum
1061 1879 1139 1917 tale,

166 1918 265 1961 quale
294 1918 354 1950 fuit
388 1918 484 1961 Cyri,
518 1920 714 1956 Alexandri,
749 1927 781 1952 et
811 1920 938 1952 talium:
973 1922 1138 1953 Christum

165 1963 359 2004 partiturum
393 1963 441 1993 eis
474 1963 672 2003 provincias.
727 1964 853 1996 Contra
873 1964 961 1996 hanc
984 1966 1138 2007 imagina-

165 2006 287 2036 tionem
317 2003 417 2035 multa
447 2005 600 2036 dicuntur
629 2006 661 2037 in
692 2006 867 2047 Prophetis
895 2014 929 2038 et
951 2007 1136 2049 Apostolis:

165 2047 230 2079 Sed
253 2048 285 2077 in
308 2048 502 2078 assensione
525 2048 648 2079 Christi
669 2049 842 2081 exhibetur
865 2049 1073 2082 manifestum
1093 2058 1139 2082 te-

164 2090 370 2163 ffiimonium,
408 2091 497 2131 quod
535 2100 602 2122 nou
641 2091 684 2122 sit
721 2091 788 2123 tale
826 2090 968 2125 futurum
1000 2104 1139 2136 regnum

202 2142 319 2164 essiae.

257 2296 385 2346 Quale
422 2297 542 2351 igitur
572 2304 634 2336 est
662 2311 832 2351 regnum
863 2297 1039 2340 Christi?

250 2386 451 2428 Respondeo
476 2386 640 2418 Coeleste.

251 2431 403 2471 Sequitur
437 2440 517 2471 ergo
551 2430 647 2461 tertia
681 2439 798 2467 causa,
836 2431 924 2472 quod
967 2431 1043 2464 talis
1075 2435 1135 2466 erit

164 2470 272 2513 gloria
301 2471 490 2509 Ecclesiae,
525 2472 632 2513 qualis
667 2471 723 2503 fuit
758 2471 879 2504 Christi
912 2477 1135 2515 ascendentiS‚

163 2514 219 2546 ubi
241 2516 440 2546 resuscitata
464 2513 720 2556 glorificabitur,
750 2521 782 2546 et
808 2515 938 2548 fructur
960 2527 1135 2551 consuetu·

164 2557 257 2594 dine,
282 2564 483 2598 conspectu,
507 2563 538 2588 et
560 2556 683 2588 laetitia
703 2559 827 2589 aeterni
850 2559 974 2601 Patris,
996 2560 1079 2600 Filii,
1103 2569 1135 2594 et

164 2599 306 2641 Spiritus
330 2600 454 2638 sancti,
476 2600 532 2632 ubi
560 2600 654 2632 Deus
685 2601 746 2632 erit
773 2602 882 2633 omnia
909 2602 942 2633 in
971 2605 1133 2637 omnibus.

851 172 1069 206 POSTILLA
1091 172 1488 206 MELANTHONIANA.

1157 1822 1169 2602 1

2109 177 2174 209 812

1192 265 1259 297 Ista
1281 266 1439 297 historica
1460 267 1598 307 primum
1622 268 1798 310 cogitanda
1820 274 1897 300 sunt
1930 270 1970 300 de
2003 270 2107 308 sesto,
2140 276 2172 301 et

1193 309 1304 339 causis
1328 307 1467 350 gloriosi
1491 309 1660 340 discessus
1683 310 1736 341 vel
1759 311 1922 352 triumphi.
1967 311 2091 344 Paulus
2115 323 2170 353 ap-

1192 349 1373 391 pellatione
1395 352 1555 390 triumphi.
1581 351 1809 392 complectitur
1839 355 2113 386 resurrectionem
2138 361 2171 386 et

1192 395 1435 431 ascensionem,
1479 400 1512 424 et
1547 393 1645 425 simul
1680 396 1854 433 beneficia;
1899 398 2032 437 quando
2067 398 2170 439 pingit

1193 435 1390 477 triumphum
1414 437 1446 467 in
1469 435 1621 476 Epistola
1646 437 1687 467 ad
1711 437 1947 470 Colossenses.

1280 478 1401 510 Graeci
1423 479 1673 510 nominaverunt
1694 482 1859 520 θρίαμβον,
1882 487 1914 511 et
1938 481 2048 512 dicunt
2072 492 2170 513 voca-

1194 520 1306 553 bulum
1339 531 1417 552 esse
1452 519 1575 551 factum
1609 531 1629 552 a
1658 525 1746 561 θρία,
1765 521 1851 560 folia
1872 524 1941 564 fici,
1972 530 2003 554 et
2026 524 2113 564 α’,υβὶ,
2137 525 2167 556 id

1195 569 1258 602 est,
1281 565 1408 595 circum.
1476 562 1588 601 Scitis,
1623 564 1711 604 quod
1745 564 1820 604 ἀμβὶ
1856 565 2017 606 significet
2042 569 2170 605 circum,

1195 606 1266 637 sive
1288 616 1348 647 per
1366 608 1397 646 β,
1421 603 1474 638 vel
1486 615 1520 643 π,
1535 604 1588 636 vel
1611 619 1634 646 φ
1657 607 1832 637 scribatur.
1850 606 1969 646 Ἄμπυξ,
1993 610 2170 647 reticulum,

1195 650 1290 686 ricta,
1325 649 1412 689 apud
1447 648 1626 679 Homerum
1660 652 1708 680 ein
1742 649 1971 681 sclzleierclwn:
2005 650 2096 692 ὅμβη,
2121 659 2172 683 est

1195 692 1391 729 ectr-emitas,
1424 700 1486 722 seu
1515 690 1652 728 labrum,
1685 690 1741 722 vel
1763 693 1929 730 circuiens,
1959 693 2012 724 vel
2036 695 2171 725 (nubilus

1196 735 1422 775 cuiuscunque
1454 733 1512 764 rci.
1578 732 1714 773 Ἀμῑέχω,
1748 736 1925 766 circumdo.
1990 736 2037 766 lta
2073 741 2172 778 θρίων

1195 775 1288 816 ἔμβη,
1321 777 1354 807 id
1387 782 1450 813 est,
1485 777 1648 815 circuitus,
1682 786 1743 808 seu
1765 787 1887 808 corona
1909 778 2062 819 ficulnea.-
2097 780 2172 820 quia

1195 821 1288 860 primi
1312 820 1458 851 victores
1481 820 1630 850 coronati
1653 826 1729 850 sunt
1751 818 1839 851 foliis
1864 821 1928 858 fici,
1952 829 2088 861 propter
2102 821 2168 853 dul-

1196 863 1355 893 cedinem.
1400 861 1548 892 Victoria
1571 862 1656 893 enim
1680 868 1731 893 est
1754 862 1871 894 dulcis.
1916 863 2037 895 Dicunt
2052 865 2100 895 sic
2119 875 2170 895 co-

1196 912 1347 935 ronatum
1381 902 1486 935 fuisse
1521 903 1689 935 Bacchum
1720 905 1910 936 redeuntem
1934 917 1974 937 ex
1997 907 2096 947 india,
2119 918 2171 938 ve-

1197 952 1283 978 ctum
1302 946 1445 988 Tigride.
1469 946 1628 978 Existimo
1641 945 1750 988 aliqua
1762 958 1838 980 esse
1862 947 2031 986 historica,
2055 950 2172 981 deinde

1196 994 1273 1019 sunt
1295 990 1437 1020 admixta
1460 988 1603 1020 fabulae.
1649 988 1845 1032 Plerumque
1867 992 1900 1022 in
1923 993 2066 1033 antiquis
2091 1003 2168 1033 poe-

1195 1031 1302 1069 matis,
1335 1032 1544 1063 narrationes
1578 1039 1730 1073 sumptae
1764 1039 1841 1064 sunt
1872 1044 1912 1065 ex
1936 1035 2170 1066 occasionibus

1196 1073 1425 1110 historiarum3
1448 1080 1566 1114 postea
1588 1081 1665 1106 sunt
1687 1076 1856 1108 admixtae
1886 1076 2028 1108 fabulae.
2096 1077 2172 1109 lntle

1196 1126 1278 1157 ergo
1312 1121 1365 1146 est
1396 1116 1592 1157 triumphus,
1626 1117 1658 1147 id
1682 1124 1743 1157 est,
1765 1129 1886 1160 pompa
1908 1120 2045 1151 victoris
2068 1121 2172 1161 ingre-

1198 1159 1319 1189 dientis
1344 1168 1417 1189 cum
1442 1168 1567 1190 corona
1589 1158 1741 1191 ficulnea.

1282 1200 1423 1232 Possem
1457 1202 1553 1232 vobis
1576 1201 1715 1242 pulchra
1738 1202 1900 1236 allusione
1924 1206 2048 1236 dicere:
2084 1205 2168 1236 Con-

1197 1254 1314 1285 gruum
1346 1253 1424 1274 esse
1459 1243 1627 1275 Christum
1660 1246 1819 1277 victorem
1853 1248 2008 1278 coronari
2031 1247 2172 1279 ficulnea

1197 1296 1332 1323 corona,
1355 1287 1432 1327 quia
1453 1285 1566 1317 folium
1590 1288 1642 1318 fici
1665 1288 1829 1329 significat
1852 1288 1959 1332 legem
1979 1296 2011 1320 et
2023 1297 2171 1322 mortem.

1195 1328 1271 1370 Ipse
1294 1335 1345 1359 est
1363 1329 1479 1359 victor.
1514 1329 1581 1361 Sed
1603 1335 1773 1361 transeant
1796 1331 1863 1362 illa.

1281 1370 1352 1403 Vos
1376 1372 1519 1413 cogitate
1542 1372 1702 1411 picturam
1722 1374 1885 1414 triumphi,
1909 1375 1950 1405 ad
1974 1385 2069 1416 quam
2088 1376 2171 1407 Pau-

1195 1412 1249 1444 lus
1272 1412 1397 1444 alludit.
1463 1413 1550 1445 Dicit
1586 1416 1711 1455 gestari
1745 1422 1820 1447 ante
1855 1417 2021 1448 Christum
2056 1424 2172 1450 nostra

1196 1455 1436 1497 chirographa,
1471 1462 1504 1487 et
1527 1457 1601 1487 duci
1626 1459 1777 1499 captivos
1796 1458 1969 1491 Diabolos.
2016 1460 2063 1491 lta
2086 1462 2171 1492 enim

1196 1498 1296 1529 fiebat
1320 1499 1352 1529 in
1375 1498 1553 1539 triumpho:
1579 1499 1721 1531 Primum
1744 1509 1819 1532 ante
1842 1512 1973 1534 currum
1995 1504 2170 1543 triumpha-

1194 1539 1258 1571 lem
1281 1539 1553 1582 praeferebantur
1575 1542 1716 1584 insignia
1739 1550 1909 1585 captarum
1922 1546 2068 1582 urbium;
2092 1547 2169 1577 item

1194 1593 1390 1624 pugnarum,
1425 1590 1457 1614 et
1491 1583 1666 1616 multarum
1696 1585 1833 1618 aliarum
1867 1598 1976 1619 rernm
2011 1590 2168 1628 picturae.

1195 1625 1242 1656 lta
1266 1626 1382 1657 dicitur
1406 1636 1486 1657 crux
1505 1628 1630 1668 gestari
1652 1635 1730 1659 ante
1749 1628 1925 1669 Christum,
1949 1637 1979 1662 et
2005 1632 2046 1662 de
2069 1641 2169 1663 cruce

1195 1669 1381 1709 dependere
1406 1668 1661 1710 chirographum
1680 1678 1843 1707 nostrum,
1877 1673 1909 1703 id
1934 1680 1995 1711 est,
2031 1684 2167 1705 accusa-

1195 1711 1317 1742 tionem
1339 1712 1467 1752 peccati
1489 1713 1604 1743 nostri.
1649 1713 1740 1744 Haec
1763 1721 1813 1745 est
1837 1714 1942 1746 dulcis
1967 1716 2166 1748 consolatio:

1198 1753 1267 1785 'l'ua
1288 1758 1425 1794 peccata
1448 1758 1477 1784 te
1499 1764 1562 1785 non
1585 1760 1758 1793 accusant,
1788 1767 1848 1788 non
1880 1758 2057 1796 damnant,
2092 1761 2169 1800 qnia

1193 1796 1239 1827 ibi
1257 1798 1408 1837 pendent,
1441 1801 1514 1828 sunt
1536 1799 1639 1829 ricla:
1663 1798 1813 1831 Christus
1834 1801 1911 1831 vicit
1942 1806 1998 1833 tua
2022 1807 2166 1842 peccata.

1193 1839 1283 1877 ltem,
1319 1839 1470 1870 Potentia
1502 1840 1639 1872 Diaboli
1656 1844 1772 1881 fracia
1795 1847 1849 1874 est.
1897 1843 1956 1874 Est
1981 1845 2168 1877 dulcissima

1191 1882 1315 1923 imago:
1339 1882 1414 1913 Non
1439 1889 1548 1923 potest
1570 1882 1692 1924 aliquid
1715 1886 1805 1926 pingi
1830 1885 1969 1918 dulcius.

1278 1923 1440 1956 Diabolus
1475 1926 1518 1956 ibi
1548 1927 1678 1958 ducitur
1713 1929 1880 1963 captivus:
1916 1930 1945 1960 si
1969 1936 2004 1961 tu
2026 1930 2164 1962 invocas

1191 1966 1370 2006 Christum,
1393 1968 1488 1999 etiam
1511 1974 1546 2000 tu
1568 1979 1605 2001 es
1629 1971 1736 2001 victor
1758 1970 1889 2002 Diaboli
1913 1983 1972 2013 per
1991 1972 2167 2012 Christum,

1190 2010 1275 2041 sicut
1298 2011 1401 2052 inquit
1424 2010 1562 2042 Paulus:
1592 2012 1714 2044 Gratia
1734 2013 1817 2051 Deo,
1841 2015 1898 2055 qui
1918 2016 1976 2045 ‘lat
1999 2017 2088 2047 uoltis
2120 2020 2165 2048 vi·

1188 2053 1325 2085 ctorimn
1352 2063 1413 2095 per
1436 2053 1606 2086 Dominum
1628 2060 1770 2087 nostrum
1795 2057 1893 2087 lesum
1912 2057 2079 2089 Christum.

1278 2096 1312 2127 ln
1336 2107 1435 2128 curru
1457 2097 1644 2139 triumphali
1668 2098 1745 2130 olim
1764 2100 1925 2130 sedebant
1942 2103 2034 2141 parvi
2054 2101 2109 2132 filii
2135 2109 2166 2133 et

1192 2137 1278 2169 filiae
1311 2139 1553 2179 triumphantis
1621 2141 1669 2172 lta
1702 2152 1763 2173 nos
1794 2142 2012 2175 adhaeremus
2037 2143 2161 2175 rotulis.

1192 2181 1355 2213 Sedemus
1378 2182 1410 2212 in
1435 2193 1534 2214 curru
1557 2182 1680 2215 Christi
1703 2190 1868 2225 tamquam
1892 2184 1993 2216 filioli.
2036 2186 2164 2218 Deinde

1191 2226 1417 2265 sequebantur
1440 2236 1570 2257 currum
1594 2225 1741 2257 liberati:
1765 2227 1843 2257 ltem
1857 2235 2004 2261 senatus,
2027 2237 2057 2259 et
2073 2229 2164 2261 multi

1190 2268 1463 2308 praestantissimi
1486 2268 1655 2300 homines:
1679 2269 1720 2299 ad
1744 2276 1921 2301 extremum
1945 2270 2069 2312 reliqua
2089 2283 2163 2313 pro-

1191 2310 1318 2341 miscua
1340 2309 1523 2344 multitudo,
1588 2312 1643 2343 Sic
1675 2322 1804 2342 currum
1833 2312 1955 2343 Christi
1979 2323 2163 2355 sequuntur

1189 2353 1307 2390 Adam,
1341 2352 1522 2391 Abraham,
1555 2353 1660 2391 isaac,
1695 2354 1804 2392 lacob,
1837 2361 1869 2385 et
1900 2365 2014 2386 omnes
2043 2358 2161 2396 sancti,

1189 2395 1243 2435 qui
1267 2402 1345 2426 tunc
1369 2406 1442 2426 cum
1466 2396 1599 2427 Christo
1621 2398 1854 2434 ascenderunt,
1878 2408 1962 2439 quos
1976 2400 2105 2440 quidem
2129 2406 2161 2431 et

1187 2447 1249 2468 nos
1272 2447 1456 2479 sequemur.

1273 2480 1473 2511 Mementote
1497 2481 1614 2517 etiam,
1639 2481 1725 2521 quod
1750 2480 1832 2513 illud
1856 2483 2081 2523 spectaculum
2106 2493 2160 2517 est

1186 2523 1408 2554 testimonium
1432 2523 1471 2553 de
1493 2528 1561 2553 toto
1586 2522 1777 2565 Evangelio.
1844 2526 1936 2557 Sicut
1960 2529 2157 2559 resurrectio

1186 2564 1323 2596 Christi:
1346 2565 1393 2596 lta
1416 2565 1570 2596 ascensio
1594 2571 1644 2596 est
1667 2567 1858 2599 miraculum
1881 2575 1913 2599 et
1926 2571 2156 2609 testimonium,

1186 2607 1274 2648 quod
1303 2606 1529 2649 Evangelium*
1554 2608 1596 2639 sit
1622 2618 1748 2648 verum,
1783 2617 1815 2643 et
1849 2612 1937 2653 quod
1960 2612 2015 2644 ille
2040 2620 2156 2646 coetus
