2324 2958
96 179 139 212 53
780 170 997 203 POSTILLA
1019 168 1415 203 MELANTHONIANA.
2053 167 2096 199 54

119 273 174 305 uia
195 273 259 303 iam
282 269 356 301 finis
379 274 448 299 erat
470 268 607 299 istarum
630 266 835 303 umbrarum,
869 272 901 296 et
934 263 1068 307 politiae
1121 265 1239 306 exigua
1260 262 1438 300 inchoatio,
1462 262 1494 293 in
1517 261 1580 293 alio
1604 263 1718 300 maior,
1741 262 1773 293 in
1797 260 1861 293 alio
1884 262 2002 299 minor,
2035 262 2093 292 do-

96 284 185 347 illius
193 337 203 353 ,
237 321 321 355 quae
353 308 576 354 principaliter
597 309 776 341 constituta
800 314 886 341 erat,
919 315 955 339 ut
979 313 1069 339 esset
1119 317 1182 339 nec
1204 306 1393 348 perficiatur
1414 305 1447 335 in
1471 303 1574 335 altera
1599 306 1674 336 vita.

99 364 208 390 certus
226 355 334 392 locus,
356 356 389 386 in
408 363 473 396 quo
496 357 708 390 nasceretur,
738 351 849 382 ederet
873 351 1069 389 testimonia,
1205 349 1292 381 Idem
1322 348 1439 379 dicitur
1461 347 1559 378 etiam
1587 348 1620 378 in
1649 347 1714 379 hoc
1743 346 1834 378 Pauli
1867 347 1971 378 dicto:
2002 346 2096 377 Chri-

97 393 263 443 pateretui·
285 397 449 430 Christus.
1121 396 1190 424 stus
1211 396 1258 423 est
1279 392 1352 433 finis
1373 391 1463 432 leym,
1485 390 1517 420 id
1536 396 1599 427 est,
1621 389 1765 431 impletio
1787 388 1882 432 legis.
1920 389 1988 420 Sed
2011 388 2097 420 banc

184 442 250 474 Sed
283 449 392 472 annon
414 437 538 470 Paulus
572 437 668 468 etiam
703 436 744 466 de
773 434 849 477 lege
871 432 988 466 morali
1011 444 1071 466 seu
1121 435 1217 466 nobis
1241 443 1373 476 quoque
1390 434 1490 465 donat
1512 432 1630 474 partim
1650 432 1881 473 imputatione,
1907 432 2026 472 partim
2049 429 2096 462 ef-

98 484 274 526 Decalogo
297 483 416 524 inquit:
461 482 530 512 Non
552 483 630 512 estis
647 479 706 510 sub
727 481 821 518 leye?
864 476 967 508 Estne
989 485 1071 519 ergo
1122 476 1277 509 sectione.

99 530 196 560 etiam
217 524 410 566 Decalogus
432 523 634 565 abrogatus?
668 521 882 562 Respondeo,
901 526 952 551 est
975 520 1071 550 abro·
1208 519 1311 551 Recte
1340 519 1436 549 etiam
1465 517 1597 555 dicitur,
1622 515 1788 548 Christum
1821 515 1956 558 implere
1987 515 2097 558 legem

99 576 197 613 gatus
229 568 387 605 credenti,
422 567 476 608 qui
508 571 559 597 est
581 566 613 596 in
637 563 787 601 Christo,
817 563 905 604 quod
929 562 971 594 ad
994 571 1072 594 con·
1123 568 1254 604 praeter
1288 560 1372 593 alios
1405 561 1542 598 modos,
1577 560 1618 591 de
1646 560 1765 601 quibus
1792 560 1855 590 iam
1886 560 2006 590 dictum
2034 564 2098 596 est,

99 612 337 645 demnationem
360 609 485 647 attinet,
507 618 573 640 non
597 607 685 649 quod
697 607 739 638 ad
751 606 980 637 obedientiam.
1002 604 1072 636 Lex
1125 605 1311 636 Sanciendo
1333 603 1452 645 legem,
1474 603 1638 640 docendo,
1659 602 1916 643 interpretando,
1939 602 2014 643 quia
2030 611 2097 633 non

97 655 160 687 Dei
194 663 261 686 non
294 657 441 690 accusat,
474 660 533 682 seu
565 660 632 682 non
666 649 863 681 condemnat
886 648 1072 680 credentes.
1125 647 1232 679 solum
1254 648 1326 688 ipse
1354 646 1503 688 repetivit
1536 651 1567 677 et
1594 645 1758 676 enarravit
1793 643 1916 685 legem:
1945 645 2005 675 sed
2028 642 2099 675 vult

98 697 231 729 Interim
263 694 319 727 lex
352 695 473 726 iudicat
495 699 668 735 peccatum
691 693 723 723 in
746 689 898 723 Diabolis
918 696 950 722 et
972 690 1072 721 omni·
1125 697 1284 731 perpetuo
1307 689 1409 731 repeti
1428 694 1459 720 et
1475 688 1621 719 enarrari
1645 696 1717 718 eam
1739 688 1772 718 in
1794 687 1975 718 ministerio
1989 686 2097 718 Evan-

98 742 162 772 bus
193 739 316 780 impiis,
350 738 405 779 qui
440 742 515 768 sunt
545 737 617 767 sine
641 734 706 766 fide
730 742 762 766 et
785 740 915 765 manent
939 734 1002 765 sub
1024 733 1074 763 ira
1125 732 1213 775 gelii.
1249 732 1344 768 Quod
1368 742 1441 763 cum
1464 732 1506 762 sit
1528 730 1729 771 praedicatio
1752 730 1970 771 poeniteutiae
1993 735 2023 760 et
2047 740 2098 760 re·

99 782 174 819 Dei,
198 781 282 819 Nam
305 780 347 812 de
364 779 596 816 credentibus,
626 778 745 819 quibus
768 777 974 808 remittuntur
995 785 1073 816 pec·
1125 776 1291 807 missionis
1321 780 1550 816 peccatorum,
1583 783 1623 804 eo
1653 773 1726 813 ipso
1754 773 1871 814 repetit
1895 779 1926 803 et
1950 770 2098 803 declarat

100 830 174 857 cata
198 829 332 865 propter
355 821 468 860 filium,
491 819 672 863 singularis
695 826 745 851 est
769 819 984 861 dispensatio,
1005 827 1073 849 non
1125 817 1243 861 legem.

99 873 176 898 nota
199 866 317 897 rationi
336 865 506 896 humanae.
551 864 625 894 Non
643 863 747 904 potuit
760 862 878 900 Adam,
897 870 1004 901 neque
1026 858 1073 892 ul·
1211 860 1281 892 Nec
1312 859 1401 891 valet
1435 865 1665 900 argumentum
1698 857 2009 898 Anabaptistarum‚
2043 857 2098 897 qui

99 909 163 941 lius
184 906 294 950 angeli
317 907 477 948 sapientia
500 905 633 938 solvere
655 911 883 947 argumentum
906 903 988 935 hoc:
1126 914 1167 935 ex
1186 901 1262 934 loco
1280 904 1391 934 Ierem-
1414 901 1464 933 31.
1491 900 1703 932 cavillantur:

186 970 274 1001 Deus
296 972 345 999 est
366 967 605 1000 &mutabiliter
625 964 744 997 Iustus.
1211 962 1308 994 Dabo
1336 963 1432 1003 Iegem
1455 972 1554 993 meam
1583 962 1616 992 t'n
1644 960 1747 992 corda
1770 969 1890 998 eorum,
1913 963 1943 990 et
1965 969 2028 990 non
2050 960 2098 990 cii-

187 1011 334 1043 Iuscitiae
356 1011 419 1041 Dei
439 1014 490 1041 est
508 1010 646 1040 obticere
668 1018 748 1047 eum,
766 1009 822 1047 qui
836 1009 988 1047 peccavit.
1277 1009 1325 1036 cet
1358 1005 1495 1045 amplius
1520 1005 1569 1035 sir
1601 1004 1646 1035 ad
1681 1004 1861 1044 lwooez‘matm
1896 1012 2002 1039 mmm,-
2047 1012 2099 1033 co-

187 1053 271 1093 Eryo
288 1053 389 1084 Adam
412 1056 461 1084 est
481 1053 622 1083 abiectus
643 1060 663 1082 α
686 1052 761 1082 Deo.
1275 1057 1391 1089 ynosce
1424 1047 1614 1079 Dominum.-
1645 1047 1702 1079 θεά
1724 1055 1828 1078 omnes·
1862 1049 1954 1076 erunt
1976 1045 2065 1076 docti
2082 1055 2103 1076 α

187 1121 254 1171 §eq
278 1120 364 1152 filius
377 1120 439 1151 Dei
461 1118 563 1169 sopit
586 1117 651 1149 ¹¹⁰⁰
668 1122 907 1168 “gumenmm’
925 1114 1076 1166 revfssafa
1214 1090 1363 1174 Eryffegi
1389 1142 1471 1164 novo
1503 1132 1702 1164 Testamento
1735 1141 1797 1163 non
1826 1131 1916 1162 debet
1951 1140 2019 1162 esse
2047 1130 2102 1161 mi—

101 1172 319 1205 promissione
347 1160 531 1204 Evangelii,
565 1161 654 1192 unde
672 1159 780 1191 Minor
813 1165 996 1201 argumenti
1026 1167 1076 1189 sic
1278 1176 1455 1214 nmen-um)
1484 1175 1526 1206 Εί
1555 1176 1602 1206 εἰς
1635 1185 1732 1216 nemu,
1765 1175 1837 1212 lex>
1867 1183 1966 1214 neque
1997 1173 2101 1205 Em„-

100 1204 299 1237 declaranda
324 1211 391 1235 est:
416 1204 560 1235 iustitiae
582 1200 646 1234 Dei
669 1209 721 1234 est
744 1202 888 1233 abiicere
912 1211 998 1239 eum,
1021 1201 1076 1242 qui
1296 1219 1386 1250 elz-um
1432 1218 1655 1250 radicabitur

99 1248 262 1290 peccavit,
286 1248 348 1278 nisi
371 1246 510 1277 satisfiat
533 1247 675 1277 iustitiae
698 1244 774 1283 Dei,
797 1245 945 1276 derivata
968 1253 1077 1285 poena
1272 1229 1295 1260 9
1406 1228 1431 1258 Ρ
1657 1241 1664 1248 “

99 1292 131 1322 in
154 1290 380 1327 Mediatorem,
404 1299 463 1331 per
483 1298 579 1330 quem
603 1287 743 1319 solvitur
764 1285 979 1330 aequivalens
1003 1296 1076 1327 pre·

99 1334 188 1365 tium.
1214 1328 1424 1371 Respondeo.
1468 1328 1603 1361 Dictum
1625 1329 1781 1360 leremiae
1801 1328 1945 1369 loquitur
1968 1327 2009 1358 de
2032 1331 2102 1358 tota

183 1374 254 1406 Nec
279 1375 439 1416 sequitur,
462 1374 539 1415 quia
554 1373 649 1405 Deus
674 1373 805 1404 remittit
828 1378 978 1413 peccata,
1000 1381 1076 1412 pro·
1129 1373 1411 1405 consummatione
1442 1372 1520 1403 novi
1552 1371 1753 1403 Testamenti
1782 1372 1816 1402 in
1856 1371 1925 1402 w‘ta
1957 1374 2099 1401 aeterna.

98 1424 212 1460 pterea
231 1415 351 1448 salsum
370 1426 463 1455 esse,
492 1416 580 1458 quod
604 1415 722 1448 dicitur
750 1415 838 1457 apud
860 1414 1076 1446 Malachiam:
1129 1415 1197 1447 Sed
1219 1414 1275 1446 illa
1299 1415 1537 1446 consummatio
1560 1420 1667 1445 tamen
1691 1414 1864 1445 inchoatur
1886 1413 1942 1444 hic
1962 1423 2022 1454 per
2044 1422 2101 1443 vo·

99 1462 165 1500 Eyo
194 1461 350 1491 Dominus
383 1463 416 1490 et
447 1469 510 1490 non
543 1462 656 1489 mutor.
701 1457 832 1489 Desinit
853 1456 946 1488 Deus
975 1457 1076 1488 irasci
1129 1468 1201 1489 cem
1223 1456 1407 1500 Evangelii,
1429 1468 1489 1498 per
1511 1467 1608 1498 quam
1631 1457 1772 1498 Spffritus
1790 1462 1927 1488 sanctus
1950 1461 2001 1486 est
2030 1452 2103 1486 effi-

98 1502 308 1534 credcntibus
330 1502 363 1532 in
386 1499 498 1538 filium,
521 1510 585 1532 nec
602 1507 711 1532 tamen
734 1505 878 1531 mutatur
888 1506 1077 1541 propterea,
1128 1510 1200 1531 cax.
1246 1499 1357 1531 Manet
1390 1506 1498 1531 autem
1532 1509 1612 1531 vera
1645 1498 1700 1530 illa
1730 1499 1905 1537 sententia,
1940 1498 2029 1539 quod
2051 1497 2103 1529 vir

98 1545 173 1587 quia
207 1545 279 1585 ipse
315 1544 474 1581 decrevit,
507 1543 595 1584 quod
629 1543 707 1574 velit
737 1543 902 1574 remittere
923 1547 1074 1583 peccata,
1127 1553 1192 1574 non
1217 1543 1376 1574 doceatur
1397 1553 1417 1573 a
1438 1543 1521 1584 viro.
1566 1541 1707 1574 Primum
1738 1542 1814 1584 quia
1842 1550 1909 1574 vox
1932 1539 2101 1572 ministerii

97 1587 271 1630 agentibus
294 1586 527 1627 poenitentiam
551 1592 583 1616 et
607 1586 816 1616 credentibus
839 1586 872 1616 in
894 1584 1005 1616 filium.
1028 1584 1076 1616 lta
1126 1595 1192 1616 non
1217 1592 1269 1616 est
1291 1585 1364 1623 riri,
1387 1585 1447 1616 sed
1471 1584 1613 1625 Spiritus
1641 1586 1757 1616 sancti.
1803 1583 1932 1616 Deinde
1963 1592 2101 1615 conver·

96 1628 150 1660 lex
181 1627 316 1660 moralis
347 1637 479 1670 quoque
506 1634 616 1659 manet
638 1635 771 1659 aeterna
795 1634 826 1658 et
849 1625 1074 1666 immutabilis,
1126 1629 1176 1659 sio
1199 1627 1340 1659 hominis
1363 1638 1420 1669 per
1441 1638 1558 1659 vocem
1578 1627 1747 1670 Evangelii
1771 1638 1838 1659 non
1861 1633 1914 1658 est
1930 1627 2002 1659 talis
2024 1635 2101 1667 pae-

97 1672 225 1703 etiamsi
261 1671 348 1712 quod
382 1671 424 1702 ad
453 1671 628 1702 credentes
657 1671 793 1708 attinet,
825 1670 952 1701 accedit
979 1671 1077 1701 inter-
1126 1671 1281 1712 dagogia,
1303 1676 1337 1702 ut
1361 1681 1435 1702 cum
1457 1677 1655 1711 praeceptor
1677 1681 1813 1711 puerum
1838 1671 2020 1713 improbum
2045 1678 2100 1699 co-

95 1714 237 1755 pretatio
255 1712 437 1755 Evangelii.
1125 1714 1173 1755 git
1195 1713 1407 1751 verberibus,
1435 1719 1493 1744 aut
1515 1714 1725 1755 magistratus
1749 1714 1780 1744 in
1807 1722 1976 1745 carcerem
1999 1711 2100 1743 conii-

182 1756 296 1788 Manet
319 1756 416 1787 etiam
439 1754 595 1787 voluntas
616 1753 692 1793 Dei,
715 1761 746 1786 et
764 1753 923 1797 obligatio
941 1755 973 1786 in
988 1755 1074 1785 omni
1126 1756 1180 1796 cit,
1204 1754 1259 1787 vel
1281 1756 1451 1796 suspendit
1475 1753 1590 1787 furem.
1636 1756 1702 1787 Sed
1726 1756 1868 1796 Spiritus
1897 1760 2036 1787 sanetus
2059 1754 2102 1785 in·

95 1800 300 1837 aeternitate,
324 1799 411 1840 quod
436 1799 478 1829 ad
502 1799 723 1829 obedientiam
735 1798 860 1829 attinet.
890 1797 1074 1829 Credentes
1098 1799 1101 1820 ἵ
1125 1804 1178 1829 tus
1203 1805 1310 1829 movet
1335 1809 1405 1836 cor,
1428 1804 1464 1830 ut
1485 1799 1686 1830 accendatur
1708 1799 1875 1840 agnitione
1898 1797 1973 1836 Dei,
1996 1802 2028 1828 et
2051 1808 2102 1828 ar—

96 1843 158 1873 etsi
182 1847 257 1873 sunt
282 1840 411 1873 liberati
434 1851 454 1872 a
477 1841 750 1873 condemnatione
760 1840 865 1882 legis:
888 1847 1073 1872 tamennon
1125 1841 1199 1872 deat
1222 1841 1364 1872 motibus
1395 1842 1521 1872 timoris
1549 1852 1589 1873 ac
1618 1841 1803 1873 dilectionis
1827 1841 1899 1873 Dei.
1948 1839 2102 1881 Comple-

95 1891 172 1918 sunt
195 1884 325 1916 liberati
348 1884 390 1915 ab
414 1882 618 1926 obligatione
642 1884 859 1915 obedientiae.
893 1883 977 1914 Nam
990 1883 1074 1914 baec
1124 1884 1210 1914 bitur
1232 1890 1343 1915 autem
1365 1884 1430 1915 hoc
1451 1885 1484 1915 in
1503 1885 1568 1916 vita
1590 1890 1738 1923 aeterna,
1763 1885 1819 1916 ubi
1837 1883 2007 1915 ministerii
2029 1881 2100 1914 nul-

94 1927 280 1969 propositio
304 1928 400 1958 etiam
430 1926 462 1957 in
493 1926 590 1957 coelo
620 1927 679 1958 erit
703 1937 799 1958 vera:
843 1926 913 1957 Lex
936 1936 1003 1957 non
1022 1933 1073 1957 est
1096 1931 1099 1957 Ι
1123 1924 1176 1958 lus
1205 1927 1265 1958 erit
1296 1936 1377 1958 usus
1406 1925 1564 1968 amplius,
1594 1927 1678 1962 Quia
1701 1934 1770 1959 tum
1793 1927 1885 1959 Deus
1910 1927 1969 1958 erit
1992 1926 2101 1957 omnia

95 1971 268 2012 abrogata,
292 1979 333 2001 ne
355 1968 485 2012 angelis
508 1970 651 2011 quidem,
674 1979 783 2011 neque
805 1970 912 2001 beatis
936 1969 1072 2000 homini·
1122 1969 1155 2000 in
1179 1969 1348 2007 omnibus,
1370 1970 1401 2001 id
1426 1976 1492 2008 est,
1519 1970 1703 2002 immediate
1726 1971 1822 2002 nobis
1847 1969 2099 2002 communicabit

95 2013 170 2051 bus,
192 2013 281 2054 quod
317 2012 359 2043 ad
395 2012 613 2043 obedientiam
642 2013 767 2044 attinet.
820 2011 960 2052 Semper
988 2012 1073 2043 enim
1123 2021 1161 2043 se
1183 2018 1215 2044 et
1238 2013 1326 2043 bona
1349 2022 1421 2044 sua.

95 2061 204 2086 manet
227 2054 281 2086 hic
303 2061 459 2085 aeternus
482 2055 582 2093 crdo,
607 2056 695 2097 quod
725 2061 877 2087 creatura
902 2053 1072 2086 rationalis
1209 2054 1276 2086 Set}
1298 2065 1360 2086 nec
1382 2055 1632 2087 Antinomorum
1656 2062 1884 2099 argumentum
1908 2054 2010 2086 valet:
2039 2054 2094 2095 qui

97 2098 215 2129 debeat
238 2096 314 2128 Deo
338 2097 568 2128 obedientiam.
1121 2107 1195 2128 cum
1219 2098 1340 2129 dictum
1353 2097 1485 2136 Christi,
1508 2098 1580 2130 Lex
1597 2109 1702 2140 usque
1725 2100 1767 2130 ad
1782 2100 1947 2136 loannem,
1967 2107 2096 2129 accom-

1121 2141 1253 2171 modent
1283 2141 1380 2172 etiam
1410 2142 1451 2172 ad
1485 2140 1710 2183 Decalogum:
1742 2142 1818 2173 inde
1849 2141 2095 2176 ratiocinantur,

1121 2181 1227 2224 legem
1279 2190 1397 2224 postea
1459 2194 1525 2215 non
1577 2194 1653 2216 esse
1698 2185 1960 2226 praedicandam.
2034 2181 2100 2213 Re·

1121 2226 1283 2267 spondeo.
1340 2226 1409 2258 Etsi
1433 2228 1647 2258 contentiosis
1687 2228 1824 2259 concedi
1869 2231 1995 2268 potest,
2035 2224 2103 2257 De-

1121 2267 1273 2310 calogum
1312 2270 1407 2300 etiam
1445 2277 1561 2302 ruente
1603 2270 1716 2312 politia
1754 2269 1887 2307 Μοὶεἰε,
1930 2268 2102 2308 desinere,

92 2311 168 2342 item
192 2321 256 2353 quo
281 2311 320 2341 ad
344 2311 560 2342 coactionem.
1121 2319 1283 2353 quatenus
1320 2310 1446 2344 scilicet
1479 2311 1670 2355 intelligitur
1705 2313 1809 2344 fuisse
1838 2310 1973 2353 politica
2002 2311 2102 2343 disci·

179 2353 271 2385 Haec
305 2354 414 2384 omnia
447 2354 656 2385 continentur
688 2355 784 2386 etiam
819 2355 850 2386 in
890 2353 947 2386 illo
982 2354 1098 2398 dieto,
1144 2353 1210 2386 lina
1249 2353 1430 2386 cohercens
1471 2357 1563 2387 cives
1592 2357 1689 2387 huius
1728 2354 1859 2397 politiae
1904 2364 1966 2386 seu
2000 2364 2104 2398 popu-

92 2395 231 2428 Cbristi:
260 2395 335 2427 Non
363 2397 437 2427 rem*
463 2397 586 2427 solnm-e
612 2397 719 2437 leyem,
741 2398 798 2429 sed
820 2398 963 2438 implere.
1010 2398 1070 2429 Im·
1093 2401 1097 2454 l
1133 2407 1187 2428 um
1226 2396 1329 2440 legis:
1377 2397 1497 2430 Tamen
1542 2399 1753 2430 ministerium
1799 2396 1990 2440 spirituale,
2037 2408 2103 2440 quo

92 2437 160 2480 plet
195 2445 301 2470 autem
331 2449 396 2470 non
431 2439 530 2470 modo
559 2440 690 2480 propria
718 2449 779 2472 sua
809 2440 1009 2478 obedientia,
1038 2446 1069 2471 et
1121 2446 1302 2482 arguuntur
1353 2448 1491 2483 peccata
1539 2443 1693 2473 interiora
1743 2447 1775 2473 et
1821 2441 2009 2480 exteriora,
2050 2448 2102 2473 est

93 2482 273 2514 derivando
298 2482 331 2512 in
359 2491 396 2512 se
426 2492 582 2523 poenam,
613 2488 647 2513 ut
676 2489 810 2523 propter
837 2484 944 2525 ipsum
975 2483 1069 2514 detur
1121 2484 1263 2514 omnium
1307 2490 1488 2525 temporum
1539 2494 1642 2526 usque
1685 2484 1725 2514 ad
1772 2485 1871 2515 vitam
1921 2490 2096 2516 aeternam.

92 2524 189 2555 nobis
214 2525 364 2555 remissio
387 2531 614 2565 peccatorum,
648 2531 679 2556 et
712 2525 879 2566 imputatio
915 2526 1068 2564 iustitiae,
1121 2526 1231 2557 Manet
1272 2527 1355 2558 enim
1396 2537 1460 2558 vox
1494 2526 1556 2558 Dei
1591 2537 1735 2569 arguens
1758 2533 1915 2568 peccata,
1938 2533 1971 2558 et
1993 2526 2102 2559 Deca-

93 2567 153 2598 sed
177 2567 274 2598 etiam
297 2567 474 2599 efficiendo
497 2569 529 2599 in
554 2568 651 2599 nobis
674 2568 853 2600 novitatem
883 2578 1068 2610 congr-uen-
1120 2567 1221 2610 logus
1239 2577 1411 2601 enarratur
1429 2580 1468 2601 ac
1491 2568 1673 2601 declaratur
1696 2571 1728 2601 in
1752 2570 1931 2602 ministerio
1950 2569 2101 2612 Evange-

91 2615 156 2641 tem
180 2620 253 2641 cum
276 2609 360 2652 lege.
396 2610 491 2647 Quae
512 2617 621 2643 tamen
644 2610 772 2642 effectio
795 2612 827 2642 in
851 2611 914 2643 hac
929 2613 995 2643 vita
1019 2617 1069 2643 est
1119 2610 1164 2649 lii,
1187 2612 1275 2653 quod
1299 2614 1436 2644 loannes
1458 2611 1610 2651 inchoat,
1634 2619 1666 2644 ut
1689 2623 1754 2644 non
1779 2613 1876 2645 modo
1901 2619 2102 2645 accusentur

1868 2673 1896 2697 4.

181 2140 349 2171 Antincmi
382 2140 554 2171 obiiciunt:
588 2140 676 2173 Iusto
709 2151 773 2172 non
801 2145 851 2172 est
876 2143 928 2172 lea·
953 2143 1070 2180 pos-im.

94 2181 306 2223 Respondeo.
351 2182 558 2224 Intelligatur
585 2181 762 2225 appellatio
792 2184 885 2221 iusti,
912 2183 944 2214 in
969 2193 1070 2224 quan-

95 2232 160 2256 tum
184 2225 302 2267 aliquis
328 2231 377 2255 est
399 2226 523 2263 iustus,
545 2223 675 2257 Deinde
698 2227 840 2267 positum
865 2236 957 2264 esse,
986 2224 1070 2257 rese·

93 2274 186 2299 ratur
213 2269 254 2299 ad
283 2268 543 2305 accusationem,
579 2274 610 2299 et
634 2269 938 2301 condemnationem
972 2267 1070 2311 legis,
