<?xml version="1.0" encoding="UTF-8"?>
<!DOCTYPE html PUBLIC "-//W3C//DTD XHTML 1.0 Transitional//EN"
    "http://www.w3.org/TR/xhtml1/DTD/xhtml1-transitional.dtd">
<html xmlns="http://www.w3.org/1999/xhtml" xml:lang="en" lang="en">
 <head>
  <title>
</title>
<meta http-equiv="Content-Type" content="text/html;charset=utf-8" />
  <meta name='ocr-system' content='tesseract 3.04.00' />
  <meta name='ocr-capabilities' content='ocr_page ocr_carea ocr_par ocr_line ocrx_word'/>
</head>
<body>
  <div class='ocr_page' id='page_1' title='image "./operaquaesupersu24melauoft/operaquaesupersu24melauoft_0303.png"; bbox 0 0 2324 2958; ppageno 0'>
   <div class='ocr_carea' id='block_1_1' title="bbox 57 196 2057 238">
    <p class='ocr_par' dir='ltr' id='par_1_1' title="bbox 57 196 2057 238">
     <span class='ocr_line' id='line_1_1' title="bbox 57 196 2057 238; baseline -0.005 0"><span class='ocrx_word' id='word_1_1' title='bbox 57 204 124 238; x_wconf 83' lang='lat'>553</span> <span class='ocrx_word' id='word_1_2' title='bbox 741 198 957 233; x_wconf 79' lang='lat' dir='ltr'>POSTILLA</span> <span class='ocrx_word' id='word_1_3' title='bbox 978 196 1378 230; x_wconf 80' lang='lat' dir='ltr'>MELANTHONIANA.</span> <span class='ocrx_word' id='word_1_4' title='bbox 1993 197 2057 229; x_wconf 76' lang='lat'>554</span> 
     </span>
    </p>
   </div>
   <div class='ocr_carea' id='block_1_2' title="bbox 48 290 2062 2042">
    <p class='ocr_par' dir='ltr' id='par_1_2' title="bbox 48 290 2062 2042">
     <span class='ocr_line' id='line_1_2' title="bbox 141 290 2057 333; baseline -0.004 -4"><span class='ocrx_word' id='word_1_5' title='bbox 141 294 409 329; x_wconf 57' lang='lat' dir='ltr'>maledicentiam</span> <span class='ocrx_word' id='word_1_6' title='bbox 430 297 478 326; x_wconf 77' lang='lat' dir='ltr'>est</span> <span class='ocrx_word' id='word_1_7' title='bbox 499 292 756 326; x_wconf 70' lang='lat' dir='ltr'>benedicendum:</span> <span class='ocrx_word' id='word_1_8' title='bbox 1082 291 1288 333; x_wconf 85' lang='lat' dir='ltr'><strong>Quamquam</strong></span> <span class='ocrx_word' id='word_1_9' title='bbox 1311 301 1352 322; x_wconf 90' lang='lat' dir='ltr'>ne</span> <span class='ocrx_word' id='word_1_10' title='bbox 1373 291 1439 322; x_wconf 91' lang='lat' dir='ltr'>hoc</span> <span class='ocrx_word' id='word_1_11' title='bbox 1483 292 1589 323; x_wconf 86' lang='lat' dir='ltr'>uidem</span> <span class='ocrx_word' id='word_1_12' title='bbox 1613 291 1788 333; x_wconf 86' lang='lat' dir='ltr'>quaeritis,</span> <span class='ocrx_word' id='word_1_13' title='bbox 1818 291 1877 322; x_wconf 85' lang='lat' dir='ltr'>sed</span> <span class='ocrx_word' id='word_1_14' title='bbox 1900 290 2057 333; x_wconf 67' lang='lat' dir='ltr'>quaeritis</span> 
     </span>
     <span class='ocr_line' id='line_1_3' title="bbox 143 333 2057 377; baseline -0.004 -5"><span class='ocrx_word' id='word_1_15' title='bbox 143 340 290 372; x_wconf 59' lang='lat' dir='ltr'>(virttem</span> <span class='ocrx_word' id='word_1_16' title='bbox 310 342 416 370; x_wconf 78' lang='lat' dir='ltr'>antem</span> <span class='ocrx_word' id='word_1_17' title='bbox 437 341 467 368; x_wconf 84' lang='lat' dir='ltr'>et</span> <span class='ocrx_word' id='word_1_18' title='bbox 489 340 586 368; x_wconf 72' lang='lat' dir='ltr'>antea</span> <span class='ocrx_word' id='word_1_19' title='bbox 606 336 689 367; x_wconf 54' lang='lat' dir='ltr'>daz-it</span> <span class='ocrx_word' id='word_1_20' title='bbox 711 336 756 367; x_wconf 86' lang='lat' dir='ltr'>ad</span> <span class='ocrx_word' id='word_1_21' title='bbox 778 334 934 374; x_wconf 78' lang='lat' dir='ltr'>Iudaeos,</span> <span class='ocrx_word' id='word_1_22' title='bbox 973 345 1030 366; x_wconf 78' lang='lat' dir='ltr'>cos</span> <span class='ocrx_word' id='word_1_23' title='bbox 1081 345 1217 377; x_wconf 83' lang='lat' dir='ltr'>regnum</span> <span class='ocrx_word' id='word_1_24' title='bbox 1241 333 1420 376; x_wconf 89' lang='lat' dir='ltr'>politicum.</span> <span class='ocrx_word' id='word_1_25' title='bbox 1497 341 1509 365; x_wconf 92' lang='lat' dir='ltr'>t</span> <span class='ocrx_word' id='word_1_26' title='bbox 1527 333 1627 365; x_wconf 84' lang='lat' dir='ltr'>Filius</span> <span class='ocrx_word' id='word_1_27' title='bbox 1652 334 1710 365; x_wconf 91' lang='lat' dir='ltr'>Dei</span> <span class='ocrx_word' id='word_1_28' title='bbox 1734 345 1799 365; x_wconf 92' lang='lat' dir='ltr'>non</span> <span class='ocrx_word' id='word_1_29' title='bbox 1823 334 1922 372; x_wconf 82' lang='lat' dir='ltr'>venit,</span> <span class='ocrx_word' id='word_1_30' title='bbox 1945 341 1981 366; x_wconf 92' lang='lat' dir='ltr'>ut</span> <span class='ocrx_word' id='word_1_31' title='bbox 2003 334 2057 365; x_wconf 91' lang='lat' dir='ltr'>det</span> 
     </span>
     <span class='ocr_line' id='line_1_4' title="bbox 209 376 1821 422; baseline -0.003 -9"><span class='ocrx_word' id='word_1_32' title='bbox 209 385 357 422; x_wconf 74' lang='lat' dir='ltr'>expatre</span> <span class='ocrx_word' id='word_1_33' title='bbox 367 380 510 411; x_wconf 74' lang='lat' dir='ltr'>Diabolo</span> <span class='ocrx_word' id='word_1_34' title='bbox 526 379 622 410; x_wconf 61' lang='lat' dir='ltr'>esti-n</span> <span class='ocrx_word' id='word_1_35' title='bbox 638 378 680 409; x_wconf 87' lang='lat' dir='ltr'>Et</span> <span class='ocrx_word' id='word_1_36' title='bbox 703 388 790 409; x_wconf 92' lang='lat' dir='ltr'>nunc</span> <span class='ocrx_word' id='word_1_37' title='bbox 812 379 930 421; x_wconf 87' lang='lat' dir='ltr'>inquit:</span> <span class='ocrx_word' id='word_1_38' title='bbox 955 378 1030 410; x_wconf 80' lang='lat' dir='ltr'>Non</span> <span class='ocrx_word' id='word_1_39' title='bbox 1081 388 1218 422; x_wconf 80' lang='lat' dir='ltr'>regnum</span> <span class='ocrx_word' id='word_1_40' title='bbox 1243 376 1418 418; x_wconf 81' lang='lat' dir='ltr'>politicum,</span> <span class='ocrx_word' id='word_1_41' title='bbox 1441 378 1500 408; x_wconf 91' lang='lat' dir='ltr'>sed</span> <span class='ocrx_word' id='word_1_42' title='bbox 1525 377 1623 408; x_wconf 84' lang='lat' dir='ltr'>vitam</span> <span class='ocrx_word' id='word_1_43' title='bbox 1645 383 1821 408; x_wconf 78' lang='lat' dir='ltr'>aeternam.</span> 
     </span>
     <span class='ocr_line' id='line_1_5' title="bbox 174 419 1308 459; baseline -0.004 -3"><span class='ocrx_word' id='word_1_44' title='bbox 174 431 178 434; x_wconf 62' lang='lat'><strong>⁴</strong></span> <span class='ocrx_word' id='word_1_45' title='bbox 208 425 281 456; x_wconf 80' lang='lat' dir='ltr'>volo</span> <span class='ocrx_word' id='word_1_46' title='bbox 298 433 366 455; x_wconf 73' lang='lat' dir='ltr'>esse</span> <span class='ocrx_word' id='word_1_47' title='bbox 386 423 500 454; x_wconf 72' lang='lat' dir='ltr'>struitis</span> <span class='ocrx_word' id='word_1_48' title='bbox 520 421 621 459; x_wconf 70' lang='lat' dir='ltr'>vobis,</span> <span class='ocrx_word' id='word_1_49' title='bbox 643 421 801 453; x_wconf 70' lang='lat' dir='ltr'>mendax.-</span> <span class='ocrx_word' id='word_1_50' title='bbox 1167 419 1308 452; x_wconf 85' lang='lat' dir='ltr'>Contra:</span> 
     </span>
     <span class='ocr_line' id='line_1_6' title="bbox 142 460 1894 509; baseline -0.004 -10"><span class='ocrx_word' id='word_1_51' title='bbox 142 467 230 509; x_wconf 75' lang='lat' dir='ltr'>Eryo</span> <span class='ocrx_word' id='word_1_52' title='bbox 251 467 366 498; x_wconf 75' lang='lat' dir='ltr'>iniuste</span> <span class='ocrx_word' id='word_1_53' title='bbox 382 464 478 505; x_wconf 81' lang='lat' dir='ltr'>facit.</span> <span class='ocrx_word' id='word_1_54' title='bbox 1127 464 1249 495; x_wconf 80' lang='lat' dir='ltr'>Moises</span> <span class='ocrx_word' id='word_1_55' title='bbox 1271 463 1368 494; x_wconf 74' lang='lat' dir='ltr'>dicit:</span> <span class='ocrx_word' id='word_1_56' title='bbox 1389 463 1446 503; x_wconf 82' lang='lat' dir='ltr'>qui</span> <span class='ocrx_word' id='word_1_57' title='bbox 1462 460 1579 502; x_wconf 79' lang='lat' dir='ltr'>fecerit</span> <span class='ocrx_word' id='word_1_58' title='bbox 1602 473 1652 499; x_wconf 71' lang='lat' dir='ltr'>ea,</span> <span class='ocrx_word' id='word_1_59' title='bbox 1674 463 1758 493; x_wconf 68' lang='lat' dir='ltr'>viret</span> <span class='ocrx_word' id='word_1_60' title='bbox 1780 464 1811 494; x_wconf 74' lang='lat' dir='ltr'>in</span> <span class='ocrx_word' id='word_1_61' title='bbox 1835 463 1894 494; x_wconf 75' lang='lat' dir='ltr'>eis:</span> 
     </span>
     <span class='ocr_line' id='line_1_7' title="bbox 141 504 2059 551; baseline -0.004 -9"><span class='ocrx_word' id='word_1_62' title='bbox 141 509 350 551; x_wconf 86' lang='lat' dir='ltr'>Respondeo.</span> <span class='ocrx_word' id='word_1_63' title='bbox 379 507 652 539; x_wconf 53' lang='lat' dir='ltr'>maledicentibus*</span> <span class='ocrx_word' id='word_1_64' title='bbox 676 512 727 537; x_wconf 85' lang='lat' dir='ltr'>est</span> <span class='ocrx_word' id='word_1_65' title='bbox 760 506 1030 545; x_wconf 86' lang='lat' dir='ltr'>benedicendum,</span> <span class='ocrx_word' id='word_1_66' title='bbox 1126 506 1213 548; x_wconf 75' lang='lat' dir='ltr'>Eryo</span> <span class='ocrx_word' id='word_1_67' title='bbox 1239 506 1296 547; x_wconf 73' lang='grc' dir='ltr'>φα·</span> <span class='ocrx_word' id='word_1_68' title='bbox 1317 504 1436 545; x_wconf 74' lang='lat' dir='ltr'>fecerit</span> <span class='ocrx_word' id='word_1_69' title='bbox 1465 505 1570 536; x_wconf 72' lang='lat' dir='ltr'>Mais-1·</span> <span class='ocrx_word' id='word_1_70' title='bbox 1593 506 1787 541; x_wconf 71' lang='lat' dir='ltr'>doctrinam,</span> <span class='ocrx_word' id='word_1_71' title='bbox 1817 507 1916 544; x_wconf 56' lang='grc' dir='ltr'>τίκ-εἰ,</span> <span class='ocrx_word' id='word_1_72' title='bbox 1944 509 1975 536; x_wconf 80' lang='lat' dir='ltr'>et</span> <span class='ocrx_word' id='word_1_73' title='bbox 1996 514 2059 536; x_wconf 81' lang='lat' dir='ltr'>mm</span> 
     </span>
     <span class='ocr_line' id='line_1_8' title="bbox 58 548 1707 592; baseline -0.005 -6"><span class='ocrx_word' id='word_1_74' title='bbox 58 555 118 586; x_wconf 83' lang='lat' dir='ltr'>sed</span> <span class='ocrx_word' id='word_1_75' title='bbox 149 562 215 584; x_wconf 90' lang='lat' dir='ltr'>non</span> <span class='ocrx_word' id='word_1_76' title='bbox 250 550 462 592; x_wconf 68' lang='lat' dir='ltr'>blasphemis.</span> <span class='ocrx_word' id='word_1_77' title='bbox 517 550 684 581; x_wconf 75' lang='lat' dir='ltr'>Pharisaei</span> <span class='ocrx_word' id='word_1_78' title='bbox 724 549 778 580; x_wconf 85' lang='lat' dir='ltr'>isti</span> <span class='ocrx_word' id='word_1_79' title='bbox 812 548 921 590; x_wconf 90' lang='lat' dir='ltr'>palam</span> <span class='ocrx_word' id='word_1_80' title='bbox 955 555 1030 580; x_wconf 84' lang='lat' dir='ltr'>sunt</span> <span class='ocrx_word' id='word_1_81' title='bbox 1166 551 1222 590; x_wconf 78' lang='lat' dir='ltr'>qui</span> <span class='ocrx_word' id='word_1_82' title='bbox 1241 553 1352 580; x_wconf 71' lang='lat' dir='ltr'>servat</span> <span class='ocrx_word' id='word_1_83' title='bbox 1373 549 1552 580; x_wconf 61' lang='lat' dir='ltr'>doc-,trinam</span> <span class='ocrx_word' id='word_1_84' title='bbox 1576 548 1707 579; x_wconf 76' lang='lat' dir='ltr'>Christi.</span> 
     </span>
     <span class='ocr_line' id='line_1_9' title="bbox 59 589 2059 637; baseline -0.004 -9"><span class='ocrx_word' id='word_1_85' title='bbox 59 595 252 637; x_wconf 75' lang='lat' dir='ltr'><strong>blasphemi.</strong></span> <span class='ocrx_word' id='word_1_86' title='bbox 296 594 373 625; x_wconf 88' lang='lat' dir='ltr'>ldeo</span> <span class='ocrx_word' id='word_1_87' title='bbox 387 593 538 625; x_wconf 72' lang='lat' dir='ltr'>Christus</span> <span class='ocrx_word' id='word_1_88' title='bbox 561 602 681 633; x_wconf 85' lang='lat' dir='ltr'>magno</span> <span class='ocrx_word' id='word_1_89' title='bbox 706 602 779 624; x_wconf 91' lang='lat' dir='ltr'>cum</span> <span class='ocrx_word' id='word_1_90' title='bbox 803 591 888 630; x_wconf 85' lang='lat' dir='ltr'>zelo,</span> <span class='ocrx_word' id='word_1_91' title='bbox 911 601 1030 623; x_wconf 77' lang='lat' dir='ltr'>severe</span> <span class='ocrx_word' id='word_1_92' title='bbox 1167 592 1377 632; x_wconf 85' lang='lat' dir='ltr'>Respondeo.</span> <span class='ocrx_word' id='word_1_93' title='bbox 1422 591 1581 629; x_wconf 77' lang='lat' dir='ltr'>Primum,</span> <span class='ocrx_word' id='word_1_94' title='bbox 1604 590 1700 621; x_wconf 84' lang='lat' dir='ltr'>Moisi</span> <span class='ocrx_word' id='word_1_95' title='bbox 1731 590 1851 621; x_wconf 88' lang='lat' dir='ltr'>dictum</span> <span class='ocrx_word' id='word_1_96' title='bbox 1880 596 1930 621; x_wconf 86' lang='lat' dir='ltr'>est</span> <span class='ocrx_word' id='word_1_97' title='bbox 1953 589 2059 631; x_wconf 89' lang='lat' dir='ltr'>politi-</span> 
     </span>
     <span class='ocr_line' id='line_1_10' title="bbox 59 633 2059 676; baseline -0.003 -7"><span class='ocrx_word' id='word_1_98' title='bbox 59 645 173 670; x_wconf 82' lang='lat' dir='ltr'>contra</span> <span class='ocrx_word' id='word_1_99' title='bbox 207 647 266 668; x_wconf 88' lang='lat' dir='ltr'>eos</span> <span class='ocrx_word' id='word_1_100' title='bbox 289 637 376 676; x_wconf 72' lang='lat' dir='ltr'>agit,</span> <span class='ocrx_word' id='word_1_101' title='bbox 410 637 495 667; x_wconf 80' lang='lat' dir='ltr'>sicut</span> <span class='ocrx_word' id='word_1_102' title='bbox 533 634 719 676; x_wconf 82' lang='lat' dir='ltr'>Prophetae</span> <span class='ocrx_word' id='word_1_103' title='bbox 752 644 854 676; x_wconf 84' lang='lat' dir='ltr'>saepe</span> <span class='ocrx_word' id='word_1_104' title='bbox 888 634 1028 666; x_wconf 80' lang='lat' dir='ltr'>faciunt:</span> <span class='ocrx_word' id='word_1_105' title='bbox 1083 646 1168 667; x_wconf 87' lang='lat' dir='ltr'>cum.</span> <span class='ocrx_word' id='word_1_106' title='bbox 1191 634 1253 670; x_wconf 90' lang='lat' dir='ltr'>Qui</span> <span class='ocrx_word' id='word_1_107' title='bbox 1271 635 1440 666; x_wconf 77' lang='lat' dir='ltr'>instituunt</span> <span class='ocrx_word' id='word_1_108' title='bbox 1462 635 1559 665; x_wconf 85' lang='lat' dir='ltr'>vitam</span> <span class='ocrx_word' id='word_1_109' title='bbox 1583 640 1752 665; x_wconf 73' lang='lat' dir='ltr'><strong>externam</strong></span> <span class='ocrx_word' id='word_1_110' title='bbox 1765 633 1945 664; x_wconf 84' lang='lat' dir='ltr'>secundum</span> <span class='ocrx_word' id='word_1_111' title='bbox 1967 643 2059 674; x_wconf 82' lang='lat' dir='ltr'>prae-</span> 
     </span>
     <span class='ocr_line' id='line_1_11' title="bbox 60 672 2061 721; baseline -0.003 -9"><span class='ocrx_word' id='word_1_112' title='bbox 60 687 93 712; x_wconf 82' lang='lat' dir='ltr'>et</span> <span class='ocrx_word' id='word_1_113' title='bbox 126 680 276 721; x_wconf 80' lang='lat' dir='ltr'>Baptista</span> <span class='ocrx_word' id='word_1_114' title='bbox 312 672 460 710; x_wconf 72' lang='lat' dir='ltr'>nominat</span> <span class='ocrx_word' id='word_1_115' title='bbox 493 677 695 708; x_wconf 67' lang='lat' dir='ltr'>Pharisaeos</span> <span class='ocrx_word' id='word_1_116' title='bbox 740 678 902 719; x_wconf 80' lang='lat' dir='ltr'>genimina</span> <span class='ocrx_word' id='word_1_117' title='bbox 941 678 1030 718; x_wconf 88' lang='lat' dir='ltr'>vipe-</span> <span class='ocrx_word' id='word_1_118' title='bbox 1083 685 1178 718; x_wconf 88' lang='lat' dir='ltr'>cepta</span> <span class='ocrx_word' id='word_1_119' title='bbox 1200 677 1298 719; x_wconf 78' lang='lat' dir='ltr'>legis,</span> <span class='ocrx_word' id='word_1_120' title='bbox 1321 687 1387 709; x_wconf 88' lang='lat' dir='ltr'>non</span> <span class='ocrx_word' id='word_1_121' title='bbox 1398 678 1535 708; x_wconf 81' lang='lat' dir='ltr'>haerent</span> <span class='ocrx_word' id='word_1_122' title='bbox 1559 678 1590 707; x_wconf 90' lang='lat' dir='ltr'>in</span> <span class='ocrx_word' id='word_1_123' title='bbox 1613 676 1728 717; x_wconf 86' lang='lat' dir='ltr'>poenis</span> <span class='ocrx_word' id='word_1_124' title='bbox 1753 674 1904 716; x_wconf 83' lang='lat' dir='ltr'>politicis.</span> <span class='ocrx_word' id='word_1_125' title='bbox 1934 675 2061 707; x_wconf 84' lang='lat' dir='ltr'>Deinde</span> 
     </span>
     <span class='ocr_line' id='line_1_12' title="bbox 56 718 2060 759; baseline -0.002 -5"><span class='ocrx_word' id='word_1_126' title='bbox 56 733 177 755; x_wconf 81' lang='lat' dir='ltr'>rarum.</span> <span class='ocrx_word' id='word_1_127' title='bbox 1083 728 1113 752; x_wconf 92' lang='lat' dir='ltr'>et</span> <span class='ocrx_word' id='word_1_128' title='bbox 1137 720 1201 752; x_wconf 92' lang='lat' dir='ltr'>hoc</span> <span class='ocrx_word' id='word_1_129' title='bbox 1226 731 1336 751; x_wconf 80' lang='lat' dir='ltr'>verum</span> <span class='ocrx_word' id='word_1_130' title='bbox 1359 726 1425 751; x_wconf 78' lang='lat' dir='ltr'>est:</span> <span class='ocrx_word' id='word_1_131' title='bbox 1448 720 1483 750; x_wconf 92' lang='lat' dir='ltr'>Si</span> <span class='ocrx_word' id='word_1_132' title='bbox 1505 718 1701 751; x_wconf 74' lang='lat' dir='ltr'>haberemus</span> <span class='ocrx_word' id='word_1_133' title='bbox 1724 719 1877 750; x_wconf 87' lang='lat' dir='ltr'>iustitiam</span> <span class='ocrx_word' id='word_1_134' title='bbox 1900 719 2060 759; x_wconf 86' lang='lat' dir='ltr'>integram</span> 
     </span>
     <span class='ocr_line' id='line_1_13' title="bbox 142 759 2060 805; baseline -0.003 -8"><span class='ocrx_word' id='word_1_135' title='bbox 142 765 349 797; x_wconf 87' lang='lat' dir='ltr'>Sed-obiicio</span> <span class='ocrx_word' id='word_1_136' title='bbox 376 770 408 795; x_wconf 92' lang='lat' dir='ltr'>et</span> <span class='ocrx_word' id='word_1_137' title='bbox 435 761 522 794; x_wconf 88' lang='lat' dir='ltr'>aliud</span> <span class='ocrx_word' id='word_1_138' title='bbox 545 769 790 804; x_wconf 73' lang='lat' dir='ltr'>argumentum,</span> <span class='ocrx_word' id='word_1_139' title='bbox 814 773 879 805; x_wconf 88' lang='lat' dir='ltr'>quo</span> <span class='ocrx_word' id='word_1_140' title='bbox 902 762 1031 794; x_wconf 81' lang='lat' dir='ltr'>Arriani</span> <span class='ocrx_word' id='word_1_141' title='bbox 1083 762 1186 805; x_wconf 73' lang='lat' dir='ltr'>legis,</span> <span class='ocrx_word' id='word_1_142' title='bbox 1212 764 1396 794; x_wconf 82' lang='lat' dir='ltr'>viveremus</span> <span class='ocrx_word' id='word_1_143' title='bbox 1427 763 1458 793; x_wconf 92' lang='lat' dir='ltr'>in</span> <span class='ocrx_word' id='word_1_144' title='bbox 1488 772 1537 793; x_wconf 91' lang='lat' dir='ltr'>ea.</span> <span class='ocrx_word' id='word_1_145' title='bbox 1582 762 1686 793; x_wconf 84' lang='lat' dir='ltr'>Nemo</span> <span class='ocrx_word' id='word_1_146' title='bbox 1708 766 1816 792; x_wconf 82' lang='lat' dir='ltr'>autem</span> <span class='ocrx_word' id='word_1_147' title='bbox 1840 759 1919 793; x_wconf 86' lang='lat' dir='ltr'>facit</span> <span class='ocrx_word' id='word_1_148' title='bbox 1941 759 2060 803; x_wconf 72' lang='lat' dir='ltr'>legem,</span> 
     </span>
     <span class='ocr_line' id='line_1_14' title="bbox 58 804 2061 848; baseline -0.003 -8"><span class='ocrx_word' id='word_1_149' title='bbox 58 808 176 840; x_wconf 60' lang='lat' dir='ltr'>esthoc</span> <span class='ocrx_word' id='word_1_150' title='bbox 198 814 287 839; x_wconf 80' lang='lat' dir='ltr'>textu</span> <span class='ocrx_word' id='word_1_151' title='bbox 299 805 472 837; x_wconf 83' lang='lat' dir='ltr'>voluerunt</span> <span class='ocrx_word' id='word_1_152' title='bbox 485 804 904 847; x_wconf 83' lang='lat' dir='ltr'>probareinaequalitatem</span> <span class='ocrx_word' id='word_1_153' title='bbox 918 814 1031 836; x_wconf 88' lang='lat' dir='ltr'>essen·</span> <span class='ocrx_word' id='word_1_154' title='bbox 1082 807 1145 837; x_wconf 84' lang='lat' dir='ltr'>nisi</span> <span class='ocrx_word' id='word_1_155' title='bbox 1168 806 1281 848; x_wconf 88' lang='lat' dir='ltr'>agnito</span> <span class='ocrx_word' id='word_1_156' title='bbox 1315 805 1415 843; x_wconf 79' lang='lat' dir='ltr'>Filio,</span> <span class='ocrx_word' id='word_1_157' title='bbox 1443 811 1475 836; x_wconf 89' lang='lat' dir='ltr'>et</span> <span class='ocrx_word' id='word_1_158' title='bbox 1508 811 1616 836; x_wconf 83' lang='lat' dir='ltr'>tamen</span> <span class='ocrx_word' id='word_1_159' title='bbox 1639 804 1813 836; x_wconf 89' lang='lat' dir='ltr'>inchoatur</span> <span class='ocrx_word' id='word_1_160' title='bbox 1835 809 1960 835; x_wconf 81' lang='lat' dir='ltr'>tantum</span> <span class='ocrx_word' id='word_1_161' title='bbox 1983 804 2061 834; x_wconf 84' lang='lat' dir='ltr'>obe—</span> 
     </span>
     <span class='ocr_line' id='line_1_15' title="bbox 57 845 2060 890; baseline -0.003 -7"><span class='ocrx_word' id='word_1_162' title='bbox 57 851 122 883; x_wconf 87' lang='lat' dir='ltr'>tiae</span> <span class='ocrx_word' id='word_1_163' title='bbox 145 850 250 882; x_wconf 85' lang='lat' dir='ltr'>Patris</span> <span class='ocrx_word' id='word_1_164' title='bbox 272 855 303 880; x_wconf 88' lang='lat' dir='ltr'>et</span> <span class='ocrx_word' id='word_1_165' title='bbox 327 847 409 880; x_wconf 89' lang='lat' dir='ltr'>Filii.</span> <span class='ocrx_word' id='word_1_166' title='bbox 1083 849 1202 880; x_wconf 87' lang='lat' dir='ltr'>dientia</span> <span class='ocrx_word' id='word_1_167' title='bbox 1224 848 1303 882; x_wconf 85' lang='lat' dir='ltr'>fide:</span> <span class='ocrx_word' id='word_1_168' title='bbox 1335 855 1368 879; x_wconf 83' lang='lat' dir='ltr'>et</span> <span class='ocrx_word' id='word_1_169' title='bbox 1407 848 1556 890; x_wconf 74' lang='lat' dir='ltr'>quamvis</span> <span class='ocrx_word' id='word_1_170' title='bbox 1590 858 1656 878; x_wconf 90' lang='lat' dir='ltr'>non</span> <span class='ocrx_word' id='word_1_171' title='bbox 1688 846 1805 878; x_wconf 85' lang='lat' dir='ltr'>satisfit</span> <span class='ocrx_word' id='word_1_172' title='bbox 1838 845 1920 888; x_wconf 86' lang='lat' dir='ltr'>legi,</span> <span class='ocrx_word' id='word_1_173' title='bbox 1953 852 2060 878; x_wconf 89' lang='lat' dir='ltr'>tamen</span> 
     </span>
     <span class='ocr_line' id='line_1_16' title="bbox 141 888 2057 933; baseline -0.002 -10"><span class='ocrx_word' id='word_1_174' title='bbox 141 892 317 924; x_wconf 73' lang='lat' dir='ltr'>Honorum</span> <span class='ocrx_word' id='word_1_175' title='bbox 339 895 386 923; x_wconf 78' lang='lat' dir='ltr'>est</span> <span class='ocrx_word' id='word_1_176' title='bbox 408 892 512 922; x_wconf 77' lang='lat' dir='ltr'>minor</span> <span class='ocrx_word' id='word_1_177' title='bbox 533 890 710 922; x_wconf 75' lang='lat' dir='ltr'>lzonorato:</span> <span class='ocrx_word' id='word_1_178' title='bbox 1083 890 1191 933; x_wconf 80' lang='lat' dir='ltr'>placet</span> <span class='ocrx_word' id='word_1_179' title='bbox 1225 891 1410 922; x_wconf 81' lang='lat' dir='ltr'>obedientia</span> <span class='ocrx_word' id='word_1_180' title='bbox 1445 889 1503 922; x_wconf 89' lang='lat' dir='ltr'>illa</span> <span class='ocrx_word' id='word_1_181' title='bbox 1533 889 1687 922; x_wconf 87' lang='lat' dir='ltr'>inchoata</span> <span class='ocrx_word' id='word_1_182' title='bbox 1717 895 1852 930; x_wconf 86' lang='lat' dir='ltr'>propter</span> <span class='ocrx_word' id='word_1_183' title='bbox 1881 888 2057 920; x_wconf 83' lang='lat' dir='ltr'>Christum.</span> 
     </span>
     <span class='ocr_line' id='line_1_17' title="bbox 140 932 2062 975; baseline -0.002 -9"><span class='ocrx_word' id='word_1_184' title='bbox 140 934 288 967; x_wconf 64' lang='lat' dir='ltr'>christvm</span> <span class='ocrx_word' id='word_1_185' title='bbox 310 934 361 966; x_wconf 71' lang='lat' dir='ltr'>laic</span> <span class='ocrx_word' id='word_1_186' title='bbox 384 934 462 965; x_wconf 67' lang='lat' dir='ltr'>dicit</span> <span class='ocrx_word' id='word_1_187' title='bbox 484 943 518 965; x_wconf 78' lang='lat' dir='ltr'>se</span> <span class='ocrx_word' id='word_1_188' title='bbox 539 933 703 965; x_wconf 82' lang='lat' dir='ltr'>honorare</span> <span class='ocrx_word' id='word_1_189' title='bbox 724 932 873 965; x_wconf 78' lang='lat' dir='ltr'>Patrem:</span> <span class='ocrx_word' id='word_1_190' title='bbox 914 958 917 961; x_wconf 26' lang='grc' dir='ltr'><strong>Α</strong></span> <span class='ocrx_word' id='word_1_191' title='bbox 1084 934 1200 965; x_wconf 87' lang='lat' dir='ltr'>Sermo</span> <span class='ocrx_word' id='word_1_192' title='bbox 1224 933 1348 964; x_wconf 82' lang='lat' dir='ltr'>Christi</span> <span class='ocrx_word' id='word_1_193' title='bbox 1369 932 1505 975; x_wconf 85' lang='lat' dir='ltr'>intelligi</span> <span class='ocrx_word' id='word_1_194' title='bbox 1529 934 1627 964; x_wconf 89' lang='lat' dir='ltr'>debet</span> <span class='ocrx_word' id='word_1_195' title='bbox 1649 933 1690 963; x_wconf 90' lang='lat' dir='ltr'>de</span> <span class='ocrx_word' id='word_1_196' title='bbox 1718 932 1964 973; x_wconf 84' lang='lat' dir='ltr'>praedicatione</span> <span class='ocrx_word' id='word_1_197' title='bbox 1986 942 2062 973; x_wconf 89' lang='lat' dir='ltr'>pro-</span> 
     </span>
     <span class='ocr_line' id='line_1_18' title="bbox 141 974 2060 1019; baseline -0.002 -10"><span class='ocrx_word' id='word_1_198' title='bbox 141 977 229 1019; x_wconf 75' lang='lat' dir='ltr'>Eryo</span> <span class='ocrx_word' id='word_1_199' title='bbox 250 982 297 1009; x_wconf 80' lang='lat' dir='ltr'>est</span> <span class='ocrx_word' id='word_1_200' title='bbox 318 978 422 1008; x_wconf 80' lang='lat' dir='ltr'>mz‘nor</span> <span class='ocrx_word' id='word_1_201' title='bbox 444 976 554 1007; x_wconf 76' lang='lat' dir='ltr'>Patre.</span> <span class='ocrx_word' id='word_1_202' title='bbox 1084 977 1154 1018; x_wconf 89' lang='lat' dir='ltr'>pria</span> <span class='ocrx_word' id='word_1_203' title='bbox 1178 975 1247 1007; x_wconf 87' lang='lat' dir='ltr'>Filii</span> <span class='ocrx_word' id='word_1_204' title='bbox 1271 976 1342 1007; x_wconf 90' lang='lat' dir='ltr'>Dei.</span> <span class='ocrx_word' id='word_1_205' title='bbox 1394 976 1433 1007; x_wconf 88' lang='lat' dir='ltr'>Et</span> <span class='ocrx_word' id='word_1_206' title='bbox 1463 986 1600 1007; x_wconf 87' lang='lat' dir='ltr'>servare</span> <span class='ocrx_word' id='word_1_207' title='bbox 1628 985 1813 1007; x_wconf 86' lang='lat' dir='ltr'>sermonem</span> <span class='ocrx_word' id='word_1_208' title='bbox 1836 974 1971 1012; x_wconf 79' lang='lat' dir='ltr'>Christi,</span> <span class='ocrx_word' id='word_1_209' title='bbox 1994 984 2060 1006; x_wconf 87' lang='lat' dir='ltr'>non</span> 
     </span>
     <span class='ocr_line' id='line_1_19' title="bbox 140 1017 2061 1062; baseline -0.002 -10"><span class='ocrx_word' id='word_1_210' title='bbox 140 1019 340 1062; x_wconf 81' lang='lat' dir='ltr'>Respondeo</span> <span class='ocrx_word' id='word_1_211' title='bbox 363 1020 404 1051; x_wconf 90' lang='lat' dir='ltr'>ad</span> <span class='ocrx_word' id='word_1_212' title='bbox 417 1019 588 1056; x_wconf 78' lang='lat' dir='ltr'>Maiorem,</span> <span class='ocrx_word' id='word_1_213' title='bbox 613 1029 652 1050; x_wconf 78' lang='lat' dir='ltr'>ex</span> <span class='ocrx_word' id='word_1_214' title='bbox 676 1017 792 1060; x_wconf 83' lang='lat' dir='ltr'>regula</span> <span class='ocrx_word' id='word_1_215' title='bbox 811 1017 940 1060; x_wconf 83' lang='lat' dir='ltr'>Cyrilli:</span> <span class='ocrx_word' id='word_1_216' title='bbox 965 1017 1033 1048; x_wconf 91' lang='lat' dir='ltr'>Ho-</span> <span class='ocrx_word' id='word_1_217' title='bbox 1084 1026 1135 1050; x_wconf 85' lang='lat' dir='ltr'>est</span> <span class='ocrx_word' id='word_1_218' title='bbox 1158 1017 1405 1060; x_wconf 80' lang='lat' dir='ltr'>intellig-endum</span> <span class='ocrx_word' id='word_1_219' title='bbox 1427 1017 1590 1061; x_wconf 78' lang='lat' dir='ltr'>legaliter.</span> <span class='ocrx_word' id='word_1_220' title='bbox 1635 1018 1669 1049; x_wconf 88' lang='lat' dir='ltr'>ld</span> <span class='ocrx_word' id='word_1_221' title='bbox 1690 1017 1823 1059; x_wconf 83' lang='lat' dir='ltr'>prodest</span> <span class='ocrx_word' id='word_1_222' title='bbox 1849 1018 2061 1049; x_wconf 89' lang='lat' dir='ltr'>considerare</span> 
     </span>
     <span class='ocr_line' id='line_1_20' title="bbox 54 1060 1699 1111; baseline -0.002 -16"><span class='ocrx_word' id='word_1_223' title='bbox 54 1071 117 1095; x_wconf 72' lang='lat' dir='ltr'>um·</span> <span class='ocrx_word' id='word_1_224' title='bbox 138 1067 168 1094; x_wconf 84' lang='lat' dir='ltr'>et</span> <span class='ocrx_word' id='word_1_225' title='bbox 190 1063 369 1094; x_wconf 73' lang='lat' dir='ltr'>obedientia</span> <span class='ocrx_word' id='word_1_226' title='bbox 391 1071 454 1093; x_wconf 78' lang='lat' dir='ltr'>non</span> <span class='ocrx_word' id='word_1_227' title='bbox 473 1063 585 1093; x_wconf 80' lang='lat' dir='ltr'>tollunt</span> <span class='ocrx_word' id='word_1_228' title='bbox 610 1061 1032 1111; x_wconf 64' lang='lat' dir='ltr'>aequalitati-inpotentiae,</span> <span class='ocrx_word' id='word_1_229' title='bbox 1084 1063 1126 1093; x_wconf 88' lang='lat' dir='ltr'>ad</span> <span class='ocrx_word' id='word_1_230' title='bbox 1149 1060 1344 1093; x_wconf 78' lang='lat' dir='ltr'>solvendum</span> <span class='ocrx_word' id='word_1_231' title='bbox 1368 1061 1433 1092; x_wconf 89' lang='lat' dir='ltr'>hoc</span> <span class='ocrx_word' id='word_1_232' title='bbox 1456 1067 1699 1103; x_wconf 80' lang='lat' dir='ltr'>argumentum:</span> 
     </span>
     <span class='ocr_line' id='line_1_21' title="bbox 54 1103 2060 1163; baseline -0.002 -7"><span class='ocrx_word' id='word_1_233' title='bbox 54 1107 111 1138; x_wconf 65' lang='lat' dir='ltr'>‘ed</span> <span class='ocrx_word' id='word_1_234' title='bbox 139 1106 308 1137; x_wconf 60' lang='lat' dir='ltr'>⁰⁸te⁷¹d²¹⁷¹t</span> <span class='ocrx_word' id='word_1_235' title='bbox 341 1106 484 1163; x_wconf 43' lang='lat' dir='ltr'><em>‘’rdmef&#39;l</em></span> <span class='ocrx_word' id='word_1_236' title='bbox 514 1114 737 1155; x_wconf 42' lang='lat' dir='ltr'>&#39;&#39;alwnafflm&#39;</span> <span class='ocrx_word' id='word_1_237' title='bbox 794 1103 895 1135; x_wconf 71' lang='lat' dir='ltr'>F¹l¹¹¹⁵</span> <span class='ocrx_word' id='word_1_238' title='bbox 929 1110 979 1134; x_wconf 50' lang='grc' dir='ltr'>(Ν</span> <span class='ocrx_word' id='word_1_239' title='bbox 1013 1113 1032 1134; x_wconf 74' lang='lat' dir='ltr'>a</span> <span class='ocrx_word' id='word_1_240' title='bbox 1131 1121 1265 1152; x_wconf 61' lang='lat' dir='ltr'>&#39;santum</span> <span class='ocrx_word' id='word_1_241' title='bbox 1287 1125 1454 1152; x_wconf 66' lang='lat' dir='ltr'>soe-mutes</span> <span class='ocrx_word' id='word_1_242' title='bbox 1477 1121 1602 1153; x_wconf 76' lang='lat' dir='ltr'>Christi</span> <span class='ocrx_word' id='word_1_243' title='bbox 1626 1131 1809 1158; x_wconf 67' lang='lat' dir='ltr'>smvnonem,</span> <span class='ocrx_word' id='word_1_244' title='bbox 1837 1129 1899 1151; x_wconf 76' lang='lat' dir='ltr'>uon</span> <span class='ocrx_word' id='word_1_245' title='bbox 1923 1121 2060 1151; x_wconf 71' lang='lat' dir='ltr'>moriun-</span> 
     </span>
     <span class='ocr_line' id='line_1_22' title="bbox 55 1145 1285 1194; baseline -0.003 -14"><span class='ocrx_word' id='word_1_246' title='bbox 55 1148 171 1185; x_wconf 85' lang='lat' dir='ltr'>Patre3</span> <span class='ocrx_word' id='word_1_247' title='bbox 193 1147 293 1179; x_wconf 84' lang='lat' dir='ltr'>Pater</span> <span class='ocrx_word' id='word_1_248' title='bbox 327 1159 391 1179; x_wconf 91' lang='lat' dir='ltr'>non</span> <span class='ocrx_word' id='word_1_249' title='bbox 429 1154 480 1178; x_wconf 72' lang='lat' dir='ltr'>est</span> <span class='ocrx_word' id='word_1_250' title='bbox 503 1157 522 1178; x_wconf 87' lang='lat' dir='ltr'>a</span> <span class='ocrx_word' id='word_1_251' title='bbox 545 1146 642 1185; x_wconf 76' lang='lat' dir='ltr'>Filio,</span> <span class='ocrx_word' id='word_1_252' title='bbox 667 1148 741 1178; x_wconf 78' lang='lat' dir='ltr'>ideo</span> <span class='ocrx_word' id='word_1_253' title='bbox 764 1145 866 1177; x_wconf 82' lang='lat' dir='ltr'>Filius</span> <span class='ocrx_word' id='word_1_254' title='bbox 889 1145 1033 1177; x_wconf 89' lang='lat' dir='ltr'>honorat</span> <span class='ocrx_word' id='word_1_255' title='bbox 1214 1167 1285 1194; x_wconf 55' lang='lat' dir='ltr'>tm„</span> 
     </span>
     <span class='ocr_line' id='line_1_23' title="bbox 55 1187 1715 1238; baseline 0 -16"><span class='ocrx_word' id='word_1_256' title='bbox 55 1191 202 1229; x_wconf 76' lang='lat' dir='ltr'>Patrem‚</span> <span class='ocrx_word' id='word_1_257' title='bbox 244 1192 320 1232; x_wconf 86' lang='lat' dir='ltr'>quia</span> <span class='ocrx_word' id='word_1_258' title='bbox 360 1189 424 1221; x_wconf 92' lang='lat' dir='ltr'>hoc</span> <span class='ocrx_word' id='word_1_259' title='bbox 467 1196 579 1227; x_wconf 81' lang='lat' dir='ltr'>totum,</span> <span class='ocrx_word' id='word_1_260' title='bbox 623 1190 711 1231; x_wconf 89' lang='lat' dir='ltr'>quod</span> <span class='ocrx_word' id='word_1_261' title='bbox 746 1189 848 1220; x_wconf 84' lang='lat' dir='ltr'>Filius</span> <span class='ocrx_word' id='word_1_262' title='bbox 891 1196 959 1226; x_wconf 83' lang='lat' dir='ltr'>est,</span> <span class='ocrx_word' id='word_1_263' title='bbox 999 1195 1030 1219; x_wconf 91' lang='lat' dir='ltr'>et</span> <span class='ocrx_word' id='word_1_264' title='bbox 1127 1189 1229 1237; x_wconf 57' lang='lat' dir='ltr'>Nfflm&#39;,</span> <span class='ocrx_word' id='word_1_265' title='bbox 1250 1187 1361 1237; x_wconf 43' lang='lat' dir='ltr'>sgrmt</span> <span class='ocrx_word' id='word_1_266' title='bbox 1379 1216 1552 1238; x_wconf 59' lang='lat' dir='ltr'><em>sermonem</em></span> <span class='ocrx_word' id='word_1_267' title='bbox 1575 1206 1715 1238; x_wconf 49' lang='lat' dir='ltr'>cvm-515.</span> 
     </span>
     <span class='ocr_line' id='line_1_24' title="bbox 51 1229 1713 1275; baseline -0.004 -9"><span class='ocrx_word' id='word_1_268' title='bbox 51 1235 141 1275; x_wconf 75' lang='lat' dir='ltr'>quod</span> <span class='ocrx_word' id='word_1_269' title='bbox 170 1233 264 1265; x_wconf 89' lang='lat' dir='ltr'>Deus</span> <span class='ocrx_word' id='word_1_270' title='bbox 292 1239 358 1270; x_wconf 86' lang='lat' dir='ltr'>est,</span> <span class='ocrx_word' id='word_1_271' title='bbox 391 1231 489 1263; x_wconf 78' lang='lat' dir='ltr'>habet</span> <span class='ocrx_word' id='word_1_272' title='bbox 518 1242 536 1262; x_wconf 87' lang='lat' dir='ltr'>a</span> <span class='ocrx_word' id='word_1_273' title='bbox 566 1231 662 1263; x_wconf 79' lang='lat' dir='ltr'>Patre</span> <span class='ocrx_word' id='word_1_274' title='bbox 692 1242 752 1273; x_wconf 87' lang='lat' dir='ltr'>per</span> <span class='ocrx_word' id='word_1_275' title='bbox 784 1232 1031 1273; x_wconf 83' lang='lat' dir='ltr'>generationem</span> <span class='ocrx_word' id='word_1_276' title='bbox 1655 1230 1661 1237; x_wconf 97' lang='grc'><em>“</em></span> <span class='ocrx_word' id='word_1_277' title='bbox 1705 1229 1713 1237; x_wconf 85' lang='lat'><strong>‘</strong></span> 
     </span>
     <span class='ocr_line' id='line_1_25' title="bbox 53 1273 2061 1316; baseline -0.001 -9"><span class='ocrx_word' id='word_1_278' title='bbox 53 1281 230 1307; x_wconf 82' lang='lat' dir='ltr'>aeternam.</span> <span class='ocrx_word' id='word_1_279' title='bbox 275 1275 404 1306; x_wconf 85' lang='lat' dir='ltr'>Deinde</span> <span class='ocrx_word' id='word_1_280' title='bbox 427 1275 558 1306; x_wconf 79' lang='lat' dir='ltr'>subiicit</span> <span class='ocrx_word' id='word_1_281' title='bbox 586 1285 622 1305; x_wconf 80' lang='lat' dir='ltr'>se</span> <span class='ocrx_word' id='word_1_282' title='bbox 643 1274 730 1306; x_wconf 80' lang='lat' dir='ltr'>Patri</span> <span class='ocrx_word' id='word_1_283' title='bbox 754 1281 918 1315; x_wconf 74' lang='lat' dir='ltr'>tamquam</span> <span class='ocrx_word' id='word_1_284' title='bbox 941 1273 1031 1316; x_wconf 86' lang='lat' dir='ltr'>lega·</span> <span class='ocrx_word' id='word_1_285' title='bbox 1170 1275 1257 1316; x_wconf 65' lang='lat' dir='ltr'>Ergo</span> <span class='ocrx_word' id='word_1_286' title='bbox 1286 1285 1374 1306; x_wconf 66' lang='grc' dir='ltr'><em>ηνηιο</em></span> <span class='ocrx_word' id='word_1_287' title='bbox 1402 1284 1463 1306; x_wconf 75' lang='lat' dir='ltr'>non</span> <span class='ocrx_word' id='word_1_288' title='bbox 1487 1276 1640 1306; x_wconf 79' lang='lat' dir='ltr'>moritur:</span> <span class='ocrx_word' id='word_1_289' title='bbox 1673 1281 1717 1313; x_wconf 85' lang='lat' dir='ltr'>et,</span> <span class='ocrx_word' id='word_1_290' title='bbox 1751 1285 1810 1316; x_wconf 91' lang='lat' dir='ltr'>per</span> <span class='ocrx_word' id='word_1_291' title='bbox 1841 1282 2061 1316; x_wconf 80' lang='lat' dir='ltr'>consequens,</span> 
     </span>
     <span class='ocr_line' id='line_1_26' title="bbox 52 1317 2060 1359; baseline -0.001 -10"><span class='ocrx_word' id='word_1_292' title='bbox 52 1326 116 1356; x_wconf 74' lang='lat' dir='ltr'>tus,</span> <span class='ocrx_word' id='word_1_293' title='bbox 138 1319 170 1350; x_wconf 88' lang='lat' dir='ltr'>id</span> <span class='ocrx_word' id='word_1_294' title='bbox 200 1324 267 1356; x_wconf 84' lang='lat' dir='ltr'>est,</span> <span class='ocrx_word' id='word_1_295' title='bbox 298 1324 462 1359; x_wconf 82' lang='lat' dir='ltr'>tamquam</span> <span class='ocrx_word' id='word_1_296' title='bbox 490 1318 650 1348; x_wconf 77' lang='lat' dir='ltr'>mediator</span> <span class='ocrx_word' id='word_1_297' title='bbox 672 1318 872 1349; x_wconf 83' lang='lat' dir='ltr'>constitutus</span> <span class='ocrx_word' id='word_1_298' title='bbox 895 1317 1030 1348; x_wconf 85' lang='lat' dir='ltr'>decreto</span> <span class='ocrx_word' id='word_1_299' title='bbox 1083 1318 1206 1350; x_wconf 87' lang='lat' dir='ltr'>irritum</span> <span class='ocrx_word' id='word_1_300' title='bbox 1230 1326 1278 1349; x_wconf 82' lang='lat' dir='ltr'>est</span> <span class='ocrx_word' id='word_1_301' title='bbox 1305 1318 1369 1350; x_wconf 93' lang='lat' dir='ltr'>hoc</span> <span class='ocrx_word' id='word_1_302' title='bbox 1393 1319 1527 1356; x_wconf 78' lang='lat' dir='ltr'>dictum,</span> <span class='ocrx_word' id='word_1_303' title='bbox 1551 1328 1611 1349; x_wconf 85' lang='lat' dir='ltr'>seu</span> <span class='ocrx_word' id='word_1_304' title='bbox 1633 1319 1674 1349; x_wconf 82' lang='lat' dir='ltr'>ad</span> <span class='ocrx_word' id='word_1_305' title='bbox 1698 1319 1858 1349; x_wconf 87' lang='lat' dir='ltr'>neminem</span> <span class='ocrx_word' id='word_1_306' title='bbox 1881 1318 2060 1359; x_wconf 83' lang='lat' dir='ltr'>pertinens.</span> 
     </span>
     <span class='ocr_line' id='line_1_27' title="bbox 50 1358 2057 1402; baseline -0 -10"><span class='ocrx_word' id='word_1_307' title='bbox 50 1360 126 1399; x_wconf 88' lang='lat' dir='ltr'>Dei,</span> <span class='ocrx_word' id='word_1_308' title='bbox 148 1367 183 1391; x_wconf 85' lang='lat' dir='ltr'>ut</span> <span class='ocrx_word' id='word_1_309' title='bbox 206 1358 313 1391; x_wconf 75' lang='lat' dir='ltr'>solvat</span> <span class='ocrx_word' id='word_1_310' title='bbox 337 1361 442 1401; x_wconf 73' lang='grc' dir='ltr'><em>λύτρον</em></span> <span class='ocrx_word' id='word_1_311' title='bbox 464 1370 523 1401; x_wconf 86' lang='lat' dir='ltr'>pro</span> <span class='ocrx_word' id='word_1_312' title='bbox 547 1370 670 1401; x_wconf 84' lang='lat' dir='ltr'>genere</span> <span class='ocrx_word' id='word_1_313' title='bbox 691 1360 835 1391; x_wconf 91' lang='lat' dir='ltr'>humano</span> <span class='ocrx_word' id='word_1_314' title='bbox 868 1358 975 1400; x_wconf 79' lang='lat' dir='ltr'>lapso.</span> <span class='ocrx_word' id='word_1_315' title='bbox 1169 1362 1276 1401; x_wconf 87' lang='lat' dir='ltr'>Saepe</span> <span class='ocrx_word' id='word_1_316' title='bbox 1298 1360 1375 1392; x_wconf 81' lang='lat' dir='ltr'>alibi</span> <span class='ocrx_word' id='word_1_317' title='bbox 1399 1361 1532 1402; x_wconf 86' lang='lat' dir='ltr'>ponitur</span> <span class='ocrx_word' id='word_1_318' title='bbox 1555 1361 1669 1392; x_wconf 86' lang='lat' dir='ltr'>eadem</span> <span class='ocrx_word' id='word_1_319' title='bbox 1681 1360 1832 1392; x_wconf 76' lang='lat' dir='ltr'>Phi-asisz</span> <span class='ocrx_word' id='word_1_320' title='bbox 1857 1366 1902 1398; x_wconf 72' lang='lat' dir='ltr'>ut,</span> <span class='ocrx_word' id='word_1_321' title='bbox 1926 1360 1966 1392; x_wconf 75' lang='lat' dir='ltr'>Si</span> <span class='ocrx_word' id='word_1_322' title='bbox 1986 1361 2057 1401; x_wconf 74' lang='lat' dir='ltr'>quis</span> 
     </span>
     <span class='ocr_line' id='line_1_28' title="bbox 138 1401 2059 1445; baseline 0 -11"><span class='ocrx_word' id='word_1_323' title='bbox 138 1402 219 1434; x_wconf 90' lang='lat' dir='ltr'>Cum</span> <span class='ocrx_word' id='word_1_324' title='bbox 243 1409 351 1433; x_wconf 88' lang='lat' dir='ltr'>autem</span> <span class='ocrx_word' id='word_1_325' title='bbox 374 1401 535 1439; x_wconf 45' lang='lat' dir='ltr'>homine-z</span> <span class='ocrx_word' id='word_1_326' title='bbox 568 1408 600 1433; x_wconf 85' lang='lat' dir='ltr'>et</span> <span class='ocrx_word' id='word_1_327' title='bbox 624 1403 814 1443; x_wconf 79' lang='lat' dir='ltr'>praesertim</span> <span class='ocrx_word' id='word_1_328' title='bbox 845 1401 901 1433; x_wconf 86' lang='lat' dir='ltr'>illc</span> <span class='ocrx_word' id='word_1_329' title='bbox 928 1413 1031 1443; x_wconf 91' lang='lat' dir='ltr'>popu·</span> <span class='ocrx_word' id='word_1_330' title='bbox 1082 1414 1255 1436; x_wconf 62' lang='lat' dir='ltr'>sennonem</span> <span class='ocrx_word' id='word_1_331' title='bbox 1279 1415 1375 1435; x_wconf 84' lang='lat' dir='ltr'>meum</span> <span class='ocrx_word' id='word_1_332' title='bbox 1397 1404 1551 1441; x_wconf 72' lang='lat' dir='ltr'>servabit,</span> <span class='ocrx_word' id='word_1_333' title='bbox 1573 1408 1670 1444; x_wconf 82' lang='lat' dir='ltr'>pater</span> <span class='ocrx_word' id='word_1_334' title='bbox 1687 1414 1772 1435; x_wconf 77' lang='lat' dir='ltr'>meus</span> <span class='ocrx_word' id='word_1_335' title='bbox 1783 1404 2059 1445; x_wconf 55' lang='lat' dir='ltr'>dz‘lzjqetmnmetc.</span> 
     </span>
     <span class='ocr_line' id='line_1_29' title="bbox 51 1443 2060 1488; baseline 0 -12"><span class='ocrx_word' id='word_1_336' title='bbox 51 1445 117 1484; x_wconf 83' lang='lat' dir='ltr'>lus,</span> <span class='ocrx_word' id='word_1_337' title='bbox 139 1455 236 1487; x_wconf 91' lang='lat' dir='ltr'>quem</span> <span class='ocrx_word' id='word_1_338' title='bbox 249 1444 349 1476; x_wconf 85' lang='lat' dir='ltr'>Filius</span> <span class='ocrx_word' id='word_1_339' title='bbox 374 1444 519 1487; x_wconf 81' lang='lat' dir='ltr'>elegerat</span> <span class='ocrx_word' id='word_1_340' title='bbox 538 1445 601 1475; x_wconf 80' lang='lat' dir='ltr'>sibi</span> <span class='ocrx_word' id='word_1_341' title='bbox 624 1446 654 1476; x_wconf 92' lang='lat' dir='ltr'>in</span> <span class='ocrx_word' id='word_1_342' title='bbox 667 1444 842 1486; x_wconf 88' lang='lat' dir='ltr'>peculium,</span> <span class='ocrx_word' id='word_1_343' title='bbox 865 1443 1031 1487; x_wconf 82' lang='lat' dir='ltr'>obligatus</span> <span class='ocrx_word' id='word_1_344' title='bbox 1083 1446 1201 1479; x_wconf 84' lang='lat' dir='ltr'>Nullus</span> <span class='ocrx_word' id='word_1_345' title='bbox 1226 1447 1360 1488; x_wconf 77' lang='lat' dir='ltr'>Papista</span> <span class='ocrx_word' id='word_1_346' title='bbox 1381 1457 1523 1488; x_wconf 88' lang='lat' dir='ltr'>unquam</span> <span class='ocrx_word' id='word_1_347' title='bbox 1546 1452 1598 1478; x_wconf 88' lang='lat' dir='ltr'>est</span> <span class='ocrx_word' id='word_1_348' title='bbox 1620 1453 1710 1478; x_wconf 88' lang='lat' dir='ltr'>recte</span> <span class='ocrx_word' id='word_1_349' title='bbox 1731 1447 1982 1487; x_wconf 76' lang='lat' dir='ltr'>interpretatus,</span> <span class='ocrx_word' id='word_1_350' title='bbox 2005 1456 2060 1477; x_wconf 90' lang='lat' dir='ltr'>ne-</span> 
     </span>
     <span class='ocr_line' id='line_1_30' title="bbox 51 1486 2060 1531; baseline -0 -10"><span class='ocrx_word' id='word_1_351' title='bbox 51 1498 129 1520; x_wconf 81' lang='lat' dir='ltr'>esse</span> <span class='ocrx_word' id='word_1_352' title='bbox 156 1488 274 1519; x_wconf 85' lang='lat' dir='ltr'>debeat</span> <span class='ocrx_word' id='word_1_353' title='bbox 301 1488 343 1519; x_wconf 81' lang='lat' dir='ltr'>ad</span> <span class='ocrx_word' id='word_1_354' title='bbox 374 1486 488 1519; x_wconf 81' lang='lat' dir='ltr'>Filium</span> <span class='ocrx_word' id='word_1_355' title='bbox 521 1488 666 1519; x_wconf 85' lang='lat' dir='ltr'>vicissim</span> <span class='ocrx_word' id='word_1_356' title='bbox 696 1488 941 1519; x_wconf 90' lang='lat' dir='ltr'>honorandum:</span> <span class='ocrx_word' id='word_1_357' title='bbox 976 1498 1031 1519; x_wconf 87' lang='lat' dir='ltr'>ex·</span> <span class='ocrx_word' id='word_1_358' title='bbox 1084 1500 1147 1531; x_wconf 89' lang='lat' dir='ltr'>que</span> <span class='ocrx_word' id='word_1_359' title='bbox 1169 1496 1278 1530; x_wconf 82' lang='lat' dir='ltr'>potest</span> <span class='ocrx_word' id='word_1_360' title='bbox 1302 1496 1392 1521; x_wconf 88' lang='lat' dir='ltr'>recte</span> <span class='ocrx_word' id='word_1_361' title='bbox 1415 1489 1630 1530; x_wconf 84' lang='lat' dir='ltr'>interpretari.</span> <span class='ocrx_word' id='word_1_362' title='bbox 1675 1490 1741 1521; x_wconf 90' lang='lat' dir='ltr'>Sed</span> <span class='ocrx_word' id='word_1_363' title='bbox 1765 1490 1965 1530; x_wconf 79' lang='lat' dir='ltr'>respondeo:</span> <span class='ocrx_word' id='word_1_364' title='bbox 2001 1488 2060 1520; x_wconf 76' lang='lat' dir='ltr'>dis-</span> 
     </span>
     <span class='ocr_line' id='line_1_31' title="bbox 50 1529 2060 1575; baseline 0 -14"><span class='ocrx_word' id='word_1_365' title='bbox 50 1529 199 1571; x_wconf 79' lang='lat' dir='ltr'>postulat</span> <span class='ocrx_word' id='word_1_366' title='bbox 221 1530 375 1562; x_wconf 81' lang='lat' dir='ltr'>Christus</span> <span class='ocrx_word' id='word_1_367' title='bbox 399 1540 473 1561; x_wconf 89' lang='lat' dir='ltr'>cum</span> <span class='ocrx_word' id='word_1_368' title='bbox 498 1529 626 1561; x_wconf 87' lang='lat' dir='ltr'>ludaeis</span> <span class='ocrx_word' id='word_1_369' title='bbox 649 1531 783 1568; x_wconf 82' lang='lat' dir='ltr'>merito,</span> <span class='ocrx_word' id='word_1_370' title='bbox 806 1531 893 1571; x_wconf 91' lang='lat' dir='ltr'>quod</span> <span class='ocrx_word' id='word_1_371' title='bbox 918 1536 1031 1561; x_wconf 87' lang='lat' dir='ltr'>contu·</span> <span class='ocrx_word' id='word_1_372' title='bbox 1083 1533 1191 1564; x_wconf 86' lang='lat' dir='ltr'>serunt</span> <span class='ocrx_word' id='word_1_373' title='bbox 1230 1532 1316 1563; x_wconf 79' lang='lat' dir='ltr'>dicta</span> <span class='ocrx_word' id='word_1_374' title='bbox 1349 1531 1487 1575; x_wconf 87' lang='lat' dir='ltr'>legalia,</span> <span class='ocrx_word' id='word_1_375' title='bbox 1521 1539 1553 1563; x_wconf 88' lang='lat' dir='ltr'>et</span> <span class='ocrx_word' id='word_1_376' title='bbox 1595 1532 1681 1563; x_wconf 84' lang='lat' dir='ltr'>dicta</span> <span class='ocrx_word' id='word_1_377' title='bbox 1718 1531 1932 1574; x_wconf 86' lang='lat' dir='ltr'>Evangelica.</span> <span class='ocrx_word' id='word_1_378' title='bbox 1988 1531 2060 1563; x_wconf 86' lang='lat' dir='ltr'>Hoc</span> 
     </span>
     <span class='ocr_line' id='line_1_32' title="bbox 51 1570 2059 1615; baseline 0.001 -12"><span class='ocrx_word' id='word_1_379' title='bbox 51 1571 145 1604; x_wconf 88' lang='lat' dir='ltr'>melia</span> <span class='ocrx_word' id='word_1_380' title='bbox 178 1573 283 1613; x_wconf 79' lang='lat' dir='ltr'>ipsum</span> <span class='ocrx_word' id='word_1_381' title='bbox 317 1570 473 1603; x_wconf 84' lang='lat' dir='ltr'>afficiant.</span> <span class='ocrx_word' id='word_1_382' title='bbox 536 1571 610 1610; x_wconf 80' lang='lat' dir='ltr'>Vos,</span> <span class='ocrx_word' id='word_1_383' title='bbox 643 1574 757 1615; x_wconf 87' lang='lat' dir='ltr'>inquit,</span> <span class='ocrx_word' id='word_1_384' title='bbox 780 1573 952 1614; x_wconf 66' lang='lat' dir='ltr'>zyumm&#39;nia</span> <span class='ocrx_word' id='word_1_385' title='bbox 985 1583 1032 1604; x_wconf 82' lang='lat' dir='ltr'>me</span> <span class='ocrx_word' id='word_1_386' title='bbox 1085 1576 1219 1606; x_wconf 87' lang='lat' dir='ltr'>dictum:</span> <span class='ocrx_word' id='word_1_387' title='bbox 1262 1575 1328 1613; x_wconf 73' lang='lat' dir='ltr'>Qui</span> <span class='ocrx_word' id='word_1_388' title='bbox 1357 1579 1466 1607; x_wconf 69' lang='lat' dir='ltr'>serent</span> <span class='ocrx_word' id='word_1_389' title='bbox 1500 1585 1600 1606; x_wconf 80' lang='lat' dir='ltr'>meum</span> <span class='ocrx_word' id='word_1_390' title='bbox 1632 1585 1826 1613; x_wconf 79' lang='lat' dir='ltr'>sermonem,</span> <span class='ocrx_word' id='word_1_391' title='bbox 1854 1582 1904 1606; x_wconf 89' lang='lat' dir='ltr'>est</span> <span class='ocrx_word' id='word_1_392' title='bbox 1939 1575 2059 1606; x_wconf 82' lang='lat' dir='ltr'>dictum</span> 
     </span>
     <span class='ocr_line' id='line_1_33' title="bbox 49 1613 2058 1659; baseline 0 -14"><span class='ocrx_word' id='word_1_393' title='bbox 49 1613 196 1657; x_wconf 56' lang='lat' dir='ltr'>officinis,</span> <span class='ocrx_word' id='word_1_394' title='bbox 221 1613 347 1646; x_wconf 77' lang='lat' dir='ltr'>seilicet</span> <span class='ocrx_word' id='word_1_395' title='bbox 371 1615 532 1646; x_wconf 83' lang='lat' dir='ltr'>conviciis</span> <span class='ocrx_word' id='word_1_396' title='bbox 556 1616 629 1645; x_wconf 83' lang='lat' dir='ltr'>istis</span> <span class='ocrx_word' id='word_1_397' title='bbox 642 1616 776 1653; x_wconf 74' lang='lat' dir='ltr'>vestris,</span> <span class='ocrx_word' id='word_1_398' title='bbox 801 1621 832 1646; x_wconf 90' lang='lat' dir='ltr'>et</span> <span class='ocrx_word' id='word_1_399' title='bbox 856 1616 931 1656; x_wconf 83' lang='lat' dir='ltr'>quia</span> <span class='ocrx_word' id='word_1_400' title='bbox 954 1625 1031 1647; x_wconf 88' lang='lat' dir='ltr'>con-</span> <span class='ocrx_word' id='word_1_401' title='bbox 1083 1616 1330 1659; x_wconf 74' lang='lat' dir='ltr'>Evangelicum,</span> <span class='ocrx_word' id='word_1_402' title='bbox 1355 1629 1419 1649; x_wconf 90' lang='lat' dir='ltr'>non</span> <span class='ocrx_word' id='word_1_403' title='bbox 1433 1625 1484 1649; x_wconf 76' lang='lat' dir='ltr'>est</span> <span class='ocrx_word' id='word_1_404' title='bbox 1496 1618 1616 1649; x_wconf 89' lang='lat' dir='ltr'>dictum</span> <span class='ocrx_word' id='word_1_405' title='bbox 1634 1617 1759 1657; x_wconf 80' lang='grc' dir='ltr'><em>νομικὸν,</em></span> <span class='ocrx_word' id='word_1_406' title='bbox 1784 1617 1878 1659; x_wconf 86' lang='lat' dir='ltr'>quale</span> <span class='ocrx_word' id='word_1_407' title='bbox 1891 1624 1940 1649; x_wconf 82' lang='lat' dir='ltr'>est</span> <span class='ocrx_word' id='word_1_408' title='bbox 1962 1616 2058 1648; x_wconf 88' lang='lat' dir='ltr'>illud:</span> 
     </span>
     <span class='ocr_line' id='line_1_34' title="bbox 50 1657 2060 1701; baseline 0.001 -12"><span class='ocrx_word' id='word_1_409' title='bbox 50 1657 192 1689; x_wconf 87' lang='lat' dir='ltr'>temnitis</span> <span class='ocrx_word' id='word_1_410' title='bbox 215 1667 399 1689; x_wconf 79' lang='lat' dir='ltr'>sermonem</span> <span class='ocrx_word' id='word_1_411' title='bbox 423 1668 540 1688; x_wconf 89' lang='lat' dir='ltr'>meum.</span> <span class='ocrx_word' id='word_1_412' title='bbox 573 1657 693 1689; x_wconf 77' lang='lat' dir='ltr'>Postea</span> <span class='ocrx_word' id='word_1_413' title='bbox 716 1659 858 1689; x_wconf 84' lang='lat' dir='ltr'>minatur</span> <span class='ocrx_word' id='word_1_414' title='bbox 881 1659 929 1689; x_wconf 84' lang='lat' dir='ltr'>eis</span> <span class='ocrx_word' id='word_1_415' title='bbox 951 1659 1030 1689; x_wconf 88' lang='lat' dir='ltr'>iudi·</span> <span class='ocrx_word' id='word_1_416' title='bbox 1083 1661 1280 1692; x_wconf 71' lang='lat' dir='ltr'>lllalt’tlz‘crus</span> <span class='ocrx_word' id='word_1_417' title='bbox 1313 1662 1415 1692; x_wconf 64' lang='lat' dir='ltr'>ommls&#39;</span> <span class='ocrx_word' id='word_1_418' title='bbox 1437 1662 1492 1701; x_wconf 74' lang='lat' dir='ltr'>qus</span> <span class='ocrx_word' id='word_1_419' title='bbox 1522 1670 1585 1692; x_wconf 78' lang='lat' dir='ltr'>non</span> <span class='ocrx_word' id='word_1_420' title='bbox 1605 1662 1823 1700; x_wconf 73' lang='lat' dir='ltr'>permanserit</span> <span class='ocrx_word' id='word_1_421' title='bbox 1863 1662 1895 1691; x_wconf 73' lang='lat'>2⁶71</span> <span class='ocrx_word' id='word_1_422' title='bbox 1918 1661 2060 1692; x_wconf 68' lang='lat' dir='ltr'>omnibus</span> 
     </span>
     <span class='ocr_line' id='line_1_35' title="bbox 50 1699 2057 1745; baseline 0.002 -14"><span class='ocrx_word' id='word_1_423' title='bbox 50 1701 137 1731; x_wconf 89' lang='lat' dir='ltr'>cium</span> <span class='ocrx_word' id='word_1_424' title='bbox 159 1699 233 1732; x_wconf 85' lang='lat' dir='ltr'>Dei.</span> <span class='ocrx_word' id='word_1_425' title='bbox 278 1700 346 1741; x_wconf 71' lang='lat' dir='ltr'>Eyo</span> <span class='ocrx_word' id='word_1_426' title='bbox 380 1703 412 1731; x_wconf 84' lang='lat' dir='ltr'>in</span> <span class='ocrx_word' id='word_1_427' title='bbox 433 1701 602 1740; x_wconf 79' lang='lat' dir='ltr'>praesenti</span> <span class='ocrx_word' id='word_1_428' title='bbox 625 1702 792 1732; x_wconf 63' lang='lat' dir='ltr'>vocatione</span> <span class='ocrx_word' id='word_1_429' title='bbox 820 1709 881 1731; x_wconf 78' lang='lat' dir='ltr'>non</span> <span class='ocrx_word' id='word_1_430' title='bbox 909 1710 1030 1741; x_wconf 79' lang='lat' dir='ltr'>quaero</span> <span class='ocrx_word' id='word_1_431' title='bbox 1083 1713 1165 1744; x_wconf 68' lang='lat' dir='ltr'>quae</span> <span class='ocrx_word' id='word_1_432' title='bbox 1186 1704 1311 1743; x_wconf 73' lang='lat' dir='ltr'>scripta</span> <span class='ocrx_word' id='word_1_433' title='bbox 1334 1708 1407 1734; x_wconf 65' lang='lat' dir='ltr'>sunt</span> <span class='ocrx_word' id='word_1_434' title='bbox 1436 1705 1467 1734; x_wconf 78' lang='lat' dir='ltr'>in</span> <span class='ocrx_word' id='word_1_435' title='bbox 1491 1704 1566 1744; x_wconf 70' lang='lat' dir='ltr'>(eye.</span> <span class='ocrx_word' id='word_1_436' title='bbox 1611 1703 1702 1735; x_wconf 86' lang='lat' dir='ltr'>Haec</span> <span class='ocrx_word' id='word_1_437' title='bbox 1732 1710 1781 1734; x_wconf 70' lang='lat' dir='ltr'>est</span> <span class='ocrx_word' id='word_1_438' title='bbox 1807 1705 1892 1735; x_wconf 87' lang='lat' dir='ltr'>bona</span> <span class='ocrx_word' id='word_1_439' title='bbox 1923 1714 2057 1745; x_wconf 77' lang='lat' dir='ltr'>respon·</span> 
     </span>
     <span class='ocr_line' id='line_1_36' title="bbox 48 1743 1689 1787; baseline 0.002 -14"><span class='ocrx_word' id='word_1_440' title='bbox 48 1744 185 1783; x_wconf 49' lang='lat' dir='ltr'>,qlort&#39;am</span> <span class='ocrx_word' id='word_1_441' title='bbox 209 1753 318 1780; x_wconf 79' lang='lat' dir='ltr'>meam,</span> <span class='ocrx_word' id='word_1_442' title='bbox 341 1743 398 1773; x_wconf 79' lang='lat' dir='ltr'>sed</span> <span class='ocrx_word' id='word_1_443' title='bbox 420 1746 465 1773; x_wconf 72' lang='lat' dir='ltr'>es!</span> <span class='ocrx_word' id='word_1_444' title='bbox 489 1744 545 1783; x_wconf 67' lang='grc' dir='ltr'>(μα’</span> <span class='ocrx_word' id='word_1_445' title='bbox 565 1747 704 1784; x_wconf 58' lang='lat' dir='ltr'>quaerat</span> <span class='ocrx_word' id='word_1_446' title='bbox 727 1748 755 1774; x_wconf 80' lang='lat' dir='ltr'>et</span> <span class='ocrx_word' id='word_1_447' title='bbox 779 1743 913 1774; x_wconf 58' lang='lat' dir='ltr'>iudicet:</span> <span class='ocrx_word' id='word_1_448' title='bbox 938 1743 1030 1774; x_wconf 86' lang='lat' dir='ltr'>Sicut</span> <span class='ocrx_word' id='word_1_449' title='bbox 1083 1748 1144 1783; x_wconf 81' lang='lat' dir='ltr'>sio,</span> <span class='ocrx_word' id='word_1_450' title='bbox 1169 1747 1242 1787; x_wconf 84' lang='lat' dir='ltr'>quia</span> <span class='ocrx_word' id='word_1_451' title='bbox 1267 1752 1317 1776; x_wconf 69' lang='lat' dir='ltr'>est</span> <span class='ocrx_word' id='word_1_452' title='bbox 1342 1747 1451 1777; x_wconf 76' lang='lat' dir='ltr'>brevis</span> <span class='ocrx_word' id='word_1_453' title='bbox 1475 1753 1504 1777; x_wconf 82' lang='lat' dir='ltr'>et</span> <span class='ocrx_word' id='word_1_454' title='bbox 1528 1747 1689 1786; x_wconf 80' lang='lat' dir='ltr'>expedita.</span> 
     </span>
     <span class='ocr_line' id='line_1_37' title="bbox 51 1784 2057 1829; baseline 0.002 -13"><span class='ocrx_word' id='word_1_455' title='bbox 51 1784 127 1816; x_wconf 85' lang='lat' dir='ltr'>alibi</span> <span class='ocrx_word' id='word_1_456' title='bbox 150 1786 267 1826; x_wconf 86' lang='lat' dir='ltr'>inquit:</span> <span class='ocrx_word' id='word_1_457' title='bbox 303 1785 368 1823; x_wconf 77' lang='lat' dir='ltr'>Qui</span> <span class='ocrx_word' id='word_1_458' title='bbox 398 1795 460 1816; x_wconf 80' lang='lat' dir='ltr'>non</span> <span class='ocrx_word' id='word_1_459' title='bbox 493 1785 631 1816; x_wconf 80' lang='lat' dir='ltr'>honorat</span> <span class='ocrx_word' id='word_1_460' title='bbox 656 1786 786 1818; x_wconf 64' lang='lat' dir='ltr'>Filium.</span> <span class='ocrx_word' id='word_1_461' title='bbox 809 1795 870 1816; x_wconf 75' lang='lat' dir='ltr'>uon</span> <span class='ocrx_word' id='word_1_462' title='bbox 892 1785 1031 1817; x_wconf 75' lang='lat' dir='ltr'>honorat</span> <span class='ocrx_word' id='word_1_463' title='bbox 1170 1788 1203 1819; x_wconf 92' lang='lat' dir='ltr'>ln</span> <span class='ocrx_word' id='word_1_464' title='bbox 1242 1790 1516 1829; x_wconf 73' lang='lat' dir='ltr'>responsionibus</span> <span class='ocrx_word' id='word_1_465' title='bbox 1557 1789 1715 1821; x_wconf 78' lang='lat' dir='ltr'>debemus</span> <span class='ocrx_word' id='word_1_466' title='bbox 1749 1799 1814 1820; x_wconf 87' lang='lat' dir='ltr'>non</span> <span class='ocrx_word' id='word_1_467' title='bbox 1845 1788 2057 1820; x_wconf 81' lang='lat' dir='ltr'>assuefacere</span> 
     </span>
     <span class='ocr_line' id='line_1_38' title="bbox 50 1827 2057 1874; baseline -0 -10"><span class='ocrx_word' id='word_1_468' title='bbox 50 1827 191 1858; x_wconf 62' lang='lat' dir='ltr'>Patrem·</span> <span class='ocrx_word' id='word_1_469' title='bbox 1083 1832 1124 1862; x_wconf 91' lang='lat' dir='ltr'>ad</span> <span class='ocrx_word' id='word_1_470' title='bbox 1149 1834 1248 1864; x_wconf 74' lang='lat' dir='ltr'>verba</span> <span class='ocrx_word' id='word_1_471' title='bbox 1273 1832 1449 1870; x_wconf 79' lang='lat' dir='ltr'>artificum,</span> <span class='ocrx_word' id='word_1_472' title='bbox 1479 1842 1565 1874; x_wconf 88' lang='lat' dir='ltr'>quae</span> <span class='ocrx_word' id='word_1_473' title='bbox 1594 1838 1756 1863; x_wconf 80' lang='lat' dir='ltr'>vocantur</span> <span class='ocrx_word' id='word_1_474' title='bbox 1778 1833 1909 1872; x_wconf 64' lang='grc' dir='ltr'>τεχνικὰ,</span> <span class='ocrx_word' id='word_1_475' title='bbox 1941 1839 2057 1872; x_wconf 77' lang='lat' dir='ltr'>postea</span> 
     </span>
     <span class='ocr_line' id='line_1_39' title="bbox 134 1869 2056 1917; baseline 0.002 -15"><span class='ocrx_word' id='word_1_476' title='bbox 134 1869 304 1902; x_wconf 78' lang='lat' dir='ltr'>Hactenus</span> <span class='ocrx_word' id='word_1_477' title='bbox 330 1871 498 1911; x_wconf 77' lang='lat' dir='ltr'>proposita</span> <span class='ocrx_word' id='word_1_478' title='bbox 527 1878 577 1902; x_wconf 78' lang='lat' dir='ltr'>est</span> <span class='ocrx_word' id='word_1_479' title='bbox 602 1871 709 1913; x_wconf 85' lang='lat' dir='ltr'>imago</span> <span class='ocrx_word' id='word_1_480' title='bbox 734 1872 947 1903; x_wconf 82' lang='lat' dir='ltr'>certaminum</span> <span class='ocrx_word' id='word_1_481' title='bbox 970 1871 1030 1903; x_wconf 80' lang='lat' dir='ltr'>Ec·</span> <span class='ocrx_word' id='word_1_482' title='bbox 1083 1875 1157 1906; x_wconf 87' lang='lat' dir='ltr'>addi</span> <span class='ocrx_word' id='word_1_483' title='bbox 1181 1882 1289 1915; x_wconf 82' lang='lat' dir='ltr'>potest</span> <span class='ocrx_word' id='word_1_484' title='bbox 1313 1874 1487 1916; x_wconf 78' lang='lat' dir='ltr'>explicatio</span> <span class='ocrx_word' id='word_1_485' title='bbox 1517 1874 1658 1917; x_wconf 81' lang='lat' dir='ltr'>longior.</span> <span class='ocrx_word' id='word_1_486' title='bbox 1702 1875 1771 1906; x_wconf 82' lang='lat' dir='ltr'>Lex</span> <span class='ocrx_word' id='word_1_487' title='bbox 1806 1875 1898 1905; x_wconf 78' lang='lat' dir='ltr'>dicit:</span> <span class='ocrx_word' id='word_1_488' title='bbox 1934 1875 2056 1906; x_wconf 81' lang='lat' dir='ltr'>Omnes</span> 
     </span>
     <span class='ocr_line' id='line_1_40' title="bbox 50 1912 2055 1960; baseline 0.003 -17"><span class='ocrx_word' id='word_1_489' title='bbox 50 1912 180 1944; x_wconf 86' lang='lat' dir='ltr'>clesiae.</span> <span class='ocrx_word' id='word_1_490' title='bbox 227 1912 393 1953; x_wconf 82' lang='lat' dir='ltr'>Deinceps</span> <span class='ocrx_word' id='word_1_491' title='bbox 428 1914 573 1955; x_wconf 67' lang='lat' dir='ltr'>&gt;equitur</span> <span class='ocrx_word' id='word_1_492' title='bbox 607 1924 732 1945; x_wconf 77' lang='lat' dir='ltr'>summa</span> <span class='ocrx_word' id='word_1_493' title='bbox 763 1915 933 1946; x_wconf 79' lang='lat' dir='ltr'>doctrinae</span> <span class='ocrx_word' id='word_1_494' title='bbox 967 1914 1029 1947; x_wconf 87' lang='lat' dir='ltr'>Ec·</span> <span class='ocrx_word' id='word_1_495' title='bbox 1081 1925 1157 1949; x_wconf 77' lang='lat' dir='ltr'>sunt</span> <span class='ocrx_word' id='word_1_496' title='bbox 1181 1919 1340 1955; x_wconf 84' lang='lat' dir='ltr'>damnati,</span> <span class='ocrx_word' id='word_1_497' title='bbox 1374 1920 1516 1960; x_wconf 86' lang='lat' dir='ltr'>quinon</span> <span class='ocrx_word' id='word_1_498' title='bbox 1552 1918 1677 1950; x_wconf 80' lang='lat' dir='ltr'>faciunt</span> <span class='ocrx_word' id='word_1_499' title='bbox 1710 1919 1828 1955; x_wconf 79' lang='lat' dir='ltr'>omnia,</span> <span class='ocrx_word' id='word_1_500' title='bbox 1865 1928 1948 1959; x_wconf 89' lang='lat' dir='ltr'>quae</span> <span class='ocrx_word' id='word_1_501' title='bbox 1980 1924 2055 1949; x_wconf 81' lang='lat' dir='ltr'>sunt</span> 
     </span>
     <span class='ocr_line' id='line_1_41' title="bbox 50 1955 2057 2002; baseline -0.002 -9"><span class='ocrx_word' id='word_1_502' title='bbox 50 1955 183 1987; x_wconf 46' lang='lat' dir='ltr'>Cle-‘3³2</span> <span class='ocrx_word' id='word_1_503' title='bbox 1080 1962 1201 2002; x_wconf 84' lang='lat' dir='ltr'>scripta</span> <span class='ocrx_word' id='word_1_504' title='bbox 1227 1962 1258 1992; x_wconf 88' lang='lat' dir='ltr'>in</span> <span class='ocrx_word' id='word_1_505' title='bbox 1283 1960 1367 2001; x_wconf 83' lang='lat' dir='ltr'>lege.</span> <span class='ocrx_word' id='word_1_506' title='bbox 1414 1962 1479 1993; x_wconf 88' lang='lat' dir='ltr'>Sed</span> <span class='ocrx_word' id='word_1_507' title='bbox 1503 1960 1718 2002; x_wconf 81' lang='lat' dir='ltr'>Evangelium</span> <span class='ocrx_word' id='word_1_508' title='bbox 1743 1961 1834 1992; x_wconf 84' lang='lat' dir='ltr'>dicit:</span> <span class='ocrx_word' id='word_1_509' title='bbox 1871 1960 1976 1990; x_wconf 81' lang='lat' dir='ltr'>Omnis</span> <span class='ocrx_word' id='word_1_510' title='bbox 2004 1963 2057 2000; x_wconf 80' lang='lat' dir='ltr'>qui</span> 
     </span>
     <span class='ocr_line' id='line_1_42' title="bbox 1051 1980 2056 2042; baseline 0 -8"><span class='ocrx_word' id='word_1_511' title='bbox 1051 1980 1056 2039; x_wconf 81' lang='lat' dir='ltr'>l</span> <span class='ocrx_word' id='word_1_512' title='bbox 1079 2005 1180 2034; x_wconf 75' lang='lat' dir='ltr'>credit</span> <span class='ocrx_word' id='word_1_513' title='bbox 1202 2006 1234 2033; x_wconf 79' lang='lat'>1&#39;11</span> <span class='ocrx_word' id='word_1_514' title='bbox 1258 2004 1381 2042; x_wconf 68' lang='lat' dir='ltr'>Filium,</span> <span class='ocrx_word' id='word_1_515' title='bbox 1411 2004 1501 2034; x_wconf 76' lang='lat' dir='ltr'>habet</span> <span class='ocrx_word' id='word_1_516' title='bbox 1525 2006 1616 2034; x_wconf 80' lang='lat' dir='ltr'>vitam</span> <span class='ocrx_word' id='word_1_517' title='bbox 1640 2008 1803 2034; x_wconf 77' lang='lat' dir='ltr'>aeternam.</span> <span class='ocrx_word' id='word_1_518' title='bbox 1850 2004 1921 2034; x_wconf 82' lang='lat' dir='ltr'>Hoc</span> <span class='ocrx_word' id='word_1_519' title='bbox 1943 2004 2056 2035; x_wconf 81' lang='lat' dir='ltr'>discri-</span> 
     </span>
    </p>
   </div>
   <div class='ocr_carea' id='block_1_3' title="bbox 1080 2046 2054 2089">
    <p class='ocr_par' dir='ltr' id='par_1_3' title="bbox 1080 2046 2054 2089">
     <span class='ocr_line' id='line_1_43' title="bbox 1080 2046 2054 2089; baseline -0.001 -11"><span class='ocrx_word' id='word_1_520' title='bbox 1080 2057 1152 2078; x_wconf 85' lang='lat' dir='ltr'>men</span> <span class='ocrx_word' id='word_1_521' title='bbox 1182 2047 1265 2089; x_wconf 84' lang='lat' dir='ltr'>legis</span> <span class='ocrx_word' id='word_1_522' title='bbox 1300 2054 1331 2078; x_wconf 90' lang='lat' dir='ltr'>et</span> <span class='ocrx_word' id='word_1_523' title='bbox 1366 2047 1537 2089; x_wconf 84' lang='lat' dir='ltr'>Evangelii</span> <span class='ocrx_word' id='word_1_524' title='bbox 1571 2046 1745 2089; x_wconf 79' lang='lat' dir='ltr'>diligenter</span> <span class='ocrx_word' id='word_1_525' title='bbox 1778 2053 1907 2087; x_wconf 84' lang='lat' dir='ltr'>oportet</span> <span class='ocrx_word' id='word_1_526' title='bbox 1941 2048 2054 2077; x_wconf 74' lang='lat' dir='ltr'>tenen&#39;.</span> 
     </span>
    </p>
   </div>
   <div class='ocr_carea' id='block_1_4' title="bbox 50 2086 2054 2175">
    <p class='ocr_par' dir='ltr' id='par_1_4' title="bbox 50 2086 2054 2175">
     <span class='ocr_line' id='line_1_44' title="bbox 50 2086 2054 2141; baseline -0.007 -15"><span class='ocrx_word' id='word_1_527' title='bbox 50 2087 238 2127; x_wconf 73' lang='lat' dir='ltr'>Doctrina</span> <span class='ocrx_word' id='word_1_528' title='bbox 273 2086 478 2141; x_wconf 75' lang='lat' dir='ltr'>Evangelii</span> <span class='ocrx_word' id='word_1_529' title='bbox 515 2087 690 2141; x_wconf 74' lang='lat' dir='ltr'>propria,</span> <span class='ocrx_word' id='word_1_530' title='bbox 731 2088 781 2127; x_wconf 80' lang='lat' dir='ltr'>de</span> <span class='ocrx_word' id='word_1_531' title='bbox 819 2088 952 2129; x_wconf 84' lang='lat' dir='ltr'>Officio</span> <span class='ocrx_word' id='word_1_532' title='bbox 984 2097 1026 2129; x_wconf 74' lang='lat' dir='ltr'>et</span> <span class='ocrx_word' id='word_1_533' title='bbox 1079 2090 1148 2122; x_wconf 78' lang='lat' dir='ltr'>Lex</span> <span class='ocrx_word' id='word_1_534' title='bbox 1173 2092 1304 2122; x_wconf 86' lang='lat' dir='ltr'>damnat</span> <span class='ocrx_word' id='word_1_535' title='bbox 1326 2100 1388 2121; x_wconf 91' lang='lat' dir='ltr'>nos</span> <span class='ocrx_word' id='word_1_536' title='bbox 1416 2096 1552 2131; x_wconf 85' lang='lat' dir='ltr'>propter</span> <span class='ocrx_word' id='word_1_537' title='bbox 1571 2097 1758 2131; x_wconf 87' lang='lat' dir='ltr'>peccatum:</span> <span class='ocrx_word' id='word_1_538' title='bbox 1786 2088 2000 2131; x_wconf 79' lang='lat' dir='ltr'>Evangelium</span> <span class='ocrx_word' id='word_1_539' title='bbox 2019 2088 2054 2120; x_wconf 89' lang='lat' dir='ltr'>li-</span> 
     </span>
     <span class='ocr_line' id='line_1_45' title="bbox 407 2132 2054 2175; baseline 0.001 -13"><span class='ocrx_word' id='word_1_540' title='bbox 407 2137 409 2139; x_wconf 86' lang='grc'><strong>’</strong></span> <span class='ocrx_word' id='word_1_541' title='bbox 1080 2135 1170 2164; x_wconf 71' lang='lat' dir='ltr'>luerat</span> <span class='ocrx_word' id='word_1_542' title='bbox 1194 2145 1252 2175; x_wconf 87' lang='lat' dir='ltr'>per</span> <span class='ocrx_word' id='word_1_543' title='bbox 1275 2140 1306 2165; x_wconf 90' lang='lat' dir='ltr'>et</span> <span class='ocrx_word' id='word_1_544' title='bbox 1328 2141 1463 2174; x_wconf 78' lang='lat' dir='ltr'>propter</span> <span class='ocrx_word' id='word_1_545' title='bbox 1486 2132 1611 2164; x_wconf 87' lang='lat' dir='ltr'>Filium.</span> <span class='ocrx_word' id='word_1_546' title='bbox 1658 2133 1748 2164; x_wconf 86' lang='lat' dir='ltr'>Haec</span> <span class='ocrx_word' id='word_1_547' title='bbox 1777 2139 1826 2163; x_wconf 51' lang='lat' dir='ltr'>est</span> <span class='ocrx_word' id='word_1_548' title='bbox 1856 2133 1952 2173; x_wconf 86' lang='lat' dir='ltr'>igitur</span> <span class='ocrx_word' id='word_1_549' title='bbox 1982 2142 2054 2163; x_wconf 72' lang='lat' dir='ltr'>sen-</span> 
     </span>
    </p>
   </div>
   <div class='ocr_carea' id='block_1_5' title="bbox 133 2163 2053 2304">
    <p class='ocr_par' dir='ltr' id='par_1_5' title="bbox 133 2163 2053 2304">
     <span class='ocr_line' id='line_1_46' title="bbox 325 2163 2052 2215; baseline 0.002 -12"><span class='ocrx_word' id='word_1_550' title='bbox 325 2163 528 2203; x_wconf 66' lang='lat' dir='ltr'>beneflciis</span> <span class='ocrx_word' id='word_1_551' title='bbox 561 2163 742 2204; x_wconf 87' lang='lat' dir='ltr'>Messiae.</span> <span class='ocrx_word' id='word_1_552' title='bbox 1077 2178 1178 2208; x_wconf 87' lang='lat' dir='ltr'>tentia</span> <span class='ocrx_word' id='word_1_553' title='bbox 1203 2178 1297 2208; x_wconf 82' lang='lat' dir='ltr'>huius</span> <span class='ocrx_word' id='word_1_554' title='bbox 1317 2177 1408 2208; x_wconf 90' lang='lat' dir='ltr'>dicti:</span> <span class='ocrx_word' id='word_1_555' title='bbox 1446 2176 1507 2210; x_wconf 79' lang='lat' dir='ltr'>Qui</span> <span class='ocrx_word' id='word_1_556' title='bbox 1529 2176 1594 2215; x_wconf 84' lang='lat' dir='ltr'>fide</span> <span class='ocrx_word' id='word_1_557' title='bbox 1617 2175 1811 2215; x_wconf 69' lang='lat' dir='ltr'>amplectitur</span> <span class='ocrx_word' id='word_1_558' title='bbox 1832 2175 1947 2204; x_wconf 78' lang='lat' dir='ltr'>Filium</span> <span class='ocrx_word' id='word_1_559' title='bbox 1978 2175 2052 2206; x_wconf 70' lang='lat' dir='ltr'>Dei·</span> 
     </span>
     <span class='ocr_line' id='line_1_47' title="bbox 1076 2219 1501 2249; baseline -0.002 -1"><span class='ocrx_word' id='word_1_560' title='bbox 1076 2219 1128 2248; x_wconf 63' lang='lat' dir='ltr'>illa</span> <span class='ocrx_word' id='word_1_561' title='bbox 1146 2230 1207 2249; x_wconf 84' lang='lat' dir='ltr'>non</span> <span class='ocrx_word' id='word_1_562' title='bbox 1232 2219 1345 2249; x_wconf 70' lang='lat' dir='ltr'>videbit</span> <span class='ocrx_word' id='word_1_563' title='bbox 1369 2223 1501 2249; x_wconf 79' lang='lat' dir='ltr'>mortem.</span> 
     </span>
     <span class='ocr_line' id='line_1_48' title="bbox 133 2261 2053 2304; baseline -0.002 -10"><span class='ocrx_word' id='word_1_564' title='bbox 133 2262 199 2301; x_wconf 67' lang='lat' dir='ltr'>Qui</span> <span class='ocrx_word' id='word_1_565' title='bbox 218 2272 393 2295; x_wconf 72' lang='lat' dir='ltr'>sermionem</span> <span class='ocrx_word' id='word_1_566' title='bbox 403 2273 501 2293; x_wconf 79' lang='lat' dir='ltr'>meam</span> <span class='ocrx_word' id='word_1_567' title='bbox 524 2264 714 2300; x_wconf 59' lang='lat' dir='ltr'>serrat-erit,</span> <span class='ocrx_word' id='word_1_568' title='bbox 738 2272 799 2295; x_wconf 82' lang='lat' dir='ltr'>non</span> <span class='ocrx_word' id='word_1_569' title='bbox 809 2264 928 2295; x_wconf 72' lang='lat' dir='ltr'>ridebit</span> <span class='ocrx_word' id='word_1_570' title='bbox 940 2275 1023 2296; x_wconf 82' lang='lat' dir='ltr'>mor-</span> <span class='ocrx_word' id='word_1_571' title='bbox 1162 2262 1234 2295; x_wconf 86' lang='lat' dir='ltr'>Huc</span> <span class='ocrx_word' id='word_1_572' title='bbox 1258 2263 1355 2304; x_wconf 77' lang='lat' dir='ltr'>igitur</span> <span class='ocrx_word' id='word_1_573' title='bbox 1367 2264 1505 2303; x_wconf 87' lang='lat' dir='ltr'>pertinet</span> <span class='ocrx_word' id='word_1_574' title='bbox 1518 2261 1573 2293; x_wconf 90' lang='lat' dir='ltr'>illa</span> <span class='ocrx_word' id='word_1_575' title='bbox 1587 2261 1765 2292; x_wconf 89' lang='lat' dir='ltr'>communis</span> <span class='ocrx_word' id='word_1_576' title='bbox 1784 2261 1942 2297; x_wconf 82' lang='lat' dir='ltr'>doctrina,</span> <span class='ocrx_word' id='word_1_577' title='bbox 1966 2262 2053 2301; x_wconf 87' lang='lat' dir='ltr'>quod</span> 
     </span>
    </p>
   </div>
   <div class='ocr_carea' id='block_1_6' title="bbox 46 2301 2053 2689">
    <p class='ocr_par' dir='ltr' id='par_1_6' title="bbox 46 2301 2053 2689">
     <span class='ocr_line' id='line_1_49' title="bbox 49 2301 2053 2347; baseline -0 -11"><span class='ocrx_word' id='word_1_578' title='bbox 49 2310 108 2336; x_wconf 78' lang='lat' dir='ltr'>rem</span> <span class='ocrx_word' id='word_1_579' title='bbox 137 2306 169 2336; x_wconf 81' lang='grc' dir='ltr'>ἰη</span> <span class='ocrx_word' id='word_1_580' title='bbox 203 2310 375 2336; x_wconf 80' lang='lat' dir='ltr'>aeternnm.</span> <span class='ocrx_word' id='word_1_581' title='bbox 431 2305 503 2336; x_wconf 86' lang='lat' dir='ltr'>Hoc</span> <span class='ocrx_word' id='word_1_582' title='bbox 548 2305 668 2336; x_wconf 84' lang='lat' dir='ltr'>dictum</span> <span class='ocrx_word' id='word_1_583' title='bbox 703 2308 836 2347; x_wconf 87' lang='lat' dir='ltr'>opponit</span> <span class='ocrx_word' id='word_1_584' title='bbox 869 2306 1022 2339; x_wconf 70' lang='lat' dir='ltr'>Christus</span> <span class='ocrx_word' id='word_1_585' title='bbox 1076 2306 1274 2346; x_wconf 74' lang='lat' dir='ltr'>accipiamus</span> <span class='ocrx_word' id='word_1_586' title='bbox 1298 2306 1523 2337; x_wconf 75' lang='lat' dir='ltr'>remissionem</span> <span class='ocrx_word' id='word_1_587' title='bbox 1556 2311 1779 2345; x_wconf 87' lang='lat' dir='ltr'>peccatorum,</span> <span class='ocrx_word' id='word_1_588' title='bbox 1814 2301 2053 2335; x_wconf 82' lang='lat' dir='ltr'>reconciliatio·</span> 
     </span>
     <span class='ocr_line' id='line_1_50' title="bbox 48 2347 2053 2392; baseline -0 -13"><span class='ocrx_word' id='word_1_589' title='bbox 48 2347 251 2386; x_wconf 71' lang='lat' dir='ltr'>Pharisaeis‚</span> <span class='ocrx_word' id='word_1_590' title='bbox 280 2355 311 2379; x_wconf 86' lang='lat' dir='ltr'>ut</span> <span class='ocrx_word' id='word_1_591' title='bbox 337 2350 469 2386; x_wconf 76' lang='lat' dir='ltr'>doceat,</span> <span class='ocrx_word' id='word_1_592' title='bbox 498 2359 556 2379; x_wconf 81' lang='lat' dir='ltr'>cur</span> <span class='ocrx_word' id='word_1_593' title='bbox 579 2349 700 2379; x_wconf 84' lang='lat' dir='ltr'>missus</span> <span class='ocrx_word' id='word_1_594' title='bbox 723 2350 764 2379; x_wconf 81' lang='lat' dir='ltr'>sit</span> <span class='ocrx_word' id='word_1_595' title='bbox 789 2349 899 2388; x_wconf 79' lang='lat' dir='ltr'>Ftlius,</span> <span class='ocrx_word' id='word_1_596' title='bbox 934 2352 1021 2392; x_wconf 88' lang='lat' dir='ltr'>quod</span> <span class='ocrx_word' id='word_1_597' title='bbox 1076 2359 1161 2385; x_wconf 69' lang='lat' dir='ltr'>nem,</span> <span class='ocrx_word' id='word_1_598' title='bbox 1185 2349 1429 2389; x_wconf 79' lang='lat' dir='ltr'>imputationem</span> <span class='ocrx_word' id='word_1_599' title='bbox 1453 2348 1605 2385; x_wconf 82' lang='lat' dir='ltr'>iustitiae,</span> <span class='ocrx_word' id='word_1_600' title='bbox 1626 2354 1658 2377; x_wconf 87' lang='lat' dir='ltr'>et</span> <span class='ocrx_word' id='word_1_601' title='bbox 1682 2347 1778 2377; x_wconf 73' lang='lat' dir='ltr'>vitam</span> <span class='ocrx_word' id='word_1_602' title='bbox 1804 2352 1971 2377; x_wconf 84' lang='lat' dir='ltr'>aeternam</span> <span class='ocrx_word' id='word_1_603' title='bbox 1994 2356 2053 2388; x_wconf 87' lang='lat' dir='ltr'>per</span> 
     </span>
     <span class='ocr_line' id='line_1_51' title="bbox 47 2387 2051 2434; baseline 0 -14"><span class='ocrx_word' id='word_1_604' title='bbox 47 2391 90 2421; x_wconf 77' lang='lat' dir='ltr'>sit</span> <span class='ocrx_word' id='word_1_605' title='bbox 121 2389 263 2422; x_wconf 85' lang='lat' dir='ltr'>officium</span> <span class='ocrx_word' id='word_1_606' title='bbox 299 2390 456 2429; x_wconf 71' lang='lat' dir='ltr'>Messiae.</span> <span class='ocrx_word' id='word_1_607' title='bbox 490 2397 522 2421; x_wconf 83' lang='lat' dir='ltr'>et</span> <span class='ocrx_word' id='word_1_608' title='bbox 556 2400 641 2431; x_wconf 88' lang='lat' dir='ltr'>quae</span> <span class='ocrx_word' id='word_1_609' title='bbox 675 2391 835 2423; x_wconf 78' lang='lat' dir='ltr'>beneficia</span> <span class='ocrx_word' id='word_1_610' title='bbox 868 2394 1021 2434; x_wconf 88' lang='lat' dir='ltr'>propria:</span> <span class='ocrx_word' id='word_1_611' title='bbox 1075 2390 1200 2423; x_wconf 77' lang='lat' dir='ltr'>Filium.</span> <span class='ocrx_word' id='word_1_612' title='bbox 1225 2398 1255 2422; x_wconf 82' lang='lat' dir='ltr'>ct</span> <span class='ocrx_word' id='word_1_613' title='bbox 1280 2398 1414 2433; x_wconf 90' lang='lat' dir='ltr'>propter</span> <span class='ocrx_word' id='word_1_614' title='bbox 1437 2401 1519 2422; x_wconf 91' lang='lat' dir='ltr'>eum.</span> <span class='ocrx_word' id='word_1_615' title='bbox 1551 2390 1589 2421; x_wconf 90' lang='lat' dir='ltr'>Et</span> <span class='ocrx_word' id='word_1_616' title='bbox 1618 2395 1667 2420; x_wconf 80' lang='lat' dir='ltr'>est</span> <span class='ocrx_word' id='word_1_617' title='bbox 1689 2387 1861 2430; x_wconf 79' lang='lat' dir='ltr'>Emphasis</span> <span class='ocrx_word' id='word_1_618' title='bbox 1890 2390 1921 2420; x_wconf 91' lang='lat' dir='ltr'>in</span> <span class='ocrx_word' id='word_1_619' title='bbox 1953 2399 2051 2420; x_wconf 81' lang='lat' dir='ltr'>voca—</span> 
     </span>
     <span class='ocr_line' id='line_1_52' title="bbox 47 2431 2050 2477; baseline -0 -13"><span class='ocrx_word' id='word_1_620' title='bbox 47 2434 141 2474; x_wconf 80' lang='lat' dir='ltr'>quasi</span> <span class='ocrx_word' id='word_1_621' title='bbox 165 2433 268 2465; x_wconf 87' lang='lat' dir='ltr'>dicat:</span> <span class='ocrx_word' id='word_1_622' title='bbox 292 2445 354 2465; x_wconf 71' lang='lat' dir='ltr'>vos</span> <span class='ocrx_word' id='word_1_623' title='bbox 379 2433 508 2465; x_wconf 84' lang='lat' dir='ltr'>habetis</span> <span class='ocrx_word' id='word_1_624' title='bbox 521 2433 740 2474; x_wconf 78' lang='lat' dir='ltr'>phantasiam,</span> <span class='ocrx_word' id='word_1_625' title='bbox 764 2435 851 2475; x_wconf 87' lang='lat' dir='ltr'>quod</span> <span class='ocrx_word' id='word_1_626' title='bbox 875 2437 929 2477; x_wconf 86' lang='lat' dir='ltr'>qui</span> <span class='ocrx_word' id='word_1_627' title='bbox 953 2447 1021 2468; x_wconf 84' lang='lat' dir='ltr'>ser-</span> <span class='ocrx_word' id='word_1_628' title='bbox 1076 2433 1177 2465; x_wconf 83' lang='lat' dir='ltr'>bulis:</span> <span class='ocrx_word' id='word_1_629' title='bbox 1210 2434 1281 2465; x_wconf 76' lang='lat' dir='ltr'>Non</span> <span class='ocrx_word' id='word_1_630' title='bbox 1315 2435 1419 2464; x_wconf 73' lang='lat' dir='ltr'>ridere</span> <span class='ocrx_word' id='word_1_631' title='bbox 1451 2437 1576 2463; x_wconf 72' lang='lat' dir='ltr'>mortem</span> <span class='ocrx_word' id='word_1_632' title='bbox 1609 2435 1640 2461; x_wconf 83' lang='grc' dir='ltr'>ιἰι</span> <span class='ocrx_word' id='word_1_633' title='bbox 1675 2435 1836 2461; x_wconf 77' lang='lat' dir='ltr'>aeteruum.</span> <span class='ocrx_word' id='word_1_634' title='bbox 1887 2431 1974 2463; x_wconf 89' lang='lat' dir='ltr'>Idem</span> <span class='ocrx_word' id='word_1_635' title='bbox 1987 2438 2050 2469; x_wconf 78' lang='lat' dir='ltr'>est,</span> 
     </span>
     <span class='ocr_line' id='line_1_53' title="bbox 47 2461 2050 2535; baseline -0 -30"><span class='ocrx_word' id='word_1_636' title='bbox 47 2481 104 2506; x_wconf 84' lang='lat' dir='ltr'>vat</span> <span class='ocrx_word' id='word_1_637' title='bbox 124 2474 243 2518; x_wconf 82' lang='lat' dir='ltr'>legem,</span> <span class='ocrx_word' id='word_1_638' title='bbox 267 2476 426 2514; x_wconf 72' lang='lat' dir='ltr'>salvetur,</span> <span class='ocrx_word' id='word_1_639' title='bbox 450 2477 509 2507; x_wconf 89' lang='lat' dir='ltr'>sed</span> <span class='ocrx_word' id='word_1_640' title='bbox 533 2475 638 2517; x_wconf 81' lang='lat' dir='ltr'>legem</span> <span class='ocrx_word' id='word_1_641' title='bbox 660 2487 725 2507; x_wconf 89' lang='lat' dir='ltr'>non</span> <span class='ocrx_word' id='word_1_642' title='bbox 738 2479 876 2518; x_wconf 86' lang='lat' dir='ltr'>potestis</span> <span class='ocrx_word' id='word_1_643' title='bbox 899 2477 1020 2511; x_wconf 86' lang='lat' dir='ltr'>facere.</span> <span class='ocrx_word' id='word_1_644' title='bbox 1045 2461 1050 2535; x_wconf 77' lang='grc' dir='ltr'>Ι</span> <span class='ocrx_word' id='word_1_645' title='bbox 1074 2478 1162 2518; x_wconf 90' lang='lat' dir='ltr'>quod</span> <span class='ocrx_word' id='word_1_646' title='bbox 1215 2478 1352 2509; x_wconf 84' lang='lat' dir='ltr'>dicitur:</span> <span class='ocrx_word' id='word_1_647' title='bbox 1396 2477 1562 2515; x_wconf 78' lang='lat' dir='ltr'>Iustificati</span> <span class='ocrx_word' id='word_1_648' title='bbox 1616 2475 1694 2516; x_wconf 79' lang='lat' dir='ltr'>fide,</span> <span class='ocrx_word' id='word_1_649' title='bbox 1741 2485 1850 2513; x_wconf 76' lang='lat' dir='ltr'>pacem</span> <span class='ocrx_word' id='word_1_650' title='bbox 1899 2474 2050 2506; x_wconf 77' lang='lat' dir='ltr'>habemns.</span> 
     </span>
     <span class='ocr_line' id='line_1_54' title="bbox 48 2517 2051 2562; baseline -0.001 -14"><span class='ocrx_word' id='word_1_651' title='bbox 48 2517 84 2548; x_wconf 86' lang='lat' dir='ltr'>Si</span> <span class='ocrx_word' id='word_1_652' title='bbox 119 2519 319 2550; x_wconf 84' lang='lat' dir='ltr'>credideritis</span> <span class='ocrx_word' id='word_1_653' title='bbox 355 2521 441 2551; x_wconf 90' lang='lat' dir='ltr'>hunc</span> <span class='ocrx_word' id='word_1_654' title='bbox 477 2519 633 2551; x_wconf 73' lang='lat' dir='ltr'>messiam</span> <span class='ocrx_word' id='word_1_655' title='bbox 668 2529 744 2550; x_wconf 78' lang='lat' dir='ltr'>esse</span> <span class='ocrx_word' id='word_1_656' title='bbox 781 2520 1020 2562; x_wconf 87' lang='lat' dir='ltr'>redemptorem</span> <span class='ocrx_word' id='word_1_657' title='bbox 1074 2519 1169 2551; x_wconf 83' lang='lat' dir='ltr'>ltem:</span> <span class='ocrx_word' id='word_1_658' title='bbox 1196 2520 1318 2559; x_wconf 62' lang='lat' dir='ltr'>Corpus</span> <span class='ocrx_word' id='word_1_659' title='bbox 1336 2523 1482 2549; x_wconf 74' lang='lat' dir='ltr'>mortuum</span> <span class='ocrx_word' id='word_1_660' title='bbox 1506 2522 1550 2547; x_wconf 76' lang='lat' dir='ltr'>es!</span> <span class='ocrx_word' id='word_1_661' title='bbox 1570 2522 1701 2556; x_wconf 75' lang='lat' dir='ltr'>propter</span> <span class='ocrx_word' id='word_1_662' title='bbox 1719 2522 1890 2557; x_wconf 68' lang='lat' dir='ltr'>peceatum.</span> <span class='ocrx_word' id='word_1_663' title='bbox 1914 2518 1970 2547; x_wconf 76' lang='lat' dir='ltr'>secl</span> <span class='ocrx_word' id='word_1_664' title='bbox 1981 2518 2051 2556; x_wconf 66' lang='lat' dir='ltr'>Spa·-</span> 
     </span>
     <span class='ocr_line' id='line_1_55' title="bbox 48 2559 2049 2603; baseline 0 -12"><span class='ocrx_word' id='word_1_665' title='bbox 48 2561 180 2601; x_wconf 58' lang='lat' dir='ltr'>generis&lt;</span> <span class='ocrx_word' id='word_1_666' title='bbox 204 2560 344 2599; x_wconf 90' lang='lat' dir='ltr'>humani,</span> <span class='ocrx_word' id='word_1_667' title='bbox 379 2569 408 2593; x_wconf 89' lang='lat' dir='ltr'>et</span> <span class='ocrx_word' id='word_1_668' title='bbox 439 2573 498 2602; x_wconf 84' lang='lat' dir='ltr'>per</span> <span class='ocrx_word' id='word_1_669' title='bbox 528 2572 613 2599; x_wconf 84' lang='lat' dir='ltr'>eum,</span> <span class='ocrx_word' id='word_1_670' title='bbox 647 2572 686 2593; x_wconf 88' lang='lat' dir='ltr'>ac</span> <span class='ocrx_word' id='word_1_671' title='bbox 717 2570 851 2603; x_wconf 87' lang='lat' dir='ltr'>propter</span> <span class='ocrx_word' id='word_1_672' title='bbox 874 2574 946 2594; x_wconf 92' lang='lat' dir='ltr'>eum</span> <span class='ocrx_word' id='word_1_673' title='bbox 970 2575 1019 2595; x_wconf 87' lang='lat' dir='ltr'>re·</span> <span class='ocrx_word' id='word_1_674' title='bbox 1073 2565 1152 2592; x_wconf 81' lang='lat' dir='ltr'>ritus</span> <span class='ocrx_word' id='word_1_675' title='bbox 1174 2565 1248 2592; x_wconf 75' lang='lat' dir='ltr'>vivit</span> <span class='ocrx_word' id='word_1_676' title='bbox 1274 2567 1404 2602; x_wconf 72' lang='lat' dir='ltr'>propter</span> <span class='ocrx_word' id='word_1_677' title='bbox 1437 2563 1596 2591; x_wconf 77' lang='lat' dir='ltr'>iustitiam.</span> <span class='ocrx_word' id='word_1_678' title='bbox 1644 2560 1706 2595; x_wconf 84' lang='lat' dir='ltr'>Qui</span> <span class='ocrx_word' id='word_1_679' title='bbox 1743 2561 1846 2592; x_wconf 88' lang='lat' dir='ltr'>credit</span> <span class='ocrx_word' id='word_1_680' title='bbox 1879 2561 1911 2592; x_wconf 89' lang='lat' dir='ltr'>in</span> <span class='ocrx_word' id='word_1_681' title='bbox 1935 2559 2049 2592; x_wconf 86' lang='lat' dir='ltr'>Filium</span> 
     </span>
     <span class='ocr_line' id='line_1_56' title="bbox 47 2603 2050 2650; baseline 0 -17"><span class='ocrx_word' id='word_1_682' title='bbox 47 2603 127 2633; x_wconf 80' lang='lat' dir='ltr'>mitti</span> <span class='ocrx_word' id='word_1_683' title='bbox 150 2604 245 2635; x_wconf 79' lang='lat' dir='ltr'>vobis</span> <span class='ocrx_word' id='word_1_684' title='bbox 268 2613 416 2645; x_wconf 66' lang='lat' dir='ltr'>peccata,</span> <span class='ocrx_word' id='word_1_685' title='bbox 439 2606 588 2636; x_wconf 69' lang='lat' dir='ltr'>sentietis</span> <span class='ocrx_word' id='word_1_686' title='bbox 611 2614 672 2635; x_wconf 81' lang='lat' dir='ltr'>vos</span> <span class='ocrx_word' id='word_1_687' title='bbox 689 2603 845 2637; x_wconf 79' lang='lat' dir='ltr'>vivificari</span> <span class='ocrx_word' id='word_1_688' title='bbox 857 2607 898 2637; x_wconf 88' lang='lat' dir='ltr'>ad</span> <span class='ocrx_word' id='word_1_689' title='bbox 922 2607 1020 2638; x_wconf 75' lang='lat' dir='ltr'>vitam</span> <span class='ocrx_word' id='word_1_690' title='bbox 1045 2616 1049 2650; x_wconf 59' lang='lat' dir='ltr'><strong><em>y</em></strong></span> <span class='ocrx_word' id='word_1_691' title='bbox 1072 2605 1148 2643; x_wconf 90' lang='lat' dir='ltr'>Dei,</span> <span class='ocrx_word' id='word_1_692' title='bbox 1171 2612 1201 2637; x_wconf 91' lang='lat' dir='ltr'>et</span> <span class='ocrx_word' id='word_1_693' title='bbox 1227 2605 1288 2637; x_wconf 87' lang='lat' dir='ltr'>hac</span> <span class='ocrx_word' id='word_1_694' title='bbox 1312 2603 1539 2637; x_wconf 79' lang='lat' dir='ltr'>consolatione</span> <span class='ocrx_word' id='word_1_695' title='bbox 1556 2614 1593 2635; x_wconf 87' lang='lat' dir='ltr'>se</span> <span class='ocrx_word' id='word_1_696' title='bbox 1618 2610 1792 2641; x_wconf 78' lang='lat' dir='ltr'>sustentat,</span> <span class='ocrx_word' id='word_1_697' title='bbox 1816 2604 1903 2646; x_wconf 90' lang='lat' dir='ltr'>quod</span> <span class='ocrx_word' id='word_1_698' title='bbox 1917 2611 2050 2645; x_wconf 82' lang='lat' dir='ltr'>propter</span> 
     </span>
     <span class='ocr_line' id='line_1_57' title="bbox 46 2645 2048 2689; baseline 0 -13"><span class='ocrx_word' id='word_1_699' title='bbox 46 2652 221 2677; x_wconf 85' lang='lat' dir='ltr'>aeternam.</span> <span class='ocrx_word' id='word_1_700' title='bbox 292 2647 357 2678; x_wconf 85' lang='lat' dir='ltr'>Lex</span> <span class='ocrx_word' id='word_1_701' title='bbox 391 2647 486 2678; x_wconf 74' lang='lat' dir='ltr'>Moisi</span> <span class='ocrx_word' id='word_1_702' title='bbox 533 2657 596 2677; x_wconf 92' lang='lat' dir='ltr'>non</span> <span class='ocrx_word' id='word_1_703' title='bbox 649 2646 742 2679; x_wconf 78' lang='lat' dir='ltr'>affert</span> <span class='ocrx_word' id='word_1_704' title='bbox 776 2648 872 2679; x_wconf 75' lang='lat' dir='ltr'>vobis</span> <span class='ocrx_word' id='word_1_705' title='bbox 910 2650 1019 2681; x_wconf 77' lang='lat' dir='ltr'>vitam.</span> <span class='ocrx_word' id='word_1_706' title='bbox 1045 2651 1049 2672; x_wconf 87' lang='lat'>¹</span> <span class='ocrx_word' id='word_1_707' title='bbox 1073 2648 1190 2680; x_wconf 81' lang='lat' dir='ltr'>Filium</span> <span class='ocrx_word' id='word_1_708' title='bbox 1213 2647 1355 2689; x_wconf 70' lang='lat' dir='ltr'>placeat,</span> <span class='ocrx_word' id='word_1_709' title='bbox 1380 2654 1413 2679; x_wconf 88' lang='lat' dir='ltr'>et</span> <span class='ocrx_word' id='word_1_710' title='bbox 1435 2648 1478 2679; x_wconf 86' lang='lat' dir='ltr'>sit</span> <span class='ocrx_word' id='word_1_711' title='bbox 1500 2653 1658 2688; x_wconf 81' lang='lat' dir='ltr'>acceptus</span> <span class='ocrx_word' id='word_1_712' title='bbox 1671 2645 1756 2685; x_wconf 86' lang='lat' dir='ltr'>Deo,</span> <span class='ocrx_word' id='word_1_713' title='bbox 1775 2648 1802 2677; x_wconf 81' lang='lat' dir='ltr'>is</span> <span class='ocrx_word' id='word_1_714' title='bbox 1825 2645 1987 2678; x_wconf 87' lang='lat' dir='ltr'>eluctatur</span> <span class='ocrx_word' id='word_1_715' title='bbox 2009 2656 2048 2677; x_wconf 79' lang='lat' dir='ltr'>ex</span> 
     </span>
    </p>
   </div>
  </div>
 </body>
</html>
