2324 2958
213 188 278 220 327

212 282 246 313 in
268 286 404 312 natura:
439 280 489 311 sic
521 278 592 311 vult
624 279 719 311 etiarn
743 278 881 312 Paulum
910 277 1193 312 commonefacere

213 325 255 356 de
277 330 426 364 peccato,
450 332 523 353 cuni
547 323 624 353 :sinit
647 333 721 354 eum
743 323 893 354 interfici.

299 365 541 407 Disputabatur
575 364 752 407 aliquando
786 365 841 397 hic
875 366 917 397 de
940 365 1080 396 Socrate
1108 365 1193 394 inter

212 409 350 442 amicos.
395 408 468 450 Ego
493 410 702 449 opponebam
736 409 827 440 hunc
854 407 1093 450 syllogismum
1127 406 1192 437 cui-

212 452 287 484 dam
309 451 418 483 amico
442 461 530 482 meo:

343 512 428 544 Illud
449 515 500 542 est
517 511 602 550 finis,
626 511 710 550 quod
732 515 900 542 conservat
919 514 1078 541 naturam.

349 555 452 586 Virtus
468 555 607 585 destruit
623 558 784 591 naturam,
804 558 840 584 nc
855 557 992 593 apparet
1008 555 1041 582 in
1061 552 1194 583 Socrate

384 601 418 628 et
437 600 470 628 in
494 599 566 637 illis,
588 600 643 636 qui
660 599 866 636 praeliantur·
887 598 920 625 in
944 598 1028 625 iusta
1049 604 1159 626 eausa.

341 641 427 679 Erffo
457 641 559 671 Virtus
580 649 643 670 mm
667 643 717 670 cst
735 640 810 677 finis
832 639 979 669 hominis.

297 706 355 740 llle
377 717 471 738 meus
495 707 620 738 amicus
649 706 888 746 respondebat:
922 706 1096 745 Oportebat
1121 715 1193 737 eam

209 754 293 784 atlas
315 753 405 782 mori.
461 750 529 781 Sed
563 749 627 780 hoc
662 760 726 779 nou
761 748 844 778 satis
879 753 939 779 est.
992 747 1192 789 Respondeo

208 794 319 836 igitur.
363 792 424 824 Est
446 791 577 823 fallacia
600 791 791 822 accidentis·
837 789 950 821 Virtus
974 791 1112 822 destruit
1136 791 1193 822 bo·

209 846 273 868 nos
295 846 355 877 per
377 836 544 867 accidens.
602 832 680 865 Mali
714 833 889 864 destruunt
923 833 1020 864 etiam
1049 834 1193 874 optimos

209 886 345 922 propter
368 879 539 914 virtutem,
574 877 662 917 quod
695 874 817 917 alioqui
840 886 907 907 nou
930 874 1097 914 facerent,
1130 876 1192 907 nisi

209 923 360 955 odissent
393 922 425 951 in
459 921 506 951 eis
542 919 702 949 virtutem.
766 918 903 960 Proprie
937 919 1037 960 igitur
1070 917 1192 950 malitia

208 965 445 1006 improborum,
469 972 535 993 non
558 962 660 992 virtus
675 962 813 992 destruit
828 963 945 992 bonos,
980 961 1061 992 Item
1085 962 1145 992 virt
1165 973 1189 987 «ι
1215 967 1219 978 “

852 185 965 218 PHlL.
988 184 1089 217 MEL.
1114 183 1300 216 SCRIPTA
1322 180 1586 215 ExEGE'rtcA.

2159 185 2224 220 328

1246 287 1321 308 cam
1354 275 1428 308 aliis
1462 275 1585 319 linguis
1616 278 1746 310 utimur.
1805 277 1914 320 Saepe
1947 279 2048 311 utitur
2070 289 2224 312 sermone

1246 318 1453 361 prophetico,
1477 321 1587 361 quotis
1610 320 1755 362 disputat
1778 321 1819 352 de
1842 322 2062 362 dogmatibus.
2193 333 2205 347 ·

1332 362 1406 394 Fuit
1428 363 1460 394 in
1484 373 1523 393 eo
1546 363 1701 395 studium.
1756 363 1828 396 Nec
1863 365 2010 406 cogitare
2039 375 2102 396 nos
2126 375 2223 406 opor-

1245 410 1308 435 tet:
1343 407 1464 437 Paulus
1495 407 1605 438 babuit
1632 407 1789 446 Spiritum
1810 411 1979 439 sanctum:
2016 409 2119 447 Iyitur
2145 410 2227 441 nituit

1243 449 1362 479 didicit.
1408 447 1475 479 lmo
1498 447 1593 479 Deus
1626 447 1695 480 vult
1730 449 1819 481 dona
1851 448 1893 480 ali
1917 451 2095 488 exercitiis,
2130 450 2225 489 Quia,

1244 490 1330 522 sicut
1363 490 1496 522 flamma
1531 492 1651 522 crescit
1683 492 1824 532 agitata:
1859 492 1908 524 sic
1943 502 2058 524 omnes
2091 492 2225 525 habitus

1244 539 1402 564 crescunt
1425 534 1660 565 exercitatione
1683 540 1715 566 et
1730 545 1802 565 usu.
1837 533 2045 576 Negligentia
2066 536 2226 578 extinguit

1243 575 1402 613 habitum,
1426 576 1480 617 qui
1504 577 1610 607 adest.
1665 578 1805 609 Habenti
1824 578 1966 612 dabitur,
2002 584 2051 609 est
2074 579 2106 609 in
2129 589 2225 620 para·

1245 617 1333 656 bola,
1356 623 1390 650 et
1409 629 1429 649 a
1453 628 1516 650 mm
1539 620 1690 659 habente,
1720 624 1815 651 etiam
1839 622 1874 652 id
1895 621 1980 660 qtmd
1998 622 2103 658 habet,
2133 624 2226 662 aufe-

1243 666 1346 692 retur.
1402 660 1494 691 Haec
1526 660 1767 693 transferamus
1802 662 1843 693 ad
1878 670 2028 694 nostrum
2062 673 2157 695 usum
2193 669 2227 695 et

1244 704 1405 734 imitemur
1428 702 1629 746 diligentiam
1652 705 1684 736 in
1708 706 1901 736 exercendis
1924 706 2053 737 studiis.

1331 746 1514 786 Praecipue
1547 753 1655 778 autem
1689 747 1753 779 hoc
1776 758 1926 790 agamuS,
1948 754 1984 780 ut
2006 747 2157 791 legamus
2181 749 2224 780 di-

1244 788 1388 831 ligenter
1410 789 1536 830 scripta
1560 789 1671 828 Pauli,
1705 801 1790 832 quae
1812 792 1840 822 si
1864 801 1930 822 non
1954 793 2085 831 pietatis
2109 802 2224 826 causa.

1245 832 1365 863 saltem
1399 832 1594 863 eruditionis
1628 829 1802 875 augendae
1829 834 1938 865 studio
1967 835 2009 865 ab
2032 833 2227 866 adolescen-

1245 875 1333 906 tibus
1367 872 1433 916 legi
1468 875 1644 907 debebant.
1701 875 1772 908 Nec
1800 886 1880 908 vero
1903 877 1976 908 sine
2009 875 2139 908 liberali
2169 878 2227 909 do-

1245 918 1349 948 ctrina
1373 915 1529 959 intelligi,
1563 928 1605 949 ac
1628 917 1730 950 multo
1764 920 1872 951 minus
1906 920 2053 951 enarrari
2086 925 2229 961 possunt

1244 961 1369 1000 scripta
1393 959 1498 991 Pauli.
1533 961 1609 992 Ideo
1622 960 1715 992 Deus
1739 962 1884 993 orandus
1905 968 1967 1000 est,
1989 968 2024 993 ut
2049 967 2229 994 conservet

210 1014 389 1040 conservat
413 1006 576 1046 speciem,
610 1003 764 1045 voluptas
788 1008 954 1046 utcunque
978 1004 1153 1035 individua
1182 1027 1189 1033 .
1215 996 1219 1042 l
1244 1004 1327 1034 inter
1360 1012 1423 1033 nos
1446 1003 1555 1034 studia
1577 1001 1764 1045 linguarum
1787 1011 1820 1036 et
1848 1006 1985 1043 artium,
2019 1006 2061 1036 ad
2085 1005 2226 1037 retinen-

209 1050 278 1083 Sed
300 1050 384 1081 haec
417 1050 448 1080 in
483 1046 724 1088 philosophicis
758 1047 1037 1088 disputationibus
1071 1047 1190 1078 auditi<

209 1093 378 1135 copiosius
402 1090 568 1131 explicari.
620 1088 865 1121 Adulescentes
895 1096 1075 1121 exerceant
1098 1100 1136 1121 se
1159 1091 1190 1121 iu

208 1136 368 1168 eiusmodi
403 1133 605 1175 argumentis
639 1131 824 1164 solvendis.
886 1134 933 1164 lta
967 1142 1033 1164 non
1067 1138 1192 1164 tantum

209 1178 395 1211 Dialectica
418 1182 595 1218 praecepta
623 1176 745 1206 rectius
773 1176 964 1214 addiscent,
998 1176 1058 1206 sed
1093 1176 1192 1206 etiam

211 1228 331 1253 acuent
354 1220 498 1261 ingenia,
522 1228 553 1250 et
576 1217 768 1250 formabunt
786 1219 905 1250 iudicia
934 1219 975 1250 de
998 1216 1110 1250 multis
1132 1219 1193 1250 uti·

210 1263 297 1296 libus
321 1263 475 1294 materiis.

297 1306 418 1337 Addite
441 1311 471 1336 et
495 1304 583 1335 hanc
606 1314 742 1336 causam
762 1304 915 1341 caeteris,
943 1304 985 1335 de
1008 1304 1096 1335 exitu
1118 1313 1194 1335 san-

213 1356 353 1381 ctorum.
412 1348 504 1379 Deus
533 1345 602 1379 vult
629 1345 827 1378 excellentia
851 1348 997 1378 membra
1020 1345 1194 1378 Ecclesiae

210 1392 282 1424 fieri
306 1389 488 1423 conformia
511 1390 644 1433 imagini
669 1388 725 1420 filii
741 1389 818 1427 Dei,
840 1399 907 1420 non
926 1395 1050 1421 tantum
1069 1390 1101 1420 in
1122 1388 1194 1432 glo-

210 1435 404 1472 rificatione,
439 1433 500 1465 sed
534 1434 631 1464 etiam
666 1433 697 1464 in
731 1433 888 1473 passione
922 1438 953 1463 et
984 1438 1101 1464 morte.
1147 1432 1194 1463 lta

209 1479 340 1516 videtis,
363 1487 462 1519 quam
486 1477 529 1507 sit
546 1475 655 1517 ampla
677 1482 710 1506 et
733 1476 872 1517 copiosa
888 1476 1036 1514 materia,
1060 1476 1193 1517 quando

209 1521 319 1564 agitur
342 1521 383 1552 de
405 1518 577 1562 suppliciis
601 1525 802 1555 sanctorum.

353 1685 417 1726 De
450 1685 591 1726 studiis
624 1691 666 1724 et
696 1684 896 1725 exercitiis
928 1684 1051 1724 Pauli.

298 1777 374 1809 Dixi
398 1787 510 1818 supra,
534 1774 672 1807 Paulum
701 1776 733 1806 in
757 1775 986 1807 adolescentia
1012 1773 1118 1806 fuisse
1148 1776 1194 1806 in-

212 1821 361 1853 stitutum
396 1821 426 1850 in
462 1819 580 1850 schola
604 1819 728 1859 patria,
761 1818 884 1849 Postea
914 1819 1012 1849 etiam
1037 1818 1193 1849 Hieroso-

211 1863 320 1895 lmis.
356 1863 421 1894 Sed
446 1863 563 1893 addam
589 1872 676 1893 nunc
689 1862 865 1892 Strabonis
878 1859 986 1892 locum
1011 1861 1052 1892 de
1074 1859 1194 1891 schola

210 1876 380 1943 farsensi,
405 1906 458 1947 qui
483 1905 690 1936 commendat
713 1905 808 1936 nobis
822 1905 932 1935 studia
949 1903 1193 1945 philosophica.

215 1952 358 1989 Tantum,
382 1949 480 1990 iuquit
508 1949 648 1985 Strabo,
687 1949 898 1979 Tarsensibm
921 1949 1061 1978 stmliam
1084 1957 1193 1978 rerum

208 1994 515 2035 philosophicarum,
556 1996 587 2022 et
619 1991 880 2030 (Itsriplinarnm,
915 2000 996 2030 qaas
1026 1992 1194 2030 linem-lias

211 2040 333 2070 rorant.
354 2038 434 2075 suit,
468 2039 503 2065 ut
523 2037 749 2074 superat-erint
770 2035 918 2071 Athenas,
952 2035 1193 2068 Alexandr-imre,

211 2084 245 2111 et
265 2082 296 2109 si
316 2081 387 2118 qais
409 2080 492 2109 alius
521 2080 683 2108 nommnri
712 2082 817 2116 potest
838 2079 939 2115 lorus,
973 2078 1027 2107 ubi
1056 2078 1194 2116 philoso-

207 2124 348 2164 phorum
393 2125 427 2152 et
461 2125 579 2152 artium
619 2121 663 2149 rut
694 2121 922 2151 humanitatem
963 2123 1195 2159 pcrtinentimn

211 2166 341 2197 scholae
370 2164 577 2195 habebantur.
634 2163 673 2193 m
705 2166 854 2199 intr-rest,
888 2164 973 2202 quod
998 2164 1026 2194 T
1022 2166 1108 2198 arsi,
1143 2165 1198 2201 qui

211 2209 320 2240 studia
343 2210 406 2238 ista
428 2209 542 2245 colunt,
563 2209 639 2246 sera*
660 2211 737 2237 sunt
754 2207 933 2244 trutliyettae,
951 2208 1122 2245 pereyrini
1132 2215 1195 2236 nan

209 2253 312 2292 facite
335 2261 372 2281 eo
395 2254 535 2286 romunt,
557 2254 616 2280 etc.

303 2293 424 2324 Habuit
448 2302 529 2333 ergo
553 2289 678 2322 Paulus
701 2291 912 2321 occasionem
937 2290 1084 2321 discendi
1107 2297 1197 2321 artes

213 2335 467 2378 philosophicas
490 2337 520 2366 in
545 2335 662 2375 patria.
707 2334 774 2364 Sed
798 2332 894 2364 simul
919 2333 1095 2375 diligenter
1118 2331 1198 2375 legit

214 2389 313 2410 sacra
337 2378 456 2409 Biblia.
513 2377 605 2409 llaec
629 2377 739 2409 studia
767 2377 862 2408 etiam
887 2384 1004 2417 postea
1028 2377 1197 2409 continua-

215 2423 262 2453 vit
285 2423 316 2453 in
340 2428 449 2453 aetate
479 2420 603 2452 adulta.
660 2419 741 2452 Nam
776 2420 901 2456 scripta
935 2420 1005 2451 eius
1035 2425 1198 2450 testantur

214 2463 321 2496 fuisse
352 2463 530 2501 literatum,
564 2470 597 2495 et
627 2462 797 2504 praeclare
820 2463 963 2493 eloctum.
1011 2461 1085 2502 lpse
1109 2463 1197 2493 iubet

214 2509 278 2539 sibi
313 2508 391 2539 mitti
425 2507 530 2538 libros
564 2512 597 2538 et
631 2506 861 2543 membranas,
900 2515 985 2547 quas
1020 2504 1196 2546 reliquerit.

215 2549 321 2582 Multa
366 2557 531 2581 mutuatur
576 2551 608 2581 in
647 2550 717 2581 suis
751 2549 883 2590 scriptis
927 2558 968 2579 ex
1012 2549 1197 2579 eruditione

216 2593 349 2625 Graeca
372 2600 403 2624 et
430 2593 607 2628 llcbraicaz
632 2591 692 2624 suit
716 2593 824 2624 bouus
855 2589 1019 2623 textualis.
1064 2590 1104 2622 Et
1127 2591 1196 2634 qui·
1239 2592 1373 2628 'cemuS,
1396 2591 1500 2621 sitnus
1523 2591 1735 2629 obedientes,
1770 2589 1945 2632 diligentes
1978 2590 2011 2621 in
2041 2589 2239 2631 vocatione,—

1244 1047 1319 1076 dam
1342 1046 1485 1076 nativam
1508 1052 1540 1076 et
1562 1046 1787 1087 incorruptam
1810 1048 2007 1079 sententiam
2029 1048 2228 1089 scriptorum

1246 1087 1349 1119 Pauli.
1394 1087 1498 1119 Recte
1522 1089 1656 1131 scripsit
1679 1089 1788 1128 Plato,
1817 1092 1962 1122 indoctos
1982 1093 2132 1123 lacerare
2153 1101 2228 1123 sen-

1244 1134 1382 1169 tentias,
1416 1134 1501 1162 sicut
1526 1135 1633 1164 catelli
1664 1135 1813 1165 lacerant
1836 1135 2035 1174 panniculos.
2079 1133 2168 1165 ldem
2191 1133 2229 1165 fit

1244 1174 1277 1205 in
1300 1174 1555 1215 interpretandis
1583 1176 1716 1216 scriptis
1740 1175 1833 1207 Pauli
1862 1182 1894 1207 et
1917 1174 2071 1215 aliorum,
2100 1177 2130 1207 si
2152 1176 2228 1218 quis

1245 1227 1310 1247 non
1335 1217 1451 1248 afferat
1474 1218 1697 1259 cognitionem
1723 1218 1910 1261 linguarum
1934 1225 1965 1250 et
1988 1220 2118 1251 artium.
2165 1218 2228 1250 La·

1245 1266 1361 1291 cerant
1384 1261 1506 1291 indocti
1520 1262 1674 1291 materias
1697 1271 1764 1292 non
1786 1260 1986 1299 intellectas,
2013 1272 2086 1293 cum
2103 1261 2228 1293 debent

1245 1301 1329 1333 alios
1353 1303 1492 1340 docere,
1521 1313 1596 1334 cum
1619 1304 1682 1345 ipsi
1705 1310 1803 1335 antea
1825 1315 1892 1336 nou
1916 1305 2105 1343 didicerint,
2134 1315 2228 1346 pror-

1245 1355 1304 1376 sus
1327 1351 1361 1376 ut
1386 1344 1495 1376 c‹·itelli
1519 1345 1716 1386 panniculos
1740 1345 1899 1378 lacerant„

1331 1387 1477 1425 Videtis,
1519 1395 1662 1430 quantae
1695 1390 1868 1424 tenebrae,
1915 1396 2039 1430 quanta
2074 1387 2228 1421 confusio

1246 1430 1343 1463 fuerit
1379 1437 1454 1461 ante
1487 1431 1572 1462 haec
1606 1438 1756 1473 tempora
1789 1431 1822 1463 in
1857 1433 1990 1473 magnis
2024 1432 2136 1463 rebus.
2186 1431 2230 1463 Et

1246 1480 1355 1505 tamen
1379 1484 1483 1511 nunc,
1517 1479 1692 1515 postquam
1726 1484 1866 1516 magnas
1901 1484 1955 1505 res
1983 1474 2044 1506 nei
2066 1473 2229 1506 beneficio

1246 1517 1456 1548 mediocriter
1489 1515 1691 1555 evolvimus,
1727 1518 1945 1549 coniiciuntur
1979 1517 2011 1548 in
2045 1526 2107 1548 nos
2128 1516 2230 1548 male·

1246 1560 1348 1597 dicta,
1371 1565 1548 1600 propterea
1571 1561 1659 1601 quod
1684 1558 1866 1592 clamamus
1900 1560 1941 1592 de
1974 1560 2094 1592 studiis
2118 1559 2230 1592 colen-

1246 1603 1297 1634 dis
1321 1608 1353 1634 et
1377 1604 1631 1634 conservandis.

1332 1644 1485 1687 lllyricus
1509 1646 1602 1677 dicit:
1625 1648 1739 1678 Melias
1761 1650 1848 1678 esset
1868 1647 2049 1686 Philippmn
2071 1655 2135 1677 non
2158 1655 2231 1679 esse

1245 1693 1310 1720 tam
1333 1689 1502 1720 eructant-1.
1559 1689 1615 1719 lsti
1649 1698 1823 1720 sermones
1857 1699 1923 1720 non
1947 1695 2024 1719 sunt
2047 1686 2144 1719 utiles
2167 1687 2231 1721 Ec-

1247 1730 1380 1763 clesiae.
1427 1731 1511 1763 Sunt
1533 1741 1636 1763 voces
1660 1732 1868 1769 barbaricae,
1899 1737 2015 1772 gratae
2037 1729 2232 1763 multitudini

1245 1773 1450 1815 prophanae.
1499 1776 1678 1815 Optamlum
1708 1779 1793 1811 erat,
1823 1777 2000 1815 lllyrtcnm,
2033 1779 2065 1805 et
2090 1775 2160 1806 eius
2185 1777 2230 1807 εἰ·

1246 1820 1338 1849 mites
1372 1828 1436 1849 non
1459 1828 1531 1849 esse
1554 1822 1619 1849 tam
1641 1821 1865 1855 contentiosos,
1901 1823 1932 1849 et
1953 1819 2125 1858 improbos.
2168 1816 2230 1848 Fa-

1246 1861 1372 1892 ciamus
1406 1871 1469 1892 nos
1493 1868 1642 1892 nostrum
1667 1860 1820 1891 osticium.
1878 1859 2037 1891 Amemus
2061 1858 2174 1891 literas
2198 1866 2231 1892 et

1245 1903 1372 1941 studia,
1406 1910 1436 1934 et
1468 1914 1711 1944 agnoscamus,
1746 1913 1810 1934 non
1846 1903 1999 1943 exiguum
2025 1902 2085 1935 Dei
2108 1903 2231 1934 donum

1245 1956 1340 1983 esse,
1373 1946 1461 1987 quod
1484 1944 1659 1977 scintillam
1685 1947 1781 1977 istam
1805 1956 1887 1978 suae
1911 1946 2093 1986 sapientiae
2117 1945 2231 1987 generi

1246 1988 1388 2020 humano
1412 1989 1554 2025 tradidit,
1578 1995 1607 2020 et
1631 1995 1780 2020 tucamur
1804 1999 1886 2026 eam,
1911 1995 2032 2030 quauta
2050 1997 2230 2030 possumus

1247 2030 1428 2073 diligentia.
1459 2038 1490 2062 et
1513 2039 1643 2063 utamur
1665 2033 1706 2063 ad
1735 2031 1964 2063 illustrandam
1990 2031 2130 2073 gloriam
2154 2029 2229 2070 Dei,

1249 2081 1282 2106 et
1305 2075 1346 2105 ad
1371 2076 1594 2116 quaerendam
1619 2076 1800 2106 veritatem.

1335 2115 1421 2148 Nihil
1446 2128 1530 2158 opus
1554 2125 1602 2147 est
1628 2119 1817 2149 absterrere
1839 2116 1990 2148 homines
2014 2126 2033 2148 a
2057 2117 2229 2148 discendo.

1246 2160 1437 2191 Excitemus
1462 2161 1569 2201 potius
1593 2168 1623 2192 et
1648 2171 1806 2192 acuamus
1830 2159 2031 2202 diligentiam
2054 2160 2085 2191 in
2109 2158 2230 2198 multis,

1247 2214 1332 2245 quae
1366 2202 1461 2234 simtd
1496 2203 1589 2235 affert
1632 2204 1846 2241 modestiam,
1887 2203 2231 2244 circumspectionem,

1248 2253 1280 2278 ct
1303 2245 1386 2277 alias
1411 2247 1559 2278 virtutes.

1334 2288 1592 2321 Consideremus
1627 2297 1657 2320 et
1694 2290 1855 2321 imitemur
1889 2298 2023 2331 quoque
2056 2286 2230 2320 multarum

1249 2333 1401 2364 virtutum
1426 2331 1575 2373 exenpla
1599 2333 1630 2363 in
1657 2330 1769 2364 l‘aulo.
1816 2332 1885 2363 Etsi
1911 2331 1964 2363 lan
1992 2331 2098 2363 uidior
2120 2337 2172 2362 est
2195 2331 2227 2362 in

1249 2375 1344 2406 nobis
1370 2375 1452 2406 tides
1477 2382 1506 2405 vt
1532 2375 1736 2411 obedientia,
1770 2386 1868 2416 quam
1898 2375 1929 2405 in
1958 2374 2024 2405 ilis
2052 2372 2227 2406 luminibus

1248 2417 1437 2449 Ecclesiae:
1464 2425 1570 2449 tamen
1595 2419 1684 2449 initia
1704 2418 1778 2449 fidei
1803 2424 1835 2449 et
1855 2417 2061 2448 obedientiae
2079 2418 2111 2448 in
2129 2417 2228 2449 omni·

1250 2462 1311 2493 bus
1336 2462 1430 2491 nobis
1454 2472 1531 2492 esso
1555 2462 1687 2492 «labent.
1723 2460 1877 2493 Moneant
1893 2460 2065 2502 igiturnos
2078 2457 2230 2501 exempla

1250 2503 1354 2540 Pauli,
1377 2505 1460 2535 sicut
1485 2511 1517 2536 ct
1540 2504 1679 2535 aliorum
1703 2511 1906 2541 sanctorum,
1929 2511 1963 2535 ut
1985 2513 2125 2555 agamus
2149 2512 2229 2545 poe·

1248 2547 1428 2582 nitentiam.
1463 2548 1638 2579 credamus
1669 2558 1731 2579 nos
1765 2547 1865 2588 recipi
1889 2547 1920 2578 in
1944 2554 2099 2589 gretiam,
2134 2545 2230 2577 lnvo-

217 2637 291 2668 dem
309 2635 445 2668 multum
464 2635 646 2675 liebraizat,
669 2642 703 2667 ut
721 2645 782 2667 nos
800 2634 1076 2677 germanizamus,
1099 2635 1196 2666 etiam
1247 2633 1412 2675 patientes
1446 2634 1477 2664 in
1511 2634 1697 2671 aemmais,
1732 2632 1912 2665 Frenemus
1945 2633 2042 2664 etiam
2075 2631 2229 2670 affectus.

2258 91 2261 93 ·
2247 32 2274 72 1‘5?
2240 7 2242 9 V

2300 1188 2324 1282 ’ῥῖ
