2324 2958
207 151 273 184 663
842 151 953 183 PHlL.
974 151 1080 185 MEL.
1102 150 1290 185 SCRIPTA
1311 149 1575 184 EXEGE‘HCA.
2144 156 2210 189 664

209 248 327 278 ctione.
373 248 424 278 De
445 245 596 284 unqu-etia
618 249 650 276 et
669 244 787 277 mdt'cio
809 246 953 278 sublatus
974 249 1041 278 est.-
1068 245 1100 276 id
1120 250 1183 280 est,

208 291 279 331 ipse
301 297 343 320 ex
366 294 472 320 morte
495 289 643 328 eripitur:
676 287 768 361 Ετῗυ
803 295 973 330 resurget:
1008 287 1066 319 Est
1093 290 1184 318 testi—

208 333 349 364 monium
373 332 414 363 de
437 330 689 362 resurrectione.
744 341 765 362 n
787 337 903 362 nostro
926 336 1017 361 textu
1039 330 1184 361 additur:

211 376 287 413 Quis
309 375 476 407 enarrabit
502 377 738 413 generativum
771 376 850 414 eius,
884 373 915 404 in
939 378 1002 411 est,
1036 370 1183 404 saecula.

207 417 297 450 Dicit
318 427 392 449 eum
416 417 576 448 victurum
594 421 714 458 postea
745 416 890 447 aeternis
922 413 1076 446 saeculis.
1125 415 1185 446 Ab·

206 464 328 493 scissus
360 464 411 491 est
430 459 472 491 de
493 464 583 491 terra
610 460 789 497 vicentium,
817 459 850 489 id
880 464 942 495 est,
974 455 1183 489 interfectuS.

206 502 269 534 Est
289 502 418 534 illustre
441 501 660 533 testimonium
684 502 725 532 de
746 506 851 532 morte
873 500 1029 531 Messiae.

292 549 430 585 Propter
462 547 568 576 scelus
596 547 708 585 populi
734 547 798 575 mei
827 532 975 584 pei-cassi
995 552 1076 574 eum.
1121 541 1184 574 Hie

206 588 323 620 iterum
357 588 489 629 ponitur
522 597 633 618 causa.
694 586 754 617 Est
781 593 892 618 autem
922 594 1039 617 rursus
1068 583 1182 623 πάθος,

205 641 280 662 cum
313 631 430 672 inquit:
464 632 628 662 Percussit
658 639 737 661 eum.
793 627 980 666 Cruciatus,
1014 638 1074 659 seu
1096 626 1183 658 lace-

206 674 292 705 ratio
315 674 479 714 corporis,
505 679 556 704 est
577 670 760 703 tolerabilis
782 671 854 702 viro
880 669 966 702 sorti.
1009 669 1106 702 Multi
1152 680 1183 701 e-

206 716 318 748 nerosi
340 715 470 747 Etbnici
492 714 623 746 fuerunt
652 713 850 747 tolerantes:
879 714 977 745 etiam
1007 711 1129 745 ancillu
1144 723 1182 744 ae

206 769 245 791 se
268 760 460 791 obiecerunt
494 768 554 800 pro
589 758 796 794 dominabus,
831 763 866 788 ut
900 763 952 788 est
979 757 1011 788 in
1045 756 1183 788 historia

206 802 436 844 Syracusana:
470 802 692 842 praebuerunt
726 800 889 831 cervicem
918 797 1110 836 feriendam,
1140 808 1183 830 ne

205 845 383 886 proderent
406 845 566 877 dominas.
612 843 727 874 Potest
752 851 830 873 esse
859 848 1065 883 contemptus
1089 840 1183 872 dolo-

205 888 264 926 ris,
282 886 336 919 vel
360 893 449 919 certe
471 886 693 928 magnitudine
716 885 814 916 animi
835 891 946 926 potest
969 885 1099 926 reprimi
1122 883 1182 915 ali-

206 941 272 973 quo
305 931 403 962 modo
439 928 535 962 dolor
568 928 779 960 lacerationis
814 937 1008 969 corporum,
1049 927 1181 969 quando

206 974 409 1006 conscientia
437 973 565 1014 integra
587 978 649 1003 est.
705 969 789 1002 lllud
822 970 977 1013 gaudium
1010 970 1182 1001 conscien-

206 1017 282 1055 tiae,
305 1022 337 1048 et
360 1017 462 1048 decus
497 1015 626 1046 virtutis
660 1014 803 1056 reprimit
838 1012 988 1045 dolorem
1013 1013 1181 1054 corporis:

206 1060 267 1091 sed
299 1059 430 1101 quando
464 1068 522 1089 cor
555 1055 662 1092 dolet,
696 1057 827 1098 quando
861 1057 959 1088 sentit
992 1056 1072 1087 iram
1106 1054 1181 1093 Dei,

206 1103 339 1144 quando
362 1101 455 1133 Deus
479 1102 550 1144 ipse
571 1100 724 1142 percutit,
753 1104 789 1131 ut
808 1099 926 1130 dicitur
946 1099 1019 1136 hic,
1048 1098 1180 1140 quando

206 1144 350 1177 luctatur
374 1155 433 1176 cor
452 1155 526 1175 eum
549 1153 650 1175 sensu
674 1143 741 1174 irae
764 1142 843 1180 Dei,
874 1142 906 1173 id
925 1152 1006 1173 vero
1030 1147 1127 1172 atrox
1150 1146 1182 1172 et

207 1187 368 1220 horribile
391 1193 451 1218 est.

291 1230 391 1260 Dabit
408 1231 521 1268 impios
536 1239 597 1268 pro
615 1227 784 1268 sepultura,
809 1231 838 1257 et
861 1227 986 1257 divitem
1006 1237 1066 1265 pro
1085 1228 1181 1255 morte

206 1276 286 1312 sum}
343 1271 406 1303 Alii
440 1278 587 1304 vertunt:
621 1271 785 1311 sepelietur
812 1281 878 1300 cum
906 1271 1029 1308 impiis:
1061 1269 1095 1299 id
1118 1274 1181 1306 est,

206 1317 293 1347 sicut
326 1315 445 1356 impius
479 1313 704 1351 interficietur,
740 1313 825 1344 sieut
858 1311 1026 1353 impletum
1060 1317 1112 1342 est
1145 1320 1182 1342 re

205 1360 216 1391 i
241 1369 280 1390 sa
301 1359 334 1390 in
357 1358 533 1399 passione3
565 1357 642 1398 quia
671 1354 819 1387 latrones
844 1365 908 1386 una
931 1354 1181 1396 crucifiguntur.

291 1401 462 1433 crucifixio
485 1399 650 1431 latronum
674 1398 771 1430 etiam
795 1404 846 1430 est
865 1404 976 1439 typus.

292 1443 369 1476 Duo
387 1443 536 1475 latrones
550 1441 735 1484 significant
755 1446 857 1472 totum
876 1450 981 1482 genus
993 1439 1182 1471 humanum.

205 1487 308 1520 Latro
331 1487 449 1528 impius
471 1485 636 1528 significat
657 1490 785 1526 partem
802 1484 942 1525 impiam.
976 1482 1079 1514 Latro
1097 1482 1182 1523 pius,

205 1537 332 1573 partein
355 1531 453 1571 piam,
475 1539 560 1571 quae
583 1528 795 1565 conyertitur.
838 1526 1075 1569 significantur
1098 1525 1182 1557 duae

206 1579 317 1615 partes
352 1571 529 1604 dissimiles
563 1571 695 1613 generis
729 1569 872 1602 humani.
930 1568 1080 1610 Utraque
1103 1578 1182 1609 pars

208 1618 285 1648 istic
308 1616 445 1658 pendet;
480 1615 556 1657 quia
587 1620 690 1646 totum
724 1623 830 1655 genus
853 1612 1031 1645 humanum
1055 1617 1105 1644 est
1126 1611 1182 1643 ad-

207 1659 384 1693 iudicatum
407 1665 437 1690 et
461 1658 626 1690 addietum
650 1657 755 1688 morti.

293 1701 396 1733 Filius
433 1701 493 1732 Dei
529 1701 651 1743 pendet
683 1700 727 1730 ibi
763 1709 836 1730 cum
869 1699 983 1739 impiis.
1031 1697 1182 1735 Moritur,

207 1746 292 1777 sicut
315 1744 369 1776 alii
391 1745 552 1776 homines.
597 1742 667 1774 Nos
691 1752 805 1774 omnes
829 1742 872 1773 ibi
895 1742 1094 1783 pendemus,
1122 1740 1182 1771 sed

208 1787 264 1820 illa
287 1787 470 1820 differentia
494 1793 559 1818 est:
593 1796 659 1817 una
681 1795 758 1826 pars
783 1785 915 1827 generis
938 1784 1070 1816 humani
1099 1783 1184 1814 ridet

210 1833 311 1863 risum
335 1831 540 1868 Samonium,
574 1829 633 1861 sed
669 1828 777 1860 altera
800 1829 952 1869 obiurgat
982 1828 1113 1868 impium
1136 1825 1183 1857 la-

209 1882 347 1907 tronem.
410 1874 503 1905 Sicut
535 1878 646 1904 nutem
678 1872 730 1902 hic
759 1870 845 1902 latro
880 1872 1099 1907 convertitur,
1134 1869 1183 1900 sic

210 1927 341 1960 quoque
360 1926 422 1948 nos
445 1923 573 1956 oportet
597 1915 756 1946 converti.
807 1914 883 1955 lpse
907 1923 972 1945 non
995 1912 1102 1945 adfert
1122 1921 1183 1944 sua

210 1961 325 1992 merita
348 1960 391 1991 ad
415 1958 594 1996 Christum,
629 1958 689 1989 sed
712 1957 865 1998 agnoscit
899 1966 972 1988 eum
997 1966 1074 1987 esse
1096 1954 1182 1986 Mes-

210 2005 304 2041 siam,
328 2009 359 2034 et
381 2008 433 2034 est
454 2002 486 2033 in
510 2012 550 2033 eo
574 2010 727 2042 magnum
750 1999 871 2037 lumen,
901 2010 975 2030 cum
997 1999 1086 2030 videt
1108 2008 1183 2029 eum

210 2047 418 2088 pendentem,
442 2052 473 2076 et
488 2045 694 2076 morientem:
718 2049 749 2073 et
762 2049 868 2074 tamen
881 2043 994 2073 statuit
1008 2051 1085 2073 esse
1098 2040 1184 2072 Mes-

211 2091 304 2127 siam5
324 2089 377 2130 qui
397 2089 491 2120 etiam
515 2094 591 2129 post
611 2093 749 2117 mortem
773 2085 944 2117 habiturus
970 2085 1012 2115 sit
1036 2095 1184 2125 regnum.

211 2133 288 2165 ldeo
312 2132 390 2164 dicit
413 2131 454 2163 ml
478 2141 566 2162 eum:
600 2130 748 2167 Domine,
783 2132 927 2158 meuwnto
951 2129 1017 2162 mei,
1053 2138 1118 2157 cnm
1142 2136 1185 2155 ee.-

211 2177 294 2206 nert'e
315 2177 348 2204 in
372 2185 496 2214 reynum
519 2177 616 2203 tunm:
641 2173 725 2204 Petit
742 2173 784 2203 ab
805 2182 845 2203 eo
864 2171 1091 2202 remissionem
1110 2180 1186 2211 pec·

213 2226 373 2255 catorum,
408 2225 439 2248 et
458 2219 557 2248 vitam
581 2223 764 2248 aeternnm:
798 2215 896 2246 habet
921 2214 1010 2245 initia
1034 2213 1122 2249 fidei,
1155 2217 1188 2243 et

213 2262 302 2294 audit
325 2260 583 2293 absolutionem:
613 2259 718 2289 Hodie
741 2269 852 2287 mecum
875 2259 936 2287 eris
959 2259 990 2286 t'n
1014 2255 1187 2286 Par-adise.

387 2453 542 2494 Suntne
577 2453 614 2492 in
647 2467 695 2491 eo
729 2452 833 2491 bona
867 2450 1015 2505 opera?

302 2562 358 2593 ita.
405 2562 469 2592 lnm
493 2561 625 2603 quando
649 2560 861 2596 convortitur,
891 2565 967 2589 sunt
991 2559 1022 2589 in
1043 2568 1082 2589 eo
1104 2559 1190 2588 bonn

384 2605 457 2647 lpsn
481 2605 679 2645 poenitentia
703 2609 753 2634 est
779 2604 898 2633 bonum
923 2612 1019 2642 opus,
1055 2601 1190 2632 invoca-

217 2617 326 2648 opera.

1214 2512 1216 2527 ¹
1244 2512 1326 2540 Deus
1359 2512 1456 2541 'vluit
1490 2522 1553 2541 cnm
1587 2516 1751 2541 conterere.

1236 243 1293 282 tio,
1313 248 1346 275 et
1366 242 1477 282 Fides,
1498 250 1578 277 suut
1599 254 1680 277 vere
1701 245 1790 278 bona
1812 255 1925 288 opera.
1976 246 2055 279 {tem
2078 248 2209 282 subiicit

1235 295 1274 317 se
1296 283 1460 318 voluntati
1472 286 1535 319 Dei
1553 288 1585 319 in
1608 298 1726 330 poena.
1760 287 1820 320 llla
1836 290 1994 330 patientia
2015 296 2067 322 ωε
2089 291 2211 324 bonum

1235 338 1256 359 ο
1280 338 1332 360 us.
1373 328 1465 368 ltem‚
1489 329 1658 362 confessio
1681 336 1734 362 est
1755 331 1878 364 bonum
1901 342 1996 373 opuS‚
2020 334 2108 375 quod
2132 333 2210 366 dicit

1236 380 1327 420 care
1342 392 1353 410 ‚
1403 371 1495 404 illum
1535 372 1704 405 Christum
1750 374 1871 406 iniuste
1906 374 1995 406 affici
2033 375 2208 418 supplicio.

1234 412 1341 444 Euam
1375 413 1545 447 consessio
1578 422 1793 458 peccatorum
1831 426 1968 450 suorum
2002 425 2054 450 est
2089 420 2210 452 bonurn

1235 465 1331 497 opus.

1321 497 1595 541 Quandocunque
1628 500 1664 532 fit
1687 502 1880 541 conversio,
1921 509 1997 534 sunt
2019 503 2053 534 in
2075 503 2208 537 homino

1234 538 1337 571 multa
1371 542 1459 573 bona
1492 552 1610 583 opera:
1644 545 1870 576 accenduntur
1902 544 2026 578 multae
2059 547 2209 579 virtutes.

1234 581 1296 633 ille
1322 581 1409 615 latro
1437 594 1569 627 semper
1597 586 1696 618 debet
1721 587 1818 619 nobis
1848 597 1926 619 esse
1953 589 1986 620 in
2014 595 2210 630 conspeetu:

1235 624 1320 676 Quia
1349 632 1401 657 est
1433 627 1563 669 insigne
1596 628 1783 672 exemplum
1805 630 1994 669 doctrinae,
2027 632 2068 663 de
2095 633 2209 664 remis-

1233 677 1328 700 sione
1346 676 1560 709 peccatorum
1597 673 1730 704 ratuita:
1753 672 1824 704 Nec
1845 683 1908 704 nos
1921 672 2016 705 aliter
2031 673 2210 714 salvamur,

1234 720 1330 752 quam
1353 709 1410 743 ille
1430 711 1528 744 latro.
1587 714 1678 746 'tiam
1700 714 1864 747 lohannes
1886 715 2038 757 Baptista
2066 727 2133 748 non
2156 724 2209 749 est

1233 752 1330 785 aliter
1353 753 1516 794 salvatus,
1539 766 1638 797 quam
1660 756 1716 789 ille
1738 757 1845 789 latro:
1866 758 1950 790 Nam
1971 765 2004 790 et
2033 759 2105 800 ipse
2127 760 2210 800 petit

1233 797 1462 828 remissionem
1501 805 1715 840 peccatorum
1755 802 1929 843 gratuitam
1962 811 1982 832 a
2020 800 2088 833 filio
2128 801 2210 839 Dei;

1232 839 1384 889 agnoscit
1416 839 1507 871 hune
1540 850 1617 872 esse
1640 842 1809 881 Messiam,
1841 847 1874 874 et
1908 844 1971 874 scit
2005 853 2043 875 se
2077 853 2210 886 quoque

1231 887 1396 922 pertinere
1417 882 1503 913 inter
1524 893 1598 921 eos,
1629 885 1671 915 de
1693 885 1813 926 quibus
1842 884 1896 916 hic
1926 886 2057 918 dicitur:
2096 888 2211 919 Omnes

1233 925 1424 955 errat-imus.
1479 924 1546 957 Sed
1570 925 1670 958 redeo
1703 927 1746 958 ad
1769 928 1872 958 verba
1894 927 2097 969 Prophetae:
2134 930 2210 962 Cum

1232 967 1337 1007 impiis
1354 968 1524 1007 sepelietur
1557 972 1589 1000 et
1612 970 1770 1001 morietur
1795 971 1878 1002 sicut
1906 971 2027 1003 divites.
2078 971 2209 1004 Divite·

1232 1008 1286 1041 hio
1308 1015 1398 1048 sunt,
1423 1011 1478 1052 qui
1500 992 1582 1042 alias
1605 1011 1752 1053 Tyranni
1770 1013 1989 1045 nominantur.

1319 1051 1392 1082 Non
1411 1054 1491 1091 fecit
1513 1055 1716 1094 iniquitatem,
1750 1065 1846 1095 neque
1879 1055 1972 1085 dolus
2000 1056 2064 1094 fiu‘t
2093 1057 2125 1085 in
2154 1067 2209 1087 on

1232 1096 1320 1135 ἀπιῇ]
1366 1095 1460 1127 Hanc
1481 1098 1676 1129 sententiam
1699 1097 1822 1130 Puulus
1845 1099 1891 1130 ita
1920 1099 2099 1139 expressit:
2131 1098 2209 1129 Eum

1230 1139 1284 1177 qui
1305 1148 1367 1168 non
1395 1140 1482 1168 novit
1513 1144 1684 1178 peccatum,
1713 1151 1777 1180 pro
1810 1141 1899 1171 nobis
1925 1145 2090 1181 peccatum
2118 1143 2208 1181 fecit.

1230 1180 1342 1212 Primo
1364 1179 1441 1212 loco
1475 1189 1647 1222 peccatum
1681 1183 1847 1225 significat
1879 1183 2142 1224 fundamentum,
2175 1185 2208 1217 id

1232 1229 1295 1261 est,
1318 1224 1396 1255 vitia
1418 1229 1452 1255 et
1474 1223 1606 1263 delicta,
1629 1226 1761 1266 ponitur
1789 1236 1851 1267 pro
1880 1226 2079 1264 defectibus,
2104 1227 2208 1269 quali·

1232 1266 1354 1297 tatibus
1389 1271 1421 1297 et
1453 1267 1640 1298 actionibus
1663 1267 1770 1300 malis.
1826 1268 1898 1299 Non
1927 1270 2014 1298 not-it
2031 1273 2205 1308 peccatum,

1231 1314 1285 1339 est
1302 1307 1468 1340 Hebraica
1491 1311 1731 1341 consuetudine
1760 1311 1901 1349 dictum,
1926 1321 1987 1352 pro
2010 1321 2072 1340 non
2094 1311 2210 1342 voluit.-

1232 1351 1263 1381 id
1281 1356 1345 1389 est,
1373 1359 1448 1381 eum
1472 1351 1564 1382 cuius
1587 1350 1742 1383 voluntas
1764 1351 1825 1383 suit
1857 1354 1929 1384 sine
1958 1351 2026 1384 ullo
2058 1359 2210 1394 peccato,

1232 1391 1320 1432 labe,
1345 1393 1436 1431 vitio,
1465 1393 1602 1425 delicto:
1637 1393 1721 1426 Eum
1754 1404 1835 1437 ergo
1864 1396 1943 1434 fecit
1963 1399 2143 1434 peccatum,
2177 1395 2210 1427 id

1232 1441 1297 1474 est,
1321 1435 1463 1468 hostiam
1490 1447 1550 1478 pro
1576 1444 1726 1477 peccato.
1770 1438 1942 1480 Accipitur
1969 1448 2031 1480 pro
2059 1439 2211 1478 termino,

1233 1479 1320 1510 sicut
1352 1479 1385 1509 in
1415 1477 1608 1511 Dialecticis
1641 1478 1823 1522 loquimur:
1857 1482 1945 1511 Fecit
1963 1485 2143 1521 peccat-am,
2177 1481 2211 1513 id

1233 1527 1297 1560 est,
1326 1521 1480 1563 quiddam
1512 1532 1615 1554 reum.
1670 1522 1794 1555 Paulus
1827 1524 1967 1566 sumpsit
1998 1523 2135 1566 phrasin
2168 1534 2211 1556 ex

1232 1563 1298 1596 hoc
1321 1565 1394 1606 ipso
1418 1572 1510 1597 textu
1533 1565 1662 1605 Esaiae,
1688 1568 1743 1598 ubi
1766 1567 1899 1599 dicitur:
1940 1566 2092 1596 Dominus
2113 1567 2210 1597 velud!

1233 1611 1391 1637 conterere
1415 1617 1480 1638 etun
1501 1610 1533 1637 in
1556 1610 1748 1648 infirmitate:
1783 1616 1834 1648 et,
1855 1610 1930 1649 Ipse
1950 1611 2056 1649 posuit
2079 1611 2211 1640 animan·

1232 1661 1318 1680 suam
1339 1650 1472 1680 hostiam
1486 1661 1550 1691 pro
1567 1656 1713 1691 peccato.

1319 1693 1474 1734 Oportuit
1496 1695 1528 1726 in
1552 1705 1676 1737 genere
1706 1695 1847 1727 humano
1876 1695 2084 1726 innocentem
2111 1696 2209 1727 sust't

1233 1745 1314 1768 nere
1336 1746 1489 1778 poenam,
1513 1739 1606 1768 cuius
1629 1748 1736 1779 poena
1761 1738 1887 1769 valeret
1911 1748 1972 1779 pro
1992 1736 2076 1769 aliis.
2122 1737 2208 1773 Quia

1234 1780 1320 1811 enim
1343 1781 1416 1821 ipse
1438 1787 1489 1811 est
1514 1781 1686 1818 inuocem,
1716 1782 1789 1812 ideo
1814 1783 1884 1812 eius
1908 1791 2016 1822 poena
2040 1780 2127 1812 valet
2149 1791 2211 1822 pro

1234 1821 1315 1854 aliis.
1372 1822 1447 1854 Non
1481 1829 1571 1854 esset
1599 1823 1718 1865 λῦιρον,
1753 1825 1781 1854 si
1816 1834 1881 1855 non
1916 1831 2007 1856 esset
2039 1824 2210 1856 innocens.

1234 1865 1348 1897 Poena
1369 1865 1553 1896 innocentis
1572 1865 1658 1897 valet
1685 1877 1744 1906 pro
1769 1866 1854 1898 aliis.

1321 1907 1382 1939 uic
1411 1909 1555 1940 breviter
1589 1910 1726 1949 repetite
1761 1920 1898 1947 causas,
1932 1919 2035 1951 quare
2065 1908 2210 1940 Messias

1235 1951 1279 1982 sit
1297 1949 1394 1982 homo
1418 1958 1448 1981 et
1475 1950 1586 1983 Deus:
1612 1952 1650 1983 Et
1677 1951 1775 1983 homo
1798 1953 1977 1989 innocens;
2009 1953 2084 1994 quia
2114 1962 2210 1993 upon

1235 1994 1295 2025 tuit
1316 1992 1460 2035 aliquem
1496 1995 1528 2025 in
1564 2005 1685 2036 genere
1720 1995 1861 2026 humano
1895 1995 2028 2027 solvere
2057 2004 2210 2036 poenam,

1235 2043 1268 2068 et
1292 2035 1378 2067 hunc
1401 2038 1543 2077 oportuit
1568 2048 1643 2069 csse
1665 2038 1887 2076 innocentem,
1915 2046 1950 2069 ut
1979 2044 2071 2069 esset
2095 2037 2211 2078 λύτρον,

1236 2085 1271 2111 ut
1289 2090 1397 2122 poena
1422 2079 1542 2111 valeret
1569 2092 1627 2121 pro
1651 2079 1734 2112 aliis.

1323 2122 1392 2154 Sed
1416 2124 1559 2164 oportuit
1583 2125 1678 2155 etiam
1703 2133 1779 2155 esse
1793 2123 1912 2162 Deum,
1935 2129 1968 2154 ut
1987 2129 2077 2155 esset
2100 2123 2212 2165 aequi·

1237 2165 1354 2197 valens
1378 2167 1532 2206 pretium;
1555 2167 1629 2198 item
1652 2173 1686 2198 ut
1709 2168 1814 2208 possit
1845 2167 1971 2208 ingredi
1999 2167 2030 2197 in
2060 2172 2211 2198 sunctum

1238 2215 1448 2246 sanctorum,
1482 2216 1516 2241 ut
1539 2210 1643 2251 possit
1678 2217 1755 2241 esse
1780 2209 1958 2244 Mediatorz
1992 2211 2068 2251 quia
2100 2207 2211 2250 angeli

1240 2262 1304 2283 non
1329 2252 1437 2283 vident
1462 2263 1520 2284 cor
1553 2254 1676 2284 aeterni
1703 2253 1821 2287 Patris,
1851 2254 1909 2284 sed
1945 2259 2067 2284 tantum
2090 2252 2212 2289 vident,

1240 2302 1396 2337 quantum
1421 2296 1468 2326 eis
1492 2297 1685 2328 ostenditur.
1738 2296 1810 2337 lpse
1837 2296 1922 2327 videt
1958 2302 2060 2327 totum
2119 2301 2211 2326 ectus

1240 2339 1363 2370 aeterni
1399 2337 1517 2370 Patris.
1574 2339 1669 2378 item,
1703 2345 1834 2381 oportet
1866 2348 1943 2370 esse
1976 2339 2006 2369 in
2031 2305 2212 2375 Metllmoro

1240 2388 1386 2413 naturam
1411 2383 1578 2413 victricem
1613 2383 1738 2414 mortis.
1795 2382 1872 2413 ltetn
1901 2387 2028 2422 oportet
2058 2390 2135 2412 esse
2157 2390 2213 2411 cn·

1239 2426 1366 2456 stotlem
1392 2424 1572 2457 Ecclesiae.

1327 2468 1478 2509 (ng-itate
1501 2470 1597 2500 eniam
1621 2478 1747 2505 rursus,
1772 2474 1927 2509 quantum
1942 2467 2006 2498 hoo
2029 2466 2070 2497 sit
2094 2466 2212 2501 ›163⁰ss

1809 2511 1898 2543 llaec
1932 2517 1983 2541 est
2017 2509 2214 2551 gravissim·

1241 2554 1296 2586 illu
1330 2555 1442 2596 passio
1477 2555 1641 2587 sustinere
1664 2555 1743 2586 iram
1769 2553 1845 2587 Dei.
1880 2564 1944 2584 uon
1978 2559 2102 2583 tantum
2126 2550 2213 2582 laco-

1241 2600 1387 2630 rationes
1412 2599 1560 2640 corporis
1583 2605 1747 2630 externas.
