2324 2958
200 146 262 180 ΒΜ

202 240 292 273 initia
315 238 401 272 fidei.
455 237 532 269 ldeo
550 235 1068 280 utut-..sunt-ueavillatorie‘ista.
1085 236 1172 267 acci-

201 282 337 325 pienda:
359 280 443 312 satis
465 280 508 311 sit
529 273 638 318 nobis,
659 279 748 321 qnod
770 278 965 311 amslamatio
986 277 1042 309 illa
1061 276 1171 318 populi

201 325 243 357 sit
267 322 434 357 consessio
457 321 642 360 Ecclesiae,
654 320 856 357 affirmantis
878 321 966 352 hunc
989 329 1066 351 esse
1083 319 1172 350 Mes·

201 367 296 404 siam,
317 367 372 408 qui
393 375 432 397 se
454 371 532 397 tunc
554 363 685 406 publice
708 365 915 402 ostendebat,
937 370 969 394 et
991 363 1109 394 edebat
1131 362 1172 393 de

202 419 240 441 se
262 409 457 442 testimonia.
514 407 597 440 Fieri
628 408 722 439 etiam
752 413 877 448 potest,
912 412 947 437 ut
974 403 1082 442 multi,
1117 404 1172 445 qui

202 463 288 484 nunc
311 450 495 483 salutarunt
519 449 686 482 Christum
709 455 871 491 tamquam
897 448 1031 489 Regem,
1056 453 1173 487 postea

201 495 334 526 sinistre
368 495 409 525 tle
440 503 480 524 eo
508 493 666 533 suspicati
693 492 776 529 sint,
812 502 883 522 cum
913 489 1172 531 crucifigeretur,

202 539 285 569 sicut
316 534 465 578 discipuli
495 535 616 567 Christi
646 535 740 566 etiam
765 535 944 575 sperabant
966 542 1039 563 eum
1062 530 1173 572 expul-

203 590 313 611 surum
337 578 524 614 Romanos;
551 584 581 609 et
609 577 876 614 offendebantur,
904 585 978 606 cum
1006 573 1087 606 nihil
1108 573 1172 605 tale

203 622 313 659 fieret,
337 621 469 653 Christo
494 621 655 661 pendente
677 620 708 650 in
729 629 837 650 cruce.
889 617 1036 649 Fuerunt
1063 622 1171 648 tamen

204 664 331 697 dociles
354 672 487 705 postea,
517 663 628 703 agnito
652 672 731 693 vero
756 659 922 692 intellectu
945 660 1173 691 vaticiniorum

204 707 485 749 Propheticorum.
542 707 588 736 lta
617 715 682 736 non
712 704 844 735 dubium
872 708 940 741 est,
979 701 1101 733 multos
1132 712 1172 733 ex

203 751 255 789 iis,
278 751 332 793 qui
354 749 589 781 maledixerunt
612 747 743 778 Christo
778 747 808 777 in
839 755 957 783 cruce,
990 754 1173 777 conversos

204 803 299 832 esse,
342 799 516 834 postquam
555 791 750 821 audiverunt
790 787 956 819 Christum
996 788 1174 819 resuscita-

205 843 272 867 tum
296 845 390 873 esse,
421 841 451 866 et
475 834 561 866 hanc
595 833 777 864 doctrinam
808 830 994 862 confirmari
1027 829 1175 862 maximis

205 877 383 911 miraculis.

205 1021 469 1056 EXPLtcATto
493 1020 595 1052 xvn.
619 1019 788 1051 CAPlTlS
812 1017 1011 1056 lOANNtS,
1036 1017 1078 1049 ΙΝ
1102 1015 1176 1048 DlE

582 1078 795 1112 VIRlDlUM.

222 1178 569 1221 Commonefaetio
602 1177 653 1217 de
685 1175 1002 1216 consideratione
1035 1173 1164 1228 operis

543 1252 839 1307 redemptionis.

291 1346 409 1378 Totum
435 1344 501 1376 hoc
529 1355 559 1376 m
577 1345 720 1375 'sterium
749 1342 984 1382 redemptionis
1005 1339 1177 1373 humanae,

208 1388 262 1422 vel
284 1389 452 1422 missionis
476 1387 532 1419 tilii
589 1387 635 1424 ei,
659 1391 710 1417 est
731 1385 909 1426 sapientia,
937 1394 1021 1425 quae
1043 1388 1179 1423 superat

207 1434 348 1465 omnium
373 1437 597 1463 creaturarum
625 1426 826 1460 intellectum
854 1433 886 1458 et
909 1432 1057 1467 captum:
1091 1425 1179 1466 quod

206 1474 360 1507 videlicet
382 1473 475 1505 Deus
506 1471 643 1504 voluerit
675 1472 738 1502 isto
768 1470 866 1501 modo
891 1470 1051 1500 redimere
1074 1476 1179 1509 genus

206 1518 398 1554 humanum,
428 1522 464 1548 ut
493 1515 585 1547 fieret
608 1513 709 1546 Filius
738 1523 799 1555 pro
823 1522 945 1554 genere
967 1511 1111 1543 humano
1135 1511 1180 1541 vi-

208 1562 322 1598 ctima,
350 1560 532 1591 mitteretur
560 1559 591 1588 in
621 1557 795 1593 mundum,
823 1560 1007 1586 assumeret
1029 1562 1179 1585 naturam

208 1605 399 1640 humanam,
439 1609 471 1632 et
506 1601 711 1632 derivaretur
748 1601 780 1630 in
815 1599 921 1639 ipsum
960 1599 1026 1634 ἔτας
1065 1602 1098 1628 et
1131 1595 1181 1627 sic

208 1646 340 1688 placata
377 1646 424 1676 ira
466 1644 547 1682 Dei,
581 1643 773 1675 redderetur
805 1641 902 1672 nobis
936 1641 1003 1672 vita
1036 1646 1179 1671 aeterna.

208 1689 300 1721 Haec
326 1695 404 1720 sunt
432 1688 476 1718 ita
499 1686 664 1724 miranda,
693 1691 725 1716 et
752 1685 796 1716 ita
818 1683 935 1725 procul
957 1683 1066 1725 posita
1089 1688 1183 1713 extra

209 1742 338 1764 omnem
371 1730 564 1772 sapientiam
598 1729 741 1760 omnium
775 1733 1020 1763 creaturarum,
1053 1731 1089 1756 ut
1116 1734 1180 1756 non

209 1773 316 1807 solum
339 1784 404 1805 non
427 1774 492 1803 sint
514 1772 647 1804 inventa
668 1769 721 1803 vel
745 1770 952 1812 deprehensa
973 1768 1101 1800 iudiciis
1123 1766 1182 1798 hu-

211 1818 330 1854 manis,
359 1817 418 1848 sed
449 1815 546 1847 etiam
574 1821 790 1855 posteaquam
814 1823 897 1843 vnce
920 1811 983 1842 Dei
1005 1809 1181 1853 patefacta,

211 1867 243 1892 et
265 1858 411 1892 revelata
434 1864 522 1896 sunt,
539 1864 646 1890 tamen
671 1857 713 1887 sit
735 1854 877 1886 difficilis
900 1854 1063 1885 assensio.
1104 1853 1181 1883 ltleo

212 1903 316 1944 inquit
348 1900 529 1942 Propheta:
566 1900 642 1934 Quis
676 1899 813 1928 credidit
842 1897 965 1927 ambitui
991 1900 1117 1929 nostro,
1153 1899 1182 1924 ct

212 1945 367 1976 brtuduimu
390 1944 514 1973 Dotm'ni
532 1945 583 1972 cni
600 1942 763 1972 revelatum
782 1940 847 1971 est?
870 1941 963 1981 quasi
990 1939 1087 1977 dicat,
1116 1948 1181 1969 non

213 1998 328 2021 omnes
350 1985 606 2028 amplectentur,
629 1995 694 2016 non
718 1993 832 2015 omnes
857 1983 1001 2014 credent.

294 2031 364 2063 Sed
389 2028 514 2071 colligit
537 2029 598 2059 sibi
627 2035 734 2059 tamen
758 2026 850 2058 Deus
879 2031 1048 2057 aeternam
1068 2022 1183 2055 Eccle-

213 2077 310 2111 siam,
345 2072 461 2110 efficit,
494 2077 529 2103 ut
558 2069 657 2112 aliqui
685 2070 841 2104 credant,
875 2068 964 2099 iuvat
994 2067 1090 2098 etiam
1114 2076 1179 2097 cre·

214 2119 341 2154 dentes,
360 2122 394 2147 ut
414 2115 518 2155 magis
538 2115 709 2155 magisque
727 2113 759 2144 in
783 2112 830 2143 eis
855 2111 1068 2143 confirmetur
1091 2109 1184 2140 tides.

214 2161 326 2196 Quare
360 2168 492 2190 oremus
527 2158 646 2198 ipsum,
680 2162 715 2187 ut
748 2161 863 2186 nostra
895 2154 997 2185 corda
1025 2152 1185 2183 accendat

215 2203 412 2245 cogitatione
434 2201 625 2237 doctrinae,
652 2205 685 2230 et
708 2198 804 2230 fidem
827 2197 858 2228 in
883 2196 978 2228 nobis
1002 2194 1184 2231 confirmet,

215 2254 249 2278 ut
273 2247 356 2277 baec
383 2245 485 2286 ipsius
515 2242 676 2275 beneficia
703 2250 945 2283 agnoscamus,
968 2237 1186 2274 celebremus,

215 2296 247 2322 et
270 2288 355 2330 grati
377 2287 588 2327 accipiamus.

302 2331 371 2362 ttoc
429 2331 542 2361 rituum
573 2328 714 2360 omnium
743 2325 926 2358 faciendum
950 2331 1002 2356 est
1024 2325 1056 2355 in
1080 2323 1186 2354 consi-

215 2375 383 2407 det-atione
406 2341 520 2404 iiarum
544 2378 707 2403 tamarum
725 2379 843 2401 rerum.
891 2368 962 2399 Non
983 2372 1033 2398 est
1050 2365 1103 2398 hic
1122 2365 1186 2396 dis-

238 2418 338 2450 utatio
369 2417 409 2448 tle
441 2415 599 2447 eiusmodi
629 2414 747 2451 rebus,
780 2421 863 2454 quae
885 2410 1015 2451 possint
1038 2418 1185 2448 compre-

238 2460 313 2493 endi
338 2460 464 2491 iudiciis
489 2458 655 2489 hnnmnis:
684 2463 719 2488 ut
742 2455 873 2497 quando
897 2453 1045 2484 homines
1070 2451 1184 2483 eruditi

216 2504 382 2544 disputant
407 2503 447 2532 tle
472 2501 630 2537 immeris,
658 2500 699 2531 (le
722 2497 1003 2541 propositionibus
1026 2493 1184 2531 Euclidis,

218 2545 270 2578 vel
292 2546 332 2577 ‹le
356 2546 466 2577 causis
490 2544 656 2586 physicis,
687 2552 770 2584 quae
793 2551 848 2572 res
871 2538 1015 2572 efficiant
1038 2538 1185 2573 morbos,

217 2591 291 2622 item
325 2598 409 2630 quae
444 2598 496 2620 res
527 2587 728 2619 medicentur
758 2583 892 2617 morbis.

836 142 945 176 Pfflll.
963 141 1071 175 mma
1080 147 1084 151 ”
1092 141 1278 175 scalpra
1300 139 1562 174 Emi-:frica

2129 141 2195 176 608

1222 234 1457 275 comprehendi
1485 237 1614 276 potest,
1646 235 1735 277 quod
1763 235 1807 266 sit
1833 233 1946 273 Deus,
1980 240 2014 267 et
2039 235 2129 277 quod
2152 237 2195 268 sit

1223 286 1318 308 mens
1349 282 1501 316 aeterna,
1539 278 1691 319 sapiens,
1731 277 1894 309 conditrix
1928 287 2054 316 rerum,
2095 278 2195 317 bona,

1223 319 1321 358 iusta,
1346 325 1449 351 casta.
1494 319 1587 352 Haec
1605 326 1657 352 est
1680 318 1840 361 particula
1862 320 2043 361 sapientiae
2064 318 2194 362 legalis,

1224 361 1310 393 sicut
1331 367 1364 393 et
1386 360 1462 401 illa,
1491 362 1568 394 Non
1589 363 1732 402 occides,
1760 361 1838 394 Non
1858 362 2092 402 moechaberis,
2119 362 2196 395 Non

1219 401 1346 443 furtum
1364 403 1486 444 facies,
1510 412 1677 447 utcunque
1701 402 1837 446 intelligi
1861 411 2010 446 possunt.

1309 446 1516 489 Quamquam
1547 448 1631 479 enim
1659 454 1785 479 mentes
1809 448 1969 479 humanae
1991 445 2124 479 multum
2147 453 2196 479 tu-

1224 487 1427 521 multuantur
1457 490 1554 521 etiam
1581 491 1612 521 in
1643 490 1843 531 cogitatione
1866 490 2036 521 doctrinae
2057 489 2195 532 legalis:

1224 530 1314 563 multi
1336 538 1413 563 sunt
1430 531 1616 573 Epicur-aei,
1635 533 1725 563 multi
1738 532 1941 570 Academici,
1953 539 1985 564 et
2004 533 2035 563 in
2055 533 2198 564 omniun

1224 573 1389 605 hominum
1412 576 1575 607 mentibus
1597 574 1732 607 multum
1752 582 1801 606 est
1821 575 2068 615 dubitationum,
2087 581 2197 607 tamen

1225 614 1344 657 legalia
1367 617 1429 648 ista
1452 624 1617 660 utcunque
1639 624 1782 658 possunt
1804 617 2040 656 demonstrari,
2068 624 2100 649 et
2121 627 2198 659 pos-

1225 665 1302 689 sunt
1321 659 1444 700 percipi
1461 659 1600 692 facilius.
1636 660 1758 692 Verum
1777 661 1840 691 ista
1859 661 2006 692 miranda
2024 660 2197 701 sapientia,

1225 701 1313 742 quod
1336 700 1429 733 Deus
1451 702 1500 734 sic
1523 702 1663 735 voluerit
1685 703 1859 734 restituere
1882 712 1988 743 genus
2010 701 2198 740 humanum,

1226 750 1259 774 et
1281 753 1428 782 servare,
1446 750 1479 776 et
1501 745 1626 777 donare
1649 751 1783 777 aeterna
1803 745 1924 776 iustitia
1947 750 1980 776 et
1999 745 2076 783 vita,
2093 744 2197 776 misso

1226 783 1325 817 Filio:
1349 786 1414 817 boc
1435 787 1481 818 ita
1503 798 1656 829 magnum
1675 794 1737 826 est,
1755 794 1802 825 ut,
1822 788 1883 819 nisi
1901 787 1975 819 Deo
1994 786 2199 819 accendente

1227 829 1329 860 corda
1351 835 1484 868 nostra,
1507 840 1572 861 non
1596 829 1828 872 intelligamus.

1313 870 1499 903 intueamur
1537 878 1645 904 autem
1678 872 1863 904 testimonia
1897 871 2042 904 exhibita
2076 882 2096 904 a
2129 870 2197 902 filio

1227 913 1301 945 Dei.
1348 913 1409 946 Hic
1432 915 1503 955 ipse
1526 913 1645 952 filius,
1673 916 1729 956 qui
1751 916 1965 946 concionatur
1987 915 2018 946 in
2041 914 2104 946 ista
2126 924 2197 945 nar-

1228 957 1354 988 ratione
1388 956 1560 996 lobannis,
1601 957 1811 989 resuscitavit
1848 957 2009 989 Lazarum
2049 962 2080 988 et
2113 955 2198 988 alios

1229 1005 1387 1031 mortuos.
1444 999 1518 1042 lpse
1545 1001 1642 1031 etiam
1664 1000 1847 1031 resurrexit
1869 1010 1889 1030 a
1911 999 2067 1036 mortuis,
2096 1004 2130 1030 et
2150 1008 2200 1030 re-

1228 1042 1322 1080 vixit,
1350 1043 1494 1074 ostendit
1523 1052 1562 1073 se
1590 1052 1729 1083 magnae
1757 1041 1953 1074 multitudini
1980 1051 2039 1083 per
2061 1041 2201 1082 quadra·

1229 1084 1320 1127 ginta
1342 1084 1423 1116 dies.
1482 1085 1572 1116 Haec
1594 1085 1780 1116 testimonia
1810 1085 2013 1126 cogitemus,
2047 1088 2080 1115 et
2101 1081 2200 1115 simul

1229 1137 1378 1165 oremuS,
1411 1133 1447 1159 ut
1469 1128 1627 1159 accendat
1650 1134 1776 1159 mentes
1801 1133 1954 1164 nostram,
1978 1131 2013 1158 ut
2035 1125 2128 1157 firma
2149 1134 2203 1157 as-

1228 1170 1386 1201 sensione
1402 1176 1435 1201 et
1453 1169 1518 1201 fide
1534 1171 1599 1201 ista
1616 1168 1863 1210 amplectamur.
1907 1169 2098 1208 Discamus‚
2117 1175 2204 1210 quae

1228 1212 1271 1243 sit
1300 1222 1381 1244 vera
1407 1212 1594 1250 invocatio,
1629 1222 1702 1244 eam
1725 1222 1953 1243 exerceamus:
1988 1211 2036 1243 lta
2057 1212 2090 1243 in
2112 1211 2203 1243 invo

1229 1255 1377 1292 catione,
1406 1261 1439 1286 et
1466 1255 1498 1285 in
1522 1255 1595 1285 istis
1618 1255 1793 1296 gemitibus
1816 1255 1939 1285 orietur
1961 1252 2018 1284 lux
2040 1253 2073 1284 in
2096 1252 2203 1285 cordi-

1229 1297 1312 1347 bus,¹
1340 1302 1376 1327 ut
1403 1295 1514 1338 aliquo
1544 1297 1642 1328 modo
1672 1297 1734 1327 ista
1763 1295 2004 1339 intelligamus,
2036 1302 2067 1327 et
2093 1301 2130 1328 ut
2149 1305 2202 1327 aa·

1230 1346 1420 1370 sentiantur.

1315 1381 1493 1413 Praeterea
1525 1391 1588 1412 vos
1615 1380 1847 1412 adolescentes
1876 1380 1909 1411 in
1932 1379 1985 1411 bis
2007 1377 2098 1410 seriis
2121 1377 2205 1410 telo

1231 1425 1295 1467 gite
1317 1423 1487 1455 historiam
1517 1422 1705 1461 Passionis,
1739 1430 1771 1455 et
1801 1423 1969 1465 adiungite
1997 1420 2206 1454 dulcissimas

1232 1467 1412 1499 conciones
1448 1466 1614 1498 lobannis.
1670 1465 1762 1497 Deus
1797 1466 1868 1507 ipse
1897 1464 2042 1497 servavit
2077 1470 2206 1505 tempus

1233 1509 1439 1547 paschatos,
1463 1515 1494 1540 et
1519 1510 1681 1541 ordinavit
1710 1519 1751 1540 ac
1775 1508 1939 1540 distribuit
1961 1514 2109 1549 tempora
2131 1515 2205 1547 pro

1231 1559 1302 1595 pter
1324 1558 1471 1584 nostram
1495 1551 1677 1590 utili-atem,
1700 1552 1776 1593 quia
1798 1551 1840 1582 ad
1863 1549 2012 1582 homines
2035 1549 2206 1580 docendos

1230 1594 1318 1628 utilis
1343 1601 1393 1626 est
1417 1593 1654 1636 qualiscunque
1677 1602 1859 1636 temporum
1883 1592 2078 1630 distributio,
2101 1597 2137 1622 ut
2158 1590 2206 1622 hi·

1231 1638 1407 1670 storiarum
1432 1644 1543 1679 partes
1563 1636 1649 1669 aliae
1668 1635 1739 1668 aliis
1759 1636 1960 1677 temporibus
1979 1640 2207 1676 proponantur

1233 1681 1412 1723 copiosius.
1468 1680 1672 1722 Quamquam
1703 1679 1788 1711 enim
1819 1680 1859 1710 de
1890 1678 2040 1709 omnibus
2070 1676 2207 1708 assidue

1233 1724 1444 1766 cogitandum
1467 1729 1530 1761 est,
1554 1730 1660 1754 tamen
1681 1722 1813 1764 quando
1837 1728 1887 1752 est
1912 1719 2126 1762 proponenda
2149 1719 2207 1750 do-

1233 1769 1347 1805 ctrina,
1361 1767 1433 1808 ipsa
1452 1766 1610 1806 temporis
1631 1765 1816 1796 distributio
1829 1762 1950 1805 aliquid
1963 1763 2109 1795 adiuvat.
2141 1761 2207 1794 No-

1233 1819 1297 1852 que
1321 1809 1429 1842 onmia
1452 1809 1567 1840 eodem
1590 1814 1737 1848 tempore
1760 1807 1823 1838 dici
1846 1812 1998 1847 possunt.

1319 1849 1418 1883 Scitis
1442 1858 1549 1883 autem
1574 1851 1746 1882 dicendum
1770 1859 1847 1881 esse
1866 1850 1897 1880 in
1917 1848 2056 1880 historia
2073 1846 2207 1879 Passio-

1233 1895 1284 1927 nis
1308 1894 1378 1926 filii
1401 1893 1465 1926 Dei
1489 1894 1642 1935 primum,
1674 1903 1759 1934 quae
1783 1893 1826 1923 sit
1849 1901 2011 1933 persona,
2044 1898 2130 1932 quae
2151 1899 2208 1932 pa-

1235 1939 1347 1975 tiatur,
1371 1943 1487 1978 postea
1513 1937 1554 1968 tle
1578 1937 1703 1973 causis,
1734 1945 1836 1977 quare
1863 1935 2021 1977 patiatur,
2048 1932 2144 1964 tertio
2167 1930 2209 1964 de

1233 1979 1464 2022 applicatione.

1321 2022 1413 2058 Quae
1437 2023 1478 2053 sit
1501 2031 1662 2063 persona,
1686 2020 1805 2053 auditis
1829 2020 1988 2062 quotidie:
2023 2017 2083 2050 Est
2106 2015 2209 2050 fmus

1235 2064 1297 2097 Dei
1318 2071 1512 2097 coaeternus
1531 2071 1666 2095 aeterno
1686 2062 1786 2101 Patri,
1805 2064 1890 2102 λόγος
1910 2069 1940 2093 et
1958 2062 2067 2104 imago
2083 2060 2210 2092 aeterni

1236 2109 1346 2149 patris.
1405 2108 1495 2139 llaec
1538 2117 1668 2138 ›ersona
1698 2107 1834 2137 assumit
1863 2105 2035 2136 humanam
2059 2109 2210 2135 naturam

1235 2152 1355 2183 unione
1385 2151 1568 2192 personui,
1602 2156 1635 2181 ut
1665 2150 1707 2181 sit
1735 2149 1797 2180 iam
1821 2158 1905 2181 unus
1928 2147 2109 2185 Dominus,
2143 2154 2210 2178 una

1236 2205 1379 2235 persona
1397 2194 1491 2233 λόγος,
1512 2199 1543 2224 et
1562 2191 1619 2224 illa
1643 2199 1759 2223 natura
1783 2198 1953 2232 assumpta
1976 2201 1996 2221 a
2019 2189 2123 2221 Maria
2145 2187 2208 2219 vir-

1237 2238 1322 2279 gine.
1368 2235 1551 2268 Descendit
1576 2234 1661 2267 tilius
1684 2234 1745 2266 Dei
1769 2235 1801 2266 in
1825 2235 1918 2265 istam
1937 2242 2081 2265 massam
2096 2231 2209 2264 miset*

1238 2282 1349 2312 rimam
1372 2279 1505 2312 humani
1528 2279 1678 2322 generis,
1702 2283 1734 2310 et
1755 2287 1829 2310 eam
1852 2277 1963 2308 induit.

1503 2444 1636 2495 Quam
1669 2444 1723 2484 ob
1755 2457 1917 2484 causam
1926 2441 1945 2482 Ῥ

1323 2535 1364 2568 Ut
1388 2535 1443 2568 fiat
1467 2535 1600 2568 victima
1615 2545 1676 2577 pro
1694 2541 1843 2576 peccato.
1890 2532 1981 2564 ilaec
1998 2540 2101 2564 cama
2120 2535 2212 2562 tanta

948 2581 995 2613 lta
1017 2587 1185 2621 utcunque
1236 2586 1304 2617 est,
1328 2586 1361 2611 ut
1384 2579 1576 2622 magnitudo
1606 2579 1677 2610 eius
1701 2587 1767 2609 non
1790 2576 1897 2619 possit
1920 2575 2058 2617 exprimi
2080 2573 2210 2606 verbi-z
