2324 2958
79 188 145 222 453

81 283 125 326 pii
146 291 236 314 nunc
264 277 417 312 exsulant
447 287 522 308 cum
550 275 683 307 familiis
705 275 788 306 suis.
838 273 936 307 Multi
957 274 1063 310 sancti

81 328 147 358 iam
168 330 246 357 sunt
268 321 355 364 pulsi
385 330 426 352 ex
449 318 584 362 Anglia.
640 316 736 350 Multi
759 317 803 359 pii
826 318 983 349 doctores
1005 327 1062 349 va-

83 374 203 412 gantur
235 364 369 398 incertis
404 363 551 394 sedibus.
615 361 658 393 Hi
690 361 836 392 sentiunt
869 360 958 392 hunc
993 369 1063 391 sar-

83 420 231 444 casmum
262 405 414 444 Diaboli,
456 404 593 437 Scilicet
631 411 667 436 tu
705 414 742 436 es
777 402 864 435 filius
903 403 985 442 Dei,
1024 413 1063 434 es

83 455 264 488 membrum
285 449 460 482 Ecclesiae
479 447 612 480 Christi.
657 446 775 489 Neque
798 447 933 484 victum,
956 456 1063 488 neque

80 497 278 539 hospitium,
301 502 409 534 neque
433 490 661 524 defensionem
684 489 801 521 habes.

166 538 292 571 Eodem
315 545 486 567 sarcasmo
511 534 746 566 excruciantur
768 532 860 564 multi
878 531 1062 564 deliberan-

82 590 133 614 tes
165 591 279 612 secum
308 580 351 610 de
379 579 468 611 vitae
495 587 620 620 genere
649 575 819 618 eligendo:
866 577 898 608 Si
921 576 982 607 fies
1006 577 1063 607 mi-

81 626 184 657 nister
206 621 399 660 Ecclesiae,
424 622 453 652 si
475 627 567 653 recte
591 620 738 655 docebis,
763 619 829 651 eris
851 619 885 650 in
907 619 1062 657 miseriis,

81 667 206 699 esuries
240 676 314 698 cum
350 672 406 696 tua
438 662 571 696 familia.
628 663 750 694 Forma
778 662 878 694 huius
902 662 1062 694 orationis

79 716 133 743 est
166 707 418 746 conditionalis,
452 714 483 739 et
516 707 669 749 congruit
697 717 771 738 cum
794 704 1062 748 Enthymemate:

85 753 128 783 ru
157 754 204 782 vis
233 756 316 782 recte
345 751 474 782 docere:
510 750 598 790 Eryo
623 751 760 789 patieris
783 760 966 780 aerumnas.-
1000 749 1064 780 Po-

80 797 168 828 nitur
200 796 285 827 ratio
314 795 347 826 in
374 795 481 836 prima
508 799 604 834 parte
632 793 870 834 propositionis
898 793 1063 824 ironicae:

80 839 210 872 Deinde
233 838 364 870 additur
388 846 610 878 consequens.

166 881 239 913 Hac
268 881 450 913 tentatione
481 881 521 911 dc
551 880 639 911 victu
670 886 701 911 et
726 877 923 910 defensione
945 887 1065 919 corpo—

80 923 142 957 rali
175 926 310 956 vexavit
342 922 509 955 Diabolus
541 922 709 954 Christum
743 932 803 964 per
832 921 959 964 aliquot
980 921 1063 952 dies.

79 969 148 1002 Sed
169 966 334 999 Dominus
365 967 500 1007 opponit
529 967 592 1007 ipsi
617 966 754 997 verbum
776 964 851 997 Dei.
906 964 1065 1004 Scriptum

79 1016 140 1047 esf,
174 1011 295 1052 inquit,
329 1009 402 1040 Non
425 1011 457 1039 in
477 1019 562 1049 pane
584 1009 652 1039 solo
675 1010 751 1038 vicit
774 1008 873 1038 homo.
930 1007 979 1038 lta
1001 1016 1064 1039 nos

79 1055 241 1087 debemus
260 1054 291 1084 in
313 1054 466 1085 omnibus
485 1053 720 1084 tentationibus
740 1052 910 1092 respicere
929 1051 973 1082 ad
991 1061 1065 1082 ver-

79 1099 158 1130 bum
186 1096 268 1135 Dei,
299 1102 331 1128 et
358 1097 490 1138 quidem
519 1096 562 1127 ad
587 1096 723 1127 verbum
748 1093 868 1127 vocale
891 1094 1064 1134 scriptum,

81 1140 169 1183 quod
202 1145 368 1181 tamquam
397 1138 537 1181 clypeus
565 1138 799 1180 opponendum
829 1143 882 1169 est
904 1136 998 1175 telis,
1032 1142 1066 1168 et

82 1182 198 1216 iaculis
221 1181 366 1214 Diaboli.
412 1180 578 1214 Diabolus
603 1180 736 1223 pellitur
758 1186 791 1212 et
815 1181 984 1213 cruciatur
1005 1190 1066 1221 per

80 1227 233 1266 verbum3
262 1226 340 1268 quia
362 1224 457 1257 Deus
487 1230 539 1256 est
562 1222 681 1256 efficax
704 1234 764 1266 per
787 1225 926 1256 verbum
949 1229 1066 1255 contra

80 1270 247 1303 satanam.
293 1269 343 1300 Pii
365 1269 470 1300 verbo
493 1269 629 1300 vincunt
648 1273 680 1299 et
698 1268 843 1300 sentiunt
862 1277 900 1299 se
918 1268 1065 1305 timere,

80 1313 212 1355 quando
246 1312 460 1354 experiuntur
494 1310 776 1348 consolationem3
814 1311 915 1353 idque
950 1311 1065 1342 obser-

78 1355 224 1388 vandum
248 1362 300 1387 est
323 1361 440 1386 contra
463 1352 801 1387 Schwenckfeldium.

165 1397 227 1430 Est
249 1404 358 1430 autem
379 1396 604 1438 pulcherrima
627 1395 825 1434 consolatio,
850 1406 947 1438 quam
965 1395 1065 1427 citato

81 1442 170 1474 dicto
192 1440 310 1472 Moisis
334 1439 490 1472 Christus
514 1440 646 1478 recitat,
672 1450 777 1481 eaque
800 1450 820 1470 a
842 1440 940 1471 nobis
964 1439 1066 1470 omni-

79 1486 144 1517 bus
168 1493 270 1525 saepe
294 1482 500 1525 multumque
522 1484 701 1524 cogitanda
725 1488 788 1514 est.
835 1481 988 1514 Christus
1008 1482 1066 1513 ha-

80 1529 137 1559 bet
162 1527 352 1559 mandatum
387 1532 420 1558 et
452 1528 681 1565 vocationem,
715 1531 750 1558 ut
784 1526 919 1557 doceat:
954 1524 1066 1556 Debet

78 1570 179 1611 igitur
201 1570 328 1601 servire
351 1579 434 1601 suae
455 1569 641 1607 vocationi,
674 1574 706 1601 et
734 1568 801 1600 hoc
823 1567 970 1607 faciens,
1004 1568 1066 1599 erit

79 1611 155 1645 Deo
191 1621 301 1644 curae.
356 1611 417 1643 Est
451 1613 539 1644 enim
566 1611 802 1655 Enthymema:
846 1612 918 1642 Non
942 1613 975 1641 in
997 1610 1066 1641 solo

77 1666 162 1697 pane
184 1657 259 1685 vivit
280 1655 388 1690 Immo,
412 1655 525 1693 secljn
548 1657 631 1685 omni
654 1656 743 1685 verbo
766 1655 839 1685 Det.
884 1654 977 1697 Ergo
1001 1664 1066 1696 ego

80 1699 241 1732 obediens
265 1698 433 1730 vocationi
453 1699 573 1736 vivam,
597 1699 670 1730 sive
692 1697 833 1730 habeam
856 1699 991 1736 victum,
1010 1699 1066 1730 de-

79 1741 285 1780 fensionem,
318 1742 503 1783 praesidia,
537 1742 611 1773 sive
640 1752 724 1774 non:
759 1742 832 1773 sive
854 1739 978 1779 fames,
1011 1738 1067 1773 vel

80 1784 167 1818 aliae
201 1783 407 1817 calamitates
440 1795 493 1816 me
525 1791 685 1826 prement.
740 1784 851 1828 Magis
888 1785 1067 1826 perspicua

80 1830 144 1862 erit
167 1828 350 1867 sententia,
372 1828 401 1859 si
423 1829 542 1871 integri
565 1827 752 1871 syllogismi
774 1827 977 1867 formentur,
999 1827 1066 1860 hoc

81 1873 195 1905 modo:

169 1915 265 1947 ‚Solus
286 1915 384 1955 panis
407 1923 470 1946 non
492 1915 652 1957 vivificat.-
681 1913 763 1954 Vel,
785 1915 875 1956 quod
897 1914 983 1946 idem
1003 1921 1066 1952 est,

169 1959 237 1990 Res
260 1958 446 2000 vivificans,
469 1967 533 1990 non
555 1963 603 1990 est
624 1959 712 1990 solus
730 1959 849 2000 panis:

168 2002 238 2044 Eyo
260 2003 374 2033 relz'vto
396 2001 510 2040 verbo,
534 2001 682 2033 haberem
702 1999 819 2043 panem
841 2002 960 2033 solum:

167 2045 258 2087 Eryo
290 2055 353 2076 non
388 2046 544 2076 vit-erem.-
577 2046 609 2077 id
644 2051 713 2084 est,
743 2056 811 2077 non
840 2043 981 2077 feliciter
1011 2054 1066 2075 res

83 2089 298 2128 succederet,
323 2089 451 2120 etiamsi
475 2098 634 2131 sequerer
656 2088 800 2121 humana
824 2087 965 2121 consilia
988 2098 1067 2121 con-

84 2132 185 2164 traria
208 2133 322 2163 verbo.

169 2174 267 2206 Item:
315 2170 382 2214 Qui
401 2175 517 2206 retinet
540 2174 686 2213 verbum,
708 2174 912 2217 vivificatur.-

169 2217 239 2259 1390
260 2220 385 2250 retineo
411 2219 557 2250 verbum:

169 2261 259 2303 Eryo
294 2262 499 2304 ricz'ficubor,
540 2262 668 2294 etiamsi
702 2265 771 2293 tota
804 2265 926 2294 natura
959 2271 1068 2293 rerum

85 2309 291 2337 adversetur.

170 2348 472 2380 Accommodemus
513 2354 622 2379 autem
667 2346 931 2380 consolationem
971 2348 1069 2379 istam

84 2392 182 2423 etiam
193 2392 234 2423 ad
254 2402 329 2431 nos,
342 2393 418 2434 quia
435 2392 599 2424 sententia
618 2390 711 2422 istius
730 2391 808 2423 dicti
820 2398 872 2423 est
890 2390 1069 2434 generalis,

85 2441 117 2466 et
145 2433 211 2467 hoc
233 2435 416 2479 significat:
461 2435 538 2467 Vita
561 2441 609 2466 est
634 2433 857 2476 principaliter
879 2445 900 2466 a
922 2434 1015 2474 Deo,
1037 2441 1070 2467 et

85 2487 152 2508 non
174 2483 299 2510 tantum
323 2489 362 2511 ex
387 2479 499 2511 causis
524 2479 697 2515 secundi83
721 2485 753 2509 et
768 2477 862 2510 Deus
886 2483 939 2509 est
963 2488 1068 2521 agens

84 2518 297 2561 libem-imum,
318 2534 380 2555 nec
400 2529 452 2554 est
472 2521 628 2564 alligatus
650 2522 764 2553 causis
785 2522 956 2560 secundis,
975 2531 1069 2554 wann

86 2563 164 2595 Gott
187 2565 276 2596 einen
298 2567 462 2598 menschen
486 2566 633 2597 erhallen
656 2566 736 2602 will,
759 2575 796 2597 so
819 2565 920 2597 erhelt
943 2575 980 2597 er
996 2565 1069 2604 jlm,

84 2616 172 2639 wans
196 2609 282 2639 allen
304 2609 448 2650 Teuffeln
467 2610 555 2650 leyclt
578 2619 669 2640 were.

84 2660 157 2682 ses:

716 2608 764 2640 lta
786 2607 865 2640 alibi
891 2608 969 2640 dicit
985 2607 1068 2640 Moi-

209 2651 285 2692 Ipse
313 2657 361 2685 est
386 2655 460 2690 *vita
491 2657 566 2691 tua,
597 2657 626 2684 et
655 2653 822 2693 lonyitmto
852 2653 976 2685 dierum
1000 2657 1067 2684 tuo-

769 179 987 213 POSTILLA
1007 176 1412 211 MELANTHONIANA.

2034 177 2099 209 454

1115 282 1202 304 rumz
1226 272 1259 303 id
1282 276 1352 310 est,
1382 270 1483 302 homo
1507 271 1586 303 vivit
1608 271 1682 302 Deo
1706 276 1916 303 sustentante
1939 277 1972 303 et
1994 271 2098 304 vivifi·

1116 321 1226 348 cante.
1272 314 1330 346 Sic
1348 312 1502 346 Ecclesia
1524 313 1716 345 mirabiliter
1738 324 1871 355 semper
1894 321 2100 347 sustentatur

1115 360 1147 391 in
1171 357 1312 396 mundo,
1342 367 1542 398 quamquam
1570 357 1602 388 in
1632 367 1751 398 magna
1774 357 1977 396 infirmitate,
2001 368 2101 399 quas-

1116 401 1320 439 sationibus,
1344 399 1546 432 tumultibus.
1599 399 1657 431 Sic
1687 399 1824 442 singuli,
1856 410 1923 432 non
1953 411 1994 432 ex
2023 399 2099 432 solo

1116 455 1219 487 pane,
1253 444 1286 475 id
1320 449 1390 481 est,
1422 453 1491 474 non
1525 448 1650 473 tantum
1684 444 1859 484 praesidiis
1893 442 2099 476 naturalibus

1116 493 1311 526 servantur,
1333 487 1394 518 sed
1417 485 1516 518 bomo
1546 486 1627 517 vivit
1656 485 1689 516 in
1718 487 1806 517 omni
1828 488 1950 526 verbo,
1979 486 2012 518 id
2036 491 2100 526 est,

1116 532 1145 562 si
1169 530 1349 562 adhaereat
1372 530 1494 567 verbo,
1518 529 1768 560 sustentabitur.

1203 573 1379 606 Sumamus
1419 582 1500 614 ergo
1541 571 1619 603 hinc
1657 571 1825 614 regulam,
1864 582 1949 614 quae
1984 579 2033 604 est
2068 572 2100 603 in

1116 616 1268 648 Psalmo:
1313 616 1469 648 Subditus
1492 619 1560 647 esto
1583 614 1672 653 Deo,
1697 618 1728 646 et
1750 615 1825 655 ipsa
1847 613 1958 652 faciet.

1201 659 1270 691 Fac
1299 670 1338 692 ea
1366 669 1451 701 quae
1475 664 1554 691 sunt
1575 658 1762 690 vocationis
1787 664 1881 696 tuae,
1906 664 1938 689 et
1963 664 2100 699 expecta

1117 701 1273 735 auxilium
1300 713 1320 734 a
1348 702 1443 739 Deo;
1472 704 1567 734 lacta
1594 702 1627 732 in
1659 700 1757 732 Deum
1789 711 1901 732 curam
1932 705 2037 739 lnam,
2071 706 2102 733 et

1116 748 1186 787 ipse
1218 750 1249 777 te
1281 747 1428 778 enutriet.
1484 744 1586 776 Dabit
1619 744 1678 775 tibi
1706 744 1845 782 vietum,
1880 745 2027 775 servabit
2057 750 2100 783 te,

1117 791 1204 821 sicut
1225 788 1349 822 foetum
1373 790 1406 820 in
1428 794 1533 820 utero.
1579 787 1702 819 Foetus
1726 797 1794 818 non
1823 787 1905 825 scit,
1935 788 2101 829 quomodo

1117 834 1224 867 vivat:
1247 832 1304 864 Sic
1327 842 1390 864 nos
1413 841 1481 862 non
1504 832 1645 868 scimus,
1669 830 1834 872 quomodo
1858 831 2019 862 vivamus.

1204 876 1344 917 Imperia
1367 880 1528 917 quaerunt
1551 884 1613 905 sua
1636 874 1817 914 praesidia:
1863 873 1925 904 Sed
1957 883 1998 905 ea
2021 883 2102 915 quo-

1118 929 1183 960 que
1206 919 1277 950 sine
1300 918 1425 951 auxilio
1449 918 1559 949 divino
1582 927 1649 948 non
1673 923 1749 948 sunt
1769 916 1873 947 firma.
1919 916 2103 958 Dionysius

1119 963 1261 1000 dicebat,
1281 962 1324 993 Se
1342 963 1524 1003 relinquere
1540 960 1607 1003 filio
1619 960 1833 992 adamantina
1852 960 1982 991 vincula.
1998 961 2103 1001 regni,

1118 1005 1150 1037 id
1180 1011 1249 1043 est,
1282 1006 1329 1036 ita
1353 1004 1466 1042 firma,
1501 1010 1537 1036 ut
1571 1004 1775 1041 existimaret
1806 1013 1881 1034 eum
1911 1013 1978 1035 non
2000 1013 2104 1044 posse

1118 1049 1227 1080 excuti
1251 1059 1292 1080 ex
1314 1058 1437 1090 regno:
1467 1053 1499 1079 et
1527 1053 1638 1078 tamen
1662 1052 1713 1078 est
1735 1056 1920 1085 excussus,
1951 1052 1984 1077 et
2006 1047 2104 1087 periit

1117 1092 1151 1123 in
1185 1091 1296 1123 exilio.
1361 1091 1468 1122 Hodie
1504 1090 1671 1132 principes
1706 1090 1855 1121 muniunt
1894 1099 1932 1120 se
1972 1090 2104 1130 opibus,

1117 1134 1332 1173 exercitibus,
1352 1135 1476 1166 habent
1494 1133 1658 1165 domicilia
1677 1133 1841 1164 instructa
1857 1132 2103 1164 munitionibus.

1204 1178 1334 1210 lnterea
1371 1176 1526 1209 Ecclesia
1566 1186 1634 1207 non
1675 1176 1775 1207 habet
1816 1181 1939 1207 certam
1973 1175 2103 1207 sedem:

1117 1221 1263 1252 Nostrae
1286 1220 1429 1253 familiae
1453 1231 1520 1253 non
1543 1220 1668 1251 habent
1697 1225 1810 1250 certos
1833 1217 1981 1250 nidulos:
2010 1218 2105 1250 sede-

1118 1275 1192 1296 mus
1221 1275 1289 1296 non
1318 1263 1421 1296 multo
1450 1264 1571 1302 tutius,
1603 1273 1700 1305 quam
1729 1261 1867 1293 volitant
1890 1262 1924 1293 in
1947 1272 2025 1293 aere
2048 1272 2105 1293 vo-

1118 1307 1241 1340 lucres.
1288 1308 1356 1340 Sed
1384 1307 1531 1338 sciamus
1562 1313 1672 1338 tamen
1701 1305 1774 1336 Deo
1805 1315 1905 1337 curae
1935 1315 2011 1337 esse
2041 1305 2104 1336 Ec-

1120 1350 1272 1390 clesiam,
1303 1357 1334 1382 et
1364 1351 1493 1381 servan·
1522 1350 1610 1381 inter
1637 1349 1749 1380 mundi
1773 1346 1951 1386 tumultus,
1975 1348 2106 1380 etiamsi

1118 1393 1246 1426 fractus
1269 1393 1427 1426 illabatur
1450 1393 1553 1425 orbis.
1599 1391 1728 1434 Singuli
1750 1390 1875 1424 faciant
1894 1391 2005 1423 officia
2025 1401 2106 1423 suac

1119 1438 1324 1475 vocationis,
1365 1443 1398 1468 et
1431 1436 1506 1468 Deo
1540 1435 1772 1468 commendent
1805 1435 1943 1467 exitum:
1983 1432 2107 1477 singuli

1120 1481 1243 1519 dicant,
1267 1491 1330 1522 ego
1355 1480 1508 1511 obediam
1530 1479 1635 1511 verbo
1659 1478 1784 1516 divino,
1808 1483 1841 1510 et
1864 1479 2105 1510 commendabo

1118 1522 1194 1555 Deo
1218 1529 1447 1565 paupertatem
1469 1532 1587 1560 meam,
1609 1522 1774 1560 miserias,
1797 1519 1956 1562 pericula,
1970 1519 2105 1553 famem:

1119 1568 1204 1599 sicut
1234 1566 1388 1598 Psalmus
1417 1566 1508 1597 dicit:
1555 1564 1749 1596 Cmnmenda
1777 1564 1850 1596 Deo
1878 1565 1979 1596 ‘citam
2007 1569 2106 1602 tuam,

1119 1615 1149 1642 et
1173 1611 1243 1652 ipse
1262 1608 1377 1649 faciet.

1206 1652 1335 1685 Moises
1366 1651 1514 1683 habebat
1542 1651 1735 1683 mandatum
1764 1650 1847 1689 Dei,
1877 1656 1913 1682 ut
1948 1651 2107 1682 educeret

1118 1695 1287 1739 populum.
1333 1695 1458 1727 Postea
1476 1693 1656 1726 includitur
1673 1695 1715 1725 ab
1739 1704 1805 1724 una
1827 1699 1923 1734 parte
1946 1695 2040 1732 mari,
2062 1694 2105 1725 ab

1118 1739 1227 1772 altera
1255 1739 1441 1776 montibus,
1472 1748 1493 1768 a
1520 1743 1616 1780 tergo
1644 1735 1747 1769 habet
1768 1735 1897 1768 hostes.
1942 1736 2004 1769 Hic
2027 1737 2106 1779 quid

1119 1782 1239 1815 faciat?
1283 1781 1432 1823 Respicit
1460 1781 1649 1812 mandatum
1680 1779 1763 1818 Dei,
1794 1790 1857 1812 nec
1887 1780 2010 1812 deserit
2040 1785 2107 1811 sta-

1118 1827 1251 1858 tionem.
1290 1825 1368 1857 ldeo
1387 1825 1508 1865 inquit:
1531 1823 1625 1855 State
1643 1828 1673 1855 et
1688 1823 1836 1855 ridebitis
1854 1824 2020 1855 mirabilia
2031 1822 2107 1854 Dei.

1206 1869 1243 1900 In
1262 1869 1397 1900 deserto
1418 1868 1507 1900 dedit
1525 1866 1620 1899 Deus
1639 1865 1798 1899 Israelitis
1816 1877 1949 1905 manna,
1964 1865 2107 1909 singulis

1119 1924 1220 1946 unum
1245 1912 1386 1950 Gomor,
1409 1912 1442 1942 id
1466 1917 1533 1949 est,
1563 1911 1648 1942 duos
1679 1909 1879 1942 Choenices.
1937 1909 2019 1941 Tam
2042 1908 2107 1940 lar-

1120 1957 1207 1999 giter
1229 1956 1319 1997 pax-it
1344 1965 1404 1986 eos
1427 1955 1460 1985 in
1485 1955 1637 1993 deserto,
1665 1953 1752 1986 sicut
1776 1952 1900 1985 Paulus
1924 1953 2019 1985 dicit:
2043 1952 2106 1984 Ab·

1120 2001 1204 2032 uncle
1226 2000 1285 2031 dat
1308 1999 1353 2030 ad
1372 1996 1571 2038 frumentum
1594 1998 1708 2029 omnia.

1208 2042 1265 2074 Sic
1294 2042 1391 2074 Deus
1412 2042 1468 2073 dat
1491 2041 1588 2073 nobis
1611 2038 1806 2073 mirabiliter
1829 2040 1952 2071 victum
1974 2044 2108 2081 praeter

1121 2087 1342 2129 cogitationes
1365 2091 1518 2123 nostras,
1547 2090 1580 2116 et
1603 2083 1735 2126 quidem
1759 2083 1791 2114 in
1814 2089 1963 2124 tempore
1987 2092 2107 2123 oppor-

1121 2137 1217 2163 tuno:
1263 2129 1321 2162 Sic
1347 2129 1507 2170 scriptum
1542 2133 1608 2160 est:
1653 2127 1731 2158 Non
1763 2127 1834 2158 vidi
1865 2127 1981 2157 iustum
2015 2126 2107 2156 ‹Iere-

1121 2175 1239 2205 Iae'ctum.
1284 2173 1380 2204 Item:
1426 2172 1550 2203 Leones
1572 2171 1756 2202 esurierunt
1763 2193 1775 2208 ,
1798 2169 1978 2201 timentibus
2001 2172 2107 2200 autem

1121 2218 1291 2249 Dominum
1321 2226 1384 2247 non
1414 2215 1517 2246 deerit
1548 2215 1644 2246 ullum
1675 2214 1797 2245 bonum.
1859 2212 2026 2244 Antonius
2055 2217 2107 2243 est

1121 2259 1192 2299 leo,
1220 2267 1331 2292 tamen
1361 2259 1425 2290 sibi
1455 2258 1636 2290 consciscit
1665 2262 1814 2288 mortem.
1860 2254 1941 2287 Saul
1965 2261 2017 2286 est
2040 2253 2106 2293 leo,

1122 2311 1232 2336 tamen
1255 2304 1344 2335 venit
1366 2304 1399 2334 in
1423 2302 1700 2343 desperationem.

1209 2348 1241 2379 Si
1265 2347 1338 2389 quis
1363 2344 1545 2378 delectatur
1569 2342 1742 2386 allegoria,
1764 2343 1793 2373 is
1816 2347 1928 2383 potest
1952 2339 2107 2373 conserte

1122 2392 1245 2424 dictum
1273 2390 1377 2432 (quod
1407 2389 1484 2421 citat
1515 2387 1684 2424 Christus)
1715 2387 1755 2417 ad
1785 2385 1911 2426 primos
1939 2383 2107 2416 homines:

1121 2435 1198 2467 Non
1221 2435 1254 2465 in
1277 2435 1346 2465 solo
1367 2442 1453 2474 panc
1475 2433 1553 2463 viz-it
1578 2431 1685 2467 homo,
1710 2429 1740 2460 id
1765 2435 1829 2466 est,
1852 2438 1919 2459 non
1942 2428 1975 2459 in
1999 2425 2106 2469 epulis

1122 2479 1216 2510 istius
1240 2478 1347 2519 pomi,
1371 2477 1428 2508 sed
1450 2477 1483 2507 z'n
1506 2475 1592 2506 omni
1612 2473 1709 2504 rcrbo
1732 2472 1812 2510 Dei,
1841 2472 1875 2503 id
1899 2477 1968 2510 est,
1997 2471 2105 2502 Adam

1122 2529 1151 2554 et
1184 2521 1256 2553 Eva
1285 2520 1473 2552 habuerunt
1504 2518 1657 2549 verbum:
1697 2515 1749 2547 Ne
1779 2515 1937 2548 comedas.
1983 2513 2019 2546 Si
2050 2513 2107 2545 ad·

1120 2565 1311 2597 haesissent
1334 2564 1389 2595 isti
1412 2563 1532 2600 verbo,
1554 2561 1726 2592 vixissent.

1209 2608 1278 2640 Sed
1303 2607 1501 2638 retineamus
1531 2601 1721 2646 generalem
1745 2602 1958 2633 sententiam:
1993 2599 2107 2632 Facia-

1122 2662 1195 2684 mus
1219 2649 1341 2693 singuli
1364 2648 1528 2686 laborem,
1552 2657 1649 2689 quem
1672 2644 1766 2678 Deus
1790 2645 1939 2683 iniunxit,
1963 2650 1994 2676 et
2017 2644 2106 2676 vide-

1837 2705 1895 2730 29*
