2324 2958
186 169 206 200 3

272 258 412 290 Primum
453 256 486 287 fit
522 255 641 285 mentio
686 252 833 283 locorum
869 250 1091 291 ierosolymae
1124 254 1155 279 et

188 302 270 335 Beth
295 302 390 343 hage.
1133 332 1140 338 .

288 341 451 375 emsalem
474 345 570 370 antea
589 338 676 369 dicta
700 336 758 368 suit
776 334 886 368 Salem
910 346 929 366 a
951 343 1045 375 pace.
1083 332 1156 362 Fuit

187 386 263 419 olim
288 385 385 417 sedes
411 379 673 417 Melchisedeck,
708 380 760 420 qui
795 378 978 409 nomimnur
1000 375 1090 412 Rex,
1124 378 1156 403 et

188 428 353 460 Sacerdos
378 425 438 456 Dei
463 422 624 454 altissimi.
670 421 865 462 Bethphage
895 418 952 450 sui·
976 418 1069 448 vicus
1094 425 1152 446 seu

189 469 375 512 oppidulum
400 467 440 497 ad
465 472 604 496 montem
628 463 750 501 oliveti,
796 464 826 494 ui
850 472 944 493 mons
965 459 1155 490 interiectus
1207 467 1227 498 q

189 513 244 545 fuit
279 513 363 542 inter
387 508 577 539 Bethaniam
611 514 640 537 et
665 506 777 537 leroso
795 515 910 546 ymam.
964 502 1011 532 Ac
1035 499 1155 550 Betha-

189 558 240 588 nia
264 553 392 585 dimidio
426 549 556 581 miliari:
590 548 785 589 Bethpiiage
818 545 987 587 aliquanto
1020 552 1155 583 propius

187 597 287 630 abfuit
311 606 330 626 a
353 591 562 633 ierosolyma.

271 637 397 669 Nomen
432 633 624 675 Bethphage
654 639 703 663 est
732 641 848 662 nomen
879 638 1071 671 grossorum
1094 636 1155 658 seu

187 683 360 723 primarum
391 678 509 710 ficuum
569 676 652 706 Nam
687 674 846 715 quaedam
867 673 949 703 ficus
973 671 1024 702 bis
1047 668 1156 710 profe-

188 730 258 755 runt
283 721 420 753 fructus.
477 719 603 749 Primus
634 715 760 748 fructus
795 715 975 745 nominatur
1003 722 1156 753 grossus,

186 768 217 797 id
240 773 301 801 est,
326 774 425 794 verna
446 761 541 797 ficus,
560 761 688 790 Graece
707 758 832 793 ὄλυνθος
851 757 944 797 quasi
959 754 1026 786 ὅλον
1048 754 1154 792 ἄνθος,

187 810 218 839 id
237 815 298 844 est,
326 805 450 836 fructus
475 810 561 834 totus
585 802 709 838 viridis,
742 811 801 832 seu
826 810 891 830 non
914 804 1154 835 maturescens,

186 852 323 890 ideoque
347 846 522 878 insuarior.
569 845 662 875 Alter
685 843 811 875 fructus
836 848 885 872 est
909 841 992 872 ficus
1015 840 1154 877 aestiva,

188 894 316 923 Graece
339 893 422 921 σι’κα.
463 888 522 918 llic
546 886 672 918 fructus
697 892 747 917 est
771 884 908 923 dulcior,
942 882 1018 924 quia
1038 881 1154 914 melius

187 936 337 977 coquitur
360 932 484 963 aestivo
508 929 629 961 calore.

272 976 422 1007 Christus
454 973 568 1014 paucis
603 971 717 1003 diebus
752 975 827 1001 ante
860 970 1067 1010 passionem,
1100 968 1155 999 de-

188 1020 341 1061 fatigatus
375 1018 511 1053 itinere,
557 1021 587 1045 et
623 1012 808 1050 famelicus,
837 1018 1016 1053 conspecta
1033 1011 1156 1042 arbore

187 1063 262 1099 ficu,
296 1060 419 1102 quaerit
443 1059 485 1089 ibi
511 1058 660 1094 fructum,
697 1056 735 1086 Et
771 1066 844 1086 cum
873 1065 937 1085 non
962 1054 1156 1091 invenisset,

187 1103 347 1135 maledicit
370 1102 490 1138 arbori,
527 1100 560 1130 ld
584 1100 657 1141 quia
684 1097 806 1129 factum
828 1104 877 1128 est
902 1097 933 1127 in
958 1107 1054 1134 vere,
1088 1106 1155 1127 non

188 1148 316 1178 dubium
340 1152 402 1181 est,
425 1141 670 1183 intelligendum
690 1151 766 1173 esse
785 1139 924 1171 fructum
948 1149 1156 1181 grossorum,

186 1199 272 1231 quae
304 1195 378 1219 sunt
413 1186 496 1217 ficus
526 1194 706 1226 praecoces
740 1193 799 1214 seu
832 1192 1051 1224 praecoquae.

186 1233 359 1263 utebantur
382 1230 528 1260 homines
550 1227 717 1258 tenuium
744 1227 786 1257 ad
815 1224 932 1257 samem
956 1223 1156 1265 pellendam,

186 1283 300 1316 estque
331 1273 438 1304 adhuc
469 1272 501 1302 in
533 1270 691 1302 medicina
719 1267 847 1300 illarum
873 1267 1033 1309 plurimus
1060 1277 1155 1299 usus.

186 1317 331 1348 Possunt
363 1314 521 1346 nominari
553 1314 596 1345 bie
632 1314 716 1351 ersten
750 1315 813 1343 obet
846 1311 927 1346 t'tt'tcn
951 1312 1015 1344 obet
1037 1311 1082 1342 bie
1104 1320 1156 1343 miz

186 1359 280 1397 τειῆεη
304 1359 409 1400 ieiqm,
444 1357 475 1387 id
500 1362 569 1393 est,
602 1355 726 1396 primae
755 1365 815 1386 seu
844 1354 1036 1386 immaturae
1060 1353 1154 1385 ficus.

186 1401 255 1433 Etsi
279 1402 311 1432 in
334 1410 396 1432 suo
420 1409 540 1441 genere
562 1396 727 1439 peculiare
755 1397 820 1428 hoc
847 1397 984 1435 hahent,
1015 1403 1052 1428 ut
1074 1406 1154 1428 nun-

185 1454 287 1486 quam·
303 1444 494 1485 perveniant
516 1442 556 1472 ad
580 1441 806 1472 maturitatem.

267 1486 374 1517 Aliter
395 1484 558 1526 loquimur
586 1485 626 1515 de
649 1484 722 1515 uvis
744 1484 878 1515 maturis
907 1490 938 1514 et
962 1483 1153 1515 immaturis.

183 1529 376 1560 immaturae
399 1538 483 1559 uvae
506 1527 659 1558 dicuntur
680 1525 823 1567 ἷμφακες,
856 1527 897 1557 ab
921 1525 1015 1565 αἰμὸς,
1037 1526 1070 1557 id
1093 1531 1155 1565 est,

184 1572 305 1603 crudus
323 1577 354 1602 et
378 1575 482 1610 φαγεῖν
504 1570 689 1601 comedere.
734 1569 805 1600 Etsi
830 1568 1035 1601 Aristoteles
1066 1569 1154 1601 adie-

184 1615 268 1645 ctive
307 1623 439 1655 auoque
470 1623 551 1644 usus
582 1619 634 1644 est.
667 1613 729 1644 hac
758 1622 860 1650 voce,
894 1622 967 1643 cum
1007 1613 1155 1644 nominat

183 1657 304 1697 ὄμφακα
327 1655 432 1696 ὀργήν,
467 1656 497 1687 id
521 1661 592 1693 est,
621 1656 823 1686 iracundiam
858 1662 1035 1693 recentem,
1068 1665 1155 1697 quae

183 1707 234 1731 est
258 1700 359 1730 cruda
383 1706 413 1729 et
435 1698 625 1729 vehemens.
659 1697 754 1729 Fiunt
777 1705 885 1729 autem
909 1709 951 1729 ex
974 1698 1154 1730 immaturis

183 1743 254 1773 uvis
295 1751 356 1772 suo
391 1747 537 1781 tempore
571 1751 656 1772 uvae
690 1747 846 1772 maturae.
907 1741 985 1773 ldeo
1018 1740 1155 1783 ὄμφακες

183 1791 257 1816 sunt
281 1784 425 1815 eiusdem
449 1785 581 1825 generis
599 1794 673 1815 cum
696 1784 778 1815 uvis.
825 1784 942 1815 Grossi
965 1790 1072 1816 autem
1095 1795 1154 1816 seu

181 1827 305 1858 ὄλυνθοι
324 1834 400 1858 sunt
420 1827 471 1857 fici
492 1827 541 1857 sui
561 1827 730 1858 cuiusdam
750 1828 892 1869 generiS,
911 1838 995 1869 quiae
1012 1838 1154 1860 nascun-

184 1877 233 1901 tur
255 1870 415 1911 principio
446 1869 552 1907 veris,
579 1880 676 1912 quam
704 1871 843 1911 primum
872 1869 953 1902 folia
981 1871 1152 1910 prodeunt.

183 1913 221 1943 Et
245 1911 396 1944 differunt
418 1922 438 1943 a
462 1912 530 1943 ficis
553 1913 707 1950 aestivis,
744 1914 796 1955 qui
820 1920 870 1944 est
899 1912 1029 1945 fructus
1052 1913 1154 1946 multo

182 1955 297 1986 melior
320 1961 350 1986 et
375 1955 518 1986 suavior.
554 1954 587 1986 ln
609 1955 748 1987 Graecia
772 1956 829 1987 fuit
849 1957 963 1988 civitas
976 1956 1154 1999 Olynthus,

182 2009 276 2039 quam
311 2004 390 2039 puto
425 2008 543 2028 nomen
579 1998 700 2030 habere
733 2009 751 2030 a
785 2000 930 2041 grossis,
963 2010 1049 2041 quae
1081 1999 1154 2032 aliis

181 2048 279 2081 atque
301 2039 374 2071 aliis
399 2041 428 2071 in
453 2039 536 2071 locis
561 2043 791 2081 generosiores
815 2042 955 2074 fuerunt.

267 2083 323 2115 Est
345 2090 453 2115 autem
483 2082 622 2124 pulchra
650 2085 776 2125 pictura
800 2084 973 2117 Ecclesiae
1034 2088 1066 2118 ln
1091 2085 1154 2118 hac

180 2125 265 2156 attin-
290 2132 340 2157 est
371 2125 513 2168 populus
536 2126 638 2169 legis,
673 2129 815 2158 nondum
849 2127 977 2160 habens
1006 2136 1152 2161 maturos

181 2168 318 2205 tructus,
352 2169 502 2210 indigens
526 2170 713 2211 disciplina,
747 2181 892 2207 carcerc,
919 2173 1045 2212 poenis,
1070 2174 1153 2204 sicut

182 2212 337 2251 regimina
381 2221 445 2243 non
490 2220 630 2253 possunt
676 2223 790 2245 carere
836 2215 993 2246 eiusnmdi
1030 2218 1152 2248 nervi-z

181 2255 300 2284 Pomona
335 2260 385 2285 ent
420 2264 527 2285 novus
557 2254 718 2296 populus,
757 2257 809 2297 qui
852 2258 936 2289 intus
971 2261 1154 2291 renascitur

180 2305 298 2327 unctus
321 2298 422 2328 verbo
448 2296 507 2328 Dei
529 2305 561 2329 et
583 2299 708 2339 Spiritu
732 2306 864 2337 sancto,
892 2311 989 2342 quem
1019 2303 1154 2333 effundit

179 2339 208 2369 in
234 2340 335 2370 corda
360 2339 459 2371 Filius
484 2339 564 2379 Dei,
599 2340 657 2373 Sol
681 2343 840 2376 iustitiae,
875 2345 928 2384 qui
959 2351 1010 2375 est
1032 2344 1151 2377 efficax

179 2391 236 2421 per
259 2383 470 2414 ministerium
496 2383 676 2425 Evangelii.

262 2423 362 2456 Tales
396 2426 542 2467 picturas
578 2428 829 2459 considerarunt
865 2435 974 2469 patres
1008 2436 1039 2461 et
1073 2430 1152 2462 Pro-

178 2466 313 2516 phetae,
349 2477 422 2499 cum
446 2469 477 2499 in
512 2471 603 2509 agris
634 2471 785 2502 viderunt
810 2472 948 2502 arbores
970 2479 1001 2503 et
1024 2472 1151 2505 fructus

178 2516 270 2540 κως.
316 2510 508 2552 Cogitatum
534 2512 703 2545 dissimilia
778 2524 857 2545 nera
888 2513 1051 2547 hominum
1075 2527 1151 2549 esse

178 2554 209 2582 in
238 2552 361 2594 populo
386 2553 457 2585 Dei.
518 2554 626 2597 Aliqui
658 2524 801 2588 nongm
829 2563 906 2589 sunt
935 2568 1014 2589 vere
1035 2561 1151 2594 renati.

177 2594 302 2626 etiamsi
327 2604 493 2639 utcunque
517 2606 690 2640 cogantur,
714 2606 748 2631 ut
765 2607 931 2641 praa-tent
945 2601 1150 2642 disciplinam

817 158 927 189 PHlL.
953 157 1050 188 MEL.
1075 153 1260 187 SCRIPTA
1282 150 1546 184 EXEGEthA.

1097 1181 1156 1213 uis
1177 1169 1183 1200 ¹

2165 154 2187 185 4

1207 251 1385 277 externam.
1421 242 1487 275 Alii
1509 250 1586 275 sunt
1608 254 1686 276 vere
1710 245 1824 278 renati,
1847 245 1879 275 in
1898 245 2018 286 quibus
2042 255 2186 278 accensa

1178 274 1184 330 Ξ
1208 293 1284 319 sunt
1305 287 1395 318 initia
1417 285 1513 325 lucis,
1535 288 1688 325 iustitiae,
1713 293 1745 318 et
1768 287 1855 317 vitae
1876 292 2044 319 aeternae.

1294 329 1418 361 Similis
1436 335 1536 371 typus
1553 335 1604 360 est
1627 330 1660 360 in
1679 329 1794 367 asinis,
1818 339 1904 370 quos
1922 329 2013 361 iubet
2031 328 2186 363 Christus

1207 371 1271 403 hoc
1293 371 1371 404 loco
1394 372 1436 404 ad
1460 382 1497 403 se
1519 372 1650 403 adduci.

1295 414 1400 446 Asina
1438 415 1558 446 domita
1599 413 1762 456 significat
1808 412 1965 454 populum
2007 413 2186 453 Iudaicum,

1231 460 1263 489 ui
1286 458 1318 488 in
1350 456 1408 488 illa
1430 455 1543 498 politia
1578 457 1683 499 magis
1718 455 1777 488 fuit
1812 457 1978 488 cicuratas
2012 456 2187 498 disciplina

1206 499 1315 542 legali.
1355 498 1471 531 Pullus
1489 500 1605 530 asinae
1624 499 1732 531 adhuc
1752 499 1929 530 indomitus
1953 505 2032 530 sunt
2054 499 2186 532 Ethnici

1207 552 1268 574 seu
1292 548 1409 584 gentes
1433 541 1544 573 adhuc
1571 542 1748 574 indomitae
1778 542 1927 573 viventes
1957 542 2028 573 sine
2056 541 2132 585 lege
2154 549 2187 574 et

1208 583 1391 626 disciplina.
1449 583 1583 627 Colligit
1617 591 1724 616 autem
1760 583 1913 615 Christus
1935 583 2122 616 Ecclesiam
2145 596 2187 617 ex

1208 627 1337 659 ludaeis
1361 633 1394 658 et
1416 625 1576 658 Ethnicis.
1631 626 1673 658 Et
1707 627 1838 669 quidem
1872 634 1905 658 ut
1936 628 2020 659 asini
2051 628 2107 659 isti
2131 628 2187 659 ad-

1209 671 1373 701 ducuntur
1401 679 1440 700 ex
1468 668 1663 711 Bethphage
1691 671 1733 701 ad
1763 669 1948 707 Christum,
1983 671 2028 701 ita
2056 677 2188 711 oportet

1207 713 1358 743 inchoari
1383 709 1588 752 disciplinam
1617 714 1650 744 in
1674 713 1849 750 omnibus,
1878 713 1953 754 quia
1987 722 2052 744 non
2076 719 2188 753 potest

1209 754 1280 786 fieri
1304 754 1475 786 renovatio
1494 754 1686 795 spiritualis,
1709 756 1862 797 quamdiu
1886 755 2036 787 homines
2055 761 2187 787 manent

1207 798 1239 829 in
1274 796 1404 828 delictis
1432 802 1547 827 contra
1575 798 1822 829 conscientiam.
1880 797 1929 828 Fit
1966 806 1997 830 et
2021 797 2188 830 inchoatio

1207 839 1462 881 praedicationis
1487 838 1658 881 Evangelii
1689 841 1720 871 in
1746 839 1870 882 populo
1893 840 1993 883 legis,
2023 847 2055 872 et
2074 841 2188 873 asinae

1208 883 1351 914 domitae
1388 881 1545 913 adhaeret
1582 881 1711 923 pullus,
1744 883 1777 914 id
1811 889 1879 921 est,
1917 884 1958 915 ad
1994 885 2187 916 societatem

1207 924 1383 957 Ecclesiae
1405 923 1517 966 populi
1541 924 1662 957 Iudaici
1685 932 1914 967 aggregantur
1937 934 2066 969 gentes.

1295 967 1365 999 Hae
1388 968 1548 1010 imagines
1572 978 1633 1000 seu
1655 966 1804 1009 picturae
1827 977 1895 1000 non
1917 976 1993 1001 sunt
2017 968 2186 1011 negligen-

1178 998 1184 1022 '
1208 1011 1280 1042 dae.
1347 1010 1413 1042 Sed
1455 1011 1498 1041 sit
1537 1010 1685 1052 inprimis
1719 1011 1750 1041 in
1785 1017 1970 1052 conspectu
2008 1013 2186 1044 discrimen

1208 1054 1351 1085 iustitiae
1386 1053 1514 1091 carnis,
1550 1063 1635 1095 quae
1673 1059 1725 1084 est
1758 1060 1895 1085 externa
1928 1053 2120 1095 disciplina,
2154 1061 2186 1086 et

1208 1107 1309 1128 verae
1330 1097 1492 1134 iustitiae,
1526 1097 1557 1127 in
1592 1107 1657 1138 qua
1680 1096 1782 1127 corda
1806 1106 1970 1128 conversa
1992 1107 2052 1138 per
2074 1097 2187 1139 poeni·

1208 1140 1340 1171 tentiam
1375 1139 1439 1170 iam
1473 1149 1617 1171 accensa
1655 1146 1731 1170 sunt
1765 1137 1848 1176 fide,
1883 1145 1917 1171 ut
1950 1139 2062 1171 luceat
2083 1140 2116 1171 in
2140 1140 2188 1171 eis

1207 1183 1324 1214 notitia
1346 1188 1380 1213 et
1401 1180 1535 1213 laetitia.
1581 1181 1671 1214 Haec
1701 1182 1823 1214 iustitia
1854 1181 2035 1224 spiritualis
2058 1189 2108 1214 est
2132 1193 2187 1214 res

1208 1224 1310 1256 multo
1350 1223 1588 1263 excellentior,
1636 1235 1732 1267 quam
1774 1225 1956 1256 communis
2003 1224 2186 1268 disciplina.

1206 1267 1291 1299 Nam
1314 1266 1487 1309 disciplina
1519 1273 1642 1299 tantum
1676 1274 1728 1299 est
1762 1268 1948 1299 ohedientia
1980 1269 2013 1299 in
2042 1269 2187 1300 extemis

1176 1313 1183 1338 ἰ
1205 1310 1302 1342 factis
1325 1311 1505 1343 secundum
1529 1309 1638 1352 legem
1661 1309 1744 1349 Dei,
1774 1311 1835 1343 eine
1858 1311 2010 1351 euficrlidye
2035 1314 2124 1351 tucbt,
2152 1318 2187 1343 ut

1207 1354 1236 1385 si
1267 1354 1397 1396 cogites
1420 1354 1462 1385 de
1491 1352 1663 1394 disciplina
1698 1351 1848 1391 militari,
1881 1363 1979 1395 quam
2013 1361 2188 1396 praestant

1206 1395 1326 1428 milites
1348 1397 1439 1428 iuxta
1463 1395 1570 1438 leges,
1594 1396 1635 1427 ad
1654 1406 1736 1437 quas
1754 1396 1936 1427 iuramento
1954 1403 2031 1428 sunt
2048 1398 2187 1429 astricti.

1207 1439 1265 1471 Sic
1298 1440 1330 1470 in
1360 1448 1483 1481 genere
1513 1438 1689 1480 disciplina
1721 1444 1773 1470 est
1801 1444 1937 1470 externa
1971 1449 2101 1471 morum
2132 1450 2187 1482 gia

1207 1483 1356 1514 bernatio
1379 1482 1532 1520 honesta,
1553 1482 1736 1513 secundum
1758 1481 1809 1513 ius
1833 1487 1982 1520 naturae,
2004 1488 2061 1514 aut
2079 1481 2187 1525 legem

1206 1525 1287 1564 Dei,
1318 1535 1360 1557 ne
1392 1526 1503 1556 vivant
1540 1524 1689 1556 homines
1713 1531 1747 1556 ut
1779 1525 1923 1562 bestiae,
1957 1531 2012 1556 aut
2046 1535 2087 1556 ex
2121 1535 2187 1558 uno

1207 1567 1336 1601 scelere
1358 1574 1457 1600 ruant
1478 1568 1511 1599 in
1533 1567 1634 1606 aliud,
1656 1568 1743 1600 sicut
1764 1565 1909 1600 Diaboli.

1293 1612 1385 1643 Nero
1407 1616 1459 1644 est
1481 1611 1554 1643 sine
1582 1609 1772 1653 disciplina,
1795 1611 1991 1643 meretrices
2017 1618 2094 1643 sunt
2116 1613 2189 1645 sine

1208 1653 1394 1696 disciplina,
1429 1655 1504 1686 item
1523 1653 1688 1692 latrones,
1726 1652 1900 1686 helluones
1927 1660 2007 1686 sunt
2034 1655 2109 1687 sine
2140 1655 2188 1687 di-

1206 1697 1348 1740 sciplina
1368 1697 1569 1729 Nicodamus
1594 1696 1813 1735 Pharisaeus,
1836 1698 1891 1740 qui
1914 1707 2014 1730 noctu
2037 1698 2128 1730 veui*
2143 1698 2188 1731 ad

1207 1741 1385 1779 Christum,
1407 1739 1470 1772 suit
1489 1747 1628 1772 umatus
1651 1739 1837 1782 disciplina,
1858 1741 1890 1772 id
1911 1747 1973 1779 est,
1998 1741 2096 1780 vixit„
2120 1750 2187 1783 qm

1206 1785 1250 1817 ad
1277 1795 1391 1817 mores
1419 1794 1481 1816 seu
1506 1784 1607 1815 vitam
1636 1790 1830 1823 externam,
1863 1784 2045 1817 secundum
2079 1785 2186 1817 omnia

1207 1833 1387 1871 praecepta
1410 1827 1485 1859 Dei.

1293 1871 1381 1903 lnter
1420 1869 1581 1903 Ethnieos
1623 1871 1720 1902 etiam
1754 1869 1887 1903 fuerunt
1921 1870 2023 1914 aliqui
2055 1870 2188 1905 homa

1207 1914 1284 1953 viri,
1318 1915 1424 1946 ornati
1444 1913 1636 1956 disciplina,
1673 1914 1801 1946 etiamsi
1835 1915 1943 1946 minus
1967 1913 2186 1954 vinculorum,

1207 1964 1264 1989 aut
1295 1956 1406 1999 legum
1440 1957 1526 1988 inter
1581 1963 1674 1989 entes
1708 1956 1784 1996 suit,
1823 1957 1865 1989 Et
1901 1965 2019 1990 contra
2051 1959 2188 2000 primam

1206 1999 1352 2033 tabulam
1375 1998 1486 2032 enims
1506 2001 1562 2031 ido
1576 2011 1669 2032 orum
1692 1999 1750 2032 suit
1774 2001 1996 2041 promiscuus.
2041 2000 2114 2033 Fuit
2137 2003 2188 2034 vir

1205 2043 1366 2076 honestus
1390 2042 1578 2084 Xenophon
1601 2044 1633 2075 in
1657 2045 1723 2075 vim
1746 2050 1779 2075 et
1801 2045 1960 2082 moribus
1990 2045 2049 2075 sed
2074 2045 2188 2077 habuit

1206 2093 1324 2119 tetrum
1342 2097 1500 2125 naevum,
1535 2087 1623 2128 quod
1659 2086 1758 2118 coluit
1794 2086 1893 2119 idola.
1939 2087 2069 2119 lnterim
2166 2087 2187 2120 d

1206 2131 1246 2162 ad
1285 2131 1466 2162 secundm
1499 2128 1645 2161 tabulam
1679 2130 1815 2167 attinet,
1855 2140 1920 2162 non
1954 2129 2013 2162 fuit
2046 2131 2111 2163 adu
2126 2137 2187 2169 te,

1207 2179 1386 2209 scortator,
1410 2173 1585 2211 homicida,
1610 2171 1673 2211 sur,
1696 2171 1757 2205 fuit
1777 2173 1961 2210 beneficum,
1997 2174 2187 2216 ubicunque

1206 2217 1309 2259 potuit
1333 2215 1531 2248 benefacere
1550 2215 1634 2247 aliis.

1290 2260 1356 2291 Sed
1381 2260 1464 2291 haec
1486 2265 1557 2291 tota
1581 2259 1755 2301 disciplina
1778 2266 1916 2292 exrema
1934 2260 2012 2302 quid
2035 2266 2099 2297 est,
2123 2261 2185 2292 nisi

1205 2303 1316 2377 §vossi
1351 2313 1410 2335 seu
1440 2302 1591 2334 ὅλννθοιῖ
1635 2303 1698 2338 Qui
1727 2310 1837 2335 autem
1861 2313 1940 2335 vere
1960 2310 2040 2335 sunt
2067 2304 2185 2341 renati,

1219 2357 1279 2377 uec
1314 2352 1346 2377 et
1380 2346 1525 2379 novitate
1558 2346 1729 2384 interiore,
1763 2347 1785 2378 ii
1807 2346 1938 2379 dmm
1960 2344 2090 2378 similes·
2107 2352 2185 2379 sunt

1207 2390 1279 2422 ficis
1302 2388 1467 2421 dulcibus.

1289 2432 1324 2463 ln
1345 2432 1528 2470 Admaeo,
1552 2432 1608 2464 ubi
1627 2432 1826 2464 describitur
1848 2442 2004 2475 grossus,
2028 2433 2184 2465 redumr

1203 2476 1257 2507 bic
1280 2485 1400 2507 versuo
1420 2475 1541 2518 dignus
1564 2476 1731 2507 memoria.

1289 2519 1376 2549 m„
1404 2521 1458 2558 φιλ
1502 2518 1508 2527 ’
1530 2522 1664 2557 vimen,
1698 2518 1832 2560 φυτεύσαι
1854 2518 1880 2549 δ’
1904 2517 1957 2549 οὼι
1978 2521 2127 2557 two-cn,
2150 2519 2182 2550 id

1203 2568 1270 2599 est,
1305 2561 1358 2593 fici
1391 2568 1466 2593 sunt
1540 2572 1620 2594 arae
1643 2562 1781 2598 avibus,
1815 2560 1966 2603 plantare
1989 2568 2098 2594 nutem
2115 2571 2181 2593 non

1203 2604 1331 2639 volunt,
1352 2603 1450 2636 Tales
1473 2612 1550 2637 sum
1572 2603 1663 2637 multi
1686 2605 1774 2637 inter
1793 2605 1956 2643 homi-eo,
1988 2605 2044 2647 qui
2067 2603 2182 2637 volunt
