2324 2958
74 203 137 236 661
751 193 951 228 POS'I'ILL,

78 301 177 331 sti-as,
199 295 326 325 attritus
347 295 394 322 est
411 294 544 331 propter
564 288 682 318 scelera
703 291 823 318 nostra.
875 286 1046 328 Repetitur

78 341 113 371 in
134 337 192 370 his>
205 337 315 368 verbis
333 345 435 366 eausa
452 332 571 365 finalis.
615 330 797 369 Disciplina
811 331 904 369 pacis
921 333 1047 358 nostrae

79 390 172 421 mper-
193 389 270 409 eume
293 379 325 409 id
349 383 411 415 est,
427 377 498 417 ipse
521 374 711 415 castigatur,
729 378 765 403 ut
786 373 882 403 nobis
905 373 947 402 sit
970 380 1046 420 pax,

81 428 111 454 et
143 423 250 452 livore·
271 421 336 450 eius
373 419 478 449 sanati
514 427 622 448 mmm.
684 415 793 454 Saepe
825 420 877 445 est
909 419 1048 454 repetita

81 475 184 499 causa
212 461 337 500 finalis,
370 467 407 493 ut
433 461 592 497 sciamus,
648 458 713 489 uod
742 457 886 489 Messias
908 456 1049 496 patiatur

82 519 142 550 pro
165 515 286 549 genere
308 505 462 536 humano.
506 502 558 534 De
576 511 641 542 app
656 500 797 531 icatione
814 498 899 530 infra
918 498 1049 529 docebit
1101 498 1203 528 braeo
1225 502 1295 527 est:

82 556 262 622 texm[S’i-ius
284 595 393 620 autem
423 587 513 630 ponit
540 585 739 627 poenitentia
761 583 1049 625 praedicationem.

80 635 195 666 Names
216 642 272 662 :tos
295 633 386 672 quasi
408 641 478 660 oves
495 629 676 659 erraoinms:
698 628 902 666 tutusqm'squc
920 627 955 654 iu
971 626 1051 654 viam

81 686 169 707 suam
184 675 369 709 .‹leclinavit‚
393 674 425 704 id
443 678 506 710 est,
529 669 652 701 Omnes
675 680 789 700 sumus
813 670 875 700 sub
899 674 1050 709 peccato.

81 719 178 750 Hanc
199 718 468 758 exaequationem
497 714 626 744 debetis
655 712 830 754 diligenter
851 711 1050 746 meminisse,

83 768 115 793 et
138 761 181 792 ad
203 759 421 791 accusandam
443 757 651 788 securitatem
674 756 706 785 in
730 753 856 791 multis,
881 759 912 784 et
934 761 1050 784 rursus

83 804 126 834 ml
161 801 418 834 consolationem
442 797 658 830 *imbecillium
692 803 723 828 et
752 796 1051 837 expavescentinm.

83 845 155 877 Nos
182 842 301 885 singuli
331 844 363 873 in
390 841 562 874 doloribus
591 841 639 871 sic
674 841 871 881 cogitamus:
906 838 941 869 Si
974 836 1051 873 hoc,

85 886 140 918 vel
162 885 242 917 illud
269 894 335 916 non
363 883 538 920 fecissem,
573 893 707 923 possem
738 881 906 913 confidere
934 880 968 910 in
997 879 1053 909 mi·

83 928 295 960 sericordiam
327 926 400 958 Dei.
467 925 589 956 Verum
621 925 709 955 scire
747 925 924 960 debemus,
965 921 1053 962 quod

83 980 198 1003 mines
221 970 289 1000 sint
306 969 371 1000 rei:
394 974 509 1000 contra
528 977 620 1004 vero,
637 973 670 997 et
689 965 948 997 consolationem
966 964 1054 994 hanc

84 1021 252 1054 opponere
274 1012 445 1043 debemus:
474 1010 587 1040 Gratia
609 1009 758 1039 exuberat
779 1018 875 1046 snpra
897 1006 1051 1036 delictam.

85 1054 235 1096 Regnum
259 1053 380 1085 Christi
403 1059 455 1084 est
476 1052 641 1094 potentius
660 1061 763 1093 regno
781 1050 909 1091 peccati
928 1055 960 1080 et
976 1047 1054 1079 Dia-

86 1097 164 1129 boli.
210 1097 321 1126 Omnes
342 1097 525 1130 erravimus,
549 1095 650 1135 inquit
672 1093 848 1134 Propheta.
1025 1133 1028 1136 ⁴

171 1138 348 1171 Discamus
370 1139 468 1180 igitur
490 1146 591 1179 agere
611 1136 865 1176 poenitentiam,
900 1139 931 1165 et
952 1143 1054 1175 agno-

86 1192 183 1214 scere
211 1191 274 1213 nos
304 1191 381 1217 esse
411 1190 498 1211 reos.
553 1179 628 1209 Non
651 1184 781 1219 oportet
802 1186 865 1208 nos
886 1177 999 1208 vivere
1021 1177 1053 1207 in

85 1225 283 1261 securitate,
306 1230 338 1254 et
356 1221 534 1263 petulantia
556 1220 631 1258 illa,
653 1221 746 1262 quasi
770 1218 849 1251 nihil
872 1220 917 1250 sit.
938 1229 1054 1259 pecw-

85 1273 168 1303 tum5
202 1276 276 1298 cum
305 1271 411 1296 tamen
443 1265 611 1295 videamus
639 1269 706 1295 tam
727 1260 905 1295 horribiles
928 1271 1054 1303 poenas

85 1315 245 1350 vagantes
268 1318 326 1349 per
349 1317 454 1349 genus
477 1307 664 1338 humanum.

171 1351 237 1382 Sed
266 1349 416 1381 iuvenilis
445 1356 537 1380 aetas
567 1359 634 1380 non
657 1346 800 1391 afficitur
821 1347 886 1379 illis
911 1357 1054 1379 commu.-

85 1394 183 1426 uibus
205 1393 363 1424 miseriis:
397 1392 549 1423 Nondum
571 1391 671 1422 sentit
693 1392 845 1433 proprias
867 1400 1054 1428 aerumnas,

86 1442 120 1468 et
152 1434 270 1467 leviter
297 1435 400 1476 tangit
432 1435 584 1465 iuvenum
617 1434 744 1465 animos
774 1443 854 1465 cura
882 1443 943 1474 pro
970 1432 1054 1464 aliis.

87 1478 240 1510 laventus
264 1477 387 1519 cogitat
409 1475 581 1518 praeclare
603 1486 718 1508 secum
745 1477 817 1518 agi,
850 1476 877 1506 si
901 1485 962 1507 suo
985 1482 1055 1506 tan·

87 1527 157 1552 tum
177 1518 367 1559 indulgeant
389 1520 516 1551 animo:
557 1519 652 1549 Wenn
679 1519 725 1548 sie
746 1519 831 1548 ihren
850 1519 951 1557 freien
973 1517 1055 1547 mvelt

85 1562 191 1593 haben.
248 1562 410 1593 Pindarus
432 1563 528 1593 etiam
551 1562 671 1603 inquit,
702 1563 819 1592 Οἰκεῑον
841 1563 948 1600 πιέζει,
971 1560 1054 1591 ἄλλο·

86 1609 178 1646 πρίων
201 1604 231 1636 δὲ
259 1603 291 1634 οὗ
318 1607 411 1643 μέλει.
462 1604 631 1643 Proprium
659 1604 783 1639 malum,
813 1605 948 1643 propria
971 1603 1054 1632 cala-

84 1648 194 1677 mitat-2
216 1655 271 1677 res
294 1647 448 1687 propriae
469 1652 639 1687 premunt,
668 1647 728 1677 sed
756 1645 852 1677 alieni
884 1645 957 1676 mali
988 1656 1054 1677 non

86 1696 138 1721 est
162 1699 251 1720 cura.
297 1690 343 1719 {ta
365 1688 556 1730 plerumque
579 1689 710 1726 vivitur,
734 1689 841 1720 donec
863 1687 980 1730 aliquis
998 1688 1055 1719 fiat

84 1730 321 1773 paterfamilias
356 1738 388 1762 et
421 1732 582 1772 suscipiat
614 1730 753 1762 liberos:
789 1738 866 1763 tunc
899 1741 953 1762 res
983 1732 1054 1771 ipsa

87 1775 177 1816 cogit
210 1784 283 1805 eum
316 1774 393 1815 angi
426 1785 486 1815 pro
519 1773 609 1812 aliis,
643 1784 838 1815 quamquam
866 1773 958 1805 liberi
988 1784 1053 1804 non

86 1823 164 1849 sunt
196 1816 261 1847 alii.
317 1817 382 1857 Ipsi
411 1823 488 1848 sunt
515 1827 588 1848 mea
618 1827 712 1857 θαι-ο,
748 1823 778 1848 et
809 1817 961 1857 sanguis,
988 1823 1053 1847 etc.

86 1861 207 1901 στοργαὶ
229 1858 397 1890 naturales
427 1858 689 1900 complectuntur
716 1858 860 1897 liberQS,
890 1866 1053 1900 tamquam

85 1910 211 1944 partem
235 1908 370 1933 naturae
391 1903 554 1943 propriae.

172 1945 328 1976 Seniores
351 1945 467 1986 magis,
491 1955 588 1985 quam
609 1946 747 1976 iuvenes
769 1944 956 1976 afficiuntur
974 1955 1053 1975 cura

88 1988 267 2019 communis
291 1986 407 2018 salutis
431 1997 490 2027 pro
513 1986 604 2025 aliis,
630 1988 689 2019 sed
719 1993 826 2018 tamen
854 1994 885 2018 et
914 1997 976 2018 vos
1000 1988 1054 2018 de-

86 2030 214 2061 bebatis
232 2027 319 2061 affici
339 2039 440 2060 sensa
463 2028 682 2061 calamitatum
700 2031 929 2067 communium,
949 2035 981 2061 et
1000 2040 1054 2061 co-

87 2073 193 2114 gitare
215 2073 255 2103 de
273 2072 321 2103 ira
338 2072 415 2103 Dei:
439 2071 524 2107 Quia
541 2072 633 2103 Deus
655 2071 726 2104 vult
750 2071 954 2104 calamitates
977 2082 1053 2103 esse

88 2113 439 2152 commonefactiones,
469 2115 508 2145 dc
537 2125 597 2146 sua
620 2116 677 2146 ira.
728 2115 794 2144 Nos
817 2126 917 2144 ornans
939 2117 1053 2144 erravi-

86 2167 165 2192 επακ
199 2155 284 2189 alius
307 2156 370 2188 alio
394 2157 492 2187 modo
515 2158 697 2195 aberravit,
724 2157 778 2189 alii
800 2157 872 2189 aliis
895 2158 1053 2199 opinioni-

87 2200 165 2235 bus,
188 2198 242 2231 alii
264 2198 337 2231 aliis
360 2198 562 2238 sceleribus,
585 2198 639 2230 alii
661 2198 735 2231 aliis
758 2199 934 2232 furoribus.

172 2241 317 2280 Videtis,
344 2248 463 2284 quanta
492 2244 535 2273 sit
563 2241 752 2274 dilaceratio
783 2243 814 2274 in
839 2250 907 2275 toto
931 2253 1054 2285 genere

86 2285 237 2316 humano.
285 2285 439 2316 Homines
461 2285 621 2316 debebant
638 2295 715 2316 esse
733 2285 875 2317 adiuncti
893 2287 935 2317 ad
953 2297 1053 2317 unum

87 2333 196 2369 caput,
213 2326 365 2359 videlicet
383 2329 425 2359 ad
443 2327 566 2364 Deum3
589 2334 707 2368 postea
725 2328 887 2359 debebant
910 2331 971 2360 sub
988 2329 1052 2360 hoc

86 2379 152 2401 uno
176 2371 283 2411 capite
307 2369 453 2412 copulati
474 2380 551 2401 esse
574 2371 657 2401 inter
674 2380 727 2401 se:
751 2370 961 2402 Debebamus
977 2382 1053 2403 esse

87 2413 182 2443 unius
211 2423 347 2451 sensus,
375 2414 471 2444 unius
499 2419 626 2451 motum,
656 2413 799 2444 eiusdem
828 2414 988 2454 opinionis
1012 2415 1052 2445 de

87 2453 177 2492 Deo,
201 2461 232 2485 et
255 2457 353 2487 rebus
378 2457 482 2487 bonis.
534 2455 708 2486 Debebant
731 2465 808 2487 esse
830 2455 953 2487 similes
975 2457 1053 2488 affe·-

89 2502 172 2527 ctuS.
216 2497 427 2530 Debebamus
445 2498 568 2529 habere
585 2508 744 2529 summam
767 2497 972 2530 dilectionem
991 2499 1052 2531 Dei

88 2544 119 2569 et
141 2540 288 2579 proximi.
341 2540 492 2572 Debebat
514 2541 739 2582 unnsquisque
761 2551 892 2572 manere
915 2552 976 2573 suo
1001 2553 1051 2573 or—

88 2581 170 2612 dine.
211 2581 334 2613 Verum
352 2585 554 2623 uuusquisque
571 2583 737 2613 declinavit
756 2585 788 2613 iu
807 2586 857 2613 ria
879 2595 943 2614 sua.
984 2584 1051 2617 Alii

88 2621 183 2655 aliter
206 2625 359 2656 aberrant
382 2627 450 2657 suis
475 2626 699 2667 opinionibus,
728 2626 917 2665 affectibus,
947 2627 1051 2660 seele-

987 191 1383 226 MELANTHONJANA.

2001 187 2066 218 662

1098 286 1200 316 ribus.
1235 283 1329 316 Hanc
1348 289 1451 315 totam
1471 284 1716 315 distractionem
1733 289 1764 314 et
1783 281 1971 314 horribilem
1992 291 2068 312 con·

1099 326 1261 358 fusionem
1300 332 1332 358 et
1370 327 1613 357 aberrationem
1655 326 1811 357 describit
1852 331 1883 356 et
1923 324 2069 366 depingit

1096 370 1215 400 Esaias
1241 369 1442 399 brevissimis
1466 369 1587 399 verbis.

1185 411 1343 452 Adiungit
1377 416 1485 442 autem
1518 421 1595 442 mox
1630 409 1910 448 consolationem:
1957 409 2071 438 Poma

1100 454 1187 484 Dens
1209 455 1241 483 in
1264 464 1328 483 eum
1350 454 1531 492 iniquitates
1562 454 1690 482 omnium
1718 456 1897 482 nostrorum.
1950 452 1984 482 ln
2009 451 2072 483 He-

1323 495 1415 525 Fecit
1436 497 1467 524 in
1491 505 1555 524 eum
1577 497 1733 525 incurrere
1752 497 1882 524 utura-'um
1900 499 2072 524 nostrornm

1097 543 1250 579 peccata,
1279 538 1311 569 id
1341 544 1408 576 est,
1438 537 1563 569 Passus
1587 543 1638 568 est
1660 548 1720 578 pro
1745 538 1911 574 omnibus,
1945 537 2072 567 etiamsi

1102 591 1167 612 non
1199 590 1313 611 omnes
1343 579 1459 611 volunt
1487 580 1641 621 accipere
1670 579 1865 610 beneficium
1894 580 1970 610 hoc.
2022 579 2073 610 Fit

1102 625 1200 666 igitur
1223 624 1367 665 ipsorum
1392 621 1508 663 culpa,
1531 623 1619 664 quod
1643 628 1780 663 pereunt
1803 622 1971 662 deinceps.

1190 666 1318 697 Rursus
1347 665 1512 705 Propheta
1542 665 1625 696 redit
1647 665 1689 695 ad
1712 664 1897 695 historiam:
1944 663 2073 692 Oblatas

1103 712 1160 746 est,
1177 710 1250 748 quia
1273 710 1340 748 ipsc
1364 708 1468 737 voluit.
1513 707 1585 738 Etsi
1603 708 1635 738 in
1658 706 1710 737 his
1733 707 1844 737 verbis
1868 707 1963 737 etiam
1987 705 2073 736 aliud

1103 751 1294 792 mysterium
1326 751 1428 788 inest,
1463 751 1552 791 quod
1581 757 1632 781 est
1653 747 1883 781 inenarrabile.
1927 749 2000 787 Ipse
2022 759 2074 777 vo-

1105 794 1172 823 luit.
1225 792 1326 824 Filius
1354 791 1417 824 Dei
1444 791 1556 824 tactus
1586 798 1636 823 est
1663 803 1725 834 pro
1755 792 1850 822 nobis
1879 792 2074 831 deprecator

1105 837 1136 866 in
1164 846 1286 867 arcano
1317 835 1456 868 consilio
1484 835 1679 873 divinitatis,
1714 834 1837 872 Patris,
1868 840 1899 865 et
1926 832 2016 871 Filii,
2043 839 2075 864 et

1106 878 1248 918 Spiritus
1282 879 1398 909 sancti.
1454 878 1501 909 lbi
1535 888 1573 909 se
1606 878 1724 909 abiecit
1753 887 1866 908 coram
1894 883 2007 917 patre,
2040 882 2075 907 ut

1105 919 1256 960 placaret
1277 927 1420 962 patrem,
1449 927 1480 951 et
1503 921 1710 961 impetraret,
1737 925 1772 951 ut
1794 919 1996 959 reciperetur
2019 929 2074 960 ge-

1105 973 1167 994 nus
1184 962 1371 1000 humanum,
1386 973 1428 994 ne
1449 964 1646 994 abiiceretur
1667 963 1699 994 in
1720 968 1872 994 aeternas
1894 971 2020 1003 poenas
2044 967 2077 993 et

1106 1006 1266 1036 miserias.
1291 1006 1381 1037 Haec
1399 1005 1594 1047 significatio
1613 1010 1668 1037 est
1685 1006 1718 1036 in
1734 1006 1799 1036 isto
1812 1005 1929 1036 verbo:
1960 1003 2075 1035 Voluit.

1190 1047 1293 1079 Filius
1324 1048 1386 1079 Dei
1415 1058 1477 1080 sua
1505 1054 1624 1089 sponte
1655 1046 1764 1079 sactus
1792 1053 1843 1078 est
1870 1048 2077 1088 deprecator,

1105 1090 1264 1121 immenso
1293 1101 1406 1122 amore
1436 1101 1516 1132 erga
1543 1100 1649 1132 genus
1682 1091 1870 1122 humanum.
1926 1089 2076 1125 Quantus

1106 1132 1161 1164 hic
1188 1134 1261 1173 ipse
1289 1143 1381 1164 amor
1410 1134 1468 1172 sit,
1499 1134 1781 1165 considerabimus
1804 1133 1835 1164 in
1859 1133 1949 1164 omni
1972 1139 2076 1164 aeter-

1106 1176 1226 1213 nitate,
1249 1182 1281 1207 et
1305 1186 1426 1207 coram.
1471 1175 1507 1207 ln
1529 1175 1592 1207 hac
1615 1177 1681 1207 vita
1703 1186 1770 1206 non
1792 1186 1970 1217 possumus
1990 1185 2076 1207 com-

1105 1218 1324 1258 prehendere:
1370 1218 1437 1250 Sed
1467 1218 1549 1250 fides
1575 1219 1672 1250 debet
1700 1218 1856 1250 inchoare
1884 1219 2075 1250 doctrinam.

1107 1260 1299 1303 Cogitemus
1329 1261 1429 1302 igitur
1455 1262 1496 1293 de
1524 1260 1581 1293 illo
1611 1262 1770 1293 immenso
1793 1271 1904 1292 amore
1927 1262 1959 1292 in
1982 1260 2074 1293 Filio.

1107 1310 1139 1335 et
1161 1314 1300 1346 agamus
1323 1305 1352 1335 ei
1376 1304 1517 1346 gratiaS,
1542 1306 1629 1347 quod
1651 1315 1712 1346 pro
1735 1305 1831 1336 nobis
1854 1303 1923 1335 fieri
1946 1304 2077 1336 victima

1106 1346 1258 1379 voluerit.

1192 1390 1243 1422 Sit
1265 1389 1349 1422 haec
1371 1396 1487 1422 nostra
1510 1391 1645 1422 assidua
1670 1391 1834 1432 precatio:
1857 1390 1998 1432 Agimus
2018 1390 2076 1421 tibi

1107 1434 1249 1474 gratias}
1282 1434 1397 1472 unice,
1427 1434 1648 1475 omnipotens,
1682 1439 1714 1465 et
1734 1439 1870 1465 aeterne
1892 1434 1990 1464 Pater
2008 1432 2076 1464 Do-

1106 1476 1183 1506 mini
1205 1477 1310 1507 nostri
1332 1475 1407 1508 lesu
1429 1475 1567 1513 Christi,
1600 1482 1732 1508 creator
1753 1486 1819 1507 una
1843 1486 1915 1507 cum
1939 1474 2021 1507 Filio
2044 1482 2077 1507 et

1106 1518 1227 1559 Spiritu
1246 1524 1382 1556 sancto,
1406 1519 1493 1560 quod
1518 1525 1550 1549 te
1573 1518 1756 1559 patefecisti
1778 1519 1886 1557 nobis,
1909 1519 1998 1560 quod
2020 1519 2077 1549 mi-

1105 1561 1177 1591 sisti
1200 1560 1332 1599 Filium,
1363 1562 1453 1602 quod
1480 1562 1512 1592 in
1535 1560 1616 1592 Filio
1640 1561 1813 1593 ostendisti
1836 1567 1885 1599 te,
1914 1561 2002 1603 quod
2024 1561 2077 1595 Fi-

1106 1602 1182 1634 lium
1206 1603 1338 1635 voluisti
1361 1614 1437 1635 esse
1459 1605 1635 1642 victimam,
1653 1609 1775 1643 μεσίτην
1790 1606 1839 1635 καὶ
1857 1606 1960 1642 ἱκέτην.
1995 1603 2074 1646 Agi-

1105 1655 1178 1677 mus
1201 1647 1300 1677 etiam
1322 1647 1377 1677 tibi
1401 1647 1527 1688 gratias
1550 1645 1692 1678 Domine
1715 1647 1790 1679 lesu
1813 1646 1960 1684 Christe,
1985 1647 2074 1688 quod

1106 1689 1137 1718 in
1161 1694 1192 1719 te
1215 1690 1370 1720 derivasti
1392 1690 1485 1727 iram,
1505 1690 1593 1730 quod
1616 1690 1812 1730 deprecatus
1835 1699 1872 1721 es
1896 1700 1956 1730 pro
1978 1690 2074 1721 nobis

1106 1741 1263 1763 immenso
1287 1742 1409 1767 amore.

1190 1774 1250 1806 Est
1272 1780 1303 1805 et
1327 1774 1391 1806 hoc
1413 1775 1445 1806 in
1468 1775 1531 1806 isto
1555 1775 1643 1806 dicto
1663 1774 1946 1816 comprehensum.
1993 1774 2076 1809 Quia

1104 1816 1211 1848 voluit.
1259 1816 1347 1859 Ergo
1376 1828 1442 1849 non
1470 1825 1520 1848 est
1550 1816 1639 1848 sacta
1670 1828 1751 1849 casu
1774 1819 1903 1859 passio:
1933 1828 1999 1849 non
2023 1825 2074 1849 est

1105 1858 1193 1891 sacta
1222 1860 1324 1891 invito
1352 1870 1403 1892 eo.
1456 1859 1600 1902 Tyranni
1631 1871 1696 1891 non
1719 1862 1902 1902 potuissent
1927 1871 2000 1892 eum
2022 1871 2074 1892 ra-

1105 1913 1184 1942 pere
1217 1902 1368 1934 invitum:
1409 1903 1476 1934 Sed
1511 1901 1591 1934 illud
1625 1904 1716 1944 prius
1746 1903 1850 1935 multo
1878 1905 1982 1935 maius
2012 1909 2074 1941 est,

1106 1945 1194 1986 quod
1218 1952 1336 1986 sponte
1358 1945 1468 1987 sactus
1490 1952 1540 1976 est
1563 1947 1770 1987 deprecator.

1190 1988 1264 2019 Non
1292 1995 1415 2019 tantum
1445 1988 1621 2020 excludunt
1651 1989 1734 2021 haec
1765 1991 1865 2021 verba
1888 1988 2074 2020 violentiam

1105 2037 1336 2072 tyrannorum,
1360 2031 1420 2062 sed
1444 2033 1539 2062 etiam
1562 2032 1748 2073 significant
1771 2033 1961 2064 immensum
1986 2041 2075 2063 amo—

1105 2083 1191 2111 rem,
1221 2075 1308 2115 quod
1338 2075 1369 2104 in
1394 2075 1535 2106 concilio
1564 2075 1740 2106 divinitatis
1764 2086 1824 2116 pro
1847 2075 1942 2106 nobis
1966 2073 2074 2107 sactus

1105 2122 1155 2147 est
1178 2116 1374 2157 deprecator
1397 2127 1457 2158 pro
1482 2127 1604 2159 genere
1627 2117 1785 2156 humano,
1808 2124 1839 2149 et
1862 2119 1933 2158 ipse
1955 2118 2019 2149 ruit
2042 2119 2073 2148 in

1105 2159 1256 2197 exitium,
1285 2166 1439 2198 mortem,
1462 2166 1495 2191 et
1517 2170 1642 2201 poenas
1666 2166 1829 2192 aeternas.
1873 2160 1966 2192 Deus
1990 2162 2074 2192 iuste

1104 2202 1269 2243 potuisset
1290 2202 1401 2234 delere
1422 2208 1523 2234 totum
1547 2212 1652 2245 genus
1674 2202 1866 2241 humanum,
1889 2204 1948 2235 sed
1972 2201 2072 2234 Filius

1104 2246 1280 2286 interponit
1303 2256 1357 2283 se,
1382 2244 1466 2277 tollit
1489 2253 1521 2277 et
1543 2247 1670 2288 mitigat
1693 2247 1771 2277 iram
1796 2247 1918 2283 Patris,
1941 2252 1973 2277 et
1995 2255 2072 2287 poe-

1104 2298 1179 2318 nam
1202 2289 1233 2318 in
1257 2298 1295 2319 se
1319 2290 1454 2320 derivat.
1500 2288 1573 2320 Hoc
1596 2287 1842 2330 complectimur
1864 2290 1975 2326 etiam,
1999 2299 2072 2320 cum

1105 2330 1254 2367 dicimus,
1275 2333 1363 2372 quod
1382 2331 1482 2363 Filius
1506 2333 1685 2373 ingreditur
1707 2332 1738 2362 in
1763 2331 1918 2362 Sanctum
1941 2339 2072 2362 sancto—

1105 2384 1191 2411 rum,
1214 2374 1246 2404 id
1269 2380 1339 2411 cst,
1363 2374 1394 2405 in
1420 2373 1590 2405 consilium
1613 2375 1737 2405 aeterni
1761 2374 1880 2411 Patris,
1904 2381 1954 2405 est
1976 2376 2072 2406 inter—

1105 2426 1237 2454 cessor,
1266 2423 1296 2448 et
1327 2417 1397 2458 ipse
1426 2427 1463 2448 se
1486 2417 1589 2448 offert.
1645 2416 1705 2447 Est
1727 2424 1832 2448 autem
1856 2427 1910 2448 res
1934 2418 2072 2449 maxima

1104 2468 1141 2489 se
1164 2459 1293 2490 offerre.

1190 2502 1346 2543 Sequitur
1378 2503 1493 2534 iterum
1528 2502 1569 2532 de
1599 2501 1751 2533 historia:
1791 2501 1863 2532 Nam
1892 2505 2010 2542 aperiet
2038 2514 2072 2533 os

1103 2555 1196 2573 sunm.
1241 2547 1329 2573 Sir-ut
1364 2546 1429 2573 ovis
1463 2544 1504 2573 ud
1538 2546 1720 2573 occisionem
1753 2545 1896 2579 ducetur,
1931 2550 1960 2575 ct
1993 2548 2073 2575 sicut

1104 2598 1202 2625 nynus
1225 2598 1327 2615 coram
1351 2587 1496 2616 tondente
1517 2597 1565 2619 se,
1597 2587 1795 2622 obmutescet,
1819 2593 1848 2617 et
1871 2600 1931 2618 non
1955 2591 2072 2628 aperiet

1104 2640 1138 2658 os
1161 2640 1253 2658 sunm.
1303 2629 1422 2660 Postea
1452 2629 1621 2671 coniungit
1643 2632 1838 2662 seutentiam
1862 2632 1902 2662 de
1925 2642 2071 2663 resurre-

1798 2692 1852 2715 ⁴2²·
