2324 2958
114 165 190 198 XLI
788 159 1003 192 POSTILLA
1035 158 1437 191 MELANTHONIANA.
2037 157 2128 189 XLlI

115 258 284 289 recordatio
305 260 388 297 grata
410 260 502 295 atque
525 255 655 285 iucunda
677 264 751 284 esse
775 253 864 283 solet.
910 253 950 283 Et
976 253 1124 283 accedunt
1145 253 1222 283 aliae
1245 262 1386 288 caussae,
1410 263 1462 282 cur
1483 254 1581 292 prosit
1604 263 1640 282 ea
1662 261 1836 290 asservare,
1868 261 1946 290 quae
1969 262 1987 280 a
2004 253 2125 290 magnis

115 303 188 331 viris
213 302 288 330 inter
311 299 478 329 docendum
502 297 616 337 prolata
638 300 724 326 sunt:
760 297 831 335 qnia
860 295 953 325 multa
982 296 1038 325 bac
1057 297 1218 326 occasione
1241 295 1443 330 declarantur,
1473 306 1551 334 quae
1575 296 1674 324 minus
1698 295 1787 333 plene
1812 297 1863 324 aut
1885 295 2008 323 brevius
2033 298 2125 332 atque

116 344 289 377 concisius,
313 353 408 381 saepe
432 342 522 371 etiam
545 340 706 370 obscurius
731 340 760 368 in
783 339 907 376 scriptis
930 339 1061 377 publicis
1085 339 1225 378 exposita
1254 341 1333 367 sunt.
1386 337 1445 366 Hic
1467 339 1545 367 enim
1568 339 1707 377 pressius
1732 338 1845 371 onmia,
1870 337 1932 365 illic
1955 347 2027 365 vero
2049 337 2126 366 libe-

116 387 180 415 rius
205 390 236 415 et
259 385 436 415 familiarius
460 384 603 423 pleraque
626 385 796 412 tractantur.
842 381 1061 411 Testimonium
1088 383 1177 411 etiam
1199 380 1374 420 perhibetur
1397 382 1565 410 constantis
1589 380 1789 419 professionis
1811 380 1903 408 unius
1923 379 2125 417 eiusdemque

115 429 200 458 vocis
221 428 384 458 doctrinae.
416 427 457 457 Et
479 426 699 465 adsperguntur
721 423 851 453 subinde
873 427 1016 463 paternae
1039 424 1346 454 commonefactiones
1369 423 1407 452 ad
1429 427 1608 463 praesentes
1635 423 1803 457 auditores,
1833 432 1911 461 quae
1934 422 1973 451 ad
1996 423 2125 451 excitan-

117 473 176 503 dos
199 472 315 500 animos
338 470 497 510 plurimum
518 469 661 499 momenti
684 467 806 497 habent.

319 554 388 583 Nec
411 553 567 592 inelegans
591 556 641 582 est
659 552 739 591 apud
760 550 981 581 Philostratum
1004 552 1132 580 narratio
1158 551 1196 580 de
1219 551 1350 581 Damide
1372 551 1522 589 Assyrio,
1547 551 1632 580 socio
1656 549 1821 589 Apollonii,
1846 550 1899 578 viri
1922 549 2071 588 sapientis
2095 552 2127 578 et

115 599 216 627 divini.
249 596 279 626 ls
304 598 382 626 enim
407 598 436 625 in
460 596 536 625 libro
561 595 690 634 quodam
711 595 950 633 conscripserat,
975 603 1053 632 quae
1072 595 1109 623 ab
1134 593 1298 633 Apollonio
1329 594 1409 623 dicta
1438 597 1489 622 aut
1512 592 1589 622 sacta
1612 593 1744 628 fuerant,
1775 593 1866 631 idque
1894 602 1931 621 ea
1959 592 2124 630 d'tligentia,

114 644 147 670 ut
170 641 291 669 minima
314 640 403 669 etiam
428 639 595 677 collegisse
618 647 686 666 eum
710 642 876 676 appareret.
921 636 993 666 Erat
1015 640 1116 666 autem
1133 637 1211 666 alius
1235 636 1356 675 quidam
1378 637 1423 665 vir
1452 637 1570 665 otiosus
1595 640 1625 665 et
1652 635 1789 671 invidus,
1819 635 1868 673 qui
1907 639 2024 664 caetera
2059 635 2126 673 qui-

115 683 183 713 dem
210 684 247 712 ab
271 693 308 711 eo
332 682 444 721 scripta
466 683 544 711 bene
570 683 713 718 recteque
737 690 773 709 se
797 679 908 708 habere
931 679 1068 713 dicebat,
1101 680 1181 718 quod
1211 681 1379 709 sententias
1410 682 1440 708 et
1463 679 1622 718 opiniones
1646 678 1803 717 Apollonii
1826 682 1991 706 memoratu
2017 677 2126 715 dignas

115 726 310 765 collegisset:
355 725 386 753 id
409 734 479 753 vero
503 724 632 761 negabat
654 733 691 751 se
713 723 858 762 probare,
893 722 979 763 quod
1001 722 1131 753 minima
1153 723 1248 753 etiam
1271 723 1361 753 dicta
1383 731 1441 753 suo
1464 722 1559 761 operi
1578 722 1782 758 inseruisset,
1816 721 1948 751 catellos
1970 721 2127 759 e'nu‘tatrts,

114 769 170 809 qni
195 767 402 800 coenantibus
430 767 566 797 dominis
588 766 689 796 nzz’cas
711 766 751 796 de.
773 775 884 797 mensa
907 765 1058 796 cadentes
1080 765 1241 806 collt'fflmt.
1287 765 1365 794 Huic
1396 765 1586 803 respondens
1610 764 1734 793 Damis:
1777 763 1876 794 Recte
1898 763 1980 794 dicis
2004 764 2127 801 (inquit)

114 821 225 842 remam
249 814 279 841 et
302 809 446 840 Deorum
468 813 516 839 est
539 809 727 845 convivium,
751 812 782 839 et
794 808 856 839 1)ίί
876 808 1028 839 convivae
1061 812 1145 845 sunt,
1169 812 1200 839 et
1222 808 1335 838 horum
1356 808 1514 838 ministris
1537 808 1677 838 maxima
1700 816 1781 837 cura
1805 809 1863 843 est,
1887 815 1926 836 ne
1947 815 2012 846 qua
2034 809 2130 836 etiam

114 854 249 885 minima
271 852 456 884 ambrosiae
478 852 657 892 particula,
691 852 724 882 si
739 849 831 890 forte
853 851 1025 888 ceciderit,
1054 854 1182 890 pereat.
1238 848 1302 880 Sed
1332 861 1388 880 nos
1412 851 1440 878 in
1464 849 1609 879 Ecclesia
1632 851 1721 879 etiam
1747 859 1764 878 a
1787 847 1910 878 Chi-isto
1933 851 2129 887 praeceptum

114 906 197 929 esse,
221 896 425 925 meminimus:
451 894 597 935 Collt'ffl'le
615 892 818 935 fraymcnla,
841 903 880 924 ne
901 893 980 934 qnid
1000 897 1125 933 pereat.
1170 892 1311 932 Denique
1335 894 1363 922 in
1387 893 1481 922 veteri
1501 892 1698 922 Testamento
1718 892 1805 921 Deus
1830 892 1857 920 in
1883 892 2055 920 memoriam
2079 891 2129 919 mi-

114 938 273 968 raculosae
291 938 440 977 pastionis
463 936 666 984 israelitarum
691 938 720 966 in
744 936 880 970 deserto,
903 937 1053 965 asservari
1078 937 1170 965 iussit
1192 936 1320 971 Manna,
1344 936 1433 965 etiam
1461 946 1528 964 cum
1551 935 1634 965 illius
1658 935 1760 964 nullus
1789 933 1919 973 amplius
1944 934 1982 963 ad
2005 944 2129 963 vescen—

115 981 185 1011 dum
207 991 285 1011 usus
305 990 378 1010 esse
396 980 556 1009 videretur.

321 1056 374 1086 IV.
421 1056 484 1085 Sed
509 1057 598 1085 nimis
621 1065 690 1085 sero
715 1055 791 1085 haec
813 1054 1015 1094 proferuntur,
1039 1055 1184 1084 obiicient
1207 1054 1310 1093 aliqui.
1358 1055 1437 1084 Anni
1461 1055 1539 1086 enim
1563 1055 1683 1093 triginta
1707 1058 1834 1093 quatuor
1853 1064 1930 1083 nunc
1953 1052 2133 1082 effluxerunt

116 1104 188 1140 post
221 1102 339 1129 beatam
362 1099 495 1138 Philippi
520 1109 557 1127 ex
587 1098 644 1127 hac
666 1098 729 1128 vita
756 1098 973 1136 migrationem.
1019 1096 1140 1126 Utinam
1164 1107 1235 1126 vero
1260 1098 1317 1126 iam
1346 1098 1462 1136 pridem
1486 1098 1598 1137 aliquis
1623 1099 1792 1131 extitisset,
1818 1096 1868 1135 qui
1892 1096 2027 1125 laborem
2051 1095 2132 1124 hunc

116 1142 278 1182 colligendi
302 1146 392 1181 atque
422 1143 450 1170 in
474 1141 628 1180 publicum
651 1140 759 1170 edendi
784 1140 949 1179 fragmenta
972 1141 1031 1169 ista
1050 1139 1229 1169 Scholarum
1247 1139 1482 1179 Philippicarum
1507 1141 1643 1179 recipere
1667 1141 1696 1169 in
1720 1150 1755 1169 se
1779 1139 1944 1168 voluissetl
1968 1137 2044 1167 Mihi
2069 1139 2131 1177 qui-

116 1186 184 1215 dem
208 1189 277 1214 ante
301 1195 396 1214 annos
420 1184 591 1223 complures
615 1184 732 1212 animus
757 1194 814 1213 non
839 1183 936 1213 defuit
960 1183 1121 1221 colligendi
1146 1183 1222 1212 istas
1246 1183 1341 1212 micas
1365 1183 1509 1212 cadentes
1533 1183 1571 1212 de
1595 1193 1701 1212 mensa
1720 1182 1853 1221 Philippi
1877 1180 2131 1215 Melanchthonis,

116 1228 173 1257 sed
197 1228 378 1257 occasiones
402 1227 575 1256 defuerunt:
600 1236 688 1265 quae,
712 1230 745 1255 ut
763 1229 834 1255 sunt
857 1226 935 1255 dona
958 1225 1027 1260 Dei,
1052 1226 1093 1255 ita
1115 1225 1184 1255 aliis
1208 1229 1298 1264 atque
1322 1225 1391 1255 aliis
1416 1227 1602 1264 temporibus
1626 1237 1662 1255 se
1685 1226 1782 1264 magis
1806 1226 1970 1263 minusque
1994 1224 2130 1253 offerunt.

115 1270 226 1310 Neque
259 1280 331 1299 vero
355 1270 499 1308 quicquid
527 1279 581 1307 per
602 1279 638 1298 se
661 1270 771 1298 bonurn
795 1273 853 1303 est,
877 1268 1056 1307 reprebendi
1080 1269 1182 1302 debet,
1207 1279 1389 1307 quocunque
1412 1279 1486 1298 sane
1516 1273 1651 1308 tempore
1674 1269 1848 1308 proferatur.
1894 1268 1997 1306 Atque
2021 1267 2132 1296 utinam

117 1313 165 1342 vel
188 1322 266 1342 nunc
285 1313 376 1342 editio
401 1311 706 1342 harum‘Scholarum
719 1310 853 1351 Philippi
874 1313 917 1349 (in
941 1312 1052 1350 quibus
1077 1321 1195 1341 summa
1218 1311 1412 1351 simplicitate
1437 1321 1472 1340 ac
1495 1312 1676 1350 proprietate
1699 1322 1750 1341 res
1769 1311 1963 1340 necessariae
1987 1314 2017 1339 et
2039 1309 2132 1338 utiles

117 1355 317 1394 explicantur)
353 1355 502 1394 exemplo·
527 1359 615 1384 esset
642 1355 781 1384 fanaticis
805 1354 921 1387 multis,
955 1358 988 1383 ut
1011 1354 1144 1385 absurda
1165 1358 1216 1384 aut
1239 1355 1379 1393 ambigua
1407 1355 1488 1384 dicta
1509 1355 1613 1384 maiori
1637 1355 1740 1384 studio
1765 1357 1920 1388 caverent,
1956 1363 2034 1391 quae
2058 1351 2133 1381 nihil

118 1398 211 1432 aliud,
236 1408 324 1436 quam
349 1398 501 1427 doctrinae
526 1397 735 1426 confusionem
758 1401 787 1426 et
812 1397 953 1427 tenebras
976 1397 1103 1436 pariunt.

325 1472 392 1502 Etsi
415 1473 493 1501 enim
517 1473 545 1501 in
568 1471 681 1511 populo
706 1466 836 1501 maiores
859 1472 989 1511 plausus
1013 1474 1092 1502 cient
1110 1472 1162 1502 illa
1185 1473 1328 1512 θαύματα
1351 1473 1504 1515 ῥημάτων,
1538 1475 1620 1503 sicut
1652 1477 1683 1503 et
1705 1472 1904 1512 Thucydides
1938 1482 2014 1501 suos
2048 1472 2132 1500 cives

119 1517 266 1554 obiurgat.
290 1515 376 1554 qnod
395 1515 569 1552 fastidiant
594 1516 732 1548 usitata,
768 1519 796 1544 ct
819 1516 966 1543 mirentur
990 1515 1141 1544 absurda:
1177 1519 1274 1544 tamen
1306 1516 1428 1545 licentia
1457 1516 1509 1545 illa
1533 1516 1560 1545 in
1586 1515 1730 1550 (licendo,
1760 1517 1788 1544 in
1812 1515 1954 1545 Ecclesia
1978 1513 2130 1543 horribilis

117 1559 268 1597 pernicies
292 1561 351 1591 est,
375 1558 441 1585 sive
465 1557 604 1587 consulto
628 1557 739 1596 aliquis
762 1557 845 1587 ludat
868 1558 1042 1596 praestigiis
1067 1557 1297 1597 sophismatum,
1321 1562 1352 1587 ut
1376 1559 1520 1593 fecerunt,
1544 1562 1575 1588 et
1599 1559 1709 1588 faciunt
1728 1558 1812 1588 multi
1836 1557 2025 1597 blasphemi3
2066 1557 2133 1585 sive

118 1601 240 1630 inscitia
263 1604 386 1639 spargat
409 1600 568 1638 improprie
592 1600 680 1634 dicta,
706 1610 783 1638 qnae
807 1600 978 1629 dissimiles
1002 1600 1160 1639 opiniones
1185 1602 1212 1630 in
1237 1602 1345 1630 animis
1368 1601 1535 1631 auditorum
1558 1601 1737 1640 relinquunt.

324 1675 365 1705 V.
410 1676 452 1705 At
475 1687 532 1705 non
556 1675 745 1713 Theologiea
768 1679 891 1709 tantum,
915 1687 1017 1705 verum
1042 1678 1132 1706 etiam
1153 1675 1355 1706 Grammatica
1378 1680 1408 1706 et
1431 1677 1585 1706 Historica
1612 1677 1706 1706 multa
1730 1678 1758 1706 in
1783 1677 1832 1706 his
1856 1676 1981 1705 Scholis
2005 1677 2133 1705 recitan-

119 1723 175 1750 tur.
214 1718 247 1748 ld
266 1719 378 1748 morosi
401 1718 492 1757 aliqui
517 1729 553 1747 ac
576 1719 665 1747 nimis
690 1719 896 1757 superstitiosi
917 1718 1094 1748 cavillantur
1116 1722 1233 1757 praeter
1252 1719 1395 1748 decorum
1418 1729 1502 1750 esse.
1548 1720 1611 1749 Sed
1638 1719 1750 1749 faciunt
1772 1730 1828 1749 nae
1852 1719 2047 1758 intelligendo
2072 1719 2133 1753 isti,

119 1766 152 1791 ut
175 1761 248 1790 nihil
272 1761 450 1799 intelligant.
494 1760 562 1790 Non
587 1762 666 1790 enim
690 1762 838 1799 cogitant,
863 1771 940 1800 quae
963 1762 1037 1791 ratio
1062 1761 1149 1791 fuerit
1171 1762 1308 1791 auditorii
1334 1762 1432 1798 illius,
1462 1763 1490 1790 in
1515 1772 1574 1800 quo
1598 1761 1751 1797 Comites,
1774 1762 1929 1796 Ramnes,
1950 1761 2079 1795 nobiles,
2104 1764 2134 1790 et

120 1805 250 1833 omnium
270 1804 405 1833 ordinum
429 1814 464 1833 ac
486 1804 713 1843 professionum
733 1805 874 1837 studiosi,
899 1814 1002 1838 senes,
1027 1805 1163 1839 iuvenes,
1187 1806 1271 1843 pueri
1296 1805 1324 1834 in
1349 1806 1476 1834 maxima
1499 1804 1666 1843 frequentia
1678 1806 1715 1834 ab
1735 1816 1786 1834 ore
1800 1806 1937 1834 docentis
1950 1804 2132 1844 pendebant.

120 1847 258 1886 Singulis
283 1857 364 1885 ergo,
388 1850 419 1876 ut
442 1846 569 1876 fructum
593 1847 723 1885 aliquem
747 1846 887 1876 afferrent
904 1847 1052 1876 lectiones
1075 1847 1224 1886 singulae,
1250 1848 1287 1877 de
1311 1848 1459 1878 industria
1481 1848 1612 1886 proferre
1632 1848 1752 1878 solebat
1775 1858 1812 1877 ex
1830 1848 1974 1877 thesauro
1994 1846 2132 1885 multipli-

120 1891 165 1919 cis
189 1891 277 1929 copia
295 1890 448 1919 doctrinae
471 1899 547 1919 suae
570 1894 673 1919 vetera
696 1893 726 1919 et
745 1900 837 1924 nova,
861 1893 894 1919 ut
920 1888 1062 1919 Christus
1086 1891 1113 1919 in
1138 1890 1279 1928 parabola
1302 1891 1340 1919 de
1365 1890 1581 1930 patrefamilias
1605 1890 1747 1930 loquitur.
1794 1890 1903 1920 Studio
1929 1891 2017 1919 etiam
2042 1890 2131 1919 habe-

119 1934 171 1962 bat
193 1943 288 1971 saepe
310 1931 497 1972 multumque
520 1932 656 1961 conferre
680 1933 756 1961 inter
778 1943 814 1961 se
838 1931 1059 1972 Philosophica
1077 1937 1108 1962 et
1131 1933 1327 1973 Tbefflogica,
1352 1938 1385 1963 ut
1408 1934 1598 1969 ostenderet,
1635 1935 1706 1973 quid
1737 1935 1863 1963 deesset
1887 1933 2055 1972 sapientiae
2079 1932 2133 1962 bu-

120 1985 236 2010 manae,
261 1979 290 2004 et
314 1981 455 2014 quantum
479 1975 612 2005 doctrina
633 1975 795 2005 Ecclesiae
818 1975 1015 2005 antecelleret
1037 1975 1275 2015 Philosophiae,
1300 1987 1379 2015 quae
1403 1978 1512 2015 exigua
1539 1977 1684 2016 particula
1708 1977 1787 2016 legis
1807 1981 1864 2007 est.
1909 1977 2049 2014 Denique
2073 1976 2133 2014 api-

122 2017 207 2047 cuias
242 2019 426 2053 imitabatur,
461 2028 538 2057 quae
572 2029 610 2047 ex
633 2019 714 2047 vario
749 2018 853 2047 florum
886 2029 997 2057 genere
1031 2029 1157 2048 succum
1186 2019 1288 2048 mellis
1311 2020 1584 2059 generosissimum
1608 2021 1780 2055 conficiunt,
1816 2024 1847 2050 ut
1866 2024 1914 2049 est
1938 2020 1966 2047 in
1990 2019 2132 2048 versibus

121 2060 254 2090 Manilii:

686 2119 856 2158 Floriferis
878 2124 912 2150 ut
934 2130 1009 2159 apes
1031 2122 1064 2150 in
1085 2121 1218 2151 saltibus
1240 2123 1344 2157 omnia
1365 2121 1481 2151 libant.-

688 2162 799 2192 Omm‘a
818 2174 874 2192 nos
895 2164 1004 2193 itidem
1026 2164 1223 2203 depascimur
1242 2175 1337 2194 aurea
1360 2165 1458 2194 dieta.

685 2204 790 2235 Aurea
809 2210 962 2246 perpetua
984 2217 1102 2246 semper
1124 2207 1308 2247 diynissz'u'm
1331 2209 1405 2237 vita.

328 2279 454 2310 Tantum
479 2281 567 2319 igitur
589 2282 686 2316 abest,
705 2287 737 2312 ut
761 2284 832 2313 vitio
856 2285 930 2313 verti
955 2284 1074 2319 debeat,
1100 2285 1179 2323 quod
1203 2284 1242 2314 D.
1266 2283 1428 2324 Philippus
1451 2295 1508 2314 non
1533 2285 1608 2314 inter
1631 2285 1705 2314 rude
1728 2284 1853 2323 vulgus,
1878 2295 1935 2313 non
1961 2284 1988 2313 in
2008 2283 2130 2323 templis

123 2324 247 2358 docens,
268 2324 325 2353 sed
349 2325 376 2352 in
401 2327 490 2352 coetu
513 2324 731 2360 studiosorum,
756 2330 786 2355 et
805 2327 832 2355 in
852 2327 960 2356 schola
981 2328 1108 2362 sedens,
1133 2327 1217 2357 utilia
1239 2327 1380 2357 dulcibus
1404 2329 1563 2363 miscebat,
1584 2332 1615 2358 ut
1638 2328 1756 2357 laudem
1776 2328 1877 2366 potius
1897 2327 2082 2356 dexteritatis
2102 2331 2132 2356 et

123 2366 300 2396 eruditionis
324 2366 433 2396 modus
456 2366 509 2395 ille
532 2366 660 2396 docendi
682 2372 841 2399 mereatur.
885 2369 962 2399 Nam
986 2373 1017 2400 et
1040 2370 1098 2400 boc
1121 2371 1194 2400 artis
1219 2374 1277 2405 est,
1301 2369 1387 2402 κοινά
1405 2372 1527 2407 καινῶς,
1553 2375 1582 2401 et
1604 2370 1692 2402 καινά
1721 2372 1826 2406 κοινῶς
1849 2371 1876 2399 in
1902 2369 2038 2399 docendo
2063 2380 2130 2410 pro-

122 2419 243 2448 ponere.

326 2468 487 2499 Postremo
512 2469 698 2498 offendentur
721 2470 796 2500 forte
825 2472 960 2502 nonnulli
984 2473 1088 2502 crebra
1111 2474 1273 2503 earundem
1296 2483 1393 2512 rernm
1416 2474 1611 2513 repetitione:
1645 2473 1766 2504 solebat
1789 2474 1868 2503 enim
1893 2474 1960 2503 sine
1985 2474 2062 2503 omni
2087 2474 2131 2503 af-

122 2509 282 2540 fectatione
305 2513 463 2547 novitatis,
498 2512 603 2541 eadem
628 2511 843 2544 Melanchthon
867 2520 1004 2554 repetere
1027 2520 1058 2545 et
1081 2516 1246 2551 inculcare,
1271 2527 1349 2555 quae
1371 2517 1458 2546 u‘sllia
1480 2521 1510 2546 et
1533 2517 1707 2546 necessaria
1731 2527 1804 2545 esse
1827 2517 1992 2551 iudicabat,
2019 2520 2049 2546 et
2072 2527 2130 2546 non

121 2553 211 2582 modo
235 2552 321 2583 Pauli
345 2556 520 2584 auctoritate
543 2565 579 2584 se
603 2555 751 2590 tuebatur,
785 2558 835 2596 qui
859 2559 897 2587 ad
920 2557 1138 2598 Philippenses
1161 2561 1215 2589 ait:
1262 2561 1384 2591 Eadem
1406 2559 1490 2591 vobis
1512 2561 1673 2597 scribere,
1696 2561 1777 2591 milti
1797 2561 1921 2599 quidem
1950 2569 2013 2590 non
2036 2562 2131 2591 mole-

121 2600 212 2638 stant,
235 2598 321 2629 vobis
343 2602 450 2629 autem
471 2602 521 2630 esc
541 2599 779 2631 necessarium:
799 2600 857 2630 sed
879 2602 968 2631 etiam
989 2602 1126 2632 Socratis
1150 2602 1319 2642 exemplum
1344 2603 1450 2634 crebro
1474 2602 1639 2641 allegabat,
1659 2603 1710 2642 qui
1735 2607 1836 2632 contra
1857 2602 1998 2642 Hippiam
2021 2603 2130 2643 Sophi-
