2324 2958
223 199 287 232 271

224 291 269 324 lta
291 291 504 333 Augustinus
529 291 624 322 dixit:
670 290 812 321 Dilectc'o
836 296 969 322 meretur
994 292 1105 330 anyeri
1123 290 1199 320 ‹lile-

225 336 366 364 ctionem.
430 332 521 364 Multi
558 333 765 374 disputarunt
800 334 852 366 hic
881 335 922 366 dc
952 335 1079 366 merito.
1132 333 1200 364 Sed

223 377 433 419 Augustinus
456 387 523 407 non
547 377 691 418 respexit
715 387 772 408 eo:
804 376 1032 418 Principaliter
1055 375 1199 416 respexit

223 420 265 451 ad
294 419 370 457 hoc,
398 419 486 460 quod
509 417 660 458 habitus,
682 420 833 458 notitiae,
863 422 1016 457 virtutes,
1046 423 1201 449 crescunt

224 463 393 499 exercitio,
417 462 505 492 iuxta
528 460 623 493 illud:
649 463 739 492 Omm'
760 462 886 492 habenti
907 463 1041 491 dabitur.

309 514 355 544 lta
379 514 477 555 igitur
499 514 530 544 in
545 513 679 545 Christo
693 519 867 545 creverunt
881 512 1100 549 omniadona,
1123 511 1200 551 quia

222 557 400 588 exercebat
422 566 471 587 ea.
496 556 567 587 Hac
590 555 731 598 simplici
755 557 974 597 responsione
998 555 1100 585 simus
1121 564 1198 585 con-

222 599 312 630 tenti.

307 648 401 680 Multi
430 655 546 690 putant
577 660 655 681 esse
688 650 790 680 decus
821 648 942 689 ingenii
974 648 1082 678 onmia
1113 657 1199 688 quae

222 699 297 724 sunt
321 699 412 723 recte
435 693 630 729 constituta,
654 691 857 723 labefactare
880 690 1028 731 argutiiS,
1048 691 1109 721 sed
1132 689 1198 722 hoc

221 745 286 767 non
315 742 366 766 est
390 735 492 766 decus
523 736 658 775 ingenii:
689 734 770 765 illud
799 735 907 774 potius
936 731 1035 764 laude
1063 734 1198 775 dignum

221 784 289 816 est,
319 779 535 819 acquiescere
559 779 589 808 in
616 779 770 813 verit-ate,
804 783 835 807 et
860 786 941 807 vcro
966 776 1068 806 corde
1099 786 1197 807 orare

220 820 344 858 Deum,
373 826 406 851 ut
431 827 525 862 regat
548 826 672 851 mentes
697 825 845 857 nostras,
875 824 909 850 ut
939 819 1107 859 poss-imus
1131 829 1196 850 ma-

221 874 299 895 nere
318 864 350 894 in
373 864 524 894 veritate.

305 914 450 952 Quaero,
474 924 515 944 an
539 914 673 944 sciverit
693 911 844 943 Christus
868 911 1002 954 legere?
1047 912 1196 954 Respon-

221 958 303 995 :leo,
334 958 432 987 scivit
455 957 584 998 legere,
616 956 690 997 quia
720 965 786 986 non
810 953 918 987 solum
941 954 995 987 hic
1023 955 1196 997 disputans

219 1009 292 1031 cum
319 999 524 1037 pharisaeis,
549 998 707 1040 allegavit
735 999 919 1029 sententias
949 997 1197 1040 prophetarum,

217 1044 278 1074 sed
303 1044 398 1073 ctiam
422 1043 453 1073 in
477 1044 655 1084 synagoga
685 1039 767 1083 legit
788 1040 897 1072 locum
919 1040 1056 1072 Esaiae:
1097 1041 1197 1081 Spiri-

218 1090 266 1115 tus
286 1085 412 1114 Domini
434 1095 526 1124 suprr
558 1095 618 1119 me,
650 1088 708 1113 etr.
756 1084 835 1115 Item
856 1084 987 1115 loannis
1011 1084 1040 1116 S.
1065 1085 1196 1116 dicitur:

217 1128 353 1167 Scripsi!
376 1130 407 1157 in
431 1131 552 1157 terram.

305 1179 387 1215 Quis
423 1179 533 1209 docuit
570 1177 757 1209 Christum?
808 1177 1021 1220 Respondeo.

218 1223 304 1263 apud
327 1228 474 1253 matrem.
513 1221 583 1252 Etsi
606 1231 691 1263 gens
722 1219 778 1252 illa
806 1220 930 1263 alioqui
958 1222 1054 1252 etiam
1096 1220 1196 1252 valde

217 1264 275 1338 fuit
298 1265 466 1302 studiosa,
485 1270 518 1295 et
540 1263 654 1296 habuit
672 1262 814 1306 singulis
838 1263 911 1295 sere
934 1264 966 1295 in
989 1262 1074 1295 locis
1098 1263 1196 1295 scho-

231 1318 279 1339 as.

303 1357 422 1396 Proba,
446 1358 535 1399 quod
559 1357 602 1388 sit
614 1357 822 1389 discendum:
846 1356 1060 1398 Respondeo.
1084 1357 1196 1399 Ipsum

1074 1177 1197 1210 Didicit

216 1400 400 1442 exemplum
413 1400 537 1432 Christi
561 1401 660 1432 debet
681 1411 744 1432 nos
763 1402 913 1432 excitare
935 1400 977 1431 ad
990 1401 1194 1432 discendum.
1220 1423 1224 1446 Ι

215 1445 277 1476 Sed
301 1450 332 1475 et
355 1443 480 1476 Paulus
505 1444 598 1475 dicit:
635 1444 772 1474 Attencle
794 1443 944 1480 lectioni,
968 1443 1143 1477 doc-trinae,
1167 1447 1197 1473 et

215 1487 435 1517 consolationi.
480 1486 571 1518 Haec
595 1487 759 1518 sententia
787 1487 939 1518 omnibus
976 1487 1074 1518 nobis
1098 1487 1198 1518 debet

215 1540 293 1562 esse
314 1530 499 1561 notissima.

302 1573 414 1608 Quare
436 1572 599 1613 praecipit
622 1572 763 1614 primum
787 1572 829 1603 de
851 1569 1023 1603 lectione?
1046 1571 1198 1613 Respon-

215 1618 288 1648 deo.
333 1616 409 1648 Non
432 1622 557 1647 temere
580 1615 694 1656 incipit
716 1625 738 1646 a
759 1613 921 1652 lectione,
945 1615 1022 1656 quia
1044 1615 1199 1646 docttina

216 1657 387 1690 Ecclesiae
408 1665 457 1690 est
483 1657 653 1689 dissimilis
666 1657 839 1689 doctrinae
852 1656 1117 1699 philosophicae.
1148 1659 1198 1689 In-

216 1703 337 1744 cipitne
359 1700 572 1743 philosophia
593 1712 615 1732 a
637 1700 802 1732 lectione?
867 1700 954 1737 Non,
978 1701 1040 1732 sed
1062 1711 1083 1732 a
1105 1700 1198 1732 Prin·

215 1745 318 1787 cipiis.
366 1744 479 1776 Omnis
503 1743 674 1775 rationalis
697 1744 850 1776 doctrina
872 1741 1046 1774 inchoatur
1068 1754 1088 1774 a
1110 1744 1199 1785 prin-

216 1788 310 1829 cipiis
333 1794 452 1819 natura
475 1787 581 1825 notis,
609 1797 676 1818 non
695 1785 888 1818 electione.
934 1785 1029 1817 Fatui
1052 1787 1107 1828 qui
1131 1797 1198 1817 non

214 1836 355 1872 possunt
389 1830 580 1861 discerncre
609 1839 786 1868 numeros,
815 1839 882 1860 non
913 1835 1055 1870 possunt
1084 1829 1198 1861 doceri

213 1873 475 1905 Arithmeticam.

302 1916 369 1947 Sed
399 1915 548 1947 doctrina
571 1914 746 1947 Ecclesiae
779 1924 845 1946 non
874 1919 983 1955 potest
1013 1914 1096 1945 disci
1125 1915 1198 1946 sine

215 1958 282 1991 illis
306 1958 417 1996 libris,
453 1968 540 2000 quos
564 1957 660 1989 Deus
684 1956 787 1989 voluit
807 1957 910 1989 scribi
938 1967 998 1998 per
1016 1956 1198 1998 prophetas

215 2010 249 2034 et
283 2001 479 2042 Apostolos.
525 2001 666 2041 Oportet
700 2011 764 2032 nos
799 1999 957 2031 inchoare
990 2010 1010 2031 a
1043 1998 1197 2031 lectione.

215 2045 410 2086 Quanquam
425 2045 509 2075 enim
532 2042 586 2075 lex
607 2050 660 2075 est
683 2050 761 2075 nota
774 2042 979 2081 naturaliter,
1002 2049 1112 2074 tamen
1135 2053 1198 2074 nos

215 2089 247 2120 in
272 2086 425 2119 Ecclesia
455 2087 640 2128 indigemus
671 2086 933 2117 confirmatione.
980 2084 1197 2127 Evangelium

217 2141 299 2163 vero
323 2141 464 2172 prorsus
483 2140 550 2161 non
575 2135 626 2161 est
649 2127 842 2160 naturaliter
866 2134 990 2160 notum.
1027 2127 1087 2159 Est
1111 2129 1197 2160 enim

216 2173 394 2215 promissio
408 2171 694 2204 reconciliationis
717 2178 747 2202 et
760 2171 968 2203 remissionis
981 2177 1198 2212 peccatorum

218 2217 394 2258 gratuitae,
418 2214 559 2256 prolata,
582 2225 643 2246 seu
662 2213 812 2246 revelata
836 2224 856 2245 a
879 2213 946 2245 filio
972 2213 1036 2245 Dei
1059 2223 1100 2245 ex
1123 2214 1198 2246 sinu

239 2259 331 2290 atris.

217 2269 237 2300 p
306 2301 391 2336 Quia
413 2311 496 2344 ergo
520 2306 651 2341 oportet
675 2310 738 2331 nos
762 2300 891 2331 discere
915 2309 954 2330 ex
979 2297 1093 2337 libris,
1117 2298 1196 2331 ideo

218 2343 341 2376 Paulus
365 2345 478 2385 incipit
507 2354 528 2375 a
557 2343 720 2381 lectione,
744 2350 780 2375 ut.
808 2348 958 2379 moneat,
988 2352 1051 2373 nos
1075 2343 1197 2374 debere

216 2386 372 2429 alligatos
391 2397 468 2418 esse
485 2386 526 2418 ad
550 2387 697 2418 verbum.

304 2429 462 2471 Adiungit
480 2436 590 2461 autem
603 2427 726 2461 lectoni
746 2429 938 2461 doctrinam.
958 2427 1090 2462 Quare'.l
1113 2428 1199 2464 Quia

219 2473 348 2504 loctioni
375 2479 504 2510 textus,
535 2478 666 2514 oportet
688 2472 869 2513 adiungere
889 2469 1141 2511 explicationem
1165 2477 1198 2502 et

217 2516 377 2548 ordinem.
423 2517 560 2556 Oportet
584 2515 714 2547 tradere
733 2514 939 2547 definitiones
964 2520 993 2544 et
1016 2514 1198 2546 distinctio-

218 2569 296 2597 nes,
316 2559 394 2602 quia
415 2557 470 2590 alii
490 2565 610 2596 textus,
633 2559 687 2600 qui
711 2556 888 2600 loquuntur
912 2557 954 2587 de
977 2567 1081 2599 regno
1105 2556 1199 2588 Chri-

218 2603 278 2640 sti,
300 2602 413 2633 dicunt
434 2602 476 2633 de
497 2612 532 2633 re
559 2613 600 2634 no
624 2608 762 2633 externo
786 2600 967 2639 mundano,
989 2606 1037 2638 ut,
1060 2599 1198 2638 Raffltnm

218 2655 313 2677 meum
328 2655 391 2676 uon
409 2648 454 2674 est
478 2645 517 2675 tle
583 2655 599 2672 c
617 2644 743 2678 munla.
766 2642 823 2677 alii
834 2642 1015 2686 loquuntur
1037 2643 1078 2675 de
1090 2649 1196 2675 ueter-

861 197 975 231 PHlL.
998 198 1100 230 sleL.
1125 196 1311 229 SCfflP'rA
1334 195 1599 228 EXEGETICA.

1219 1340 1224 1416 ΙΙ
1250 1368 1308 1397 na,

2167 198 2231 229 272

1254 300 1297 321 no
1332 296 1363 320 et
1398 288 1561 331 spirituali
1594 298 1719 331 reguo,
1753 296 1805 328 ut,
1839 289 1941 330 Requi
1971 292 2036 320 ee'us
2069 300 2130 321 non
2172 292 2233 321 erit

1248 334 1332 371 finis.

1339 376 1383 406 Ita
1411 381 1540 416 oportet
1572 373 1747 415 explicari,
1778 375 1856 415 quid
1880 376 1923 406 sit
1954 375 2123 407 iustificari
2155 386 2232 417 ope-

1253 417 1363 456 ribus,
1383 418 1459 459 quid
1482 419 1558 449 item
1581 418 1750 449 iustificari
1775 417 1848 448 fide.
1883 418 1966 449 Cum
1989 428 2140 450 essemus
2163 419 2233 450 Au-

1253 466 1372 501 gustae
1394 462 1425 491 in
1450 467 1635 498 conventu,
1667 467 1699 491 ct
1723 460 1892 492 consessio
1921 467 2011 492 esset
2040 462 2230 500 scribenda,

1253 502 1393 538 Quidam
1424 504 1573 541 dicebat,
1600 502 1883 544 propositionem,
1912 503 2126 535 iustificantur
2155 503 2232 542 fide,

1251 556 1354 587 posse
1377 547 1512 587 probari
1536 557 1575 577 ex
1600 546 1740 581 Catone,
1760 547 1791 577 in
1815 556 1880 588 quo
1903 547 2061 588 scriptum
2086 547 2146 577 sit:

1295 614 1333 643 Si
1350 615 1436 643 Dens
1459 619 1504 646 est
1523 616 1656 649 aninum,
1678 614 1766 644 nohis
1791 619 1824 644 nt
1847 616 1985 643 carmina
2005 615 2124 652 dicunt,

1297 657 1358 685 Hir
1382 657 1439 686 tihi
1454 659 1624 696 praecipue
1647 659 1690 686 sit
1709 668 1792 696 pura
1816 661 1911 687 niente
1935 657 2092 686 colendus.

1252 716 1403 753 Quaero,
1444 727 1485 747 an
1521 723 1612 748 recte
1645 716 1841 749 intellexerit
1876 718 1939 748 iste
1971 717 2232 758 propositionem

1250 758 1427 800 Apostoli?
1450 759 1661 801 Respondes).
1708 761 1794 799 Non,
1817 761 1893 801 quia
1916 761 2044 801 putavit
2067 759 2132 791 hoc
2155 760 2232 798 dici,

1251 803 1340 843 quod
1366 803 1503 833 internis
1527 803 1683 842 operibus
1708 805 1810 835 simus
1835 804 1921 833 insti.
1953 804 1996 833 At
2019 801 2119 844 longe
2143 802 2233 835 aliud

1251 852 1319 882 cst,
1344 844 1513 875 iustificari
1536 845 1619 883 fide,
1642 845 1813 884 videlicet,
1837 846 1934 880 Quod
1957 847 2062 877 simus
2085 846 2175 883 iusti,
2199 845 2233 877 id

1251 895 1321 926 est,
1345 888 1472 929 accepti
1497 886 1570 919 Deo
1594 899 1653 930 per
1674 889 1935 920 misericordiam
1959 895 2095 930 propter
2119 887 2232 927 filium,

1251 942 1348 972 quam
1372 931 1436 962 fide
1460 936 1590 971 oportet
1614 941 1675 962 nos
1699 931 1968 972 apprehendere,
2001 942 2066 962 non
2096 937 2233 973 propter

1250 980 1398 1005 nostram
1423 974 1623 1014 dignitatem.
1669 973 1760 1005 Haec
1784 981 1873 1005 certe
1897 980 1929 1005 et
1960 973 2077 1005 similia
2101 975 2230 1015 oportet

1251 1017 1364 1049 doceri
1387 1017 1588 1048 iuventutem
1602 1039 1611 1055 ,
1644 1022 1677 1047 et
1699 1016 1794 1048 Deus
1821 1015 1891 1049 vult
1914 1026 1992 1048 esse
2016 1017 2230 1049 ministerium

1250 1061 1282 1091 in
1306 1058 1483 1097 Ecclesia,
1507 1067 1542 1091 ut
1566 1059 1717 1090 homines
1738 1060 1930 1091 doceantur.

1336 1103 1403 1134 Sed
1428 1113 1486 1134 cur
1509 1102 1600 1133 addit
1614 1101 1818 1143 Apostolus:
1845 1102 1980 1131 Attemle
1998 1101 2233 1131 consolationi?

1249 1145 1463 1186 Respondeo.
1510 1145 1599 1175 Finis
1623 1145 1806 1186 sapientiae
1836 1145 2000 1176 humanae
2023 1150 2074 1176 est
2096 1150 2228 1186 postre-

1249 1198 1323 1219 mus
1347 1198 1468 1219 versus
1492 1186 1642 1230 Virgilii:

1343 1256 1473 1295 Vitaque
1496 1267 1561 1285 cnm
1579 1257 1693 1294 (Ιειηίἰιι
1714 1256 1800 1294 suffit
1828 1256 2002 1295 imle‘fflmio
2025 1255 2080 1285 sub
2100 1255 2230 1285 umbras.

1336 1315 1405 1347 Sed
1432 1315 1507 1346 finis
1545 1316 1715 1346 doctrinae
1744 1314 1919 1346 Ecclesiae
1949 1323 1998 1346 est
2030 1316 2097 1346 vita
2126 1320 2231 1348 aeter-

1333 1359 1423 1390 iuxta
1446 1359 1588 1390 dictum:
1619 1358 1800 1397 Omnisque·
1823 1358 1922 1387 credit
1947 1360 1978 1387 in
1997 1358 2111 1399 filium,
2139 1357 2232 1388 habet

1576 1400 1669 1432 Haec
1692 1407 1744 1432 est
1768 1399 1966 1439 consolatio,
1991 1410 2076 1442 quae
2100 1401 2232 1474 qualem

2171 1452 2232 1475 aec

1248 1403 1343 1431 vitam
1367 1405 1531 1431 aeter-nom.

1251 1450 1283 1474 et
1311 1444 1492 1485 praecipua
1523 1449 1575 1474 est
1603 1443 1635 1473 in
1666 1444 1818 1474 omnibus
1847 1444 2096 1474 tentationibus.

1251 1487 1326 1519 dico
1356 1492 1494 1528 propter
1521 1492 1671 1517 nostrum
1702 1486 1869 1523 ordinem,
1901 1492 1935 1516 ut
1976 1486 2084 1517 sciant
2120 1483 2232 1517 adole-

1250 1536 1382 1561 scentes
1395 1528 1563 1560 literarum
1587 1529 1675 1560 studi
1686 1529 1863 1559 amandata
1886 1527 1992 1561 aneo
2017 1538 2106 1559 esse.
2132 1527 2229 1559 Com-

1250 1574 1443 1605 mendemus
1466 1573 1564 1614 igitur
1588 1571 1662 1603 Deo
1682 1581 1815 1603 cursum
1838 1577 2009 1610 nostrum,
2032 1577 2063 1602 et
2086 1571 2232 1603 sciamus

1250 1615 1358 1647 Deum
1381 1613 1594 1647 defensurum
1618 1612 1757 1646 schoias
1782 1620 1815 1646 et
1838 1623 2043 1656 congressus
2062 1612 2231 1645 Ecclesia-

1251 1659 1367 1690 sticos.

1384 1878 1604 1911 DOMINICA
1627 1878 1665 1910 ll.
1712 1877 1824 1910 POST
1848 1877 2098 1909 ΕΡΙΡΗΑΝΙΑ.

1220 1987 1226 2145 Ι
1583 1972 1733 2014 Evang.
1758 1972 1866 2003 ioan.
1890 1972 1921 2003 2.

1377 2076 1415 2107 Et
1435 2078 1550 2116 factor
1572 2080 1646 2107 sunt
1669 2076 1802 2116 nuptiae
1825 2075 1924 2107 [mia
1946 2075 2017 2112 die,
2040 2078 2099 2106 etc.

1249 2198 1474 2253 Explicatio
1490 2199 1880 2240 circumstantiarum
1896 2204 2050 2248 textus,
2083 2205 2126 2239 et.
2156 2212 2230 2239 vo-

1619 2284 1866 2326 cabulorum.

1337 2427 1442 2461 Quem
1466 2427 1550 2458 diem
1574 2426 1727 2469 intelligit
1750 2424 1988 2469 Evangelista?

1336 2469 1547 2510 Respondco.
1593 2470 1745 2502 Christus
1774 2475 1850 2510 post
1874 2469 2080 2510 Baptismum
2101 2469 2231 2511 ingrec-

1250 2523 1308 2544 sus
1332 2518 1382 2544 est
1403 2513 1434 2543 in
1459 2514 1638 2552 ‹it-sertum,
1663 2513 1717 2545 ubi
1741 2523 1815 2546 cum
1839 2518 1984 2544 tentatus
2007 2518 2116 2551 esset,
2140 2512 2232 2546 venit

1250 2562 1367 2597 postea
1396 2556 1427 2587 in
1458 2555 1662 2595 Galilaeum,
1686 2557 1742 2588 ubi
1773 2556 1857 2588 haec
1882 2554 2020 2587 historia
2046 2552 2138 2588 sucta
2165 2560 2230 2588 ett-

1250 2598 1331 2630 Nam
1356 2609 1396 2630 ex
1421 2598 1571 2632 Galilaea
1595 2605 1711 2641 postea
1723 2599 1875 2631 ascendit
1888 2595 2164 2640 Hierosolymam,
2185 2597 2231 2634 nd

1250 2640 1328 2673 illud
1357 2642 1495 2683 primum
1524 2641 1671 2684 paseha,
1712 2643 1745 2674 iu
1774 2652 1840 2684 quo
1875 2640 2002 2683 expulit
2034 2651 2076 2673 ex
2105 2636 2230 2682 templo
