2324 2958
127 228 190 262 961
812 224 1029 259 POSTILLA
1050 223 1448 257 ΜΕΙιΑΝΤΗΟΝῙΑΝΑ.
2063 227 2128 259 962

127 323 209 361 suis,
229 321 263 354 id
286 327 351 360 est,
373 320 547 359 aludaets,
568 330 634 353 non
657 320 699 351 ab
711 319 883 356 Ethnicis3
905 319 981 361 quia
1003 317 1101 360 paulo
1154 317 1214 349 sed
1237 316 1396 349 habemus
1420 319 1589 350 custodem
1611 318 1712 351 filium
1736 319 1811 358 Dei,
1837 318 1928 351 illum
1972 326 2127 359 asturem,

127 371 203 407 post
236 365 346 406 coepit
381 373 442 395 eos
470 364 566 395 etiam
601 363 753 404 persequi
787 362 1003 404 Magistratus
1035 361 1102 393 Ro·
1154 361 1294 402 quinos
1315 366 1427 402 portat
1449 362 1481 392 in
1504 363 1628 403 gremio
1652 373 1725 394 suo.
1781 363 1817 395 Si
1839 363 1928 394 venit
1965 373 2047 404 upus
2069 361 2126 394 ali·

126 417 253 440 manus.
315 405 466 438 Herodes
500 405 664 437 interfecit
699 405 863 436 lacobum.
925 405 1000 436 Fuit
1029 410 1102 436 orta
1155 403 1247 445 quis,
1279 409 1313 434 et
1347 403 1430 444 rapit
1462 414 1560 435 unum
1591 415 1711 447 agnum
1746 415 1787 436 ex
1810 415 1929 448 grege,
1962 404 2126 437 Dominus

126 449 314 492 persecutio
347 459 368 480 a
401 448 527 480 ludaeis
561 455 594 480 et
628 447 788 479 Etlmicis.
850 447 945 479 Sicut
984 446 1102 479 Petrus
1154 453 1263 478 tamen
1286 446 1451 477 custodiet
1474 452 1603 478 coetam
1627 448 1824 479 universum.

126 493 245 534 inquit:
268 493 362 528 Ecce,
379 493 442 523 duo
461 492 565 531 ylode'i
583 493 651 528 Ιιίι·;
684 491 716 521 id
739 496 809 529 est,
838 489 999 522 Etlmicus
1032 488 1103 532 gla—

126 536 213 573 dius,
237 540 270 566 et
292 534 454 566 ludaicus.
519 534 611 565 Sicut
649 543 737 564 nunc
775 543 932 564 vexamur
972 533 1102 564 duobus

129 576 267 621 gladiis,
300 576 475 608 Pontificio
509 582 541 608 et
565 575 797 614 Caesareano,
830 576 861 606 id
895 574 958 614 est,
992 574 1102 617 gladio
1440 581 1650 617 Quartus
1684 582 1846 614 Locus,

127 620 301 663 potestatis
313 618 583 656 Ecclesiasticae‚
607 619 661 660 qui
684 619 734 649 sic
752 619 955 654 nominatum
978 625 1009 649 et
1033 617 1103 660 gla-

127 664 181 695 dio
202 663 378 704 potestatis
400 661 564 703 politicae.
619 660 770 692 Christus
801 661 890 692 dicit:
926 662 1014 693 Satis
1036 664 1104 692 est:
1240 659 1420 691 Pontifices
1437 658 1675 700 prohibuerunt
1688 657 1872 699 Apostolis,
1896 669 1938 690 ne
1961 659 2127 691 docerent.

128 748 292 780 accersite
316 748 410 779 vobis
433 746 545 788 plures
569 745 712 789 gladios.
1154 747 1291 784 obedire,
1313 755 1405 785 quam
1433 746 1618 776 hominibus.
1673 744 1766 775 Haec
1798 750 1850 775 est
1882 743 2000 786 regula
2033 744 2128 777 valde

212 791 351 832 Semper
372 796 466 821 erunt
489 790 758 831 persecutionesz
791 790 875 820 inter
906 787 969 820 has
996 794 1104 820 tamen
1155 786 1388 819 memorabilis.
1433 787 1707 829 Quandocumque
1730 795 1930 818 concurrunt
1953 795 2130 829 praecepta

1156 832 1265 862 divina
1287 837 1319 862 et
1342 829 1483 862 humana
1506 836 1539 861 et
1561 829 1737 862 humanum
1759 835 1883 872 pugnat
1912 840 1985 861 cum
2008 830 2130 868 divino,

1156 880 1286 915 oportet
1308 871 1476 915 negligere
1504 872 1647 904 humana
1680 878 1868 914 praecepta.
1923 871 2044 904 Nullus
2073 883 2129 904 an-

1155 915 1262 958 gelus,
1286 915 1395 947 nullus
1419 915 1529 954 homo,
1552 913 1643 947 nulla
1664 921 1828 957 potestaS,
1851 914 2018 956 Episcopi,
2046 915 2128 947 Pon-

1156 958 1236 990 tifex
1267 958 1390 990 habent
1422 959 1650 990 auctoritatem
1687 958 1849 989 condendi
1888 956 1981 999 leges
2014 964 2129 989 contra

1155 1002 1280 1043 Legem
1303 1002 1462 1033 divinam:
1485 1007 1528 1039 et,
1551 1002 1581 1032 si
1604 1002 1762 1039 condunt,
1786 999 1865 1032 nihil
1885 1001 2006 1032 valent.
2040 1000 2130 1032 Haec

1156 1045 1309 1076 doctriua
1346 1050 1396 1076 est
1430 1043 1612 1076 manifesta.
1677 1043 1862 1085 Obligatio,
1897 1054 1961 1085 qua
1993 1042 2128 1085 obligati

1156 1097 1268 1118 sumus
1307 1086 1511 1125 hominibus,
1550 1087 1637 1118 cedit
1670 1087 1882 1129 obligationi,
1916 1096 1980 1128 qua
2017 1096 2129 1118 sumus

1156 1129 1293 1172 obligati
1314 1129 1398 1161 Deo.

126 833 222 866 Deus
255 839 367 864 servat
394 830 596 867 Ecclesiam3
631 839 665 863 ut
699 832 834 863 dicitur:
869 834 966 863 Nemo
998 834 1106 871 rapiet

126 887 199 909 oves
231 886 320 908 meas
351 886 396 907 ez·
421 877 570 907 manibus
603 879 692 907 mels.
749 874 844 905 ltem:
877 876 944 914 qu
973 876 1104 914 yeslabo

129 929 192 959 vos,
214 922 298 951 sicut
315 923 432 959 pastor
445 923 553 957 qest-tl
573 928 681 957 nanos.
735 917 875 952 Quando
899 927 980 948 oves
1004 917 1103 948 edunt

129 972 239 1004 agnos
262 962 293 992 in
329 970 456 1002 campo,
491 961 667 992 autetiam
701 961 733 991 in
756 961 830 997 viis,
865 966 1017 1001 pastores
1050 961 1105 990 im-

126 1010 257 1046 ponunt
281 1003 431 1044 primum,
455 1003 486 1034 iu
511 1004 681 1045 gremium,
709 1003 840 1044 quando
863 1003 1007 1034 nondum
1029 1012 1105 1043 pos-

127 1053 205 1079 sunt
226 1046 396 1083 incedere3
424 1056 541 1087 postea
564 1051 689 1088 ponunt
714 1047 746 1077 in
765 1044 882 1076 foeno:
917 1045 967 1077 sic
990 1044 1104 1076 Domi-

127 1099 190 1121 nus
213 1090 306 1120 dicit:
329 1090 396 1129 Eyo
418 1099 472 1121 ros
490 1090 628 1128 qestabo.
668 1086 781 1119 Talem
800 1086 1024 1119 defensionem
1048 1098 1103 1118 ex·

126 1138 297 1174 pectemus
330 1141 410 1163 vera
443 1131 526 1168 fide,
566 1131 738 1173 patientia,
779 1137 811 1161 et
841 1140 917 1171 spc;
957 1128 1103 1161 feramus

126 1173 251 1213 multa,
285 1175 387 1206 simus
419 1174 574 1209 modesti,
614 1179 827 1213 expectemus
868 1171 1103 1212 defensionem,

128 1227 194 1249 non
217 1226 408 1249 moveamus
430 1215 604 1253 tumultus,
637 1226 703 1246 non
738 1214 899 1246 iaciamus
933 1215 1103 1256 conspira-

127 1260 234 1292 tiones
256 1259 419 1290 adversus
453 1264 648 1299 potestates.
703 1257 777 1289 Non
797 1258 840 1289 ad
858 1267 920 1289 nos
942 1259 1104 1299 pertinent

126 1311 232 1334 arma:
265 1302 369 1332 simus
390 1301 518 1333 assidui
540 1302 572 1332 in
605 1301 816 1342 precatione,
849 1306 882 1332 et
910 1300 1013 1332 simus
1036 1311 1104 1331 mo-

127 1344 303 1377 destiores.

213 1384 364 1429 Angelus
393 1386 468 1417 Act.
494 1386 544 1417 16.
574 1386 679 1427 aperit
713 1395 899 1425 carcerem,
933 1391 965 1417 et
987 1394 1104 1417 rursus

128 1428 270 1467 claudit,
303 1439 345 1460 ne
367 1429 497 1469 possint
519 1439 596 1460 esse
619 1429 844 1469 suspiciones,
877 1439 937 1460 eos
959 1427 1104 1470 fregisse

127 1482 312 1506 carcerem;
349 1472 410 1503 sed
444 1477 477 1503 ut
510 1477 700 1513 appareret,
741 1481 800 1503 eos
834 1481 911 1502 esse
944 1470 1102 1502 liberatos

127 1515 293 1546 divinitus.
337 1513 458 1555 Angeli
480 1521 557 1545 sunt
579 1515 784 1545 substantiae
806 1514 933 1550 finitae3
962 1520 994 1545 et
1023 1523 1103 1544 una·

127 1556 295 1600 quaelibet
327 1558 512 1589 substantia
546 1557 637 1588 finita
678 1557 746 1597 agit
779 1556 947 1588 ordinate:
982 1555 1103 1598 Angeli
1155 1557 1282 1588 dientes
1304 1556 1376 1587 sine
1398 1554 1465 1587 ulla
1488 1556 1690 1587 dubitatione
1712 1556 1874 1596 accipiunt
1902 1555 2128 1587 remissionem

128 1610 194 1632 non
228 1606 370 1642 possunt
393 1609 468 1631 esse
491 1600 522 1630 in
547 1600 687 1630 diversis
712 1598 794 1630 locis
817 1599 914 1630 simul
937 1609 1003 1630 non
1027 1609 1104 1640 pos·
1154 1605 1378 1641 peccatorum,
1401 1605 1433 1629 et
1457 1599 1612 1640 Spiritum
1642 1604 1791 1630 sanctum
1815 1598 1895 1629 fide:
1931 1597 2007 1640 quia
2031 1598 2129 1630 Fides

127 1649 207 1675 sunt
233 1643 330 1673 etiam
365 1641 476 1673 facere
509 1643 541 1673 in
570 1642 766 1683 corporibus
786 1642 1024 1673 dimensionum
1047 1652 1103 1683 pe·
1129 1643 1131 1659 ¹
1155 1648 1206 1673 cst
1228 1641 1306 1673 illud
1340 1642 1446 1683 ipsum
1480 1641 1604 1672 initiu‘m
1637 1651 1744 1672 novae
1776 1647 1808 1672 et
1842 1647 1998 1672 aeternae
2030 1642 2128 1672 vitae.

127 1685 358 1716 netrationem:
391 1695 457 1716 non
487 1691 627 1726 possunt
657 1684 787 1722 facere,
815 1692 849 1716 ut
873 1685 938 1716 duo
963 1695 1103 1726 corpora
1128 1667 1132 1720 l
1155 1685 1214 1716 Est
1247 1683 1304 1716 iila
1338 1683 1536 1723 consolatio,
1570 1684 1610 1715 de
1647 1694 1711 1726 qua
1751 1684 1829 1715 dicit
1861 1690 1988 1715 textus:
2022 1686 2130 1716 Iustus

131 1726 326 1769 simpliciter
358 1728 424 1758 siut
456 1728 488 1758 in
525 1738 589 1759 uno
623 1727 712 1758 loco.
767 1728 834 1759 Sed
867 1727 932 1759 hoc
961 1733 1103 1769 possunt
1127 1721 1131 1778 ἰ
1153 1738 1214 1759 suo
1230 1729 1294 1767 fide
1323 1730 1412 1758 rit-el.
1468 1727 1508 1758 Et
1541 1728 1719 1758 observate
1752 1725 1816 1758 hoc
1851 1727 1969 1757 dictum
2003 1737 2129 1758 summa

128 1768 258 1808 facere,
289 1771 419 1812 aperire
442 1768 545 1808 fores,
569 1776 600 1801 et
622 1780 739 1801 rursus
763 1769 929 1802 claudere.
974 1770 1102 1801 Videtis
1155 1781 1227 1802 cum
1252 1768 1430 1811 diligentia.
1463 1769 1529 1801 Dat
1549 1769 1703 1811 Spiritum
1727 1775 1877 1801 sanctum
1901 1769 2129 1801 obedientibus

127 1812 199 1851 hic,
222 1813 310 1855 quod
333 1811 441 1855 angeli
465 1814 611 1844 serviant
632 1812 823 1850 Ecclesiae,
846 1814 911 1844 sint
934 1813 1103 1851 custodes,
1127 1786 1131 1851 l
1154 1814 1232 1854 ipsi:
1257 1813 1408 1854 congruit
1433 1823 1505 1844 cum
1529 1811 1601 1843 illo:
1639 1813 1763 1850 Quanto
1794 1815 1896 1852 ”mais
1919 1814 2006 1844 :tabu
2027 1813 2129 1853 Spiri-

128 1856 196 1887 sint
216 1856 368 1894 πνεύματα
391 1856 586 1897 inreverenti.
622 1858 782 1896 λειτουργοὶ
804 1862 910 1894 erant,
933 1856 985 1898 qui
1008 1866 1103 1887 cura·
1153 1861 1218 1888 tum
1239 1861 1385 1888 sanctum
1403 1857 1593 1896 petentibus.

131 1899 212 1931 bant
245 1899 333 1930 bona
366 1897 499 1939 publica
521 1909 540 1930 a
563 1902 667 1936 λεῖπον,
692 1900 828 1939 praeda.
875 1898 938 1936 λιιή
961 1904 1013 1930 est
1028 1908 1103 1939 pre·

127 1943 222 1974 catio.
267 1941 360 1977 Quae
390 1951 456 1972 vox
486 1940 583 1983 plane
618 1947 669 1972 est
698 1942 829 1972 diversa
852 1942 893 1973 ab
912 1941 969 1973 illa
992 1941 1102 1982 priori.

1444 1266 1648 1301 Quintus
1682 1264 1844 1296 Locus.

1242 1341 1293 1373 De
1316 1343 1420 1374 dicto:
1453 1344 1519 1374 Dat
1549 1343 1704 1382 Spiritum
1736 1347 1881 1374 sonclum
1913 1343 2130 1374 obedientibus

1156 1389 1236 1426 ipsi.-
1258 1385 1324 1416 dixi
1348 1391 1444 1416 antea
1467 1384 1713 1427 intelligendum
1726 1395 1803 1416 esse
1825 1385 2005 1416 secundum
2023 1384 2130 1416 Evan-

1156 1427 1288 1470 gelium,
1307 1438 1374 1459 non
1398 1426 1563 1469 legaliter:
1599 1428 1674 1469 quia
1704 1427 1785 1469 Legi
1814 1437 1910 1458 nemo
1933 1427 2015 1458 satis
2038 1426 2128 1459 facit.

1155 1471 1225 1502 Lex
1249 1480 1380 1512 semper
1401 1477 1552 1508 accusat,
1575 1480 1706 1511 semper
1729 1471 1934 1501 condemnat.
1974 1468 2030 1501 Isti
2052 1477 2130 1501 sunt

127 703 173 738 illi
197 706 262 737 duo
286 703 386 747 gladii
421 706 506 736 bene
533 710 674 745 possunt
703 714 766 735 vos
793 704 1003 740 cxcruciare3
1036 713 1103 735 uon
1125 711 1132 1128 ³
1155 701 1205 734 llli
1237 703 1437 742 respondent
1472 702 1631 733 breviter:
1677 702 1807 742 Oportet
1838 711 1897 733 noa¹
1929 703 1997 733 Deo
2028 706 2129 742 magis

1128 1504 1362 1618 §obedientes
1397 1513 1450 1554 qui
1485 1513 1620 1545 audiunt
1654 1511 1883 1554 Evaugelium:
1917 1520 1947 1544 et
1982 1511 2028 1543 illi
2052 1513 2129 1544 obe·

214 1983 334 2025 Angeli
357 1985 548 2016 custodiunt
569 1985 665 2015 vobis
687 1984 770 2016 istos
794 1985 948 2025 parietes,
972 1985 1102 2021 videtis,
1459 1992 1483 2024 S
1496 2002 1515 2023 e
1525 2003 1546 2023 x
1559 1998 1570 2023 ς
1583 2003 1603 2024 u
1617 2002 1634 2022 s
1667 1992 1693 2023 L
1705 2002 1725 2023 0
1739 2002 1757 2023 ο
1769 2003 1790 2024 u
1804 2002 1831 2023 ς,

128 2025 238 2069 qualia
260 2027 326 2058 sint
348 2027 509 2058 incendia.
555 2026 776 2069 Schweidnitz
798 2034 875 2058 ante
896 2038 1014 2058 annum
1037 2037 1104 2058 ma-

128 2068 247 2102 nifeste
269 2070 515 2101 accendebatur
548 2070 590 2100 de
620 2068 732 2102 coelo:
763 2077 838 2101 sunt
860 2080 1000 2111 poenae,
1035 2070 1105 2111 qui·
1241 2069 1432 2101 Postremus
1465 2068 1560 2101 locus
1584 2076 1636 2100 est
1658 2070 1700 2101 de
1723 2069 1899 2106 seditiosis,
1933 2069 1974 2100 de
1997 2078 2128 2100 curren·

128 2113 191 2144 bus
224 2112 318 2143 Deus
352 2113 444 2154 punit
481 2113 642 2143 homines.
708 2112 847 2147 Quando
888 2113 1104 2150 custodimur,
1156 2113 1245 2143 tibus
1269 2118 1362 2144 extra
1384 2113 1602 2144 vocationem.
1648 2111 1790 2153 Magnae
1813 2118 1890 2143 sunt
1917 2112 2001 2142 int1r
2024 2110 2126 2142 homi-

128 2155 334 2186 custodimur
368 2155 522 2186 divinitus
555 2165 615 2196 per
643 2153 801 2196 angelos,
834 2156 919 2187 sicut
942 2162 1038 2186 autea
1062 2155 1105 2187 ci·
1156 2165 1216 2186 nes
1251 2155 1453 2187 differentiae
1486 2150 1703 2186 voluntatum.
1759 2153 1869 2196 Aliqui
1902 2161 1976 2185 sunt
2015 2159 2128 2194 aperte

128 2198 195 2230 tavi
218 2208 258 2230 ex
281 2197 458 2229 Zacharia:
491 2200 562 2230 Non
584 2201 617 2229 in
639 2201 794 2236 exercitu,
826 2208 890 2230 non
919 2202 952 2230 in
982 2199 1105 2237 robore,
1158 2198 1317 2236 seditiosi,
1341 2198 1395 2240 qui
1419 2195 1526 2239 palam
1545 2198 1673 2238 rapiunt
1696 2197 1748 2228 vel
1774 2197 1906 2237 capiunt
1935 2206 2026 2228 arma
2050 2206 2127 2227 con-

129 2247 193 2272 etc.
245 2239 425 2281 Proponite
458 2241 553 2271 robis
587 2241 684 2271 istum
717 2239 896 2272 historiam.
950 2240 1030 2272 Erat
1063 2241 1106 2272 ibi
1157 2247 1207 2272 tra
1224 2246 1433 2282 potestatem,
1456 2247 1487 2272 et
1506 2246 1640 2272 movent
1656 2238 1826 2277 tumultus,
1850 2240 1944 2270 etiam
1967 2240 1998 2269 in
2017 2248 2128 2276 causa,

129 2282 300 2315 multitudo
322 2293 516 2325 puerorum,
538 2293 783 2324 puerperarum,
805 2283 975 2315 infantium
997 2284 1107 2315 miser·
1157 2294 1254 2325 quam
1282 2284 1345 2326 ipsi
1379 2284 1488 2316 sciunt
1521 2293 1597 2314 esse
1629 2283 1798 2313 iniustam:
1834 2289 1880 2319 ut,
1904 2280 2042 2313 Catilina
2066 2281 2128 2312 scit

128 2326 232 2358 rimus
254 2336 353 2368 grex:
386 2327 513 2368 aegroti
532 2325 624 2357 multi
658 2336 724 2357 non
751 2325 918 2358 habebant
941 2325 1106 2358 defensio·
1156 2336 1194 2357 se
1216 2333 1385 2358 oneratum
1407 2337 1485 2358 aere
1507 2325 1625 2363 alieno,
1657 2335 1720 2356 non
1755 2334 1856 2365 posse
1878 2331 1968 2355 stare
1992 2324 2023 2354 in
2047 2323 2127 2354 iudi-

129 2379 217 2407 uem,
248 2369 365 2400 hostes
388 2370 419 2400 in
444 2378 503 2400 eos
537 2368 705 2400 faciebant
738 2369 970 2401 incursionem.
1016 2368 1104 2404 Quo·
1157 2370 1218 2404 cio,
1243 2368 1363 2401 mavult
1386 2370 1470 2401 sicut
1491 2367 1654 2410 gladiator
1676 2368 1777 2398 sortis
1794 2377 1926 2398 movere
1943 2364 2127 2403 tumultum,

129 2413 228 2443 modo
262 2410 549 2443 defendebantur?
616 2414 704 2443 Deus
737 2416 807 2443 crae
837 2422 949 2443 murus
984 2415 1103 2452 igneus.
1156 2418 1187 2443 et
1209 2411 1340 2444 fortiter
1361 2413 1481 2443 cadere
1514 2421 1610 2452 quam
1634 2410 1859 2447 condemnari,
1892 2410 1977 2440 sicut
2009 2415 2126 2450 postea

131 2453 188 2486 Sic
209 2455 297 2495 apud
319 2455 457 2485 eundem
482 2453 677 2495 l’rophetam
700 2455 835 2486 dicitur:
871 2456 931 2492 Qui
957 2465 1012 2486 vos
1033 2459 1103 2486 tun·
1155 2454 1234 2486 Milo
1257 2455 1494 2487 condemnatus
1519 2459 1580 2483 est.
1635 2451 1762 2484 Mavult
1791 2462 1923 2483 movere
1947 2451 2127 2489 tumultum,

126 2500 185 2536 ait,
207 2501 311 2536 tonffl'e
326 2498 482 2538 pupillam
504 2498 586 2528 oculi
607 2501 675 2529 mei.
720 2497 777 2529 Sic
799 2497 918 2539 petite,
946 2504 980 2529 ut
1009 2497 1103 2529 Deus
1155 2499 1250 2539 quia,
1281 2498 1406 2529 etiamsi
1436 2503 1524 2528 esset
1549 2497 1695 2537 quietus,
1728 2501 1834 2526 tamen
1858 2495 2032 2526 eiiceretur
2055 2503 2127 2534 pro-

130 2549 205 2578 νος,
227 2546 360 2571 vestros·
382 2540 515 2577 fratres,
540 2546 705 2581 parentes,
730 2546 893 2582 cognatos
915 2547 1103 2572 conservet.
1154 2546 1226 2582 pter
1243 2550 1301 2572 acs
1324 2538 1475 2571 alienum.
1520 2537 1618 2569 Tales
1641 2545 1716 2568 sunt
1739 2537 1839 2569 multi.

130 2580 196 2613 Ista
219 2589 271 2613 est
293 2582 389 2614 uuica
410 2581 610 2614 consolatio:
633 2593 696 2614 nos
718 2593 784 2614 non
807 2583 966 2615 habemns
990 2582 1103 2615 defen·
1241 2583 1362 2614 Postea
1391 2580 1446 2613 alii
1479 2588 1555 2612 sunt
1589 2580 1737 2612 homines
1771 2579 1894 2618 zelosi,
1930 2579 1983 2621 qui
2007 2578 2127 2609 habent

129 2625 256 2656 sionem
288 2625 478 2656 humanam:
523 2635 584 2656 nos
630 2627 714 2657 bene
753 2626 878 2658 scimus
915 2624 1102 2657 voluntates
1155 2626 1298 2667 speciem
1333 2626 1440 2656 bonae
1474 2633 1612 2661 causae3
1651 2623 1763 2655 dicunt
1803 2632 1842 2653 se
1881 2632 2028 2664 pugnare
2065 2631 2126 2662 pro

129 2666 307 2700 hominum.
359 2668 429 2699 Wz‘r
448 2669 566 2700 wsssen
588 2670 682 2708 wohl,
716 2669 776 2701 wie
793 2672 881 2709 feet-³
902 2672 963 2701 wir
983 2670 1104 2701 silzen:
1153 2667 1317 2706 libertate,
1339 2677 1400 2709 pro
1418 2665 1587 2709 religione,
1611 2676 1672 2708 pro
1694 2666 1810 2709 patria,
1835 2666 1919 2696 sieut
1943 2674 2028 2695 anno
2052 2673 2126 2704 pro-

336 2735 481 2755 num-ra.
497 2736 577 2755 ortu
592 2735 655 2755 vot„
665 2736 743 2755 xxw.
1890 2725 1919 2748 ⁶¹
