2324 2958
99 163 142 195 65

189 257 264 289 Hoc
295 256 393 287 modo
420 257 560 287 loannes
578 260 669 285 recte
692 253 878 285 nominatur
900 251 1076 293 Propheta.

102 301 178 333 Fuit
199 301 399 332 instaurator
421 297 604 335 doctrinae,
626 303 659 328 et
681 305 868 337 quanquam
881 296 1079 326 monstravit

103 348 312 386 praesentem
333 340 513 378 Christum,
537 346 645 371 tamen
668 339 748 370 dixit
769 338 930 376 futurum,
959 344 993 368 ut
1021 348 1078 378 pa·

105 385 346 423 teretur,'item
366 382 439 414 fore
462 388 498 414 ut
520 382 686 413 deleretur
708 380 764 412 illa
785 379 910 422 politia,
932 387 964 411 et
987 387 1078 421 post-

106 439 146 461 ea
174 427 387 470 colligeretur
416 424 570 456 Ecclesia
593 434 682 456 novo
701 424 810 455 modo.
869 423 905 453 ln
928 422 1078 454 doctrina

104 471 308 514 praedicavit
331 477 445 501 omnes
468 466 626 499 articulos
650 467 742 505 fidei,
776 467 862 497 sicut
895 466 1000 496 nostri
1023 476 1078 507 pa-

105 520 228 552 stores,
250 513 305 554 qui
328 517 418 543 recte
429 511 562 548 docent,
584 510 720 541 eosdem
738 507 897 540 articulos
916 507 992 539 fidei
1015 514 1079 539 tra-

105 557 202 594 dunt,
234 555 296 586 nisi
318 554 406 596 quod
429 553 673 584 circumstantia
696 552 852 594 temporis
875 556 999 582 mutata
1017 556 1079 582 est.

104 598 246 631 loannes
277 598 357 628 dixit
391 597 431 628 de
459 595 593 627 Christo
615 596 761 626 nondum
784 603 897 636 passo.
965 593 1080 625 Nostri

103 647 257 682 pastores
277 640 388 672 dicunt
412 639 453 670 de
475 647 577 680 passo
601 644 633 670 et
655 638 869 669 resuscitato.
892 635 991 668 Aliud
1016 637 1080 667 dis-

106 684 247 721 crimen,
282 683 370 724 quod
393 682 436 713 ad
455 681 638 712 doctrinam
661 681 788 718 attinet,
810 678 936 711 nullum
958 686 1019 711 est.
1038 679 1080 710 Et

107 725 198 758 hunc
221 724 395 757 articulum
409 725 449 756 de
469 723 604 755 Christo
616 733 719 764 passo
743 729 775 754 et
798 722 998 754 resuscitato
1022 723 1080 753 do-

105 774 242 800 cuerunt
271 768 366 799 etiam
395 765 569 807 Apostoli,
603 767 658 808 qui
676 766 769 807 primi
791 764 922 797 suerunt
944 775 1080 806 praeco-

100 821 162 844 nes
183 810 280 842 huius
299 808 428 841 articuli
450 810 535 840 inter
553 809 694 841 ludaeos
713 815 745 840 et
768 814 896 850 gentes.

187 853 271 889 Quid
294 852 447 885 differunt
469 858 579 883 autem
602 850 789 894 Apostolus
814 857 847 882 et
868 850 1079 892 Episcopus?

101 897 319 938 Respondeo:
349 893 533 937 Apostolus
568 901 621 926 est
653 904 798 935 persona
826 899 946 925 vocata
969 894 1079 924 imme-

100 940 187 972 diate
208 949 229 971 a
251 938 312 970 Chi
321 939 385 969 isto
408 939 451 969 ad
472 938 728 979 praedicandum
750 935 967 979 Evangelium
986 934 1079 967 Chri-

99 983 154 1020 sti,
175 992 244 1013 nou
265 987 373 1013 autem
396 981 438 1011 ad
462 981 734 1022 gubernationem
747 978 926 1021 politicam,
949 979 1077 1009 habens

100 1025 254 1056 mandata
288 1024 410 1065 ubique
443 1023 600 1061 docendi,
634 1032 830 1064 quocunque
848 1021 1000 1054 locorum
1023 1031 1078 1052 ve-

99 1069 180 1106 niat,
199 1068 276 1099 item
294 1066 423 1098 habens
446 1065 633 1097 testimonia
656 1065 743 1106 quod
766 1075 832 1096 non
864 1070 962 1096 erret.
1002 1063 1078 1106 Epi-

101 1119 227 1152 scopus
257 1115 309 1140 est
337 1118 482 1151 persona
511 1109 650 1139 mediate
672 1113 793 1139 vocata
816 1108 858 1138 ad
881 1107 1078 1144 docendum,

101 1162 186 1195 quae
220 1153 319 1183 debet
351 1153 507 1192 accipere
541 1151 725 1182 doctrinam
758 1151 800 1181 ab
824 1149 1010 1191 Apostolis‚
1047 1155 1078 1180 et

101 1205 175 1226 eum
209 1195 349 1226 discedit
383 1194 425 1224 ab
449 1203 488 1224 ea
507 1193 675 1231 doctrina,
710 1199 814 1231 errat,
849 1200 879 1224 et
909 1191 1078 1234 obligatur

101 1242 212 1269 certae
223 1236 410 1274 Ecclesiae,
432 1236 475 1267 ad
498 1246 594 1278 quam
618 1237 829 1267 vocationem
851 1245 945 1266 suam
968 1236 1078 1266 habet.
1102 1219 1106 1264 1

185 1278 309 1311 Paulus
336 1288 502 1320 nunquam
524 1279 683 1320 appetivit
712 1277 813 1310 ullam
840 1284 968 1320 partem
992 1277 1079 1309 Poli-

100 1323 175 1355 tiae.
242 1321 468 1353 concionatur
490 1320 615 1352 Romae
639 1322 736 1352 etiam
759 1322 792 1352 in
822 1330 976 1361 carcere,
1012 1331 1079 1352 non

99 1364 218 1397 liberat
239 1374 278 1396 se
300 1365 388 1402 inde,
419 1374 487 1396 non
510 1363 643 1404 expellit
666 1364 842 1402 Neronem,
876 1374 940 1395 nec
962 1364 1080 1395 evertit

101 1407 287 1439 Romanum
309 1407 489 1447 Imperium.
535 1406 592 1438 Sic
616 1408 737 1438 caeteri
758 1405 915 1448 Apostoli
938 1417 1006 1438 non
1029 1417 1079 1437 ra-

101 1456 245 1492 puerunt
263 1448 428 1490 politicam
452 1449 736 1490 gubernationem,
758 1447 860 1480 multo
879 1449 987 1481 minus
1003 1449 1079 1490 Epi-

104 1492 199 1533 scopi
222 1498 254 1523 et
276 1498 431 1533 pastores
454 1492 564 1523 vocati
588 1497 665 1522 sunt
687 1491 730 1522 ad
753 1491 900 1532 Imperia.

189 1534 370 1575 Postquam
391 1539 500 1565 autem
518 1532 658 1565 loannes
680 1535 814 1576 negavit
836 1544 874 1565 se
897 1542 973 1565 esse
986 1532 1080 1565 Chri-

102 1582 207 1615 stum,
235 1575 358 1615 Eliam,
391 1575 604 1617 Prophetam,
632 1575 760 1608 scilicet
793 1575 924 1618 qualem
956 1575 1001 1608 illi
1026 1587 1080 1608 cu-

100 1620 236 1661 piebant
271 1619 432 1659 (intuetur
462 1618 547 1650 enim
581 1628 695 1650 eorum
729 1618 916 1651 voluntates
948 1625 980 1650 et
1001 1621 1080 1651 affe-

103 1668 195 1701 ctus,
229 1662 284 1703 qui
306 1671 374 1693 noi.
397 1661 588 1703 cogitabant
611 1661 653 1692 de
676 1662 845 1700 doctrina,
880 1672 946 1693 non
971 1662 1011 1693 de
1033 1663 1080 1693 in-

103 1705 309 1736 stam-atione
331 1706 402 1736 veri
425 1703 554 1742 cultus,
588 1704 650 1735 sed
672 1705 726 1745 qui
745 1711 888 1735 mutaret
918 1705 1079 1746 regimen)

103 1754 170 1780 tum
193 1745 336 1789 pergunt
358 1745 402 1779 illi
426 1756 606 1789 quaerere:
641 1748 724 1784 Qum
755 1757 830 1787 erqo
862 1749 945 1779 dicis
977 1748 1018 1778 de
1050 1752 1081 1779 te

103 1793 198 1831 ipso?
236 1790 417 1831 respondet
454 1789 595 1821 Ioannes
633 1788 781 1831 allegato
820 1790 907 1821 dicto
946 1789 1079 1821 Esaiae:

103 1835 170 1874 qu
193 1843 264 1865 snm
286 1842 346 1864 roz
366 1835 534 1864 clamantis
556 1836 589 1864 in
612 1833 759 1864 deserto:
772 1837 890 1873 parate
912 1836 996 1865 tefam
1018 1835 1081 1865 Do-

103 1879 197 1908 mino.
242 1874 332 1907 Dicit
366 1885 404 1907 se
436 1884 512 1906 esse
535 1875 719 1907 ministrum
752 1874 936 1918 Evangelii,
966 1876 1079 1907 docto-

104 1929 173 1950 rem
184 1919 263 1949 novi
275 1917 475 1949 Testamenti
498 1923 531 1949 et
552 1923 669 1949 testem
693 1918 781 1959 quod
803 1919 867 1950 iam
889 1919 976 1950 adsit
992 1919 1079 1949 Mes-

106 1961 185 1992 sias.
209 1960 335 2001 Estque
357 1961 390 1991 in
413 1961 523 1991 verbis
545 1960 628 1992 illis:
651 1960 725 2003 Ego
749 1971 822 1992 sum
845 1972 912 1993 vox
936 1959 1079 1992 claman-

106 2004 169 2034 tis:
193 2003 394 2045 praedicatio
418 2003 560 2044 figurata
583 2013 642 2044 per
663 2003 879 2044 Metalepsin,
913 2005 1008 2046 quasi
1032 2005 1077 2035 di-

100 2052 165 2083 cat,
189 2055 252 2087 ego
272 2055 344 2077 sum
361 2055 507 2087 persona
529 2055 653 2077 sonans
676 2046 905 2088 Evangelium.
938 2047 1005 2078 Sed
1028 2047 1078 2078 lo-

100 2088 209 2130 quitur
227 2089 276 2119 sic
300 2094 436 2129 propter
453 2087 643 2129 Emphasin,
666 2095 701 2121 ut
719 2088 922 2131 intelligatur
932 2090 1077 2121 ministe-

99 2132 183 2162 rium
204 2141 282 2162 esse
305 2131 495 2162 distinctum
517 2141 538 2162 a
561 2141 715 2172 persona,
748 2132 814 2164 hoc
836 2138 900 2170 est,
933 2139 967 2163 ut
990 2133 1077 2165 scia÷

98 2183 173 2205 mus
195 2183 262 2205 non
286 2182 362 2204 esse
379 2173 551 2205 miscenda
572 2175 750 2206 ministerio
779 2173 989 2216 personalia,
1023 2185 1076 2207 sa-

99 2216 254 2258 pientiam
276 2222 435 2254 nostram,
457 2217 648 2257 potentiam,
669 2217 808 2249 affectus
832 2224 978 2249 nostros.

186 2258 336 2289 Minister
358 2257 532 2300 Evangelii
554 2269 620 2290 non
633 2260 730 2292 debet
746 2261 870 2292 addere
892 2259 1012 2302 aliquid
1036 2261 1077 2292 de

100 2311 176 2340 suo,
199 2301 259 2332 sed
283 2302 382 2333 debet
405 2310 483 2332 esse
506 2310 582 2339 vox,
607 2302 639 2332 id
661 2309 723 2341 est,
745 2313 869 2335 sonare
892 2304 1077 2335 doctrinam

101 2343 275 2386 Evangelii
304 2353 419 2386 puram
453 2350 485 2375 et
519 2344 759 2386 incorruptam:
794 2346 894 2384 ltem,
928 2347 1077 2377 minister

98 2385 272 2428 Evangelii
308 2387 406 2418 debet
439 2396 516 2418 esse
552 2385 681 2419 Doctor
703 2393 838 2426 tantum,
868 2399 935 2420 non
959 2399 1077 2430 rapere

99 2428 318 2470 Principatus,
349 2439 416 2460 non
450 2429 550 2460 armis
584 2428 786 2468 tumultuari,
820 2441 886 2462 non
915 2441 1077 2473 quaerere

100 2472 268 2512 praesidia
289 2471 443 2504 humana.
501 2472 573 2503 Hoc
597 2482 662 2503 non
684 2472 763 2504 tecit
781 2473 889 2514 Papa,
923 2475 978 2516 qui
1003 2485 1077 2506 cum

101 2514 238 2546 deberet
255 2524 331 2546 esse
342 2520 457 2556 pastor
469 2513 653 2553 Ecclesiae,
665 2516 800 2556 arripuit
811 2517 874 2548 sibi
896 2517 947 2548 ius
970 2522 1076 2548 trans-

100 2556 227 2589 ferendi
249 2558 397 2599 Imperia,
417 2563 448 2588 et
461 2562 657 2598 potestatem
669 2559 837 2600 utriusque
849 2558 958 2602 gladii.
981 2558 1077 2592 Multi

102 2600 199 2631 etiam
223 2609 263 2632 ex
286 2599 360 2632 aliis
381 2601 537 2632 ministris
560 2601 593 2631 in
616 2601 681 2632 hac
704 2610 742 2632 re
762 2608 915 2642 peccant,
949 2603 1003 2644 qui
1026 2603 1077 2634 sie

259 2668 404 2688 numum.
412 2668 493 2687 omns
506 2667 568 2688 VOL.
579 2668 661 2687 xnv.

785 158 1002 191 POSTILLA
1023 155 1422 190 MELANTHONIANA.

2051 155 2094 187 66

1130 251 1294 293 cogitant:
1330 248 1403 291 Ego
1427 259 1500 280 sum
1523 250 1555 280 in
1578 249 1771 280 ministerio.
1838 247 1929 290 Ergo
1953 247 2031 280 mihi
2056 254 2106 280 est

1130 293 1433 335 obtemperandum.
1489 290 1550 323 Est
1572 292 1702 333 quidem
1726 291 1939 323 ministerium
1963 289 2108 323 afficien-

1131 338 1206 368 dum
1228 337 1367 373 honore,
1389 334 1528 366 sednon
1543 341 1594 366 est
1608 340 1814 375 praetextam
1826 334 1996 365 ministerii
2010 345 2109 375 quae·

1130 380 1280 418 rendum,
1314 379 1402 420 quod
1425 387 1491 408 non
1514 383 1566 408 est
1587 377 1768 414 ministerii,
1803 387 1909 418 neque
1932 383 1982 408 est
2006 376 2110 408 indul-

1132 423 1274 465 gendum
1297 421 1478 453 affectibus.
1505 420 1688 460 Praecipue
1711 429 1790 452 vero
1814 421 1846 451 in
1871 420 2021 451 doctrina
2043 431 2109 451 non

1131 472 1182 498 est
1205 464 1429 507 affingendum
1453 462 1589 504 aliquid,
1612 468 1667 493 aut
1690 463 1892 493 assuendum
1916 462 1957 493 de
1980 469 2109 494 nostro.

1131 509 1282 540 Sciamus
1293 517 1356 539 nos
1369 515 1446 537 esse
1458 505 1602 548 legatOS,
1626 504 1786 536 habentes
1805 505 1995 536 mandatum
2017 515 2112 547 prae-

1133 552 1265 592 scriptis
1287 550 1410 582 verbis.

1219 591 1448 626 iurisconsulti
1481 591 1594 623 dicunt
1628 588 1760 631 legatos
1801 590 1882 620 mitti
1922 590 2112 632 dupliciter:

1134 636 1223 668 Aliis
1248 636 1387 668 traditur
1403 635 1593 666 mandatum
1611 632 1825 673 praescriptis
1849 633 1970 670 verbis,
1994 635 2025 664 id
2049 640 2112 672 est,

1134 680 1192 713 δίη
1215 680 1339 722 gemiffct
1363 678 1460 717 befcbi.
1512 675 1578 707 Alii
1607 685 1688 706 vero
1707 676 1878 706 mittuntur
1902 685 1973 706 cum
1995 675 2113 715 libera,

1133 721 1261 754 scilicet
1284 727 1449 763 potestate
1472 717 1686 751 deliberandi.
1731 717 1810 748 Dux
1829 717 1995 760 Georgius
2018 721 2113 751 mise-

1131 771 1182 796 rat
1199 765 1383 796 Doetorem
1406 761 1655 799 Breittenbaeh,
1678 766 1711 791 et
1733 760 1871 791 dederat
1884 761 2114 794 eimandatum

1132 808 1349 849 praescriptis
1372 806 1494 838 verbis.
1526 803 1609 835 Cum
1632 803 1798 841 rediisset,
1820 803 2001 846 interrogat
2025 804 2114 844 Dux,

1132 852 1210 892 quid
1234 850 1418 881 effecisset:
1440 847 1622 888 respondet
1644 845 1716 884 ille,
1750 855 1788 876 se
1816 853 1953 887 propter
1976 847 2114 879 circum-

1132 894 1271 925 stantias
1294 893 1342 924 rei
1366 891 1588 932 perficiendae
1607 895 1757 920 coactum
1780 886 1886 919 fuisse
1899 887 2022 930 aliquid
2045 901 2113 921 mu-

1135 942 1205 968 tare
1241 936 1282 967 de
1310 935 1480 971 mandato,
1513 933 1574 964 sed
1597 938 1748 963 eventum
1772 932 1819 961 rei
1841 929 1947 962 fuisse
1970 931 2112 964 felicem.

1135 979 1212 1010 Dux
1236 978 1330 1010 sedet
1355 976 1599 1019 cogitabundus
1622 972 1881 1016 aliquantulum,
1917 982 2035 1015 postea
2069 977 2115 1007 in-

1133 1023 1219 1064 quit:
1255 1021 1331 1052 Non
1350 1030 1386 1052 es
1410 1026 1569 1051 executus
1594 1028 1702 1049 meum
1725 1017 1926 1055 mandatum,
1958 1024 1989 1049 et
2014 1028 2115 1059 quan-

1131 1075 1230 1106 quam
1253 1065 1340 1095 bene
1373 1073 1429 1094 res
1452 1062 1628 1099 successit,
1664 1066 1773 1091 tamen
1802 1058 1869 1090 noli
1893 1061 1977 1092 idem
2001 1059 2114 1093 faeere

1131 1108 1162 1139 in
1185 1113 1366 1149 posterum.

1217 1150 1404 1187 Fontanus,
1429 1148 1483 1189 qui
1516 1147 1575 1178 tuit
1609 1147 1748 1178 duorum
1780 1144 1906 1187 Regum
1942 1145 2115 1178 Cancella-

1131 1193 1213 1230 rius,
1236 1193 1363 1231 scribit,
1390 1192 1478 1233 quod
1502 1189 1712 1221 Friedericus
1736 1194 1832 1229 pater
1844 1187 2036 1231 plerumque
2058 1190 2115 1221 mi-

1131 1236 1211 1267 serit
1233 1234 1369 1276 legatos
1394 1244 1467 1266 curn
1485 1232 1608 1270 libera,
1644 1230 1840 1271 Alplionsus
1874 1231 1961 1263 filius
1986 1243 2117 1273 semper

1131 1278 1349 1319 praescriptis
1384 1277 1504 1308 verbis.
1574 1275 1615 1306 Et
1637 1273 1703 1305 hoc
1726 1274 1833 1314 magis
1856 1276 1975 1315 probat
1997 1275 2115 1306 Ponta-

1134 1331 1197 1353 nus
1223 1321 1304 1362 ipse.

1218 1364 1255 1394 ln
1284 1362 1421 1395 Duc-atu
1456 1361 1742 1401 Wirtenbergeusi
1772 1358 1906 1391 inerunt
1940 1359 2116 1403 aliquando

1132 1407 1225 1438 missi
1248 1413 1317 1438 tres
1340 1405 1462 1441 legati:
1493 1405 1622 1435 Primus
1653 1408 1725 1435 erat
1748 1412 1850 1443 eques
1874 1411 2030 1440 auratus,
2065 1405 2116 1436 eui

1132 1459 1253 1481 nomen
1277 1455 1349 1481 erat
1373 1442 1503 1489 Caspar
1527 1447 1646 1488 Spedt:
1673 1445 1768 1480 Alter
1793 1452 1864 1478 crat
1888 1447 2006 1478 doctor
2017 1447 2116 1478 luris:

1131 1492 1262 1524 Tertius
1286 1502 1389 1524 senex
1408 1491 1548 1532 quidam.
1593 1487 1652 1519 llle
1679 1487 1811 1529 Caspai·
1843 1499 1964 1531 eques,
1988 1496 2022 1521 ut
2046 1497 2118 1521 erat
2144 1500 2149 1506 ·

1132 1535 1337 1577 ingeniosus,
1373 1534 1562 1575 disputabat
1596 1531 1839 1564 discedendum
1874 1542 1950 1564 esse
1985 1543 2004 1564 a
2026 1543 2117 1564 man-

1133 1578 1222 1616 dato,
1246 1578 1335 1618 quod
1357 1576 1438 1617 ipsis
1461 1575 1641 1607 iniunctum
1664 1580 1754 1611 erat,
1787 1582 1927 1617 propter
1953 1576 2115 1617 quasdam

1133 1621 1399 1652 circumstantias
1430 1629 1542 1650 rerum
1567 1623 1596 1648 et
1620 1626 1853 1657 personarum,
1889 1629 1963 1650 cum
1996 1618 2116 1660 quibus

1132 1664 1298 1705 agendum
1319 1668 1401 1694 erat.
1457 1661 1586 1692 Doctor
1611 1662 1710 1692 etiam
1731 1671 1794 1704 pro
1813 1667 1844 1692 et
1867 1668 1983 1692 contra
2007 1661 2117 1702 dispu-

1133 1707 1234 1737 tabat.
1290 1705 1436 1736 Tandem
1460 1714 1563 1736 senex
1587 1702 1682 1741 dixit,
1715 1713 1753 1736 se
1777 1705 1925 1735 coo-itare
1947 1711 2015 1735 tres
2040 1714 2117 1735 esse

1132 1749 1257 1790 gradus
1283 1747 1547 1779 consiliariorum
1567 1745 1744 1787 Principis.
1813 1729 1969 1783 βιὴηωη,
2002 1747 2118 1788 inquit,

1132 1797 1208 1822 sunt
1229 1790 1329 1832 aliqui
1353 1790 1515 1831 sapientia
1539 1796 1570 1820 et
1594 1789 1793 1822 auctoritate
1827 1789 1990 1821 valentes.
2057 1789 2117 1821 Sa-

1133 1834 1269 1875 pientia,
1291 1840 1325 1865 ut
1349 1834 1493 1872 videant,
1512 1832 1591 1873 quid
1609 1831 1652 1863 sit
1675 1830 1928 1864 consulendum.
1984 1832 2117 1864 Antori-

1132 1883 1212 1915 tate,
1244 1882 1279 1907 ut
1314 1885 1479 1907 excusare
1513 1885 1582 1907 rem
1610 1875 1765 1917 possint:
1804 1873 1920 1911 Qualis
1945 1882 2023 1906 tune
2046 1880 2115 1906 erat

1132 1917 1354 1952 cancellarius
1377 1918 1580 1959 Lamparter.
1625 1918 1718 1950 Alter
1742 1918 1866 1960 gradus
1890 1924 1940 1949 est
1963 1916 2116 1949 consilia—

1129 1963 1264 2000 riorum,
1287 1962 1342 2003 qui
1364 1959 1475 1993 valent
1493 1962 1669 2002 sapientia,
1693 1962 1755 1993 sed
1779 1971 1845 1992 non
1869 1959 2036 1992 excellunt
2058 1971 2115 1992 au·

1131 2006 1273 2036 toritate.
1319 2004 1360 2035 Hi
1383 2010 1525 2046 possunt
1548 2003 1672 2042 videre,
1695 2005 1752 2036 ubi
1776 2005 1818 2035 sit
1846 2001 1968 2044 aliquid
1991 2009 2114 2034 mutan·

1129 2048 1217 2085 dum,
1240 2047 1300 2078 sed
1323 2057 1390 2078 non
1413 2047 1535 2078 audent
1555 2054 1695 2084 mutare,
1719 2057 1761 2078 ne
1784 2047 1952 2077 incurrant
1976 2046 2009 2076 in
2033 2047 2114 2077 iram

1128 2089 1301 2132 Principis.
1369 2090 1498 2121 Tertius
1523 2091 1649 2131 gradus
1674 2096 1726 2121 est
1752 2099 1875 2127 eorum,
1900 2089 1931 2119 in
1957 2099 2022 2130 quo
2047 2098 2111 2129 ego

1127 2139 1207 2175 puto
1231 2143 1284 2164 me
1302 2143 1433 2174 quoque
1457 2142 1545 2170 esse,
1575 2133 1629 2174 qui
1652 2142 1721 2163 non
1753 2131 1919 2163 excellunt
1939 2131 2114 2172 sapientia,

1127 2186 1190 2207 nec
1208 2177 1394 2207 autoritate.
1460 2175 1574 2217 ltaque
1597 2186 1662 2217 ego
1694 2175 1803 2206 iudico
1828 2175 1904 2205 milii
1927 2173 2114 2205 faciendum

1128 2228 1216 2256 esse,
1241 2219 1329 2260 quod
1352 2217 1505 2249 mandato
1531 2217 1697 2259 Principis
1720 2224 1771 2248 est
1795 2218 1982 2248 iniunctum.
2009 2216 2112 2248 Recte

1127 2261 1284 2293 iudicavit
1305 2260 1360 2292 hic
1382 2270 1496 2298 senex,
1521 2267 1553 2292 et
1576 2270 1638 2291 nos
1664 2261 1752 2291 idem
1776 2259 2060 2291 iaceredebernus
2079 2260 2110 2290 in

1127 2303 1292 2341 Ecclesia,
1317 2304 1371 2345 qui
1390 2303 1549 2334 habemus
1574 2304 1731 2335 mandata
1754 2303 1966 2343 praescriptis
1988 2303 2113 2334 verbis.

1127 2346 1219 2378 Haec
1241 2353 1372 2378 moueat
1395 2356 1457 2377 nos
1481 2344 1587 2377 forma
1612 2345 1667 2377 illa
1696 2345 1865 2382 orationis,
1888 2355 1954 2386 qua
1972 2344 2113 2376 loannes

1127 2390 1251 2431 inquit:
1285 2388 1359 2431 Ego
1393 2398 1465 2420 sum
1499 2399 1586 2420 vox:
1622 2389 1719 2430 quasi
1748 2397 1925 2418 removens
1948 2386 2005 2419 illa
2028 2397 2114 2429 quae

1130 2438 1206 2464 sunt
1229 2432 1380 2463 subiecti.
1433 2431 1468 2463 Si
1492 2432 1648 2463 dixisset:
1676 2430 1750 2471 Ego
1769 2440 1841 2461 sum
1864 2440 2000 2469 sonans,
2016 2440 2112 2471 prae·

1130 2475 1274 2506 dicatum
1296 2472 1414 2505 suisset
1437 2475 1616 2505 admixtum
1643 2474 1804 2504 subiecto.

1214 2516 1367 2559 Cogitate
1385 2523 1507 2554 autem,
1533 2517 1610 2557 quid
1635 2522 1685 2547 est
1711 2514 1875 2558 fragilius,
1910 2515 1988 2558 quid
2011 2516 2111 2547 imbe-

1129 2558 1238 2591 cillius
1272 2569 1366 2593 voce,
1398 2570 1495 2601 quam
1525 2560 1568 2590 sit
1603 2557 1776 2590 ridiculum
1810 2559 1897 2599 apud
1943 2559 2111 2600 sapientes

1128 2601 1225 2634 huius
1251 2603 1360 2634 mundi
1385 2603 1507 2639 dicere,
1531 2602 1621 2643 quod
1633 2600 1728 2633 Deus
1751 2602 1813 2633 sibi
1837 2600 1972 2642 colligat
1995 2599 2111 2632 Eccle-

1900 2663 1914 2686 ὀ
