2324 2958
0 2065 9 2360 ——-——⁴—2.;-e.

66 306 209 335 missum.
254 301 345 339 ltem,
369 302 492 333 Semini
502 299 657 331 Davidis:
678 301 764 339 Eryo
776 304 918 340 oportuit
937 304 1038 341 ipsum

66 355 243 386 resumere.
289 342 347 374 llle
370 342 512 374 Messias
536 351 635 373 verus
655 341 754 373 homo
768 349 799 373 et
818 353 918 374 verus
931 342 1038 381 Deus,

66 394 118 420 est
139 387 194 419 ille
204 386 275 418 Rex
298 387 329 417 in
349 396 410 417 sua
421 384 585 423 Ecclesia,
607 385 810 426 gubernanS,
835 387 1037 423 custodiens,

65 436 98 462 et
120 429 332 462 sanctificans
362 438 422 459 nos
447 428 563 469 spiritu
586 437 665 459 suo:
693 432 729 457 ut
751 434 868 468 postea
892 429 1037 459 dicemus

66 474 107 505 de
130 472 248 504 effectu
270 471 535 503 resurrectionis.

151 515 223 546 Non
247 514 373 545 debetis
396 513 580 554 imaginari:
610 511 762 543 Christus
786 519 837 544 est
859 513 921 544 sibi
945 522 1037 545 resn-

65 558 216 596 scitatus,
235 563 265 588 et
282 563 400 597 postea
419 556 488 587 vult
504 564 644 597 regnare
657 555 793 586 otiosus.
840 556 1037 587 Omittamus

64 601 128 632 ista
151 606 235 631 tetra
258 606 290 630 et
314 598 486 640 prophana
508 597 644 629 somnia.
690 596 842 629 Christus
871 609 937 629 non
967 605 1037 630 tan-

63 649 130 674 tum
152 642 214 674 sibi
238 642 429 679 resurrexit,
453 641 511 672 sed
534 640 630 671 nobis
653 640 759 671 etiam.
795 640 957 673 Volumus
979 651 1036 673 au-

63 691 146 722 tem,
180 684 370 726 priusquam
405 685 445 715 de
467 682 575 715 fructu
599 684 873 721 resurrectionis,
910 682 963 715 vel
996 684 1037 715 de

63 726 197 765 effectu,
234 726 288 758 vel
322 727 363 757 de
392 736 495 768 regno
520 725 641 757 Christi
664 726 851 758 resuscitati
874 727 1034 765 dicamus,

63 770 223 812 quaedam
247 768 386 810 puerilia
408 774 564 800 tractare.

120 877 385 909 EXPLICATIO
408 878 656 911 EPlSTOLAE
678 879 975 911 DOMlNlCALlS.

145 960 269 993 Paulus
292 963 395 1003 inquit
420 962 447 992 l.
475 962 623 994 Corinth.
647 963 678 993 5.
730 965 919 1003 Eoepuryate
946 968 1035 995 vetus

56 1007 261 1046 ser-mentum,
280 1010 316 1037 ut
330 1006 404 1036 sitis
415 1015 497 1037 noe-a
508 1009 701 1046 conspersio,
724 1010 807 1038 sicut
823 1010 901 1038 estis·
916 1007 1032 1047 azymi.

60 1049 185 1080 Etenim
205 1050 328 1087 pascha
349 1052 495 1079 nostrum
518 1049 699 1080 immolatus
721 1053 769 1080 est
784 1048 940 1080 Christus.
974 1048 1033 1079 Est

60 1089 114 1120 hic
148 1090 272 1121 omissa
306 1091 336 1120 in
372 1090 488 1121 Latina
522 1091 675 1122 versione
708 1089 869 1132 particula
902 1092 1032 1122 maximi

60 1134 227 1170 momenti,
251 1143 348 1173 quam
373 1134 471 1164 credo
496 1134 620 1164 incuria
643 1144 703 1165 seu
726 1133 927 1174 negligentia
950 1135 1032 1165 scri-

61 1175 175 1206 barum
203 1177 359 1206 omissam
390 1186 477 1206 esse.
529 1177 656 1207 Pascha
682 1180 828 1207 nostrum
853 1186 916 1216 pro
942 1178 1032 1208 nobis

59 1220 238 1249 immolatus
259 1222 305 1249 est
332 1217 486 1250 Christus.
532 1217 621 1249 Haec
645 1217 817 1258 particula,
839 1218 914 1261 ὑπὲρ
937 1219 1030 1259 ὑμῶν,

59 1260 188 1290 maximi
211 1266 261 1290 est
281 1260 445 1296 momenti,
469 1270 665 1301 quamquam
684 1259 767 1292 alias
786 1271 887 1301 saepe
904 1268 954 1293 est
972 1273 1031 1304 po-

57 1303 130 1332 sita.
176 1301 243 1333 Sed
268 1313 326 1333 cur
350 1301 402 1333 liic
425 1303 667 1341 omitteremus,
699 1314 773 1334 cum
802 1304 844 1334 sit
868 1306 976 1344 posita
998 1306 1030 1336 in

57 1344 130 1384 ipso
154 1344 264 1375 textu?
308 1344 401 1375 Hanc
431 1346 625 1376 sententiam
648 1347 786 1386 primum
810 1352 952 1378 tractare
974 1358 1030 1379 vo—

56 1385 185 1422 lumus3
225 1387 301 1428 quia
341 1393 392 1417 est
426 1387 699 1419 commonefactio
735 1389 775 1419 de
809 1387 1031 1421 celebratione

56 1427 149 1463 festi,
180 1430 244 1460 imo
275 1429 316 1460 de
345 1428 400 1459 illo
426 1435 492 1460 toto
519 1438 676 1471 perpetuo
699 1430 799 1469 sesto,
822 1433 909 1472 quod
934 1434 1030 1464 debet

57 1470 210 1503 Ecclesia
237 1482 356 1513 agere,
384 1478 415 1503 et
445 1471 615 1505 celebrare
644 1475 674 1504 in
705 1474 791 1505 omni
821 1476 1030 1507 aeternitate:

57 1514 89 1544 id
124 1521 194 1552 est,
228 1516 315 1556 quod
349 1514 402 1545 hic
430 1514 649 1547 inchoandum
681 1523 747 1554 est,
781 1523 815 1547 ut
848 1524 964 1558 postea
997 1520 1029 1549 in

56 1557 144 1587 omni
174 1557 367 1588 aeternitate
396 1558 593 1589 celebretur.
639 1561 711 1590 Nun
732 1564 805 1599 sayt
828 1570 865 1592 er
887 1571 957 1592 zum
979 1572 1029 1593 er-

54 1603 143 1629 uen:
168 1600 354 1639 Ecpurqate
377 1605 465 1632 tetus
484 1603 687 1640 fermentum.

223 1746 331 1797 Quid
361 1748 560 1802 significat
590 1748 860 1792 fermentum?

140 1845 210 1876 Nos
232 1855 390 1877 vocamus
413 1846 576 1889 Saurm‘y.
621 1847 747 1880 Alludit
775 1850 816 1880 ad
844 1851 956 1887 ritum,
986 1851 1026 1882 de

55 1897 120 1930 quo
149 1887 217 1919 heri
243 1889 390 1920 diximus.
436 1890 587 1931 Oportuit
618 1892 708 1922 vesei
737 1891 905 1923 Israelitas
937 1895 1025 1935 pani-

55 1931 118 1962 bus
141 1931 270 1971 azyme,
294 1932 324 1962 id
339 1938 401 1970 est,
423 1942 486 1963 non
504 1931 720 1972 fermentatis,
744 1945 809 1965 non
834 1936 957 1967 mixtis:
982 1937 1025 1968 Es

53 1975 117 2004 solt
139 1974 188 2004 ein
211 1975 280 2005 rein
304 1974 408 2005 farina
432 1984 518 2016 seyn,
542 1987 606 2007 non
629 1977 777 2008 mixtura.
825 1977 897 2009 Huc
926 1979 1024 2021 igitur

53 2014 185 2054 alludit,
209 2022 241 2048 et
270 2018 429 2055 ostendit,
463 2019 539 2059 quid
568 2017 622 2050 ille
650 2026 747 2061 typus
775 2021 1022 2063 significaverit.

53 2058 147 2090 Sicut
169 2069 272 2099 panes
296 2070 360 2090 non
386 2061 506 2092 debent
529 2071 605 2092 esse
622 2063 721 2100 mixti,
744 2063 787 2094 ita
810 2074 872 2095 vos
885 2075 950 2096 non
970 2066 1023 2097 de-

54 2102 138 2132 betis
169 2112 245 2133 esse
273 2104 493 2134 contaminati.
540 2104 637 2145 Atqui
667 2106 806 2137 mixtura
836 2107 898 2138 iam
926 2115 1021 2139 antea

52 2150 103 2175 oet
124 2144 156 2175 in
180 2146 287 2176 nobis.
334 2145 409 2176 ldeo
429 2147 533 2177 addit:
557 2147 745 2189 Erpuryate
761 2147 968 2188 sarmentum.-
991 2153 1020 2182 id

53 2193 115 2225 aet,
137 2185 241 2218 malas
266 2188 437 2229 opiniones
462 2195 493 2220 et
517 2190 720 2230 cupiditates
767 2192 1023 2234 Comprehendit

52 2229 105 2261 hic
129 2230 193 2261 duo
217 2229 327 2261 sininl:
352 2230 440 2262 Mala
465 2232 495 2262 in
519 2231 698 2271 intellectu,
721 2235 753 2265 id
778 2241 848 2274 est,
879 2247 1022 2276 errorcS,

52 2277 84 2303 et
95 2271 182 2303 Mala
199 2274 231 2304 in
251 2272 436 2305 voluntate:
461 2276 491 2305 id
511 2281 572 2313 est,
586 2287 707 2317 pravos
727 2277 875 2310 affectus
901 2279 1021 2312 Postea

51 2315 156 2346 addit:
179 2317 270 2347 Sicut
294 2318 370 2348 ostis
393 2319 504 2359 azymi,
527 2322 561 2349 ut
583 2320 654 2350 sitis
676 2329 759 2351 noca
783 2324 977 2363 conspersio.

81 2461 188 2512 Quid
219 2472 282 2505 est
312 2466 567 2520 conspersio?
598 2467 637 2507 in
670 2482 750 2521 quo
781 2471 989 2523 praedica-

448 2544 615 2583 mento?

133 2638 335 2675 conspersio
365 2642 417 2673 bic
445 2653 509 2675 non
534 2643 699 2685 significat
722 2645 902 2684 actionem,
933 2652 964 2678 ut
987 2648 1016 2680 si

742 206 958 240 POSTILLA
984 205 1381 242 MELANTHONIANA.

1996 209 2059 240 086

1090 300 1196 331 dicam
1220 298 1355 337 lavatio,
1379 309 1464 341 quae
1487 306 1538 331 est
1560 301 1591 331 in
1614 303 1880 342 praedicamento
1896 303 2059 334 Actionis:

1089 343 1151 373 sed
1175 343 1313 373 sumitur
1335 352 1396 383 pro
1419 352 1530 373 massa
1559 343 1632 384 ipsa
1659 345 1781 376 imbuta
1805 346 1899 376 novis
1923 345 2059 387 qualita-

1089 385 1187 416 tibus.
1233 383 1393 426 Loquitur
1416 385 1457 415 de
1475 385 1570 416 novis
1587 388 1752 426 potentiis,
1776 389 1815 419 de
1834 399 1920 419 nova
1933 396 2060 428 natura,

1088 427 1120 458 in
1144 437 1208 468 qua
1231 432 1282 458 est
1304 425 1359 458 illa
1382 427 1531 465 novitas,
1557 438 1640 469 quae
1664 436 1713 460 est
1736 429 1791 461 lux
1816 441 1920 468 nova,
1950 438 1981 462 et
2004 442 2060 463 no-

1089 480 1151 501 vae
1180 468 1410 501 inclinationes
1434 469 1552 501 bonae.
1599 470 1633 501 ln
1663 481 1806 510 summa,
1841 474 1971 513 ponitur
1999 485 2060 515 pro

1088 510 1259 550 materiali,
1283 522 1349 544 non
1373 522 1432 553 pro
1456 513 1595 544 actione.
1641 514 1718 544 Sitis
1741 516 1802 545 ista
1828 526 1913 547 nova
1937 527 2059 555 massa,

1088 556 1120 586 in
1144 565 1209 596 qua
1233 565 1321 586 nova
1343 565 1455 586 massa
1479 561 1529 586 est
1552 555 1608 586 lux
1633 556 1751 593 divina,
1776 563 1805 588 et
1833 559 1863 588 in
1888 569 1951 600 qua
1974 570 2061 591 nova

1088 608 1201 629 massa
1223 603 1299 629 sunt
1320 598 1462 638 impetus
1481 603 1514 629 et
1535 604 1644 629 motus
1668 601 1801 630 accensi
1825 611 1883 640 pcr
1906 602 2061 641 Spiritum

1089 645 1251 671 sanctum.
1296 640 1368 672 Hoc
1396 650 1478 671 vero
1512 641 1653 681 pertinet.
1685 642 1726 671 ad
1760 642 1911 674 effectum
1941 643 2060 676 Resur-

1088 684 1254 714 rectionis.
1300 682 1452 714 Christus
1477 693 1619 724 regnans
1649 684 1727 715 facit
1758 694 1820 715 nos
1849 696 1953 716 novas
1976 697 2060 717 mas—

1088 735 1155 756 saS.
1209 726 1275 757 Sed
1303 736 1364 756 vos
1392 725 1625 757 adolescentes
1655 728 1832 758 observate
1862 730 1941 765 inm,
1977 740 2060 770 quae

1087 769 1128 798 ad
1153 768 1407 799 Grammaticam
1435 775 1597 809 spectant.
1644 768 1847 810 Conspersio
1872 781 1936 802 non
1961 773 2061 813 signi-

1088 810 1165 841 ficat
1183 811 1357 848 actionem,
1380 812 1466 842 sicut
1488 811 1603 843 Latine
1628 819 1742 843 sonat:
1767 813 1825 843 sed
1847 814 1979 854 ponitur
2000 825 2060 855 pro

1087 852 1257 892 materiali,
1275 864 1334 885 seu
1350 864 1410 894 pro
1429 854 1597 886 Subiecto.
1637 854 1766 886 Graece
1784 858 1914 896 ponitur
1926 857 2060 898 φύραμα,

1087 896 1174 937 quod
1205 896 1371 937 significat
1399 897 1449 927 ein
1479 898 1551 938 tei-q.
1608 897 1706 929 Scitis
1734 897 1809 939 Tety
1839 909 1915 930 esse
1943 910 2059 931 nomen

1087 939 1243 969 materiae
1273 939 1321 969 sic
1349 946 1582 980 praeparatae,
1614 950 1679 971 non
1712 942 1862 972 actionis.
1909 942 1972 973 lam
1997 949 2060 973 tra-

1057 979 1060 1002 ¹
1087 981 1184 1011 ctabo
1209 979 1346 1022 vulgare
1369 988 1611 1023 argumentum:

1128 1048 1204 1079 Non
1226 1048 1345 1080 habens
1362 1047 1563 1089 fewnentum,
1586 1060 1649 1082 non
1670 1052 1791 1093 z'mlz‘gyet
1810 1055 2062 1094 ewlmryatz'one:

1135 1090 1196 1121 Vos
1219 1092 1296 1122 estis
1318 1093 1437 1133 azymi:

1127 1133 1216 1175 Eryo
1238 1143 1301 1165 non
1323 1135 1474 1176 indiyetz's
1496 1137 1738 1177 et111cr9atione,

1267 1282 1400 1333 Quare
1432 1284 1553 1339 igitur
1584 1285 1731 1326 Paulus
1763 1286 1884 1326 dicit?

1167 1390 1357 1432 Erymryate
1391 1396 1421 1423 et
1455 1393 1532 1424 estis
1565 1395 1681 1435 azymi,
1715 1395 1863 1425 videntur
1897 1406 2055 1438 pugnare.

1082 1432 1154 1464 Hoc
1173 1441 1400 1475 argumentum
1423 1436 1533 1466 statim
1556 1435 1809 1468 commonefacit
1834 1448 1895 1468 nos
1919 1439 1959 1469 de
1985 1446 2053 1470 tota

1084 1477 1234 1507 doctrina
1257 1477 1508 1509 iustificationis.
1557 1478 1606 1510 De
1631 1489 1694 1520 qua
1713 1480 1766 1521 qui
1787 1490 1852 1511 non
1871 1488 1946 1512 sunt
1965 1489 2056 1513 recte

1082 1519 1231 1557 instituti,
1255 1530 1321 1551 non
1343 1527 1485 1561 possunt
1508 1520 1572 1552 hoc
1594 1528 1820 1563 argumentum
1845 1522 1987 1556 solvere.

1052 1530 1057 1642 1
1167 1561 1273 1593 Maior
1301 1568 1457 1594 transeat.
1502 1563 1702 1605 Respondeo
1734 1566 1775 1596 ad
1800 1565 2056 1598 Mi1101·em:''l'u

1081 1614 1114 1634 es
1131 1615 1271 1644 azymus,
1296 1606 1506 1646 imputatione
1523 1615 1555 1637 et
1573 1608 1792 1646 inchoatione,
1816 1610 1960 1640 nondum
1978 1620 2055 1641 con-

1081 1649 1310 1678 summatione:
1339 1648 1380 1679 Et
1409 1648 1492 1680 haec
1520 1655 1573 1681 est
1602 1661 1681 1681 vera
1704 1650 1841 1682 solutio:
1872 1652 1955 1687 Quia
1982 1663 2053 1694 per·

1080 1701 1164 1721 sona
1188 1697 1236 1721 cst
1257 1691 1341 1721 iusta
1365 1693 1576 1732 imputatione
1598 1700 1733 1734 propter
1752 1693 1867 1725 Filium
1886 1694 1960 1732 Dei,
1983 1696 2054 1727 sine

1079 1732 1148 1763 ulla
1171 1733 1388 1765 dubitatione:
1412 1735 1497 1765 sicut
1522 1734 1612 1767 clare
1629 1737 1761 1768 dicitur:
1787 1737 1934 1768 Credam
1949 1739 2054 1770 Abra·

1079 1775 1150 1806 llam
1178 1776 1258 1813 Deo,
1286 1781 1316 1807 et
1338 1778 1525 1817 imputatum
1548 1783 1595 1809 est
1617 1780 1648 1809 ei
1669 1780 1713 1810 acl
1736 1781 1905 1811 inslite'anz:
1936 1782 1967 1811 id
1991 1790 2054 1819 est,

1078 1825 1129 1849 est
1152 1826 1310 1860 acceptus
1336 1819 1398 1850 fide
1422 1826 1557 1861 propter
1579 1820 1694 1853 Filium
1718 1822 1789 1853 Dei.
1835 1822 1922 1854 Alibi
1947 1825 2050 1865 inquit

1079 1860 1218 1892 Paulus:
1245 1862 1285 1892 ln
1309 1862 1438 1893 (Ἰινιζςίο
1461 1866 1671 1895 εοηεηηιηιιιίἰ
1690 1867 1783 1896 estis:
1807 1865 1971 1903 videlicet,
1996 1868 2051 1898 im-

1077 1905 1253 1944 putatione.
1299 1905 1420 1936 Postea
1449 1908 1596 1948 sequitur
1619 1907 1800 1947 inchoatio,
1831 1920 1891 1940 seu
1921 1910 2050 1942 effectio

1077 1948 1231 1978 novitatis
1262 1948 1464 1988 Spiritualis:
1495 1960 1579 1991 quae
1609 1953 1891 1983 consummabitur
1920 1953 1952 1983 in
1983 1954 2050 1984 vita

1075 1996 1222 2027 aeterna,
1245 1991 1332 2022 iuxta
1356 1992 1493 2023 dictum:
1516 1992 1588 2023 Nos
1610 2004 1695 2033 spem
1717 1995 1861 2026 iustitiae
1883 2001 2048 2036 anspertu-

1075 2043 1142 2064 mns
1161 2033 1234 2074 fide.

1161 2076 1281 2108 Sumus
1299 2077 1395 2119 igitur
1411 2078 1533 2120 azymi:
1550 2077 1674 2112 scilicet
1693 2081 1916 2120 imputatione,
1936 2092 2047 2122 quam-

1075 2130 1170 2160 quam
1195 2130 1308 2151 sumus
1331 2120 1440 2151 adhuc
1463 2119 1559 2152 valde
1583 2122 1775 2153 imbecilles,
1822 2123 1937 2154 Videte
1958 2125 2046 2164 Apo-

1074 2160 1192 2200 stolos,
1226 2163 1257 2193 in
1296 2163 1361 2194 hoc
1395 2164 1468 2204 ipso
1505 2171 1605 2196 textu.
1653 2165 1739 2202 Ista,
1773 2176 1857 2207 qnae
1894 2167 2046 2198 diceban-

1074 2211 1138 2242 tur,
1162 2211 1253 2236 erant
1278 2207 1317 2236 iis
1341 2213 1507 2248 tamquam
1531 2206 1673 2239 fabulae.
1707 2209 1779 2238 lirat
1804 2209 1834 2239 in
1849 2207 1911 2240 illis
1926 2220 2046 2251 magna

1072 2248 1260 2286 infirmitas,
1284 2250 1485 2290 ignorantia,
1508 2251 1615 2293 magni
1640 2261 1769 2281 errores
1794 2252 1825 2281 in
1851 2262 1885 2282 rc
1908 2262 2044 2294 magna:

1073 2290 1129 2322 Sic
1151 2292 1183 2322 in
1208 2293 1303 2322 nobis
1327 2299 1403 2324 sunt
1426 2303 1566 2335 magnae
1589 2294 1802 2325 infirmitates.
1849 2295 1883 2324 Si
1907 2296 1980 2335 quis
2000 2296 2044 2326 ita

1045 2329 1049 2393 Ι
1072 2334 1210 2371 insanit,
1239 2341 1274 2366 ut
1297 2342 1388 2375 putet
1411 2346 1448 2366 se
1472 2336 1534 2366 iam
1558 2337 1684 2377 integre
1707 2347 1783 2366 esst·
1806 2343 1965 2375 renatum,
1988 2337 2044 2369 ille

1045 2400 1047 2404 .
1072 2375 1168 2417 plane
1192 2376 1280 2415 furit,
1302 2389 1368 2409 non
1392 2379 1489 2416 videt,
1514 2385 1633 2420 quanta
1657 2380 1699 2409 sit
1722 2379 1902 2410 infirmitas.
1947 2381 2043 2411 Scru-

1072 2426 1142 2450 tare
1164 2426 1197 2451 te
1220 2421 1338 2461 ipsum,
1363 2423 1474 2462 aspice
1498 2428 1587 2452 tuum
1612 2432 1680 2458 cor,
1701 2430 1821 2462 quanta
1845 2423 1887 2453 sit
1910 2423 2042 2454 infirmi-

1071 2468 1122 2493 tas
1145 2463 1233 2502 fidei,
1257 2474 1352 2505 quam
1376 2465 1486 2495 variae
1511 2463 1676 2500 flammae,
1700 2463 1816 2505 quales
1839 2472 1952 2496 aestu>
1977 2477 2042 2498 ma-

1070 2504 1174 2537 larum
1199 2507 1424 2547 cupiditatum,
1447 2516 1544 2547 quam
1568 2517 1681 2547 parum
1706 2508 1830 2538 timoris
1842 2507 1917 2546 Dei,
1940 2519 2041 2550 qnan-

1069 2554 1136 2579 tum
1154 2548 1362 2580 diffidentiae.

1154 2608 1220 2639 lsta
1244 2609 1362 2639 misera
1384 2614 1499 2639 natura
1522 2614 1570 2639 est
1594 2607 1703 2640 adhuc
1720 2608 1819 2650 plena
1836 2611 1980 2642 sordium
2006 2612 2037 2642 in

1067 2650 1131 2681 hac
1154 2651 1231 2682 vita.
1277 2651 1352 2682 ldeo
1381 2651 1514 2682 dicitur:
1545 2650 1620 2682 Non
1649 2652 1874 2694 iustificabitur
1904 2654 1937 2684 in
1966 2663 2037 2685 con-
