2324 2958
79 167 140 200 101

77 260 189 294 multis
212 259 352 298 seculis,
377 259 436 290 sed
459 268 526 290 non
549 256 723 289 defuerunt
745 268 885 299 magnae
909 258 1050 299 01151130-
1073 266 1078 288 ι

79 306 196 343 tiones,
220 313 302 345 quas
325 303 387 334 sibi
410 301 558 342 peccatis
582 302 652 332 suis
675 301 815 332 subinde
834 306 1049 331 attraxerunt.

78 347 235 379 Infestata
268 345 326 377 fuit
359 345 478 376 Iudaea
510 344 650 375 subinde
683 354 703 374 a
733 344 850 374 vicinis
885 344 1049 384 gentibus.

78 390 202 422 Decem
232 390 335 420 tribus
370 387 498 419 deletae
529 393 624 424 sunt,
658 392 714 417 aut
749 391 837 416 certe
870 385 1050 423 mutilatae,

79 433 171 465 Sicut
195 431 426 472 dicitur.apud
456 429 654 470 Prophetam
684 429 823 467 [Oseam
844 428 924 466 114:
973 430 1050 465 Quo-

77 478 170 508 modo
189 478 309 515 saciam
332 475 389 505 tibi·
409 474 587 513 Ephraim?
623 473 675 503 An
697 473 807 503 delebo
835 476 868 502 te
890 474 974 502 sicut
993 472 1051 502 So-

78 521 159 550 boim
182 523 214 549 et
234 518 425 549 Sodomam?
468 517 556 547 Deus
584 524 669 553 sum,
698 524 761 545 non
789 515 895 552 homo,
925 514 957 544 id
987 519 1049 550 est,

77 561 184 592 Homo
217 562 249 591 in
283 559 446 600 puniendo
480 557 580 589 habet
604 558 739 598 primam
769 557 981 587 intentionem
1015 562 1050 587 ut

76 604 210 645 perdat,
244 602 339 633 Deus
372 612 439 633 non
471 601 571 632 habet
601 601 737 640 primam
771 599 982 630 intentionem
1015 604 1051 630 ut

76 645 207 687 perdat,
238 645 298 676 sed
325 651 360 676 ut
389 650 561 676 convertat.
584 641 769 679 sanabileS‚
799 642 887 673 iuxta
912 642 1049 673 dictum:

82 688 161 719 Vico
183 698 258 729 eqo,
280 689 354 718 nolo
376 691 505 718 mortem
526 686 721 726 peccator-ix,
744 685 802 715 sod
824 689 858 715 ut
881 688 1050 715 0011101111-

77 735 130 762 tur
160 736 189 762 et
218 732 316 762 rit-at.
362 730 410 761 lta
442 740 482 761 ex
516 730 632 760 decem
665 727 729 759 illis
763 728 914 759 tribubus
950 726 1049 768 aliqui

76 780 152 805 sunt
176 773 346 810 conversi,
378 779 410 803 et
439 777 629 804 manserunt
658 769 786 811 reliqui.
832 770 897 802 Sed
920 770 1051 801 additur

76 818 108 847 in
131 815 312 857 Propheta:
348 814 558 846 Veruntamen
580 824 643 845 11οη
665 814 811 850 intrabo,
838 813 871 844 id
895 820 961 851 est,
983 822 1050 843 non

77 860 283 891 conservabo
306 868 444 899 regnum
466 858 499 889 in
522 856 636 889 Israel.
676 857 800 887 intrare
823 862 873 886 est
897 865 1050 897 regnare,

77 912 179 944 regna
194 908 305 932 tenere
323 907 380 932 aut
398 911 503 943 regna
522 900 732 932 constituere.
762 899 823 930 Est
835 898 1050 930 Hebraismus

76 945 163 976 sicut
184 945 214 975 in
238 943 295 975 illo
320 944 424 975 dicto:
461 943 535 975 Non
559 943 695 974 introbit
718 946 751 974 ιή
773 942 897 973 (Ionium
920 941 1053 972 Dona‘ni

74 988 214 1028 spurius,
237 987 269 1018 id
292 994 356 1025 est,
379 996 445 1017 non
468 985 624 1028 fungetur
647 983 767 1017 officio¹

161 1041 282 1074 Postea
306 1042 469 1073 abductae
493 1047 568 1073 sunt
591 1042 687 1073 etiam
711 1039 857 1082 reliquae
882 1039 966 1070 duae
996 1039 1050 1069 tri-

77 1087 156 1116 bus:
191 1084 270 1116 luda
299 1091 329 1116 et
356 1084 540 1122 Beniamin,
569 1084 610 1115 Et
634 1084 765 1115 duravit
787 1083 963 1122 captivitas
987 1081 1050 1112 Ba-

76 1125 231 1169 bylonica
253 1128 346 1159 annis
366 1127 417 1158 70.
456 1126 498 1158 Et
520 1133 595 1167 post
618 1127 755 1157 reditum
777 1126 959 1156 instaurata
982 1125 1051 1166 qui-

77 1171 150 1201 dem
172 1170 233 1201 fuit
255 1169 380 1211 politia,
402 1170 464 1201 sed
484 1175 591 1200 tamen
609 1178 725 1202 rursus
743 1168 804 1199 suit
820 1167 955 1199 multum
973 1178 1049 1208 pcc-

76 1218 242 1248 catorum,
265 1221 463 1253 poenarum,
495 1211 726 1243 calamitatum.
771 1211 846 1242 Non
870 1211 968 1252 igitur
990 1209 1051 1241 suit

74 1253 263 1295 principalis
287 1255 461 1296 promissio
489 1254 565 1285 data
588 1254 753 1294 patribus,
784 1264 869 1295 quae
899 1254 942 1284 ad
969 1252 1050 1293 poli·

74 1298 150 1328 tiam
171 1296 260 1328 illam
283 1295 499 1329 referebatur.
535 1296 717 1337 Oportebat
739 1295 837 1328 aliam
860 1306 936 1328 esse
952 1297 1050 1327 bene-

75 1341 262 1378 dictionem,
282 1340 322 1371 de
341 1350 405 1381 qua
427 1339 602 1380 promissio
625 1340 665 1371 ad
689 1345 801 1381 patres
824 1338 914 1370 facta
936 1337 1050 1381 loque-

75 1383 187 1414 batur:
211 1384 249 1414 111
271 1384 386 1413 semine
407 1387 462 1414 tuo
484 1382 707 1413 benedicentur
730 1392 834 1414 onmes
851 1387 967 1423 yences.
1008 1381 1050 1412 Et

74 1425 159 1456 haec
187 1425 361 1466 promissio
390 1430 441 1456 est
466 1425 608 1456 omnium
639 1425 800 1466 gentium,
830 1435 895 1456 non
924 1430 1050 1456 tantum

75 1467 163 1499 illius
191 1466 314 1508 populi.
359 1467 451 1498 Haec
478 1468 655 1508 promissio
685 1468 831 1498 continet
860 1477 916 1498 res
944 1473 1050 1498 aeter·

75 1520 149 1549 nas,
173 1520 239 1541 non
261 1511 405 1551 peritura
427 1511 525 1541 bona.

163 1563 316 1606 Cogitate
333 1571 454 1603 autem,
478 1570 619 1605 quantae
633 1549 789 1596 tenebrae
806 1562 925 1596 fuerint
943 1567 974 1596 in
993 1574 1050 1605 po-

73 1605 152 1649 pulo
174 1607 326 1639 ludaico:
362 1606 445 1639 Cum
468 1607 565 1638 etiam
589 1607 707 1639 summi
735 1606 783 1638 illi
808 1609 1049 1649 gubernatores

73 1660 140 1681 non
172 1648 405 1681 intellexerunt
437 1649 612 1680 discrimen
646 1650 875 1691 promissionis
911 1649 1050 1691 gratiae,

74 1698 107 1724 et
138 1693 393 1734 promissionum
425 1691 656 1733 corporalium.
702 1692 967 1734 lmaginabantur
1000 1702 1050 1723 re-

74 1746 174 1777 gnum
205 1734 396 1776 corporale,
430 1736 516 1766 sicut
544 1733 701 1776 Apostoli
734 1736 832 1766 etiam
864 1735 1050 1766 habuerunt

73 1777 131 1809 illa
159 1788 259 1810 aurea
294 1778 439 1815 somnia,
481 1787 566 1819 quae
606 1788 672 1809 non
713 1776 845 1809 fuerunt
879 1776 1050 1809 dissimilia

73 1821 201 1852 somnio
235 1822 326 1852 aurci
359 1821 479 1861 piscis,
521 1821 561 1851 de
596 1831 661 1862 quo
699 1821 803 1862 inquit
836 1819 1048 1852 Theocritus:

73 1864 271 1895 Somniondo
293 1873 356 1894 non
379 1863 489 1903 capies
511 1873 641 1895 ameum
662 1865 791 1903 piscem.
831 1863 898 1895 lsta
921 1864 1050 1895 somnia

74 1912 251 1938 senserunt
268 1905 424 1947 Apostoli
442 1915 483 1936 ex
503 1906 651 1938 doctrina
665 1905 930 1938 Pharisaeorum.
960 1905 1049 1942 Quo-

74 1959 144 1980 rum
168 1949 353 1990 ignorantia
375 1954 508 1980 moneat
529 1958 609 1987 1105,
638 1955 674 1980 ut
697 1949 800 1980 simus
823 1948 1049 1990 diligentiores

75 1992 107 2022 in
131 1992 361 2022 conservanda
383 1991 523 2032 puritate
545 1992 725 2030 doctrinae,
747 2002 789 2024 ne
811 1991 936 2023 similes
959 1998 1048 2024 tene·

75 2034 156 2064 brae
177 2034 316 2065 obruant
339 2033 536 2065 Ecclesiam.

160 2083 234 2115 Non
258 2090 308 2115 est
330 2084 414 2116 haec
437 2085 556 2126 exigua
577 2095 656 2126 pars
675 2085 867 2127 sapientiae,
892 2095 976 2127 quae
1000 2091 1051 2117 est
1073 2097 1078 2108 ⁴

76 2136 176 2158 verae
209 2126 382 2159 Ecclesiae
410 2128 560 2169 propria,
599 2134 711 2160 tenere
750 2129 926 2160 discrimen
966 2129 1051 2160 inter

75 2169 312 2210 promissiones
337 2169 548 2211 corporales,
578 2176 610 2201 et
630 2172 883 2211 promissionem
906 2172 1050 2211 gratiae:

75 2211 154 2242 Item
189 2213 273 2243 inter
304 2213 540 2254 promissiones
573 2213 733 2246 bonorum
763 2213 984 2256 corporalium
1017 2215 1050 2245 in

75 2255 198 2295 specie,
223 2260 254 2286 et
275 2255 307 2285 in
331 2265 465 2297 genere.

161 2305 235 2336 Hoc
269 2306 446 2337 discrimen
479 2305 602 2346 passim
634 2313 816 2339 monstrant
846 2306 1049 2348 Prophetae:

75 2357 149 2379 cum
171 2349 362 2380 describunt
377 2354 484 2387 vetus,
507 2354 538 2380 et
554 2359 674 2381 novum
687 2349 941 2382 Testamentum.
965 2350 1050 2383 lere-

73 2391 156 2422 mias
178 2392 297 2432 inquit:
337 2391 466 2423 Feriam
497 2392 606 2423 domni
630 2393 735 2423 Israel
759 2397 891 2433 pactum
918 2403 1050 2426 nomm:

74 2433 171 2466 Dabo
199 2434 296 2475 leyem
324 2434 357 2464 in
387 2435 490 2466 corda
519 2444 635 2465 eorum.
679 2434 721 2466 Et
750 2436 880 2477 quoties
903 2435 1048 2478 Prophe-

74 2481 128 2507 tae
156 2476 376 2508 vaticinantur
409 2477 451 2508 de
483 2486 588 2518 regno
617 2475 778 2516 Messiae,
812 2479 1049 2511 concionantur

75 2519 116 2550 de
138 2524 275 2551 aeterno
297 2528 413 2561 regno.
457 2519 533 2550 Non
557 2525 667 2560 potest
697 2530 777 2562 ergo
805 2530 882 2553 esse
909 2531 1048 2564 regnum

73 2555 107 2592 in
130 2560 194 2594 hac
222 2560 388 2602 corporali
410 2562 495 2601 vita,
524 2572 608 2604 quae
637 2572 703 2594 non
731 2569 783 2594 est
804 2570 958 2603 aeterna,
988 2565 1048 2596 sed

76 2604 194 2636 desinit
219 2615 294 2636 cum
316 2614 419 2637 more.

761 162 977 195 POSTlLLA
1001 161 1396 194 MELANTHONIANA.

1071 2230 1080 2278 ff
1103 2229 1259 2265 repetam.

2014 162 2074 193 102

1185 255 1221 286 In
1234 255 1356 286 Ioanne
1375 260 1419 291 (c.
1433 255 1474 289 1.)
1488 255 1572 286 1110111
1585 255 1759 286 discrimen
1774 253 1911 295 pulchre
1925 256 2075 297 exprimi-

1102 305 1172 330 tur:
1196 298 1269 329 Lea·
1288 298 1489 338 ριν-1110151111
1511 298 1591 328 (lala
1615 302 1673 335 est.
1697 299 1727 328 id
1745 304 1807 336 est,
1830 296 1943 339 politia
1956 299 2075 329 consti-

1101 347 1170 373 tuta
1199 346 1250 372 est
1272 350 1331 381 per
1353 340 1493 371 Moisen.
1539 340 1658 371 Gratia
1682 345 1785 371 antem
1809 346 1838 371 ct
1860 342 1983 372 veritas
2015 351 2076 381 per

1102 384 1263 415 Christum
1282 382 1376 422 sacia
1395 388 1453 420 est,
1472 383 1503 413 id
1527 388 1589 420 cst,
1609 393 1667 423 per
1690 383 1847 414 Mes-siam
1870 382 1959 415 aliud
1983 384 2075 425 quid-

1100 428 1187 468 piam
1209 427 1401 466 accipimus,
1435 424 1563 457 scilicet
1587 426 1736 466 gratiam,
1770 425 1834 457 hoc
1858 432 1921 465 est,
1954 426 2075 468 gratui-

1101 476 1166 500 tam
1179 469 1452 510 acceptationem,
1477 468 1703 499 remissionem
1715 475 1940 509 pcccatorum,
1960 479 2076 500 recon-

1102 511 1310 544 ciliationem.
1367 511 1498 543 Veritas
1532 517 1608 542 sunt
1642 520 1721 542 vera
1756 517 1787 542 ct
1815 518 1950 543 aeterna
1978 513 2076 550 bona,

1101 566 1180 586 vera
1203 561 1235 586 et
1257 560 1394 586 aeterna
1415 553 1549 591 iustitia,
1573 564 1638 584 non
1662 554 1797 585 umbrae
1816 555 2077 586 ceremoniarum

1101 604 1132 629 et
1165 596 1307 638 politiae.
1372 597 1463 628 Haec
1503 606 1581 627 vera
1616 597 1701 627 bona
1736 597 1832 628 etiam
1866 598 1963 628 nobis
1998 607 2078 628 vore

1101 639 1297 672 exhibentur
1319 650 1378 681 per
1401 639 1510 671 tilium.

1186 683 1239 714 Ad
1273 682 1337 714 hoc
1377 682 1552 714 discrimen
1592 681 1688 712 etiam
1723 682 1912 722 Stephanus
1947 682 2077 713 deducit

1101 726 1267 759 auditores
1291 735 1383 757 suos.
1418 724 1553 756 Resutat
1575 734 1688 755 corum
1712 734 1859 755 errorem
1879 730 1911 755 et
1924 734 2077 766 magnam

1103 769 1281 807 inscitiam,
1316 769 1404 809 quod
1426 768 1583 809 putabant
1607 768 1860 807 promissionem
1891 767 1999 798 datam
2022 778 2077 808 pa-

1101 813 1205 843 tribus
1229 811 1475 852 intelligendam
1498 819 1575 841 esse
1599 811 1640 840 de
1663 820 1768 851 regno
1793 808 1968 851 corporali.

1189 854 1312 886 Verum
1335 860 1396 885 cst.
1442 852 1589 893 Utraque
1607 853 1784 892 promissio
1810 859 1882 883 erat
1904 851 1993 884 sacta
2017 852 2078 884 Pa-

1103 898 1229 928 tribus:
1290 896 1471 928 Promissio
1506 896 1746 926 benedictionis
1781 894 1981 937 spiritualis,
2026 902 2077 927 ut:

1101 940 1139 970 In
1174 940 1289 971 semine
1323 943 1376 970 tuo
1402 938 1624 969 benedicentur
1654 948 1758 969 omnes
1790 942 1914 979 yentesz
1955 939 2078 969 Postea

1102 983 1198 1013 etiam
1232 980 1434 1023 corporalis:
1476 981 1599 1012 Sontini
1625 986 1679 1012 tuo
1712 982 1797 1012 «labo
1831 981 1913 1012 lmnc
1948 985 2077 1013 terram.

1102 1025 1166 1058 Sed
1200 1032 1309 1056 tamen
1342 1023 1508 1066 affligetur
1530 1024 1594 1054 400
1616 1025 1711 1055 annis
1741 1025 1772 1055 in
1806 1030 1904 1066 gente
1937 1025 2078 1063 inimica,

1102 1069 1199 1100 etiam
1223 1074 1398 1109 antequam
1423 1067 1597 1108 occupabit
1619 1066 1706 1098 hanc
1729 1073 1859 1099 terram.

1188 1110 1281 1141 Hanc
1332 1110 1586 1151 promissionem
1636 1109 1843 1150 corporalem
1895 1120 1961 1140 non
2001 1116 2078 1141 sunt

1103 1154 1271 1185 consecuti
1292 1160 1416 1195 patres.
1461 1152 1522 1183 Est
1545 1159 1698 1183 cessante
1723 1154 1819 1184 etiam
1845 1151 1977 1194 politia,
2005 1154 2078 1184 reti-

1102 1197 1211 1228 nenda
1245 1202 1351 1227 tamen
1391 1194 1451 1226 fuit
1492 1197 1534 1226 ab
1575 1205 1688 1227 eorum
1727 1197 1869 1235 posteris
1902 1196 2078 1236 promissio

1102 1238 1305 1281 principaliS,
1329 1249 1414 1280 quae
1437 1248 1568 1279 semper
1591 1239 1729 1278 pertinet
1749 1239 1790 1269 ad
1811 1248 1925 1270 omncs
1938 1237 2077 1276 electos,

1103 1281 1401 1325 quomodocunque
1424 1291 1462 1313 se
1484 1282 1549 1312 ista
1572 1286 1708 1312 externa
1730 1280 1885 1313 habeant.

1187 1325 1259 1356 Nos
1282 1325 1344 1356 etsi
1365 1325 1398 1356 in
1417 1325 1530 1364 specie
1553 1334 1619 1354 non
1641 1323 1802 1355 habemus
1823 1323 2078 1364 promissionem

1104 1369 1145 1399 de
1168 1373 1259 1400 certa
1283 1368 1374 1406 sede,
1396 1373 1505 1398 tamen
1527 1367 1561 1398 in
1593 1376 1716 1409 genere
1746 1367 1904 1399 debemus
1928 1367 2076 1405 credere,

1103 1411 1193 1452 quod
1221 1409 1314 1442 Deus
1344 1409 1423 1442 velit
1450 1410 1547 1442 nobis
1581 1408 1744 1450 opitulari.
1788 1409 1831 1441 Et
1858 1410 1954 1441 datur
1980 1410 2078 1441 nobis

1103 1463 1236 1495 qnoque
1271 1454 1357 1492 vita,
1385 1459 1418 1484 et
1444 1463 1530 1494 quae
1563 1453 1605 1484 ad
1635 1453 1737 1484 vitam
1766 1459 1843 1484 sunt
1872 1452 2077 1484 necessaria.

1103 1497 1170 1527 Sed
1199 1505 1266 1527 non
1296 1496 1454 1527 debemus
1488 1496 1633 1536 pendere
1666 1501 1790 1527 tantum
1825 1506 1845 1527 a
1874 1496 1969 1527 bonis
2004 1495 2077 1526 istis

1104 1537 1354 1580 corporalibus,
1389 1538 1450 1570 sed
1471 1539 1583 1570 vivere
1601 1538 1634 1569 in
1653 1537 1735 1570 Deo.
1793 1537 1836 1569 Ut
1858 1544 1966 1570 autern
1988 1539 2078 1569 viva-

1103 1592 1175 1613 mus
1198 1582 1231 1614 in
1254 1581 1341 1619 Deo,
1365 1586 1497 1621 oportet
1523 1586 1635 1613 extare
1664 1581 1916 1622 promissionem
1940 1582 2077 1623 gratiae,

1103 1634 1187 1666 quae
1209 1634 1271 1655 nos
1295 1624 1438 1655 attrahat
1461 1625 1503 1655 ad
1525 1623 1644 1662 Deum,
1667 1630 1699 1655 et
1720 1623 1809 1655 hanc
1839 1630 1970 1665 oportet
1992 1624 2077 1666 prin-

1103 1666 1253 1707 cipaliter
1272 1668 1379 1708 accipi
1403 1666 1479 1705 fide,
1536 1667 1637 1705 Quia,
1670 1667 1698 1697 si
1722 1677 1788 1697 non
1812 1667 1978 1698 credimus
2001 1677 2077 1707 pro-

1101 1709 1269 1747 missioni,
1303 1715 1355 1741 est
1387 1710 1483 1741 nobis
1517 1710 1625 1741 inanis
1660 1710 1809 1747 sonitus,
1850 1710 1936 1740 sicut
1968 1710 2077 1747 Iudae,

1102 1751 1224 1790 Pilato,
1259 1757 1292 1783 et
1315 1753 1467 1783 omnibus
1501 1762 1567 1783 ncn
1601 1752 1839 1793 accipientibus
1873 1758 1999 1785 tantum
2027 1758 2078 1783 est

1102 1795 1208 1826 inanis
1238 1795 1382 1833 sonitus,
1414 1801 1450 1826 ut
1473 1805 1545 1827 cum
1574 1794 1700 1826 Pilatus
1730 1793 1896 1826 Christum
1930 1795 2076 1826 deridet:

1103 1838 1190 1877 Quid
1211 1842 1257 1869 est
1280 1838 1425 1870 ceritas?

1312 2003 1391 2051 De
1429 2003 1689 2043 secundo
1728 2004 1868 2043 loco.

1189 2094 1363 2126 Secundus
1386 2093 1483 2125 locus
1513 2099 1564 2125 est
1585 2093 1638 2126 De
1671 2094 1781 2125 causis
1816 2093 2013 2126 constitutae
2044 2099 2077 2125 et

1102 2135 1246 2169 abolitae
1268 2136 1400 2178 politiae
1422 2137 1583 2169 Iudaicae.
1630 2136 1683 2168 De
1706 2137 1757 2168 his
1780 2135 1858 2168 alibi
1876 2146 1977 2177 saepe
2000 2136 2075 2167 dixi.

1103 2180 1171 2212 Sed
1203 2191 1292 2212 nunc
1332 2178 1579 2222 principaliores
1613 2179 1731 2211 saltem
1774 2189 1894 2211 causas
1935 2179 2076 2211 breviter

1188 2266 1261 2297 Fuit
1281 2265 1339 2297 1110
1371 2264 1485 2307 politia
1518 2265 1674 2297 instituta.
1730 2265 1814 2301 Quia
1844 2264 1938 2296 Deus
1973 2263 2077 2296 voluit

1103 2318 1180 2340 esse
1193 2314 1318 2341 certum
1340 2308 1460 2346 locum,
1483 2309 1515 2339 in
1528 2319 1593 2349 quo
1606 2314 1810 2346 nasceretur,
1834 2308 2076 2346 ostenderetur,

1102 2351 1250 2390 doceret,
1283 2350 1410 2383 faceret
1443 2350 1612 2389 miracula,
1647 2356 1841 2388 moreretur,
1877 2356 1908 2382 et
1932 2351 2076 2382 resusci-

1102 2400 1189 2426 tatas
1209 2404 1229 2425 a
1250 2394 1662 2435 mortuisconspiceretur
1683 2392 1838 2424 Messias.
1901 2393 1993 2425 Haec
2016 2392 2076 2425 suit

1102 2447 1206 2469 causa
1228 2438 1423 2479 praecipua,
1459 2447 1519 2469 cur
1537 2435 1648 2478 politia
1678 2436 1743 2467 ista
1765 2435 1862 2467 fuerit
1885 2437 2074 2474 constituta,

1101 2486 1133 2512 et
1151 2486 1348 2512 conservata
1370 2490 1475 2521 usque
1498 2480 1540 2511 ad
1562 2479 1705 2511 Messiae
1728 2479 1915 2510 adventum.

1186 2523 1371 2564 Antequam
1394 2532 1474 2554 vero
1497 2522 1629 2553 advenit
1647 2521 1803 2560 Messias,
1823 2522 1934 2554 debuit
1955 2521 1987 2552 in
2010 2521 2076 2554 hac

1100 2564 1215 2606 politia
1234 2575 1354 2597 sonare
1377 2576 1442 2597 vox
1465 2565 1693 2606 promissionis
1717 2565 1856 2596 traditae
1879 2565 1920 2596 de
1939 2563 2074 2596 Messia.

1071 2641 1075 2646 ,
1101 2608 1142 2640 Et
1164 2615 1199 2640 ut
1221 2614 1336 2650 posset
1358 2607 1423 2639 late
1445 2608 1622 2649 propagari
1646 2607 1796 2640 doctrina
1819 2608 1860 2640 de
1881 2607 1955 2640 Deo
1979 2613 2011 2639 et
2034 2608 2075 2638 de
