2324 2958
108 173 151 205 ⁴9

110 275 187 299 cere
220 265 316 296 etiam
350 262 487 294 Doctori
520 260 671 292 Luthero.
716 260 867 291 Nominat
903 266 1009 290 autem
1044 269 1082 290 se

109 308 285 344 minimum,
308 305 381 347 quia
404 302 550 335 humiliat
568 313 606 334 se
628 313 739 334 coram
763 303 861 333 Patre
878 312 958 343 prae
981 301 1082 333 omni-

111 352 173 383 bus
195 347 323 391 angelis
345 353 377 378 et
401 346 596 378 hominibus.
640 345 714 386 lpse
737 345 821 376 enim
844 344 992 384 perfecte
1023 354 1081 375 no-

110 394 156 424 vit
177 392 312 433 patrem.

195 433 313 465 Nonne
341 442 405 473 quo
439 432 580 472 quisque
607 431 714 472 magis
737 427 888 470 intelligit
911 435 1081 470 praestan-

111 479 187 509 tiam
217 477 292 507 boni
327 475 359 506 in
392 474 520 515 aliquo,
556 483 595 504 eo
628 473 734 515 magis
768 481 807 503 se
841 472 870 502 ei
900 471 1082 502 submittit?

111 519 209 552 Certe
232 519 286 560 qui
309 515 458 558 intelligit
480 517 644 553 virtutem,
666 525 732 546 non
756 515 877 546 invidet
901 512 996 545 alteri
1020 514 1082 544 vir-

110 568 178 593 tute
200 561 369 602 praedito:
392 560 450 591 sed
472 564 649 590 veneratur
672 568 746 589 etun
768 563 904 598 propter
917 557 1081 593 virtutem,

109 604 172 635 nisi
193 603 237 633 sit
255 609 371 633 natura
393 608 580 633 monstrosa
603 606 658 631 aut
679 600 873 641 impediatur
895 609 914 630 a
927 598 1080 630 Diabolo.

109 645 234 676 Poetas
258 650 388 676 veteres
410 643 514 685 pluris
536 642 625 681 facit,
648 643 709 684 qui-
725 641 895 684 intelligit,
927 648 1082 682 quantum

111 688 188 720 boni
212 688 243 718 in
267 688 314 718 eis
338 687 397 725 sit,
447 697 522 717 uam
544 685 615 722 alii,
650 688 703 726 qui
728 686 835 716 obiter
857 683 934 715 illos
957 683 1082 726 legunt.

109 729 261 772 Denique
283 729 400 761 univer
451 729 513 760 iter
546 729 610 759 hoo
640 738 753 759 verum
783 734 852 764 est,
886 733 920 758 ut
942 728 1082 768 quisque

111 774 231 815 optime
252 770 400 813 intelligit
423 770 560 813 aliquid,
585 776 617 801 et
639 771 686 801 rei
710 770 887 801 bonitatem
909 770 1016 807 videt,
1038 768 1083 799 ita

110 815 247 847 maxime
269 824 337 846 rem
359 813 448 845 illam
471 819 659 845 veneratur.
705 812 872 855 Regulare
899 812 996 843 etiam
1019 817 1082 848 est,

110 865 146 890 ut
168 867 233 899 quo
256 858 394 898 quisque
416 863 466 887 est
489 857 680 897 sapientior,
699 866 738 886 eo
763 857 805 887 sit
827 854 989 886 humilior.

194 900 247 931 Ac
280 898 349 930 fieri
378 904 506 940 potest,
541 904 575 930 ut
620 905 772 939 ropterea
794 904 928 938 spretus
951 903 983 927 et
1006 906 1083 927 con-

110 949 250 983 temptus
281 943 322 972 sit
356 941 442 973 filius
466 940 529 972 Dei
562 951 582 972 a
639 939 775 979 iabolis,
809 939 897 981 quod
932 939 1083 970 viderunt

109 984 265 1016 maiorem
286 984 319 1015 in
342 995 382 1016 eo
405 985 655 1021 subiectionem,
680 993 775 1025 quam
798 983 830 1014 in
849 981 917 1014 ulla
932 988 1083 1013 creatura

110 1037 186 1059 esse
207 1033 334 1068 posset.

194 1069 266 1100 Nec
288 1079 368 1100 vero
390 1075 537 1111 pugnant
560 1068 643 1102 haec
665 1069 749 1099 inter
772 1077 820 1104 se,
833 1067 921 1109 quod
934 1065 1019 1097 filius
1034 1073 1083 1098 est

111 1109 259 1153 aequalis
294 1113 389 1152 patri,
424 1118 456 1142 et
489 1111 576 1152 quod
611 1118 718 1142 tamen
748 1116 924 1141 veneratur
947 1116 1084 1150 patrem,

109 1153 193 1186 Nam
222 1152 403 1195 aequalitas
432 1154 596 1184 essentiae
621 1159 652 1184 et
674 1153 853 1193 potentiae:
898 1151 967 1183 Sed
989 1162 1084 1182 reve-

110 1196 215 1227 rentia
239 1202 270 1227 et
292 1195 458 1227 humilitas
481 1201 642 1226 monstrat
675 1195 821 1226 ordinem
855 1204 1083 1236 personarum.

109 1237 195 1269 Sunt
219 1239 303 1269 enim
325 1247 489 1279 personae
511 1238 697 1275 distinctae,
720 1244 753 1269 et
776 1237 862 1269 filius
886 1238 984 1268 habet
1008 1247 1084 1268 esse

109 1290 203 1311 suum
227 1290 246 1311 a
269 1286 374 1321 patre·
420 1280 498 1312 lnde
521 1281 678 1312 sumenda
708 1288 759 1311 est
782 1279 903 1312 solutio
928 1280 1084 1311 obiectio-

109 1332 178 1354 ms:

263 1367 434 1397 Hmtorans
455 1371 504 1397 es!
525 1369 630 1397 minor
653 1367 817 1397 honorato.

266 1407 368 1439 Filius
389 1409 527 1439 honorat
544 1412 682 1447 patrem.
1082 1401 1096 1412 ⁸

264 1451 349 1489 Eryo
371 1455 421 1481 est
441 1453 547 1481 minor
565 1455 675 1489 putre.

195 1490 405 1533 Respondeo.
451 1492 565 1523 Honos
585 1503 650 1523 non
674 1490 758 1523 tollit
778 1490 1009 1532 aequalitatem
1033 1500 1085 1522 es-

109 1534 236 1565 sentiae
258 1533 310 1565 vel
334 1535 513 1574 potentiae,
537 1535 597 1565 sed
622 1535 778 1565 discernit
801 1535 947 1565 ordinem
971 1543 1085 1574 perso·
1108 1541 1114 1573 1
1138 1540 1296 1565 eventura
1320 1544 1396 1565 esse
1419 1532 1595 1575 significat.

108 1585 234 1607 narum.

785 165 1001 199 POSTlLLA
1021 163 1416 198 MELANTHONIANA.

2061 163 2104 194 50

1132 267 1254 298 corpus
1287 258 1390 297 ipsius
1412 266 1491 287 vere
1513 255 1624 288 habuit
1647 258 1784 298 liguram
1815 263 1950 293 certam,
1984 257 2016 287 id
2039 264 2103 294 est,

1131 301 1352 332 dimensiones
1375 305 1405 330 et
1430 300 1651 340 symmetriam
1664 300 1908 336 membrorum),
1933 299 1991 330 sed
2005 300 2104 340 signi-

1131 343 1209 374 ficat
1227 342 1397 379 affectum,
1431 343 1514 372 sicut
1537 340 1614 372 alibi
1638 352 1768 383 quoque
1787 341 1910 373 Paulus
1931 342 1976 372 ita
1998 341 2104 382 loqui-

1131 392 1197 417 tur:
1221 387 1291 417 Non
1302 386 1391 424 fiatis
1412 387 1532 416 similes
1554 386 1678 423 mundo,
1700 386 1874 424 affectibus,
1896 384 1938 423 μή
1960 395 2104 423 μετασχη-

1129 430 1310 466 ματίζεσθαι
1341 427 1384 469 τῷ
1418 427 1521 468 κόσμῳ
1556 426 1656 468 τούτῳ.
1702 426 1824 458 Postea
1857 427 2020 468 sequitur:
2067 427 2109 458 Ec

1128 474 1238 510 factus
1259 475 1309 501 est
1325 470 1417 509 patri
1436 471 1586 501 obediens
1608 479 1706 509 nsque
1728 471 1772 500 ad
1792 475 1940 507 mortem,
1972 474 2106 500 mortem

1131 518 1236 544 autem
1258 516 1373 544 vntris.

1217 555 1308 586 Haec
1331 555 1417 586 dicta
1441 554 1637 591 cogitantes,
1662 552 1772 594 aliquo
1792 555 1889 585 modo
1914 554 2105 585 considera-

1132 607 1168 629 re
1189 607 1376 639 possumus'.
1422 596 1588 628 Christum
1607 595 1774 638 singulare
1798 596 1917 637 aliquid
1942 595 2106 638 significa-

1132 650 1168 671 re
1202 639 1361 677 voluisse,
1397 650 1469 671 cum
1503 640 1649 670 nominat
1682 648 1719 670 se
1751 643 1915 670 minimum
1950 643 1984 671 in
2006 648 2105 678 rayno

1132 685 1297 714 coelorum.
1342 682 1383 713 Et
1416 692 1604 723 quanquam
1633 681 1717 712 haec
1750 680 1866 721 procul
1901 688 1976 712 sunt
2011 687 2105 712 extra

1133 732 1263 766 captum
1287 725 1428 756 omnium
1451 723 1637 755 hominum:
1671 730 1778 755 tamen
1798 725 1923 755 moveri
1946 724 1985 754 iis
2009 724 2106 754 debe·
2135 729 2137 731 ’

1133 778 1223 806 muS,
1258 774 1291 799 ut
1324 768 1480 798 ardenter
1503 766 1570 798 filio
1593 765 1656 797 Dei
1680 767 1804 807 gratias
1828 777 1983 808 agamus,
2018 766 2106 807 quod

1134 811 1230 841 etiam
1253 815 1367 841 nostra
1389 820 1490 841 causa
1515 819 1552 840 se
1571 815 1694 840 tantum
1717 807 1906 840 humiliavit.
1950 808 1993 839 Et
2026 809 2108 839 intu-

1133 859 1225 883 entes
1259 853 1291 883 in
1315 852 1380 884 hoc
1413 851 1598 892 exemplum
1625 850 1885 892 perfectissimae
1907 850 2108 888 humilitatis,

1135 896 1302 927 discamus
1324 905 1387 926 nos
1410 905 1542 936 quoque
1560 893 1793 936 aliquantulum
1817 895 1954 936 gradum
1967 893 2108 925 toleran-

1136 939 1210 975 tiae,
1243 948 1311 968 non
1345 938 1418 969 dico
1441 936 1649 974 humilitatis,
1684 938 1717 968 in
1741 939 1802 968 ista
1825 944 1942 968 nostra
1965 943 2054 968 terra
2077 941 2109 966 et

1136 981 1220 1021 turpi
1243 981 1409 1021 superbia,
1434 981 1526 1011 cuius
1551 986 1641 1011 certe
1662 980 1785 1021 pudere
1808 990 1870 1011 nos
1895 980 2052 1016 debebat,
2076 985 2108 1008 et

1135 1024 1224 1055 iuxta
1242 1023 1344 1063 ipsius
1369 1022 1490 1054 Christi
1512 1023 1699 1054 mandatum
1723 1023 1898 1054 emendare
1921 1020 2022 1059 illam,
2045 1021 2108 1051 sic-

1135 1072 1170 1097 ut
1193 1067 1313 1107 inquit:
1359 1067 1479 1097 Discite
1502 1077 1523 1095 a
1545 1075 1609 1105 me,
1633 1069 1707 1104 quia
1729 1069 1815 1097 mitis
1836 1075 1906 1097 stum
1931 1069 1961 1096 et
1984 1066 2111 1096 semilis

1135 1110 1240 1140 corde.

1221 1149 1416 1182 Postremus
1434 1149 1528 1182 locus
1547 1156 1598 1181 est
1611 1151 1651 1181 de
1670 1151 1775 1181 dicto:
1800 1152 1870 1182 Lea:
1891 1155 1923 1181 et
1934 1151 2112 1190 prophetae

1135 1203 1235 1233 usque
1256 1195 1302 1224 ad
1320 1196 1483 1225 Ioannem.
1519 1193 1676 1234 Loquitur
1698 1200 1807 1224 autern
1819 1192 1972 1223 Christus
1995 1193 2028 1222 in
2046 1191 2111 1222 hoc

1136 1237 1224 1268 dicto
1249 1237 1290 1267 de
1312 1235 1425 1277 politia
1447 1235 1522 1274 illa,
1546 1237 1672 1267 sancita
1694 1237 1726 1267 in
1750 1236 1814 1267 hoc
1837 1233 1961 1280 populo
1984 1244 2043 1276 per
2065 1232 2111 1265 le-

1137 1289 1222 1320 gem,
1258 1279 1346 1320 quod
1372 1289 1409 1309 ea
1439 1280 1480 1309 sit
1505 1279 1661 1317 desitura,
1684 1285 1718 1310 ut
1742 1277 1918 1319 colligatur
1941 1287 2027 1309 nova
2050 1275 2110 1307 Ec-

1138 1320 1241 1353 clesia
1274 1332 1314 1352 ex
1349 1322 1504 1364 gentibus
1527 1327 1558 1352 et
1582 1322 1718 1353 Iudaeis.
1764 1321 1844 1352 Vult
1869 1321 1953 1352 enim
1978 1320 2112 1357 docere,

1138 1364 1226 1405 quod
1259 1374 1397 1405 regnum
1420 1363 1565 1395 messiae
1586 1365 1650 1395 iam
1678 1363 1867 1401 inchoetur,
1903 1370 1933 1394 et
1958 1362 2046 1403 quod
2069 1362 2112 1392 sit

1138 1407 1212 1437 finis
1235 1406 1368 1447 politiae
1390 1406 1576 1438 Mosaicaet
1607 1407 1669 1437 etsi
1692 1407 1757 1438 hoc
1779 1416 1913 1448 quoque
1936 1405 2112 1446 significat,

1138 1449 1226 1490 quod
1249 1451 1312 1480 iam
1336 1449 1427 1486 fiant,
1451 1460 1536 1490 quae
1560 1449 1744 1490 significata
1767 1456 1842 1480 sunt
1867 1450 1898 1479 in
1921 1447 2010 1490 lege:
2040 1446 2110 1478 Sic·

1138 1498 1173 1522 ut
1195 1492 1292 1522 etiam
1314 1490 1382 1528 illa,
1406 1502 1490 1532 quae
1513 1503 1532 1522 a
1555 1491 1725 1533 prophetis
1748 1498 1823 1522 sunt
1846 1491 2026 1532 praedicta,
2048 1491 2111 1520 iam

1642 1534 1709 1566 Sed
1733 1532 1913 1575 principale
1936 1540 1998 1571 est,
2023 1532 2111 1574 quod

1108 1582 1114 1620 Ι
1138 1575 1207 1607 vult
1231 1578 1406 1608 ostendere.
1429 1575 1572 1608 futurum
1601 1587 1677 1608 esse
1699 1576 1795 1608 finem
1822 1578 1920 1608 totius
1942 1575 2110 1607 ministerii

195 1618 345 1649 Omnium
379 1625 488 1649 autem
523 1618 663 1649 maxime
692 1617 875 1650 declaravit
907 1617 993 1649 filius
1023 1618 1085 1649 Dei
1137 1618 1287 1657 Levitici,
1312 1625 1343 1650 et
1364 1630 1484 1650 novum
1507 1620 1731 1657 ministerium,
1755 1620 1786 1650 id
1810 1626 1870 1657 est,
1894 1629 1958 1651 non
1974 1618 2110 1655 veteris,

107 1659 320 1692 humilitatem
343 1670 453 1698 suam,
478 1662 610 1702 quando
633 1662 812 1702 assumpsit
835 1660 1009 1692 humanam
1028 1671 1085 1692 na·

109 1708 226 1734 turam.
271 1702 419 1734 Subiecit
442 1713 479 1734 se
503 1701 660 1734 voluntati
685 1705 798 1744 patris,
822 1713 886 1744 qua
909 1702 1012 1735 voluit
1031 1713 1084 1734 ae-

109 1751 222 1777 ternus
244 1751 338 1786 pater
361 1746 503 1777 iustitiae
522 1755 603 1777 suae
626 1745 776 1777 satisfieri
807 1746 956 1777 derivata
980 1746 1028 1776 ira
1051 1746 1083 1776 in

108 1787 219 1819 filium.
265 1787 313 1819 lta
347 1799 420 1820 cum
450 1789 568 1820 abiecit
591 1798 629 1819 se
651 1788 737 1820 infra
759 1798 875 1819 omnes
899 1794 1082 1826 creaturas,

108 1837 142 1862 et
176 1831 331 1862 sustinuit
363 1841 502 1872 poenam
525 1841 586 1872 pro
609 1832 717 1869 nobis,
740 1832 834 1872 quasi
857 1832 930 1871 ipse
953 1841 991 1862 se
1015 1829 1082 1872 pol-

107 1871 227 1904 luisset
249 1873 342 1910 meis,
361 1880 393 1904 et
416 1874 492 1911 tuis,
515 1880 546 1905 et
570 1875 712 1905 omnium
735 1873 900 1905 hominum
924 1874 1083 1914 peccatis.

193 1914 246 1946 De
279 1914 343 1947 hac
374 1914 598 1948 humiliatione
631 1915 686 1947 filii
710 1915 774 1948 Dei
798 1916 977 1958 loquuntur
1000 1916 1084 1947 haec

109 1959 210 1989 dicta:
234 1959 301 1997 Eyo
318 1959 438 1990 honoro
456 1964 584 1999 patrem
606 1969 718 1991 meum.
762 1959 863 1990 ltem:
898 1961 1015 1990 Factus
1037 1964 1088 1991 est

105 2010 167 2041 pro
189 2001 280 2032 nobie
296 2006 464 2041 peccatum
487 2007 519 2033 ec
538 2003 748 2034 maledictum.
793 2004 888 2034 Item:
934 2004 972 2033 In
991 2005 1084 2041 prin-

107 2046 190 2083 cipio
211 2044 287 2074 libri
307 2045 347 2075 de
368 2053 420 2075 me
441 2047 597 2085 scriptum
619 2050 686 2076 est:
717 2047 907 2077 Voluntatem
925 2049 1010 2076 tuam
1031 2048 1084 2084 fa-

107 2089 197 2117 eiam.
242 2084 284 2116 Et
317 2084 396 2116 illud
420 2085 672 2127 pulcherrimum
702 2088 830 2119 dictum
848 2085 957 2118 Pauli:
1006 2088 1083 2119 Cum

108 2132 193 2160 esset
217 2131 250 2158 in
268 2125 379 2166 forma
400 2130 470 2168 Dei,
493 2139 556 2160 non
567 2131 663 2161 ducit
673 2134 823 2170 rapinam
835 2140 907 2161 esce
919 2133 1083 2169 aequalem

107 2172 187 2208 Deo,
206 2170 238 2200 id
252 2176 314 2207 est,
335 2181 407 2201 cum
428 2177 518 2203 esset
531 2181 609 2202 vere
620 2171 713 2203 Deus
726 2179 757 2203 et
770 2173 906 2204 haberet
921 2171 1017 2204 talem
1031 2183 1083 2203 sa-

106 2211 272 2254 pientiam,
282 2213 447 2251 iustitiam,
459 2220 491 2245 et
504 2214 690 2255 potentiam,
699 2214 828 2257 qualem
842 2216 913 2256 ipse
925 2221 1018 2255 pater
1027 2214 1083 2246 ha·
1105 2219 1111 2265 ff

109 2257 175 2293 het,
191 2261 298 2286 tamen
317 2266 381 2286 non
394 2257 501 2297 rapuit
518 2255 747 2298 aequalitatem
761 2257 837 2296 Dei,
855 2257 985 2289 scilicet
1004 2268 1083 2289 con-

107 2305 159 2329 tra
181 2299 405 2336 vocationem,
439 2309 504 2340 qua
527 2306 618 2330 certo
641 2306 787 2341 tempore
809 2301 933 2332 missus
958 2299 1017 2332 fuit
1040 2301 1081 2332 ad

106 2339 371 2372 humiliationem.
396 2340 512 2377 Qualis
535 2348 642 2373 autem
664 2344 705 2374 sit
727 2343 811 2374 haec
833 2343 1027 2381 humiliatio,
1049 2344 1082 2374 in

107 2384 223 2416 eodem
247 2384 333 2415 dicto
358 2385 455 2415 dot-et
468 2383 670 2425 Apostolus:
693 2387 880 2418 Ezinanivic
899 2397 942 2427 se,
966 2391 998 2418 et
1010 2389 1083 2426 for-

106 2436 192 2458 mam
221 2431 310 2458 eervae'
330 2428 467 2467 accepit.
491 2428 522 2458 id
545 2433 614 2466 est,
649 2430 827 2470 assumpsit
850 2435 999 2460 naturam
1024 2428 1081 2460 hu-

108 2479 254 2507 manam,
277 2476 309 2500 et
332 2470 363 2500 in
387 2469 450 2501 hac
472 2469 587 2501 similis
620 2469 678 2501 fuit
701 2481 799 2503 servo
823 2473 948 2503 carenti
972 2470 1082 2503 defen-

107 2512 216 2543 sione:
240 2513 283 2544 Et
301 2514 408 2544 habim
430 2514 576 2544 intentus
598 2518 649 2544 esc
668 2518 704 2545 ut
722 2515 821 2554 homo,
843 2515 874 2546 id
891 2521 953 2552 est,
968 2513 1082 2552 doluit,

108 2555 258 2585 tristatus
282 2561 344 2593 est,
363 2565 484 2596 passus
506 2565 546 2586 ac
568 2562 718 2587 mortuus
741 2563 791 2587 est
812 2563 847 2588 ut
865 2556 975 2589 homo:
998 2557 1081 2588 Nam

108 2598 209 2637 σχῆμα
231 2596 285 2629 hic
307 2608 373 2629 non
395 2597 559 2640 significat
583 2598 720 2640 figuram
743 2598 983 2632 Geometricam
1006 2600 1083 2639 (etsi

262 2665 399 2684 unuwrn
424 2666 503 2685 ona.
520 2666 583 2687 vo1..
600 2666 675 2685 xxiv.

1137 1663 1196 1692 sed
1220 1662 1297 1693 novi
1320 1661 1520 1693 Testamenti
1543 1662 1731 1694 inchoatum
1754 1663 1802 1693 iri.

1222 1703 1285 1735 Hic
1308 1714 1387 1735 vero
1411 1711 1577 1744 repetatur
1596 1705 1776 1736 communis
1799 1711 1829 1736 et
1851 1704 2041 1735 necessaria
2055 1704 2112 1734 do-

1138 1746 1242 1777 ctrina
1267 1747 1308 1777 de
1330 1747 1480 1788 partibus
1502 1745 1598 1789 legis.
1645 1748 1700 1779 Sic
1723 1748 1808 1778 enirn
1834 1748 1971 1779 nbiicio:

1266 1808 1405 1838 Aeser-na
1423 1810 1454 1837 et
1477 1809 1685 1839 immutabilia
1707 1817 1770 1839 non
1793 1811 1931 1839 cessant.

1266 1850 1332 1880 Lex
1364 1851 1472 1880 divina
1494 1855 1544 1880 est
1563 1854 1712 1890 aeterna,
1738 1855 1770 1882 et
1790 1851 2001 1881 immutabilis.
2036 1853 2111 1889 qum

1312 1896 1362 1923 est
1382 1895 1454 1933 ipsa
1475 1896 1632 1932 sapiencia
1651 1898 1684 1924 ee
1699 1903 1812 1925 norma
1830 1896 1969 1924 iustitiae
1988 1895 2020 1923 in
2034 1893 2109 1929 Deo,

1312 1945 1393 1973 quae
1421 1939 1486 1966 tam
1519 1945 1582 1966 nun
1612 1940 1721 1975 potest
1739 1939 1873 1974 mutari,
1908 1945 2000 1975 quam
2023 1936 2110 1966 Deus

1311 1980 1380 2017 ipse
1400 1981 1520 2009 mutari
1540 1988 1603 2009 non
1622 1982 1737 2018 potest.

1265 2021 1350 2059 Eryo
1371 2023 1423 2051 lex
1445 2030 1507 2052 non
1530 2022 1649 2052 desinit
1669 2022 1701 2052 1'n
1724 2023 1849 2053 Ioanne.

1220 2086 1422 2128 Respondeo
1441 2089 1482 2118 ad
1504 2088 1669 2119 maiorem.
1703 2090 1850 2120 Aeterna
1875 2100 1940 2119 tion
1964 2093 2109 2124 cessant,

1135 2129 1281 2168 scilicet,
1315 2141 1399 2171 quae
1423 2137 1499 2162 sunt
1528 2131 1560 2161 in
1588 2131 1661 2171 ipso
1685 2130 1768 2162 Deo.
1814 2131 1905 2163 llaec
1928 2131 2011 2161 enim
2034 2136 2109 2161 sunt

1135 2171 1356 2204 immutabilia.
1402 2172 1470 2204 Sed
1492 2183 1577 2215 quae
1599 2180 1675 2205 sunt
1700 2181 1792 2205 extra
1813 2175 1938 2215 ipsum,
1971 2179 2006 2203 ut
2027 2171 2109 2213 poli-

1135 2217 1199 2247 tica
1222 2226 1283 2247 seu
1306 2214 1450 2247 forensia
1484 2223 1515 2247 et
1550 2216 1793 2254 ceremonialia,
1827 2223 1902 2248 sunt
1927 2213 2108 2246 mutabilia.

1134 2259 1209 2290 Non
1232 2257 1376 2300 loquitur
1387 2264 1494 2290 autem
1507 2258 1661 2290 Chii-stus
1674 2260 1705 2290 in
1719 2260 1782 2290 hoc
1797 2260 1882 2304 dicto
1908 2259 1948 2289 de
1976 2258 2107 2299 sapien-

1134 2302 1178 2332 tia
1215 2300 1273 2332 illa
1301 2308 1332 2332 et
1375 2312 1489 2332 norma
1522 2302 1662 2333 iustitiae
1695 2302 1726 2332 in
1751 2302 1843 2339 Deo,
1873 2311 1958 2343 quae
1981 2307 2031 2332 est
2054 2299 2107 2332 lex

1134 2343 1283 2381 Mumlis,
1308 2354 1371 2385 qua
1394 2343 1538 2385 postulat
1561 2343 1821 2375 conformitatem
1835 2346 1866 2376 in
1881 2345 2042 2375 creaturis
2055 2354 2107 2374 ra-

1134 2386 1310 2418 tionalibus
1334 2397 1407 2418 cum
1420 2385 1505 2426 Deo,
1525 2387 1591 2418 Sed
1611 2388 1652 2418 de
1675 2386 1749 2428 lege
1773 2385 1981 2418 ceremoniali
2006 2394 2037 2417 ct
2061 2386 2107 2417 iu-

1134 2429 1241 2461 diciali
1265 2431 1450 2470 pertinente
1472 2430 1513 2461 ad
1536 2429 1680 2471 politiam
1704 2430 1796 2460 istius
1818 2428 1943 2471 populi.

1219 2472 1363 2514 Opponit
1386 2474 1469 2504 enim
1492 2472 1557 2503 hoc
1587 2473 1706 2503 dictum
1728 2473 1949 2514 imaginationi
1974 2473 2107 2503 iudaeo-

1132 2525 1215 2553 rum,
1249 2516 1304 2556 qui
1327 2514 1427 2546 stulte
1449 2517 1653 2557 cogitabant,
1677 2513 1827 2546 Politiam
1847 2515 2028 2546 Mosaicam
2052 2514 2106 2545 de-

1135 2559 1211 2588 bere
1234 2559 1409 2599 propagari
1431 2559 1463 2589 in
1482 2564 1584 2589 totum
1608 2558 1771 2589 mundum.
1802 2557 1928 2589 Contra
1951 2553 2106 2588 hunc'er-

1131 2610 1241 2632 rorem
1270 2600 1411 2632 affirmat
1443 2600 1495 2631 hic
1518 2600 1689 2638 Christus,
1725 2599 1873 2632 Politiam
1899 2606 2105 2631 cessaturam

1886 2664 1900 2684 ⁴
