2324 2958
75 193 139 226 &57

76 287 225 326 sanquine
247 284 419 315 testamenti
435 283 497 313 tui:
523 281 556 320 id
579 286 647 318 est,
669 279 719 312 Tu
740 279 847 313 facies
869 287 1042 313 testamen-

77 335 165 366 mm,
197 328 284 370 quod
312 326 504 367 obsignabis
531 323 692 365 sanguine
715 330 790 360 tuo;
823 331 858 355 tu
881 324 1044 361 morieris,

79 378 111 404 et
132 370 216 402 haec
239 375 295 401 tua
315 378 404 400 mors
433 368 495 399 erit
515 367 671 408 pretium,
704 372 840 407 propter
862 366 950 407 quod
972 365 1044 397 red-

78 415 172 446 detur
192 413 258 444 vite
279 410 406 443 electis.
459 410 582 440 Educes
602 410 722 439 vinctos
743 408 784 438 de
805 408 891 438 lacu:
926 409 958 439 id
982 413 1044 446 est,

78 466 120 488 ex
143 461 247 488 morte
269 460 301 486 et
322 452 446 485 inseiis.

163 497 349 538 Antiquitas
379 496 522 527 breviter
548 500 599 526 est
627 492 759 525 locuta:
792 493 864 524 Rex
887 494 1046 525 maximas

80 541 234 573 brevibus
261 538 460 579 aphorismis
489 544 522 570 et
543 536 714 568 sententiis
738 536 879 567 tradidit.
925 535 1047 566 Postea

79 582 183 614 voluit
206 591 263 613 eas
285 580 460 623 diligenter
482 579 635 622 cogitari,
659 579 872 617 considerari,
895 578 1046 620 expendi.

77 625 170 657 Tunc
199 625 284 655 enim
312 622 504 664 intelligitur
526 622 667 654 omnium
690 622 846 659 maxime,
880 622 967 663 quod
991 620 1048 652 illa

76 668 142 699 sint
163 667 375 709 gravissime,
409 672 441 697 et
462 664 759 706 significantissime
782 664 885 701 dicta,
915 664 1047 705 quando

78 710 254 741 verborum
287 709 433 750 pondera
466 707 726 739 considerantur.

80 752 325 783 {undamentum
358 751 456 781 totius
490 749 640 780 aedificii.
695 749 833 789 Oportet
867 750 951 780 enim
985 749 1048 789 pri-

77 804 164 825 mum
187 794 354 825 historiam
378 802 488 823 nosse.

164 835 202 867 11.
236 835 348 867 Locus
366 840 419 866 est
435 844 537 865 causa
559 833 668 864 finalis
691 834 873 875 passionis3
897 832 1049 865 videlicet

77 878 165 920 quod
200 877 256 908 fiat
285 883 420 917 propter
441 886 521 907 nos:
553 876 689 906 Dolores
711 880 834 906 nastros
855 878 923 915 ipse
942 879 1049 915 porta-

76 922 131 954 uit,
153 920 271 960 inquit:
288 919 388 960 idque
403 928 504 959 saepe
527 917 672 950 inculcat
694 923 726 950 et
744 919 877 959 repetit,
897 925 931 950 ut
951 918 1050 959 signi-

78 961 164 999 ficet,
186 971 206 992 a
229 962 325 993 nobis
349 962 444 992 etiam
469 971 569 1001 saepe
592 962 802 1001 repetendum
826 967 858 992 et
877 960 1050 1003 diligenter

77 1004 287 1046 cogitandum
310 1013 401 1035 esse:
426 1003 520 1040 Quia,
538 1004 600 1034 etsi
623 1013 735 1035 sumus
759 1002 912 1041 infantes,
930 1009 960 1034 et
982 1012 1048 1034 non

77 1045 289 1088 intelligimus
331 1046 586 1087 magnitudinem
619 1052 651 1077 et
684 1045 936 1086 profunditatem
971 1055 1048 1076 con-

77 1087 160 1127 silii,
190 1099 292 1130 quare
315 1088 408 1119 Deus
432 1089 483 1119 sic
511 1087 652 1119 voluerit
680 1089 840 1120 redimere
862 1098 968 1129 genus
991 1088 1048 1118 hu-

77 1141 220 1162 manum:
244 1137 352 1162 tamen
375 1129 445 1162 vult
467 1130 559 1162 Deus
581 1140 644 1161 nos
668 1130 795 1162 discere
816 1131 905 1161 initia
928 1130 1048 1161 doctri-

77 1183 142 1205 nae
162 1174 194 1204 in
217 1173 280 1205 hac
303 1172 456 1211 infantia,
479 1180 511 1204 et
532 1171 753 1203 imbecillitate
775 1179 901 1203 nostra.

163 1215 216 1246 ΙΙΙ.
251 1215 363 1247 Locus
385 1222 437 1245 est
460 1213 647 1255 Applicatio
670 1215 763 1246 istius
785 1214 944 1253 beneficii,
954 1225 1047 1256 auae

77 1257 214 1288 traditur
237 1257 267 1287 in
291 1258 364 1288 istis
388 1257 513 1287 verbis:
535 1255 664 1286 Notz'tIa
685 1259 751 1286 eius
772 1259 850 1296 iusti
869 1257 953 1287 cabit
976 1258 1047 1287 mul-

75 1304 133 1330 tos.
179 1299 251 1331 Vos
281 1299 514 1330 adolescentes
542 1299 660 1330 discite
689 1300 952 1332 Grammaticam.
998 1300 1047 1332 Iu-

74 1341 148 1373 daei
169 1340 279 1373 inultis
303 1343 409 1373 modis
433 1343 653 1382 depravarunt
681 1343 817 1382 turpiter
839 1343 1046 1379 sententiam.

74 1383 200 1415 Nostra
219 1386 344 1415 wei-sio
377 1385 422 1415 ita
455 1383 551 1425 legit:
595 1384 734 1413 &tentia
768 1395 823 1413 sna
857 1386 1046 1424 iustificabit.

75 1425 174 1461 Quod
196 1427 247 1457 sic
269 1433 493 1467 exposuerunt
515 1424 628 1466 aliqui:
663 1426 723 1457 Hic
746 1436 807 1459 sua
831 1427 987 1466 scientia,
1016 1429 1047 1459 id

75 1474 137 1506 δί,
159 1468 271 1511 Lege,
294 1469 484 1500 iustificabit
506 1467 641 1508 multos,
664 1469 697 1500 id
720 1475 789 1507 est,
813 1470 943 1501 docebit
968 1469 1048 1501 mul—

75 1518 147 1549 tos,
180 1512 267 1543 sicut
300 1510 424 1542 Moises
458 1511 569 1543 docuit
608 1510 750 1549 multos,
789 1513 843 1553 qui
876 1512 1047 1544 audientes

75 1560 192 1594 postea
216 1563 276 1584 sua
298 1553 466 1595 diligentia
489 1564 525 1584 se
550 1554 772 1586 emendarunt.
817 1554 863 1586 lta
886 1565 1047 1596 exposue-

73 1599 148 1626 runt
178 1595 243 1626 hoc
271 1596 411 1634 dictum,
444 1605 510 1627 non
541 1597 582 1627 de
608 1595 672 1627 fide
695 1603 727 1628 et
750 1597 888 1635 iustitia,
922 1598 982 1629 sed
1006 1599 1047 1630 de

73 1637 233 1668 doctrina.
1070 1657 1072 1679 Ι

159 1696 226 1727 Sed
263 1697 312 1727 sio
346 1697 651 1729 contaminaverunt
684 1704 785 1729 totum
814 1697 940 1737 locum,
973 1710 1071 1733 cum¹

72 1739 173 1769 verba
207 1738 387 1780 prophetae
424 1738 489 1771 hoc
524 1741 651 1771 dicant:
692 1740 835 1770 Christus
868 1743 1071 1780 instificabitv

70 1781 182 1810 munos
205 1783 317 1811 notitia
341 1784 405 1811 mi:
429 1782 461 1813 id
484 1789 553 1820 est,
578 1783 710 1824 quando
732 1790 950 1825 agnoscetur,
974 1787 1045 1816 sive
1068 1783 1070 1816 ἶ

72 1833 133 1864 per
155 1825 232 1861 hoc,
255 1825 386 1865 quando
412 1825 560 1856 homines
585 1825 649 1856 fide
672 1837 746 1857 eum
769 1827 992 1866 intuebuntur,
1012 1835 1044 1859 et
1068 1833 1070 1839 ’

71 1873 257 1908 agnoscent
281 1877 358 1898 esse
380 1867 535 1898 Messinm
564 1874 595 1899 et
624 1869 787 1900 victimam
810 1880 870 1910 pro
893 1877 1041 1910 peccato.

155 1917 282 1947 Nomia
300 1916 354 1949 hic
377 1928 443 1949 non
465 1918 631 1960 significat
657 1920 857 1959 doctrinam,
887 1922 944 1952 sed
968 1932 1043 1963 pas-

71 1960 143 1991 sive
167 1959 329 2001 significat
352 1961 552 2002 agnitionem
575 1961 712 1993 Christi:
735 1962 807 1994 Nec
833 1964 965 2001 dicitur,
988 1964 1042 1994 do-

71 2001 166 2036 cebit,
198 2003 275 2041 sed,
311 2003 506 2042 iustificabIt,
540 2005 572 2035 id
596 2010 666 2042 est,
699 2006 804 2036 iustos
826 2013 859 2037 et
883 2015 1041 2049 acceptos

71 2043 145 2076 Deo
179 2043 288 2077 saciet.
350 2045 490 2077 Debetis
524 2047 753 2082 considerare,
787 2050 954 2089 quomodo
988 2049 1042 2081 alii

69 2087 297 2129 depravarint,
321 2095 353 2119 ut
376 2089 514 2129 possitis
539 2089 639 2120 vitare
663 2090 879 2131 corruptelas

154 2129 299 2166 Quartus
317 2130 425 2168 locus.
448 2131 648 2172 praedicatio
671 2133 890 2173 poenitentiae
913 2136 1041 2166 univer-

68 2171 169 2210 salis,
199 2183 272 2204 cum
295 2174 415 2215 inquit:
451 2173 561 2203 Omnes
582 2184 638 2204 nos
661 2177 752 2214 quasi
774 2186 843 2205 oves
864 2179 1038 2207 erravimus.

70 2215 215 2247 Accusat
234 2221 336 2247 totum
357 2226 462 2257 genus
482 2215 669 2248 humanum.
714 2217 784 2250 Nos
802 2218 923 2261 singuli
942 2220 1040 2252 habe-

68 2268 141 2288 mus
164 2263 248 2289 tetra
271 2266 419 2300 peccata.

152 2316 293 2352 Quintus
322 2317 417 2350 locus
450 2325 500 2350 est
529 2319 706 2360 promissio
728 2320 940 2353 universalis:
972 2323 1038 2353 Pro
1063 2314 1069 2359 ἰ

66 2359 203 2389 munibus
223 2363 363 2399 roqum't,
387 2363 472 2393 sicut
495 2360 619 2393 Paulus
639 2363 727 2393 dicit:
759 2363 917 2395 Conclmit
940 2376 1040 2396 annues

65 2402 120 2432 rub
138 2407 318 2442 peccatum,
342 2409 375 2434 ut
398 2406 527 2434 οηιηιίιηι
550 2406 736 2434 misereatur.
789 2406 880 2438 Haec
910 2409 1038 2440 univer-

65 2444 146 2476 salis
171 2455 271 2486 saepe
301 2446 354 2478 hic
377 2448 515 2488 repetita
545 2454 614 2485 est,
645 2453 710 2478 tum
740 2448 772 2479 in
795 2450 1038 2490 praedicatione

64 2488 295 2527 poenitentiae.
354 2490 487 2529 Quisque
520 2491 576 2520 init
609 2491 641 2519 in
670 2492 748 2520 viam
775 2502 876 2521 suam.-
908 2499 975 2525 tum
1005 2495 1037 2525 in

64 2531 300 2570 promissione:
323 2532 365 2561 Et
381 2534 490 2571 posuit
506 2532 592 2562 Deus
611 2534 642 2561 ἰιι
661 2543 696 2562 eo
714 2534 892 2574 iniquitates
910 2538 1037 2566 munium

64 2576 244 2602 nostrorum.

149 2614 270 2647 Sextus
292 2614 388 2648 locus
411 2623 463 2648 est
486 2617 526 2649 de
549 2617 742 2650 Sacerdotio
765 2618 904 2652 Christi:
932 2620 1036 2652 Ponet

215 2673 360 2695 ism-ARTE.
375 2676 455 2696 ormi.
471 2677 532 2697 VOL.
548 2677 625 2696 xxlv.

752 186 969 220 POSTILLA
990 184 1340 220 MELANTHONIAN
1344 185 1384 216 A.

782 706 843 738 Hic
869 705 966 738 locus
997 712 1048 737 est
1074 710 1077 731 ἐ

1070 1735 1071 1738 ’
1097 1729 1175 1754 tum.

2002 184 2067 217 658

1096 279 1226 309 animam
1247 288 1331 307 suam
1353 281 1529 318 peccatam,
1560 286 1593 310 ut
1618 285 1667 310 est
1690 280 1723 310 in
1746 278 1914 314 Hebmeoz
1938 277 2009 317 vel,
2032 285 2068 310 ut

1095 320 1151 352 alii
1173 327 1321 358 vertunt,
1343 320 1475 350 hostiam
1492 330 1554 359 pro
1575 326 1715 360 peceato.

1182 362 1348 403 Septimo,
1383 363 1423 393 de
1449 365 1693 394 resurrectione
1723 370 1755 395 et
1782 374 1902 405 regno:
1936 370 1971 395 ut
1993 373 2067 396 cum

1097 405 1188 437 dicit:
1222 404 1277 434 Ex
1309 406 1482 443 afflictione
1513 409 1542 434 et
1571 417 1673 445 poena
1703 406 1850 436 liberatus
1875 410 1931 436 est.
1976 406 2067 445 Item,

1121 449 1333 478 'onerationem
1355 449 1435 482 eius,
1458 449 1527 486 quis
1549 449 1729 477 enarrabit?

1185 490 1325 528 Octavo,
1346 491 1386 521 de
1403 490 1520 530 poenis
1542 491 1711 532 impiorum
1735 498 1765 522 et
1789 492 2067 532 persequentium.

1097 531 1211 571 Spolia
1224 533 1354 571 sortium
1371 532 1500 562 dividet.
1537 533 1664 563 Passim
1680 540 1787 564 autem
1807 534 1974 575 coniungit
1992 543 2066 575 pas-

1098 576 1225 606 sionem
1248 582 1280 606 et
1303 576 1592 606 resurrectionem:
1616 582 1662 613 ut,
1686 575 1848 604 Abscissus
1865 580 1909 605 est
1927 576 1966 605 ‹le
1985 580 2069 605 term

1098 619 1277 647 viventimn:
1298 618 1330 649 id
1353 623 1416 655 est,
1440 616 1630 649 interfectus
1654 624 1716 649 est.
1761 618 1899 649 Debetis
1923 619 2070 658 pondera

1099 661 1274 691 verborum
1298 661 1524 691 considerare:
1558 661 1618 691 sed
1646 661 1735 691 addit
1765 667 1887 691 tamen:
1922 661 2070 690 liberatur

1098 706 1144 731 est
1182 703 1222 733 de
1260 704 1414 741 anqustia.
1477 702 1549 733 Hoc
1587 703 1704 734 dicitur
1742 704 1782 733 «le
1816 704 2069 734 resurrectione.

1100 745 1222 775 Postea
1256 756 1371 776 rursus
1404 745 1586 786 coniungit:
1632 745 1805 784 Sepelietar
1837 749 1872 774 ut
1903 747 2008 784 ἰηιρίἰ,
2041 749 2070 775 et

1099 788 1181 816 sicut
1205 787 1316 817 divites
1337 789 1495 826 morietur]
1520 788 1552 818 id
1575 794 1637 825 est,
1661 798 1740 819 vere
1762 789 1930 826 morietur,
1954 794 1985 819 et
2007 799 2070 820 mo·

1099 830 1200 860 rietur
1223 835 1386 872 tamquam
1409 828 1577 862 scelerati:
1612 830 1799 870 Quamquam
1827 841 1889 859 non
1913 834 1958 860 est
1981 830 2072 860 doliu

1099 873 1132 900 in
1155 882 1208 901 ore
1230 873 1302 901 eius.
1349 873 1439 911 Item,
1453 877 1551 912 ponet
1574 875 1705 902 animam
1726 876 1824 912 suam]
1848 874 2015 912 morietur,
2039 880 2070 904 et

1101 919 1207 945 tamen
1231 915 1333 946 addit:
1362 916 1479 945 videbit
1502 926 1598 944 semen
1622 915 1809 954 Ionyaevum.

1185 956 1277 988 Haec
1299 959 1555 989 contradictoria
1586 964 1618 989 et
1640 960 1819 1000 pugnantia
1842 969 1906 989 non
1930 965 2071 999 possunt

1099 997 1185 1029 solvi
1212 1000 1275 1030 nisi
1298 1011 1356 1041 per
1379 1002 1663 1032 resurrectionem.
1718 1000 1820 1032 Simul
1844 1002 1921 1032 dicit
1944 1012 2016 1032 eum
2039 1008 2071 1032 et

1099 1042 1289 1073 moriturum
1318 1050 1351 1074 et
1378 1049 1648 1075 resurrecturum.
1706 1044 1772 1075 lsta
1802 1045 1982 1085 pugnantia
2003 1054 2071 1075 non

1098 1090 1250 1124 poterant
1273 1085 1452 1117 conciliare
1474 1087 1560 1127 impii
1584 1086 1702 1121 ludaei,
1726 1087 1780 1127 qui
1804 1097 1870 1118 non
1893 1086 2072 1118 credebant

1099 1128 1385 1158 resurrectionem.
1430 1128 1507 1160 Ideo
1531 1134 1654 1160 tantum
1677 1130 1894 1172 exagitarunt,
1913 1130 1997 1161 sicut
2015 1130 2070 1161 ad-

1099 1168 1164 1200 huc
1186 1168 1322 1201 faciunt.

1183 1210 1256 1254 Ego
1276 1212 1439 1254 disputavi
1457 1224 1530 1245 cuin
1551 1215 1692 1256 quodam
1711 1214 1830 1246 Iudaeo
1851 1215 1891 1245 de
1911 1213 1974 1246 hoc
1997 1216 2070 1256 ipso

1099 1255 1224 1295 capite,
1259 1261 1290 1285 et
1323 1257 1394 1296 ipse
1427 1255 1569 1287 habebat
1602 1263 1679 1288 ante
1712 1268 1749 1288 se
1777 1258 1916 1298 positum
1940 1257 2069 1295 librum,

1098 1295 1207 1327 Biblia
1230 1297 1412 1337 Hebraica‚
1442 1306 1473 1330 et
1497 1309 1561 1341 ego
1584 1310 1715 1342 quoque
1737 1299 1914 1332 habebam:
1944 1307 1975 1331 et
1998 1311 2070 1332 eum

1097 1348 1250 1370 essemus
1273 1342 1444 1382 progressi
1468 1343 1682 1383 disputando,
1711 1350 1742 1373 et
1767 1343 1893 1374 videret
1915 1353 1993 1374 suas
2017 1353 2070 1373 so-

1099 1381 1243 1413 lutiones
1265 1382 1346 1414 nihil
1369 1387 1497 1423 valere,
1520 1386 1624 1416 iratus
1648 1384 1765 1417 clausit
1794 1385 1927 1424 librum,
1949 1393 1980 1417 et
2004 1392 2070 1417 sto—

1098 1423 1346 1457 machabundus
1381 1427 1474 1458 dixit:
1512 1427 1600 1459 Nihil
1635 1427 1711 1459 volo
1741 1429 1910 1470 disputare
1938 1429 1979 1460 de
2006 1430 2069 1460 isto

1099 1467 1221 1507 capite,
1255 1474 1286 1498 et
1318 1469 1436 1500 obiecit
1463 1470 1554 1501 mihi:
1589 1469 1795 1511 Impossibile
1822 1478 1873 1502 est
1902 1481 1963 1503 vos
1994 1481 2070 1503 esse

1098 1508 1253 1550 populum
1282 1509 1362 1549 Dei,
1397 1514 1472 1553 quia
1500 1523 1566 1544 non
1596 1515 1737 1544 servatis
1767 1512 1888 1556 legem:
1922 1514 1994 1557 Ego
2017 1524 2068 1545 re·

1098 1553 1232 1593 spondi:
1255 1552 1429 1588 Quomodo
1453 1565 1515 1586 vos
1538 1557 1642 1597 magis
1665 1557 1807 1588 servatis
1829 1556 1948 1599 legem,
1968 1567 2066 1599 quam

1098 1604 1180 1631 noS,
1214 1602 1244 1626 et
1278 1595 1518 1638 intelligebam,
1553 1599 1630 1639 quid
1664 1598 1773 1630 vellet.
1829 1598 1887 1630 llle
1920 1601 2065 1631 dicebat:

1098 1637 1172 1668 Non
1207 1637 1326 1679 loquor
1353 1639 1394 1670 de
1422 1639 1592 1679 faciendo,
1625 1643 1684 1673 sed
1714 1652 1775 1673 vos
1799 1642 1926 1674 docetis
1949 1649 2066 1674 contra

1098 1679 1234 1721 Legem,
1257 1682 1387 1722 quando
1411 1683 1517 1714 dicitis
1541 1694 1606 1714 non
1629 1694 1705 1715 esse
1727 1686 1924 1716 servandum
1948 1686 2066 1717 sabba—

1221 1723 1353 1762 Videte,
1377 1725 1483 1766 qualis
1505 1727 1545 1757 sit
1571 1726 1745 1758 cavillatio.
1790 1728 1845 1759 Sic
1867 1738 2014 1769 oppono:

1185 1765 1302 1805 Ubique
1325 1767 1437 1798 clamat
1458 1769 1510 1798 lez·
1531 1769 1611 1798 m'lzil
1629 1780 1694 1799 esse
1711 1770 1897 1805 addendum,
1915 1770 1995 1800 nihil
2014 1772 2063 1801 de-

1223 1809 1417 1846 trahendum,
1441 1811 1521 1841 nihil
1541 1813 1729 1842 nudandum:

1180 1851 1248 1881 Nos
1269 1852 1472 1883 detrahimus:

1179 1893 1267 1933 Eryo
1289 1905 1350 1924 non
1372 1907 1471 1925 Sumus
1489 1903 1626 1936 populus
1649 1898 1721 1932 Dei,
1741 1901 1814 1938 quia
1833 1899 1975 1929 doceam
1990 1910 2062 1939 pm·-

1222 1941 1279 1967 tem
1301 1937 1385 1967 illam
1408 1939 1447 1968 de
1468 1940 1595 1970 sabbato
1619 1951 1683 1970 esse
1705 1941 1859 1970 abolitam.

1179 1979 1389 2022 Respondec.
1440 1981 1594 2014 Christus
1618 1984 1689 2025 ipse
1713 1983 1826 2015 solvit:
1849 1984 1948 2014 Filius
1970 1984 2061 2015 homi-

1092 2024 1157 2061 πίε,
1179 2024 1270 2052 etiam
1293 2023 1416 2054 sabbati
1437 2025 1588 2055 Dominus
1616 2030 1671 2056 est.
1722 2026 1863 2058 Messias
1887 2033 1938 2058 est
1960 2037 2061 2069 supra

1093 2065 1234 2104 Moisen‚
1255 2072 1287 2097 et
1310 2073 1361 2098 est
1373 2068 1552 2106 Sacerdos,
1569 2079 1629 2098 ηοη
1651 2070 1814 2099 secundam
1835 2069 1921 2104 Levi,
1941 2070 1996 2099 sed
2018 2081 2060 2100 so-

1093 2108 1224 2138 cundum
1246 2110 1384 2139 ordinem
1405 2110 1641 2142 Melchisedech.
1691 2111 1750 2143 Est
1779 2113 1937 2144 sacerdos
1960 2124 2059 2155 supra

1092 2150 1217 2193 legem,
1239 2163 1340 2193 supra
1363 2153 1589 2186 Sacerdotium
1611 2155 1802 2186 Leviticum.
1847 2154 1939 2187 Deus
1970 2166 2058 2187 man—

1093 2195 1181 2226 davit
1205 2196 1236 2226 in
1255 2193 1346 2237 lege,
1379 2196 1410 2227 id
1441 2203 1513 2235 est,
1548 2198 1580 2228 in
1603 2196 1879 2236 Deuteronomio,
1911 2208 1943 2229 ut
1969 2197 2058 2230 illum

1091 2236 1247 2268 messiam
1271 2239 1441 2270 audiamus
1465 2247 1541 2280 post
1561 2239 1707 2278 moisen,
1737 2247 1899 2282 tamquam
1922 2240 2058 2272 afferen-

1091 2287 1156 2312 tem
1180 2279 1275 2312 aliam
1299 2282 1496 2319 doctrinam,
1519 2293 1615 2324 quam
1641 2283 1693 2314 lox
1716 2283 1820 2314 affert.

1178 2323 1329 2355 ieremias
1353 2324 1475 2356 clarius
1498 2324 1612 2357 solvit:
1634 2325 1717 2354 EI'Ft*
1744 2325 1826 2355 dabo
1849 2325 1941 2354 aliam
1964 2326 2058 2366 leyen:

1090 2367 1121 2395 in
1145 2367 1292 2396 cordibus
1314 2378 1431 2402 eornm,
1462 2379 1523 2397 uon
1551 2369 1713 2397 secundnm
1732 2372 1878 2407 partum,
1903 2369 1986 2408 qnod
2004 2379 2057 2408 pe—

1085 2410 1158 2448 piyi
1189 2419 1255 2439 cum
1282 2411 1427 2449 patribvs
1459 2421 1568 2440 earam.
1625 2410 1708 2442 Tota
1742 2412 1911 2453 Scriptura
1944 2423 2057 2444 secum

1090 2453 1270 2483 consentit:
1306 2464 1370 2484 vox
1401 2453 1509 2485 divina
1538 2453 1635 2484 solvit
1659 2454 1771 2492 nobis,
1807 2455 1937 2495 quanda
1960 2455 2054 2486 dicit:

1089 2494 1152 2523 Hie
1181 2499 1225 2524 est
1252 2496 1352 2525 Filius
1373 2506 1454 2525 meus
1476 2495 1620 2529 dilatus,
1648 2495 1727 2525 lume
1757 2497 1872 2527 audite.
1918 2496 2056 2529 Debetis

1089 2547 1166 2568 esse
1195 2540 1299 2578 parati
1328 2544 1359 2569 et
1388 2539 1538 2570 instructi
1567 2537 1687 2570 talibus
1711 2539 1821 2571 dictis:
1857 2539 1941 2575 Quia
1965 2548 2055 2573 certe

1087 2590 1141 2611 res
1170 2581 1314 2612 absurda
1342 2581 1488 2619 videtur,
1515 2579 1630 2612 tollere
1658 2582 1820 2624 integrum
1844 2590 2055 2625 praeceptum

1085 2632 1123 2653 ex
1149 2621 1329 2664 Decalogo.

1716 2685 1748 2709 42
