2324 2958
230 155 284 193 ist?

224 248 329 279 estin
352 246 480 287 magnis
510 245 664 286 negotiis,
692 245 725 275 in
759 243 931 275 movendis
965 241 1196 273 certaminibus

223 291 264 323 de
298 289 526 331 dogmatibus,
560 289 594 318 in
622 286 778 318 mutanda
808 286 976 323 doctrina,
1009 284 1041 314 in
1076 283 1197 314 consti-

224 332 344 364 tuenda
367 329 532 367 Ecclesia,
566 330 598 360 in
633 329 781 371 regenda
803 326 996 370 Republica,
1030 327 1063 357 in
1090 325 1197 365 suspi-

224 375 349 406 ciendis
384 371 491 405 bellis.
554 371 624 409 ,ista
656 370 889 404 adolescentes
924 369 1066 402 nondum
1102 365 1198 398 intel-

225 417 338 460 ligunt.

309 460 373 491 Sed
399 465 504 489 tamen
529 464 560 489 et
584 458 646 498 ipsi
665 458 696 488 in
720 457 836 488 studiis
858 456 928 487 suis
951 453 1095 484 sentiunt
1116 460 1199 482 non·

223 512 386 544 nunquam
411 501 630 538 incommoda,
654 510 738 541 quae
761 504 942 540 sequuntur
964 494 1197 537 polypragmo-

221 555 338 587 syneu,
351 543 482 585 quando
496 543 667 575 discedunt
681 543 722 573 ab
738 542 862 578 ordine,
886 549 982 581 quem
994 539 1024 569 in
1038 536 1197 568 discendo

222 596 360 619 servare
383 587 558 618 debebant·
615 584 812 626 Plerumque
835 583 920 614 enim
943 581 1008 612 hoc
1026 580 1074 617 fit,
1108 579 1198 621 quod

223 632 352 663 Seneca
366 630 487 671 inquit:
510 628 696 659 Necessaria
716 629 903 667 iynortmms,
927 625 1001 664 quia
1020 633 1081 652 non
1099 632 1197 651 neces-

220 675 306 703 saria
330 672 508 701 didicimus.

307 714 437 747 Maiora
471 721 579 746 autem
613 713 732 744 damna
766 718 798 743 et
838 719 966 752 poenae
1000 708 1198 744 comitantur

222 757 549 801 polypragiuosyncn
574 757 605 788 in
628 754 768 797 publicis
792 753 944 794 negotiis.
989 749 1084 783 Multi
1106 751 1198 782 amit-

223 810 312 840 tunt,
348 811 434 844 quae
467 806 564 832 antea
586 799 771 835 habebant,
805 806 879 827 cum
902 805 943 826 ex
962 792 1197 836 polypragmo-

222 855 307 887 syne
324 849 458 876 movent
491 841 587 874 bella.
654 840 730 872 Dm(
771 837 1086 879 wirtembergensis
1121 846 1197 868 cum

221 888 354 919 sederet
384 887 417 918 in
441 886 596 922 thermis,
631 889 663 914 et
685 882 786 914 multa
815 882 978 922 cogitaret
1000 880 1042 912 de
1066 877 1154 911 bello
1179 890 1199 910 a

221 941 259 962 se
280 936 390 972 gesto,
413 929 508 960 dixit:
542 928 608 961 Qu·
629 929 732 959 moisen
755 924 877 963 ’Βὶῐώοῆ
898 924 1020 963 merben,
1055 922 1105 956 ΞΟ
1128 922 1199 961 stnbt

222 974 274 1006 mit
299 973 362 1005 bab'
386 973 509 1005 morht-n.
566 968 686 1001 Allusit
719 969 761 999 ad
790 967 1003 1009 proverbium
1026 964 1198 998 Germani-

221 1026 309 1048 cum:
334 1014 457 1054 fiifciyuff
478 1015 542 1047 obet
565 1013 675 1045 earet.
710 1011 776 1042 Sed
796 1009 909 1052 plures
921 1014 1073 1051 pereunt,
1096 1009 1198 1040 rebus

222 1057 398 1091 infeliciter
421 1058 528 1088 motis.

306 1101 341 1131 ln
364 1099 456 1132 ltalia
479 1098 539 1131 suit
563 1096 759 1130 Valentinus
783 1095 938 1138 Borgias,
955 1092 1043 1126 filius
1055 1092 1199 1126 Alexan-

220 1145 270 1176 dri
303 1144 407 1182 sexti‚
441 1143 496 1185 qui
529 1140 590 1174 suit
618 1140 710 1181 Papa
743 1145 819 1171 ante
853 1136 968 1170 lulium
1002 1137 1196 1170 secundum.

220 1187 347 1219 Nomen
382 1192 433 1218 est
456 1197 475 1217 a
496 1187 565 1226 βοῦς
588 1191 620 1215 et
639 1183 724 1222 ε”δγον
754 1193 785 1224 q.
817 1181 848 1212 d.
882 1181 1042 1213 laborans
1077 1181 1197 1212 bobus.

220 1230 295 1262 Fuit
316 1230 447 1271 insigne
469 1229 562 1260 istius
586 1225 740 1264 familiae,
759 1225 867 1266 caput
890 1224 998 1256 bovis.
1034 1223 1101 1255 Iste
1113 1223 1197 1255 Bor-

219 1274 292 1315 gias
326 1271 385 1303 suit
417 1272 582 1313 pessimus
616 1267 749 1301 nebulo.
817 1267 979 1300 Tus-bavit
1012 1265 1132 1306 multa,
1166 1272 1198 1298 et

219 1314 380 1358 Symbolo
398 1314 463 1346 hoc
475 1324 556 1346 usus
579 1319 644 1344 est:
669 1313 731 1342 Aut
745 1311 875 1346 Caesar,
898 1313 952 1340 aut
970 1309 1083 1345 nullus,
1108 1310 1196 1352 quod

220 1357 290 1390 itali
322 1359 447 1390 dicunt:
482 1358 510 1387 ()
534 1357 673 1393 Caesar,
702 1366 722 1387 o
741 1352 845 1387 nullo.
901 1351 1099 1386 interfectus
1125 1359 1197 1385 tan-

219 1403 304 1439 dem,
324 1401 433 1432 factus
456 1406 505 1432 est
527 1398 649 1431 nullus.

305 1443 426 1475 Fuerat
463 1448 562 1475 anteo
602 1448 755 1473 servatus
790 1441 822 1471 in
856 1441 947 1478 vita,
968 1466 971 1467 γ
993 1450 1067 1472 cum
1100 1445 1196 1480 pater

218 1486 407 1519 Alexander
440 1493 472 1517 et
504 1486 576 1526 ipse
607 1485 856 1526 conspirassent
888 1483 921 1514 in
957 1488 1096 1514 mortem
1115 1480 1196 1513 Car-

219 1529 370 1561 dinalium
395 1529 616 1570 quorundam,
643 1538 727 1569 quos
757 1528 978 1558 decreverant
1001 1522 1118 1557 tollere
1140 1534 1196 1555 ve-

218 1583 314 1605 neno.
361 1573 520 1610 Minister,
553 1572 608 1613 qui
641 1571 682 1602 ad
712 1579 859 1602 mensam
895 1569 1100 1600 ministrabat
1124 1568 1195 1607 (ab-

218 1623 311 1647 sente
334 1626 386 1653 eo,
410 1616 465 1647 cui
485 1616 518 1647 in
541 1614 703 1645 mandatis
727 1614 838 1645 datum
861 1618 944 1651 erat,
974 1617 1011 1642 ut
1032 1620 1196 1643 venenum

217 1659 407 1701 propinaret
431 1656 675 1695 Cardinajibus)
706 1657 827 1688 erravit
856 1657 888 1687 in
912 1655 1114 1697 porrigendo
1137 1663 1195 1695 po·

218 1701 306 1740 culo,
329 1709 362 1733 et
384 1701 564 1734 hauserunt
587 1710 746 1732 venenum
760 1706 909 1741 uterque,
931 1697 1031 1730 Pater
1049 1704 1082 1728 et
1104 1695 1194 1728 filius

218 1745 323 1776 inscii.
376 1743 423 1775 Re
451 1751 558 1776 autem
587 1749 773 1785 comperta,
806 1743 904 1774 ambo
935 1747 1013 1772 sunt
1041 1741 1138 1772 insuti
1162 1739 1194 1770 in

219 1786 324 1819 mulas
347 1798 465 1818 recens
480 1788 653 1824 dissectas,
677 1793 710 1817 ut
734 1787 781 1817 vis
801 1785 919 1817 veneni
942 1782 1192 1815 dissolveretur.

218 1829 420 1868 Alexander,
444 1831 519 1872 quia
542 1840 643 1861 senex
669 1836 750 1867 erat,
774 1829 905 1860 interiit.
959 1827 1101 1868 Borgias
1124 1836 1193 1857 ser-

219 1881 316 1906 vatus
340 1879 392 1905 est
413 1874 455 1904 ad
477 1872 574 1904 aliam
598 1873 752 1904 maiorem
775 1882 926 1913 poenam.

306 1916 444 1952 Quidam
480 1927 518 1948 ex
554 1916 755 1957 principibus
779 1914 974 1946 Muscoviae
997 1913 1103 1955 gessit
1126 1911 1194 1943 bel-

218 1959 284 1991 lum
309 1970 381 1991 cum
405 1957 479 1990 alio.
525 1958 644 1990 Postea
665 1969 705 1990 ex
729 1959 817 1999 capti
839 1965 870 1989 et
894 1954 1057 1989 interfecti
1081 1956 1192 1988 cranio

218 2003 313 2035 iussit
332 2003 451 2037 victor,
472 2003 523 2034 cui
548 2001 671 2033 illatum
695 2008 762 2033 erat
779 1999 910 2039 bellum,
934 2000 1004 2032 fieri
1027 1997 1194 2040 poculum,

218 2047 270 2078 cul
294 2046 476 2087 inscripsit:
501 2046 566 2075 Istc
588 2045 762 2084 appetendo
782 2044 900 2078 aliena,
927 2044 1029 2072 amisit
1049 2043 1192 2082 propriu.

304 2087 404 2120 Plura
426 2087 576 2129 exempla
610 2089 787 2119 observent
821 2086 1053 2120 adolescentes
1086 2086 1118 2117 in
1147 2085 1194 2116 bi-

217 2133 352 2164 storiis:
397 2138 428 2162 et
459 2132 622 2174 cogitent.
668 2132 755 2173 quod
790 2131 875 2161 sicut
912 2130 1002 2161 Deus
1036 2127 1193 2161 auxilium

217 2175 366 2217 promisit
389 2175 448 2213 iis,
483 2175 537 2216 qui
561 2175 592 2205 in
628 2175 802 2205 vocatione
826 2174 989 2205 senium:
1022 2173 1071 2204 sic
1095 2182 1194 2203 econ-

218 2219 320 2249 trario
356 2218 488 2249 deserat
524 2218 744 2258 suscipientes
778 2215 908 2254 aliena,
944 2222 1058 2247 contra
1096 2225 1194 2247 voca-

221 2262 350 2293 tionem.

502 2404 902 2437 1)1ssiNNO(3ENTUM.

387 2482 701 2525 Evangelium
735 2481 968 2514 Matthaei
1002 2482 1033 2512 2.

308 2561 414 2593 Hodie
452 2560 641 2593 celebratur
675 2560 832 2592 memorie
873 2558 1113 2591 interfectioni.-
1154 2559 1196 2589 in-

916 149 1026 179 l'lllL.
1053 147 1151 178 itm..
1175 145 1362 178 sCRwTA
1386 144 1650 177 EXEGEthA.

2172 126 2278 183 168⁵

1249 238 1335 276 hem,
1359 244 1391 269 et
1413 237 1497 270 locis
1521 238 1656 277 vicinis,
1689 249 1764 271 cum
1792 239 1976 274 audivisset
2009 248 2122 274 natum
2154 253 2232 275 esse

1248 280 1418 319 Messiam,
1442 282 1498 322 qui
1519 279 1649 313 futurus
1673 288 1764 313 esset
1774 281 1856 314 Rex.
1894 283 2042 317 Historia
2064 286 2231 328 descrip'ta

1249 329 1301 354 est
1320 333 1340 354 a
1361 322 1528 356 Mathaeo.
1573 324 1640 357 Sed
1654 325 1886 367 coniungenda
1907 333 1960 359 est
1982 338 2057 360 cum
2071 327 2232 361 hodierna

1250 365 1405 405 lectione,
1427 367 1634 407 praecedens
1657 369 1803 399 narratio
1823 369 1864 400 de
1887 369 2007 413 Magis·

1334 407 1384 440 nli
1424 408 1556 442 fuerant
1588 409 1816 453 lei-osolymis:
1858 413 2009 445 dixerant
2053 414 2095 446 de
2142 425 2231 446 nova

1248 449 1365 489 stella;
1398 452 1703 495 interrogaverant,
1736 454 1791 486 ubi
1815 453 1968 487 Christus
2002 463 2100 488 natus
2124 464 2231 490 esset:

1250 494 1401 527 Herodes
1420 502 1570 528 metuens
1595 507 1657 528 suo
1682 507 1808 538 regno,
1832 500 2032 531 convocavit
2056 499 2232 533 concilium

1249 538 1464 578 eruditorum,
1487 540 1650 581 quaesivit
1671 541 1776 579 exiis,
1799 540 1930 573 deloco
1953 543 2132 575 nativitatis
2144 543 2232 575 Mes-

1249 581 1330 618 siae,
1353 581 1495 623 quicum
1513 584 1749 622 nominaretur,
1774 593 1813 614 ex
1827 584 2003 626 propheta,
2025 585 2232 625 Bethlehem,

1250 623 1371 655 dimisit
1393 634 1434 656 eo
1458 635 1575 666 magos
1599 624 1662 656 hac
1685 626 1888 665 conditione,
1912 633 1947 660 ut
1969 629 2103 660 invento
2127 640 2232 671 puero
2269 652 2280 658 -

1249 666 1292 697 ad
1314 666 1422 708 ipsum
1445 667 1607 699 redirent:
1641 669 1706 701 Sed
1735 679 1801 701 non
1820 670 1947 702 reversi
1970 677 2048 703 sunt
2078 673 2166 715 magi
2190 673 2233 704 ad

1251 708 1428 748 Herodem,
1447 711 1562 742 moniti
1590 721 1651 752 per
1673 713 1835 744 somnium
1859 714 2022 752 divinum,
2047 713 2231 747 Grassatus

1251 757 1301 783 est
1324 752 1423 826 igtur
1446 752 1598 785 Herodes
1621 755 1653 786 in
1677 756 1818 790 miseros
1841 755 2033 788 infantulos.

1372 796 1501 832 icemus
1516 803 1626 828 autem
1659 797 1701 829 de
1733 797 1844 841 Magis
1878 800 1930 831 die
1963 799 2230 841 Epiphaniorum.

1251 837 1348 869 Nunc
1371 838 1412 869 de
1435 838 1581 878 Herode,
1603 845 1636 871 et
1659 840 1701 872 de
1724 847 1813 873 statu
1841 841 2017 874 Ecclesiae
2044 842 2130 876 fflius
2154 850 2232 875 tem-

1251 882 1359 922 poriS,
1400 887 1434 913 et
1467 880 1531 913 alia
1567 883 1730 924 quaedam
1764 885 1982 926 grammatica
2015 887 2231 919 tractabimus

1251 934 1293 955 ex
1316 924 1480 956 hodierno
1511 931 1620 963 textu,
1655 932 1688 957 et
1720 927 1938 969 adiungemus
1972 936 2089 970 postea
2112 930 2232 971 princi·
2250 948 2259 958 ο

1251 966 1360 1008 palem
1382 967 1494 1001 locum
1516 978 1577 1000 seu
1600 968 1784 1001 doctrinam
1808 971 1850 1002 de
1872 981 1973 1004 cruce
1994 971 2181 1005 Ecclesiae.

1475 1118 1498 1131 Χ,

1600 1135 1673 1197 De.
1697 1136 1872 1176 Herode.

1336 1224 1442 1262 Quale
1466 1235 1588 1259 nomen
1610 1234 1663 1258 est
1684 1226 1849 1263 Herodes,
1872 1234 1905 1258 et
1929 1229 2016 1259 unde
2038 1229 2233 1261 deducitur?

1249 1267 1328 1300 Sine
1361 1268 1460 1299 dubio
1495 1275 1546 1300 est
1573 1279 1593 1299 a
1622 1279 1706 1301 voce
1737 1268 1854 1301 Heros.
1909 1273 1988 1302 Sunt
2015 1281 2055 1302 ue
2086 1272 2232 1304 eiusdem

1248 1311 1399 1353 originis,
1422 1310 1534 1350 heros,
1556 1311 1672 1350 herus,
1693 1311 1835 1344 ethera.
1881 1313 1999 1356 Etyno
2015 1315 2091 1356 ogia
2113 1324 2233 1347 secun-

1249 1355 1326 1385 dum
1359 1354 1511 1385 Graecos
1545 1361 1596 1386 est
1628 1356 1670 1385 ab
1706 1355 1806 1387 Aere.
1863 1356 1932 1387 Aer
1960 1363 2070 1388 autem
2105 1364 2157 1390 est
2190 1359 2231 1390 ab

1247 1397 1332 1435 ἄημι,
1356 1398 1458 1437 spiro,
1485 1396 1576 1435 halo,
1600 1403 1631 1428 et
1657 1398 1809 1430 existimo
1830 1405 1979 1431 nostrum
1999 1399 2232 1432 Germanicum

1249 1440 1352 1480 &libem
1376 1449 1453 1470 esse
1476 1441 1518 1471 ab
1541 1440 1660 1471 eodem
1683 1441 1787 1472 verbo
1810 1440 1894 1480 ἇημι.

1336 1483 1388 1513 Ab
1422 1485 1499 1514 ae‘re
1535 1482 1656 1514 Graeci
1691 1485 1901 1516 nominauunt
1941 1486 2039 1517 etiam
2073 1485 2231 1518 Iunonem

1247 1524 1331 1568 ἦραν,
1356 1526 1450 1567 quasi
1473 1526 1577 1564 dicas,
1610 1529 1762 1564 aeream,
1797 1526 1988 1559 coelestem.
2034 1528 2131 1568 Apud
2155 1538 2229 1568 poe—

1249 1575 1300 1601 tas
1324 1568 1404 1600 luuo
1434 1569 1566 1609 ponitur
1599 1579 1660 1609 pro
1684 1570 1756 1610 ipso
1780 1573 1868 1603 αὔτε,
1904 1575 1937 1601 ut
1973 1580 2045 1600 cum
2071 1569 2230 1611 Virgilius

1248 1612 1368 1654 inquitq
1389 1612 1511 1650 Iupiter
1529 1610 1692 1641 deseendit
1715 1614 1747 1641 1⁶11
1769 1613 1914 1650 ῃνειιιίιιηι
1933 1613 2086 1651 rouiuye's.
2110 1613 2143 1644 id
2166 1620 2228 1651 est,

1248 1655 1280 1686 in
1315 1657 1450 1692 aerem,
1496 1655 1628 1696 quando
1670 1655 1825 1686 describit
1879 1661 2094 1696 tempestates
2129 1656 2230 1694 aeris,

1248 1708 1322 1730 cum
1352 1698 1486 1736 tonitru,
1509 1695 1642 1740 fulgure
1664 1704 1699 1728 et
1720 1696 1847 1739 pluvia:
1872 1708 1937 1739 quo
1967 1698 2108 1739 pertinet
2131 1699 2228 1730 etiam

1248 1739 1327 1773 illud
1338 1751 1346 1771 t

1378 1800 1528 1839 Coniuyis
1550 1801 1582 1828 1'11
1600 1801 1746 1838 yremimn
1765 1800 1926 1829 descendit
1945 1800 2099 1839 plurimus
2116 1801 2224 1830 Imber.

1333 1868 1441 1899 Latini
1476 1878 1609 1910 quoque
1644 1868 1799 1900 lunonem
1831 1869 1983 1900 dixerunt
2016 1868 2156 1907 Herum,
2196 1876 2227 1900 et

1247 1911 1403 1955 religiose
1427 1910 1610 1943 coluerunt.
1647 1918 1802 1952 tanquam
1838 1913 1996 1943 datricem
2030 1912 2226 1944 divitiarum.

1335 1955 1390 1987 Sic
1414 1955 1511 1995 igitur
1534 1961 1566 1986 et
1590 1954 1697 1985 Heros
1718 1955 1859 1986 Graecis
1884 1962 1935 1986 est
1957 1956 1999 1986 ab
2018 1958 2110 1992 aere,
2133 1956 2225 1997 quasi

1247 1999 1359 2035 dicas,
1393 2001 1512 2029 aereus
1546 2007 1606 2029 seu
1630 1996 1801 2035 coelestis,
1836 1997 1906 2029 Nos
1942 1999 1972 2028 in
2007 1996 2121 2040 lingua
2144 1998 2225 2029 Ger·

1248 2042 1375 2073 manica
1398 2041 1536 2072 dicimus
1560 2043 1632 2081 berr-
1679 2039 1718 2071 Et
1741 2041 1895 2083 congruit
1918 2039 1975 2072 illa
2002 2051 2068 2072 vox
2093 2040 2227 2073 Graeca

1246 2083 1361 2126 ἤρανος,
1386 2084 1546 2116 dominus.

1333 2127 1502 2158 Fortassis
1526 2133 1634 2158 autem
1670 2137 1734 2157 non
1759 2134 1809 2158 est
1833 2126 2031 2164 absurdum,
2067 2136 2227 2159 revocare

1246 2169 1308 2202 has
1332 2181 1435 2202 voces
1459 2170 1502 2200 ad
1514 2169 1696 2202 llebrueam
1720 2169 1890 2211 originem.
1936 2167 1995 2201 Est
2019 2169 2103 2201 enim
2129 2179 2226 2201 vocn-

1249 2213 1360 2245 bulum
1384 2213 1583 2250 Hebraeum,
1617 2224 1658 2243 rr.
1689 2213 1778 2255 quod
1801 2211 1968 2255 siguificat
1991 2210 2144 2251 δεσπότην.
2193 2212 2227 2243 ln

1248 2255 1413 2289 Malacliia
1448 2267 1520 2297 cap.
1554 2257 1585 2287 2.
1621 2262 1670 2288 est
1711 2256 1823 2297 gravis
1862 2255 2070 2288 comminatio
2112 2262 2228 2287 contra

1247 2299 1442 2331 sacerdotes
1455 2307 1704 2341 corrumpentes
1718 2299 1916 2338 ‹tmen-inam,
1933 2306 1963 2330 et
1978 2298 2227 2339 prophanantes

1248 2341 1450 2375 Ecclesium:
1488 2341 1521 2373 ln
1542 2353 1580 2373 ea
1616 2343 1749 2374 dicitur:
1787 2341 1963 2382 Disperdet
1999 2340 2161 2373 Dominus
2194 2351 2227 2370 er

1248 2385 1380 2416 iwoluw:
1403 2386 1434 2416 id
1459 2392 1520 2419 est.
1544 2384 1654 2417 lwrum
1678 2386 1952 2426 seu-nagistrum.
1975 2391 2007 2416 et
2019 2382 2227 2425 discipulum.

1249 2429 1301 2461 Ab
1326 2428 1390 2460 lioc
1413 2429 1512 2480 igitur
1536 2427 1699 2460 vocabulo
1719 2428 1875 2464 Hebraeo
1906 2426 2057 2459 existimo
2086 2425 2228 2458 deductu

1248 2481 1327 2504 esse
1349 2482 1491 2509 nomina,
1514 2482 1598 2513 quae
1622 2471 1742 2503 Graeci
1764 2471 1807 2502 ub
1830 2473 1908 2502 uere
1921 2470 2083 2509 derivant,
2107 2469 2228 2507 Herus,

1248 2514 1341 2553 bem,
1364 2514 1475 2552 beros,
1498 2521 1529 2546 et
1549 2515 1782 2546 Germanicum
1806 2515 1877 2549 bert,
1912 2512 2001 2555 quod
2030 2519 2081 2545 est
2108 2522 2227 2546 nomen

1249 2558 1522 2600 antiquissimum,
1546 2565 1578 2589 et
1602 2556 1777 2589 multarum
1795 2557 1958 2599 gentium.
1992 2556 2090 2589 etiam
2109 2555 2227 2589 barba-

221 2605 356 2642 fentum,
387 2615 471 2646 quos
505 2604 655 2635 Herodes
680 2603 834 2636 trucidari
863 2603 977 2640 iussit,
1011 2602 1042 2633 in
1068 2600 1197 2633 Betlile-
1221 2592 1225 2634 Ι
1250 2601 1390 2633 rictu-um
1416 2602 1446 2632 in
1471 2601 1606 2632 (hieme
1629 2607 1662 2632 et
1686 2600 1852 2632 Armenia.
