<?xml version="1.0" encoding="UTF-8"?>
<!DOCTYPE html PUBLIC "-//W3C//DTD XHTML 1.0 Transitional//EN"
    "http://www.w3.org/TR/xhtml1/DTD/xhtml1-transitional.dtd">
<html xmlns="http://www.w3.org/1999/xhtml" xml:lang="en" lang="en">
 <head>
  <title>
</title>
<meta http-equiv="Content-Type" content="text/html;charset=utf-8" />
  <meta name='ocr-system' content='tesseract 3.04.00' />
  <meta name='ocr-capabilities' content='ocr_page ocr_carea ocr_par ocr_line ocrx_word'/>
</head>
<body>
  <div class='ocr_page' id='page_1' title='image "./operaquaesupersu24melauoft/operaquaesupersu24melauoft_0461.png"; bbox 0 0 2324 2958; ppageno 0'>
   <div class='ocr_carea' id='block_1_1' title="bbox 113 177 178 210">
    <p class='ocr_par' dir='ltr' id='par_1_1' title="bbox 113 177 178 210">
     <span class='ocr_line' id='line_1_1' title="bbox 113 177 178 210; baseline -0.015 0"><span class='ocrx_word' id='word_1_1' title='bbox 113 177 178 210; x_wconf 79' lang='lat'>869</span> 
     </span>
    </p>
   </div>
   <div class='ocr_carea' id='block_1_2' title="bbox 117 287 1037 496">
    <p class='ocr_par' dir='ltr' id='par_1_2' title="bbox 117 287 1037 496">
     <span class='ocr_line' id='line_1_2' title="bbox 117 287 810 344; baseline -0.007 -12"><span class='ocrx_word' id='word_1_2' title='bbox 117 292 198 333; x_wconf 80' lang='lat' dir='ltr'>Ubi</span> <span class='ocrx_word' id='word_1_3' title='bbox 237 292 284 331; x_wconf 80' lang='lat' dir='ltr'>fit</span> <span class='ocrx_word' id='word_1_4' title='bbox 323 290 514 344; x_wconf 79' lang='lat' dir='ltr'>cogitatio</span> <span class='ocrx_word' id='word_1_5' title='bbox 546 289 586 329; x_wconf 90' lang='lat' dir='ltr'>in</span> <span class='ocrx_word' id='word_1_6' title='bbox 617 287 810 329; x_wconf 82' lang='lat' dir='ltr'>homine?</span> 
     </span>
     <span class='ocr_line' id='line_1_3' title="bbox 167 364 1037 422; baseline -0.007 -14"><span class='ocrx_word' id='word_1_7' title='bbox 167 368 290 422; x_wconf 81' lang='lat' dir='ltr'>pede,</span> <span class='ocrx_word' id='word_1_8' title='bbox 322 373 505 421; x_wconf 86' lang='lat' dir='ltr'>pectore,</span> <span class='ocrx_word' id='word_1_9' title='bbox 536 366 602 405; x_wconf 87' lang='lat' dir='ltr'>vel</span> <span class='ocrx_word' id='word_1_10' title='bbox 632 365 673 404; x_wconf 89' lang='lat' dir='ltr'>in</span> <span class='ocrx_word' id='word_1_11' title='bbox 705 379 784 418; x_wconf 83' lang='lat' dir='ltr'>qua</span> <span class='ocrx_word' id='word_1_12' title='bbox 816 364 892 403; x_wconf 89' lang='lat' dir='ltr'>alia</span> <span class='ocrx_word' id='word_1_13' title='bbox 924 370 1037 417; x_wconf 78' lang='lat' dir='ltr'>parte</span> 
     </span>
     <span class='ocr_line' id='line_1_4' title="bbox 503 440 706 496; baseline 0 -14"><span class='ocrx_word' id='word_1_14' title='bbox 503 440 706 496; x_wconf 65' lang='lat' dir='ltr'>corporis?</span> 
     </span>
    </p>
   </div>
   <div class='ocr_carea' id='block_1_3' title="bbox 117 529 1095 653">
    <p class='ocr_par' dir='ltr' id='par_1_3' title="bbox 117 529 1095 653">
     <span class='ocr_line' id='line_1_5' title="bbox 204 529 1094 573; baseline -0.004 -9"><span class='ocrx_word' id='word_1_15' title='bbox 204 532 416 573; x_wconf 77' lang='lat' dir='ltr'>Respondeo.</span> <span class='ocrx_word' id='word_1_16' title='bbox 450 532 485 563; x_wconf 87' lang='lat' dir='ltr'>ln</span> <span class='ocrx_word' id='word_1_17' title='bbox 504 533 653 564; x_wconf 86' lang='lat' dir='ltr'>cerebro.</span> <span class='ocrx_word' id='word_1_18' title='bbox 688 531 826 571; x_wconf 83' lang='lat' dir='ltr'>Proprie</span> <span class='ocrx_word' id='word_1_19' title='bbox 842 529 1010 571; x_wconf 89' lang='lat' dir='ltr'>loquendo</span> <span class='ocrx_word' id='word_1_20' title='bbox 1028 540 1094 561; x_wconf 74' lang='lat' dir='ltr'>nen</span> 
     </span>
     <span class='ocr_line' id='line_1_6' title="bbox 118 573 1095 608; baseline -0.004 -1"><span class='ocrx_word' id='word_1_21' title='bbox 118 582 169 608; x_wconf 89' lang='lat' dir='ltr'>est</span> <span class='ocrx_word' id='word_1_22' title='bbox 191 576 224 606; x_wconf 90' lang='lat' dir='ltr'>in</span> <span class='ocrx_word' id='word_1_23' title='bbox 249 576 368 607; x_wconf 88' lang='lat' dir='ltr'>corde:</span> <span class='ocrx_word' id='word_1_24' title='bbox 392 575 453 606; x_wconf 90' lang='lat' dir='ltr'>etsi</span> <span class='ocrx_word' id='word_1_25' title='bbox 478 585 536 606; x_wconf 90' lang='lat' dir='ltr'>cor</span> <span class='ocrx_word' id='word_1_26' title='bbox 559 581 611 606; x_wconf 87' lang='lat' dir='ltr'>est</span> <span class='ocrx_word' id='word_1_27' title='bbox 633 574 732 605; x_wconf 87' lang='lat' dir='ltr'>sedes</span> <span class='ocrx_word' id='word_1_28' title='bbox 756 579 786 604; x_wconf 69' lang='lat' dir='ltr'>et</span> <span class='ocrx_word' id='word_1_29' title='bbox 807 573 1004 604; x_wconf 71' lang='lat' dir='ltr'>dtmicilium</span> <span class='ocrx_word' id='word_1_30' title='bbox 1027 573 1095 603; x_wconf 86' lang='lat' dir='ltr'>ani-</span> 
     </span>
     <span class='ocr_line' id='line_1_7' title="bbox 117 615 1093 653; baseline -0.005 -3"><span class='ocrx_word' id='word_1_31' title='bbox 117 628 199 650; x_wconf 87' lang='lat' dir='ltr'>mae.</span> <span class='ocrx_word' id='word_1_32' title='bbox 247 617 401 649; x_wconf 88' lang='lat' dir='ltr'>Vesalius</span> <span class='ocrx_word' id='word_1_33' title='bbox 426 619 476 648; x_wconf 75' lang='lat' dir='ltr'>vir</span> <span class='ocrx_word' id='word_1_34' title='bbox 499 618 616 648; x_wconf 88' lang='lat' dir='ltr'>doctus</span> <span class='ocrx_word' id='word_1_35' title='bbox 640 627 692 647; x_wconf 76' lang='lat' dir='ltr'>me</span> <span class='ocrx_word' id='word_1_36' title='bbox 716 617 829 647; x_wconf 82' lang='lat' dir='ltr'>derisit</span> <span class='ocrx_word' id='word_1_37' title='bbox 853 617 883 646; x_wconf 92' lang='lat' dir='ltr'>in</span> <span class='ocrx_word' id='word_1_38' title='bbox 907 615 1093 653; x_wconf 79' lang='lat' dir='ltr'>Anatomia,</span> 
     </span>
    </p>
   </div>
   <div class='ocr_carea' id='block_1_4' title="bbox 118 629 1123 2239">
    <p class='ocr_par' dir='ltr' id='par_1_4' title="bbox 118 629 1126 2239">
     <span class='ocr_line' id='line_1_8' title="bbox 119 629 1121 699; baseline -0.004 -7"><span class='ocrx_word' id='word_1_39' title='bbox 119 671 191 692; x_wconf 78' lang='lat' dir='ltr'>oum</span> <span class='ocrx_word' id='word_1_40' title='bbox 215 661 376 692; x_wconf 75' lang='lat' dir='ltr'>secuisset</span> <span class='ocrx_word' id='word_1_41' title='bbox 400 670 475 699; x_wconf 87' lang='lat' dir='ltr'>cor,</span> <span class='ocrx_word' id='word_1_42' title='bbox 504 666 535 690; x_wconf 91' lang='lat' dir='ltr'>et</span> <span class='ocrx_word' id='word_1_43' title='bbox 558 660 639 696; x_wconf 87' lang='lat' dir='ltr'>iam,</span> <span class='ocrx_word' id='word_1_44' title='bbox 667 665 701 690; x_wconf 93' lang='lat' dir='ltr'>ut</span> <span class='ocrx_word' id='word_1_45' title='bbox 724 659 757 689; x_wconf 94' lang='lat' dir='ltr'>in</span> <span class='ocrx_word' id='word_1_46' title='bbox 782 659 961 695; x_wconf 79' lang='lat' dir='ltr'>cadavere,</span> <span class='ocrx_word' id='word_1_47' title='bbox 985 658 1094 689; x_wconf 87' lang='lat' dir='ltr'>omnia</span> <span class='ocrx_word' id='word_1_48' title='bbox 1118 629 1121 657; x_wconf 66' lang='grc' dir='ltr'>ι</span> 
     </span>
     <span class='ocr_line' id='line_1_9' title="bbox 118 700 1096 745; baseline -0.006 -11"><span class='ocrx_word' id='word_1_49' title='bbox 118 710 229 735; x_wconf 80' lang='lat' dir='ltr'>essent</span> <span class='ocrx_word' id='word_1_50' title='bbox 253 702 410 745; x_wconf 84' lang='lat' dir='ltr'>languida</span> <span class='ocrx_word' id='word_1_51' title='bbox 434 708 467 734; x_wconf 86' lang='lat' dir='ltr'>et</span> <span class='ocrx_word' id='word_1_52' title='bbox 489 701 645 737; x_wconf 79' lang='lat' dir='ltr'>ssaccida;</span> <span class='ocrx_word' id='word_1_53' title='bbox 665 701 765 735; x_wconf 75' lang='lat' dir='ltr'>Ecce,</span> <span class='ocrx_word' id='word_1_54' title='bbox 794 701 912 742; x_wconf 78' lang='lat' dir='ltr'>inquit,</span> <span class='ocrx_word' id='word_1_55' title='bbox 943 700 995 730; x_wconf 81' lang='lat' dir='ltr'>ubi</span> <span class='ocrx_word' id='word_1_56' title='bbox 1016 710 1096 729; x_wconf 73' lang='lat' dir='ltr'>nune</span> 
     </span>
     <span class='ocr_line' id='line_1_10' title="bbox 1120 2222 1123 2239; baseline 0 0"><span class='ocrx_word' id='word_1_57' title='bbox 1120 2222 1123 2239; x_wconf 88' lang='grc' dir='ltr'>Ι</span> 
     </span>
    </p>
   </div>
   <div class='ocr_carea' id='block_1_5' title="bbox 871 286 1092 340">
    <p class='ocr_par' dir='ltr' id='par_1_5' title="bbox 871 286 1092 340">
     <span class='ocr_line' id='line_1_11' title="bbox 871 286 1092 340; baseline -0.009 -13"><span class='ocrx_word' id='word_1_58' title='bbox 871 287 919 327; x_wconf 87' lang='lat' dir='ltr'>In</span> <span class='ocrx_word' id='word_1_59' title='bbox 950 286 1092 340; x_wconf 81' lang='lat' dir='ltr'>capite,</span> 
     </span>
    </p>
   </div>
   <div class='ocr_carea' id='block_1_6' title="bbox 114 743 1122 2668">
    <p class='ocr_par' dir='ltr' id='par_1_6' title="bbox 117 743 1095 1001">
     <span class='ocr_line' id='line_1_12' title="bbox 117 743 1095 785; baseline -0.003 -9"><span class='ocrx_word' id='word_1_60' title='bbox 117 750 163 776; x_wconf 79' lang='lat' dir='ltr'>est</span> <span class='ocrx_word' id='word_1_61' title='bbox 187 747 288 775; x_wconf 79' lang='lat' dir='ltr'>anima</span> <span class='ocrx_word' id='word_1_62' title='bbox 310 745 478 785; x_wconf 72' lang='lat' dir='ltr'>Philippi?</span> <span class='ocrx_word' id='word_1_63' title='bbox 512 744 573 775; x_wconf 81' lang='lat' dir='ltr'>Est</span> <span class='ocrx_word' id='word_1_64' title='bbox 595 745 688 775; x_wconf 89' lang='lat' dir='ltr'>iocus</span> <span class='ocrx_word' id='word_1_65' title='bbox 708 743 848 775; x_wconf 72' lang='lat' dir='ltr'>hominis</span> <span class='ocrx_word' id='word_1_66' title='bbox 868 743 979 781; x_wconf 80' lang='lat' dir='ltr'>faceti,</span> <span class='ocrx_word' id='word_1_67' title='bbox 999 744 1095 774; x_wconf 86' lang='lat' dir='ltr'>nobis</span> 
     </span>
     <span class='ocr_line' id='line_1_13' title="bbox 118 786 1094 828; baseline -0.006 -8"><span class='ocrx_word' id='word_1_68' title='bbox 118 789 202 820; x_wconf 81' lang='lat' dir='ltr'>alias</span> <span class='ocrx_word' id='word_1_69' title='bbox 226 789 331 820; x_wconf 87' lang='lat' dir='ltr'>amici.</span> <span class='ocrx_word' id='word_1_70' title='bbox 378 788 530 819; x_wconf 84' lang='lat' dir='ltr'>Christus</span> <span class='ocrx_word' id='word_1_71' title='bbox 554 787 673 828; x_wconf 86' lang='lat' dir='ltr'>inquit:</span> <span class='ocrx_word' id='word_1_72' title='bbox 705 786 755 816; x_wconf 83' lang='lat' dir='ltr'>De</span> <span class='ocrx_word' id='word_1_73' title='bbox 785 787 879 816; x_wconf 80' lang='lat' dir='ltr'>corde</span> <span class='ocrx_word' id='word_1_74' title='bbox 904 788 1024 815; x_wconf 77' lang='lat' dir='ltr'>veniunt</span> <span class='ocrx_word' id='word_1_75' title='bbox 1047 796 1094 814; x_wconf 81' lang='lat' dir='ltr'>co-</span> 
     </span>
     <span class='ocr_line' id='line_1_14' title="bbox 117 827 1095 872; baseline -0.002 -11"><span class='ocrx_word' id='word_1_76' title='bbox 117 833 303 871; x_wconf 78' lang='lat' dir='ltr'>yt‘tationes:</span> <span class='ocrx_word' id='word_1_77' title='bbox 326 831 402 872; x_wconf 88' lang='lat' dir='ltr'>quia</span> <span class='ocrx_word' id='word_1_78' title='bbox 421 841 480 861; x_wconf 89' lang='lat' dir='ltr'>cor</span> <span class='ocrx_word' id='word_1_79' title='bbox 502 836 553 861; x_wconf 85' lang='lat' dir='ltr'>est</span> <span class='ocrx_word' id='word_1_80' title='bbox 575 828 754 871; x_wconf 81' lang='lat' dir='ltr'>appellatio</span> <span class='ocrx_word' id='word_1_81' title='bbox 773 830 864 861; x_wconf 85' lang='lat' dir='ltr'>sedis</span> <span class='ocrx_word' id='word_1_82' title='bbox 882 830 1021 867; x_wconf 84' lang='lat' dir='ltr'>animae,</span> <span class='ocrx_word' id='word_1_83' title='bbox 1042 827 1095 859; x_wconf 74' lang='lat' dir='ltr'>vel</span> 
     </span>
     <span class='ocr_line' id='line_1_15' title="bbox 119 871 1095 914; baseline -0.004 -9"><span class='ocrx_word' id='word_1_84' title='bbox 119 875 302 905; x_wconf 77' lang='lat' dir='ltr'>communis</span> <span class='ocrx_word' id='word_1_85' title='bbox 330 871 508 914; x_wconf 84' lang='lat' dir='ltr'>appellatio</span> <span class='ocrx_word' id='word_1_86' title='bbox 538 873 704 904; x_wconf 89' lang='lat' dir='ltr'>actionum</span> <span class='ocrx_word' id='word_1_87' title='bbox 728 873 872 910; x_wconf 86' lang='lat' dir='ltr'>animae,</span> <span class='ocrx_word' id='word_1_88' title='bbox 902 873 1095 913; x_wconf 90' lang='lat' dir='ltr'>praesertim</span> 
     </span>
     <span class='ocr_line' id='line_1_16' title="bbox 117 913 1094 957; baseline -0.003 -10"><span class='ocrx_word' id='word_1_89' title='bbox 117 917 325 957; x_wconf 84' lang='lat' dir='ltr'>superiorum</span> <span class='ocrx_word' id='word_1_90' title='bbox 347 915 488 947; x_wconf 83' lang='lat' dir='ltr'>illarum.</span> <span class='ocrx_word' id='word_1_91' title='bbox 535 914 575 946; x_wconf 89' lang='lat' dir='ltr'>Et</span> <span class='ocrx_word' id='word_1_92' title='bbox 599 915 847 956; x_wconf 86' lang='lat' dir='ltr'>comprehendit</span> <span class='ocrx_word' id='word_1_93' title='bbox 860 913 1012 945; x_wconf 86' lang='lat' dir='ltr'>Christus</span> <span class='ocrx_word' id='word_1_94' title='bbox 1032 915 1094 945; x_wconf 90' lang='lat' dir='ltr'>sub</span> 
     </span>
     <span class='ocr_line' id='line_1_17' title="bbox 119 958 610 1001; baseline -0.006 -11"><span class='ocrx_word' id='word_1_95' title='bbox 119 959 319 1001; x_wconf 77' lang='lat' dir='ltr'>cogitatione</span> <span class='ocrx_word' id='word_1_96' title='bbox 342 959 439 990; x_wconf 89' lang='lat' dir='ltr'>etiam</span> <span class='ocrx_word' id='word_1_97' title='bbox 461 958 610 989; x_wconf 79' lang='lat' dir='ltr'>aflectus.</span> 
     </span>
    </p>

    <p class='ocr_par' dir='ltr' id='par_1_7' title="bbox 117 998 1097 1596">
     <span class='ocr_line' id='line_1_18' title="bbox 204 998 1096 1043; baseline -0.003 -11"><span class='ocrx_word' id='word_1_98' title='bbox 204 1001 345 1037; x_wconf 84' lang='lat' dir='ltr'>Quando</span> <span class='ocrx_word' id='word_1_99' title='bbox 376 1008 411 1033; x_wconf 91' lang='lat' dir='ltr'>tu</span> <span class='ocrx_word' id='word_1_100' title='bbox 441 1002 569 1043; x_wconf 77' lang='lat' dir='ltr'>cogitas</span> <span class='ocrx_word' id='word_1_101' title='bbox 593 1001 633 1031; x_wconf 89' lang='lat' dir='ltr'>de</span> <span class='ocrx_word' id='word_1_102' title='bbox 657 1007 750 1041; x_wconf 89' lang='lat' dir='ltr'>patre</span> <span class='ocrx_word' id='word_1_103' title='bbox 772 1007 846 1038; x_wconf 85' lang='lat' dir='ltr'>tuo,</span> <span class='ocrx_word' id='word_1_104' title='bbox 870 998 995 1030; x_wconf 86' lang='lat' dir='ltr'>formas</span> <span class='ocrx_word' id='word_1_105' title='bbox 1018 1000 1096 1030; x_wconf 84' lang='lat' dir='ltr'>ima—</span> 
     </span>
     <span class='ocr_line' id='line_1_19' title="bbox 118 1043 1095 1086; baseline -0.004 -11"><span class='ocrx_word' id='word_1_106' title='bbox 118 1045 228 1086; x_wconf 86' lang='lat' dir='ltr'>ginem</span> <span class='ocrx_word' id='word_1_107' title='bbox 250 1045 281 1074; x_wconf 89' lang='lat' dir='ltr'>in</span> <span class='ocrx_word' id='word_1_108' title='bbox 307 1045 459 1082; x_wconf 87' lang='lat' dir='ltr'>cerebro,</span> <span class='ocrx_word' id='word_1_109' title='bbox 479 1044 568 1085; x_wconf 89' lang='lat' dir='ltr'>quod</span> <span class='ocrx_word' id='word_1_110' title='bbox 591 1050 641 1074; x_wconf 85' lang='lat' dir='ltr'>est</span> <span class='ocrx_word' id='word_1_111' title='bbox 665 1053 826 1084; x_wconf 84' lang='lat' dir='ltr'>organum</span> <span class='ocrx_word' id='word_1_112' title='bbox 849 1043 1095 1084; x_wconf 80' lang='lat' dir='ltr'>cogitationum.</span> 
     </span>
     <span class='ocr_line' id='line_1_20' title="bbox 118 1084 1095 1128; baseline -0.003 -11"><span class='ocrx_word' id='word_1_113' title='bbox 118 1085 217 1118; x_wconf 77' lang='lat' dir='ltr'>Aliud</span> <span class='ocrx_word' id='word_1_114' title='bbox 241 1094 348 1117; x_wconf 89' lang='lat' dir='ltr'>autem</span> <span class='ocrx_word' id='word_1_115' title='bbox 373 1087 539 1128; x_wconf 87' lang='lat' dir='ltr'>quidpiam</span> <span class='ocrx_word' id='word_1_116' title='bbox 560 1091 611 1116; x_wconf 82' lang='lat' dir='ltr'>est</span> <span class='ocrx_word' id='word_1_117' title='bbox 630 1093 737 1116; x_wconf 86' lang='lat' dir='ltr'>motus</span> <span class='ocrx_word' id='word_1_118' title='bbox 756 1084 808 1115; x_wconf 85' lang='lat' dir='ltr'>vel</span> <span class='ocrx_word' id='word_1_119' title='bbox 828 1085 978 1122; x_wconf 82' lang='lat' dir='ltr'>affectus,</span> <span class='ocrx_word' id='word_1_120' title='bbox 999 1095 1095 1126; x_wconf 87' lang='lat' dir='ltr'>quam</span> 
     </span>
     <span class='ocr_line' id='line_1_21' title="bbox 119 1128 1096 1171; baseline -0.005 -11"><span class='ocrx_word' id='word_1_121' title='bbox 119 1129 284 1171; x_wconf 81' lang='lat' dir='ltr'>cogitatio.</span> <span class='ocrx_word' id='word_1_122' title='bbox 335 1129 396 1158; x_wconf 85' lang='lat' dir='ltr'>Ubi</span> <span class='ocrx_word' id='word_1_123' title='bbox 424 1131 522 1168; x_wconf 77' lang='lat' dir='ltr'>iyitur</span> <span class='ocrx_word' id='word_1_124' title='bbox 550 1132 596 1157; x_wconf 78' lang='lat' dir='ltr'>est</span> <span class='ocrx_word' id='word_1_125' title='bbox 627 1129 776 1166; x_wconf 72' lang='lat' dir='ltr'>affectus?</span> <span class='ocrx_word' id='word_1_126' title='bbox 822 1128 956 1161; x_wconf 80' lang='lat' dir='ltr'>Quando</span> <span class='ocrx_word' id='word_1_127' title='bbox 984 1129 1096 1156; x_wconf 82' lang='lat' dir='ltr'>irasce—</span> 
     </span>
     <span class='ocr_line' id='line_1_22' title="bbox 117 1169 1096 1211; baseline -0.002 -10"><span class='ocrx_word' id='word_1_128' title='bbox 117 1174 173 1210; x_wconf 80' lang='lat' dir='ltr'>ris,</span> <span class='ocrx_word' id='word_1_129' title='bbox 196 1172 249 1201; x_wconf 78' lang='lat' dir='ltr'>ubi</span> <span class='ocrx_word' id='word_1_130' title='bbox 270 1172 388 1202; x_wconf 76' lang='lat' dir='ltr'>sentis?</span> <span class='ocrx_word' id='word_1_131' title='bbox 431 1172 485 1202; x_wconf 83' lang='lat' dir='ltr'>Ad</span> <span class='ocrx_word' id='word_1_132' title='bbox 504 1171 670 1202; x_wconf 81' lang='lat' dir='ltr'>sinistram</span> <span class='ocrx_word' id='word_1_133' title='bbox 688 1176 813 1211; x_wconf 88' lang='lat' dir='ltr'>partem</span> <span class='ocrx_word' id='word_1_134' title='bbox 832 1170 994 1210; x_wconf 74' lang='lat' dir='ltr'>pectoris:</span> <span class='ocrx_word' id='word_1_135' title='bbox 1019 1169 1096 1210; x_wconf 86' lang='lat' dir='ltr'>quia</span> 
     </span>
     <span class='ocr_line' id='line_1_23' title="bbox 118 1212 1095 1254; baseline -0.004 -8"><span class='ocrx_word' id='word_1_136' title='bbox 118 1224 179 1246; x_wconf 90' lang='lat' dir='ltr'>cor</span> <span class='ocrx_word' id='word_1_137' title='bbox 209 1220 261 1245; x_wconf 87' lang='lat' dir='ltr'>est</span> <span class='ocrx_word' id='word_1_138' title='bbox 289 1215 387 1245; x_wconf 87' lang='lat' dir='ltr'>sedes</span> <span class='ocrx_word' id='word_1_139' title='bbox 416 1221 578 1251; x_wconf 89' lang='lat' dir='ltr'>motuum,</span> <span class='ocrx_word' id='word_1_140' title='bbox 606 1222 664 1243; x_wconf 89' lang='lat' dir='ltr'>seu</span> <span class='ocrx_word' id='word_1_141' title='bbox 696 1212 882 1244; x_wconf 84' lang='lat' dir='ltr'>affectuum.</span> <span class='ocrx_word' id='word_1_142' title='bbox 926 1212 998 1254; x_wconf 76' lang='lat' dir='ltr'>Ego</span> <span class='ocrx_word' id='word_1_143' title='bbox 1022 1222 1095 1243; x_wconf 90' lang='lat' dir='ltr'>cum</span> 
     </span>
     <span class='ocr_line' id='line_1_24' title="bbox 117 1255 1096 1299; baseline -0.002 -12"><span class='ocrx_word' id='word_1_144' title='bbox 117 1267 238 1299; x_wconf 81' lang='lat' dir='ltr'>magno</span> <span class='ocrx_word' id='word_1_145' title='bbox 268 1257 462 1287; x_wconf 86' lang='lat' dir='ltr'>detrimento</span> <span class='ocrx_word' id='word_1_146' title='bbox 489 1255 584 1286; x_wconf 80' lang='lat' dir='ltr'>nimis</span> <span class='ocrx_word' id='word_1_147' title='bbox 611 1265 713 1296; x_wconf 80' lang='lat' dir='ltr'>saepe</span> <span class='ocrx_word' id='word_1_148' title='bbox 741 1256 894 1296; x_wconf 82' lang='lat' dir='ltr'>experior</span> <span class='ocrx_word' id='word_1_149' title='bbox 916 1256 1014 1286; x_wconf 88' lang='lat' dir='ltr'>istum</span> <span class='ocrx_word' id='word_1_150' title='bbox 1038 1255 1096 1285; x_wconf 82' lang='lat' dir='ltr'>do-</span> 
     </span>
     <span class='ocr_line' id='line_1_25' title="bbox 118 1297 1096 1340; baseline -0.002 -10"><span class='ocrx_word' id='word_1_151' title='bbox 118 1298 241 1335; x_wconf 79' lang='lat' dir='ltr'>lorem3</span> <span class='ocrx_word' id='word_1_152' title='bbox 271 1305 302 1330; x_wconf 90' lang='lat' dir='ltr'>et</span> <span class='ocrx_word' id='word_1_153' title='bbox 325 1299 380 1340; x_wconf 94' lang='lat' dir='ltr'>qui</span> <span class='ocrx_word' id='word_1_154' title='bbox 403 1305 480 1330; x_wconf 86' lang='lat' dir='ltr'>sunt</span> <span class='ocrx_word' id='word_1_155' title='bbox 503 1298 668 1335; x_wconf 81' lang='lat' dir='ltr'>iracundi,</span> <span class='ocrx_word' id='word_1_156' title='bbox 697 1297 783 1329; x_wconf 81' lang='lat' dir='ltr'>haud</span> <span class='ocrx_word' id='word_1_157' title='bbox 808 1299 906 1329; x_wconf 79' lang='lat' dir='ltr'>dubie</span> <span class='ocrx_word' id='word_1_158' title='bbox 930 1299 990 1338; x_wconf 88' lang='lat' dir='ltr'>ipsi</span> <span class='ocrx_word' id='word_1_159' title='bbox 1016 1308 1096 1339; x_wconf 88' lang='lat' dir='ltr'>quo-</span> 
     </span>
     <span class='ocr_line' id='line_1_26' title="bbox 117 1339 1095 1383; baseline -0.003 -10"><span class='ocrx_word' id='word_1_160' title='bbox 117 1352 182 1383; x_wconf 89' lang='lat' dir='ltr'>que</span> <span class='ocrx_word' id='word_1_161' title='bbox 207 1343 290 1372; x_wconf 88' lang='lat' dir='ltr'>bene</span> <span class='ocrx_word' id='word_1_162' title='bbox 313 1342 466 1372; x_wconf 90' lang='lat' dir='ltr'>sentiunt.</span> <span class='ocrx_word' id='word_1_163' title='bbox 517 1341 600 1372; x_wconf 84' lang='lat' dir='ltr'>Nam</span> <span class='ocrx_word' id='word_1_164' title='bbox 626 1351 683 1371; x_wconf 88' lang='lat' dir='ltr'>cor</span> <span class='ocrx_word' id='word_1_165' title='bbox 705 1339 840 1371; x_wconf 85' lang='lat' dir='ltr'>inclinat</span> <span class='ocrx_word' id='word_1_166' title='bbox 864 1341 904 1371; x_wconf 79' lang='lat' dir='ltr'>ad</span> <span class='ocrx_word' id='word_1_167' title='bbox 931 1341 1095 1371; x_wconf 83' lang='lat' dir='ltr'>sinistram</span> 
     </span>
     <span class='ocr_line' id='line_1_27' title="bbox 117 1382 1096 1425; baseline -0.002 -10"><span class='ocrx_word' id='word_1_168' title='bbox 117 1390 244 1425; x_wconf 88' lang='lat' dir='ltr'>partem</span> <span class='ocrx_word' id='word_1_169' title='bbox 273 1385 434 1424; x_wconf 84' lang='lat' dir='ltr'>pectoris:</span> <span class='ocrx_word' id='word_1_170' title='bbox 469 1390 500 1415; x_wconf 85' lang='lat' dir='ltr'>et</span> <span class='ocrx_word' id='word_1_171' title='bbox 528 1385 561 1414; x_wconf 87' lang='lat' dir='ltr'>in</span> <span class='ocrx_word' id='word_1_172' title='bbox 585 1384 685 1414; x_wconf 85' lang='lat' dir='ltr'>corde</span> <span class='ocrx_word' id='word_1_173' title='bbox 708 1391 760 1414; x_wconf 85' lang='lat' dir='ltr'>est</span> <span class='ocrx_word' id='word_1_174' title='bbox 784 1384 884 1414; x_wconf 83' lang='lat' dir='ltr'>sedes</span> <span class='ocrx_word' id='word_1_175' title='bbox 907 1385 993 1421; x_wconf 83' lang='lat' dir='ltr'>irae,</span> <span class='ocrx_word' id='word_1_176' title='bbox 1029 1382 1096 1413; x_wconf 88' lang='lat' dir='ltr'>lae-</span> 
     </span>
     <span class='ocr_line' id='line_1_28' title="bbox 117 1425 1096 1468; baseline -0.002 -11"><span class='ocrx_word' id='word_1_177' title='bbox 117 1426 223 1465; x_wconf 84' lang='lat' dir='ltr'>titiae,</span> <span class='ocrx_word' id='word_1_178' title='bbox 246 1427 334 1468; x_wconf 89' lang='lat' dir='ltr'>spei,</span> <span class='ocrx_word' id='word_1_179' title='bbox 355 1433 480 1463; x_wconf 87' lang='lat' dir='ltr'>metus,</span> <span class='ocrx_word' id='word_1_180' title='bbox 504 1427 667 1463; x_wconf 80' lang='lat' dir='ltr'>tristitiae,</span> <span class='ocrx_word' id='word_1_181' title='bbox 690 1426 825 1457; x_wconf 84' lang='lat' dir='ltr'>amoris.</span> <span class='ocrx_word' id='word_1_182' title='bbox 870 1425 961 1467; x_wconf 89' lang='lat' dir='ltr'>Ergo</span> <span class='ocrx_word' id='word_1_183' title='bbox 988 1436 1026 1456; x_wconf 77' lang='lat' dir='ltr'>ex</span> <span class='ocrx_word' id='word_1_184' title='bbox 1052 1426 1096 1455; x_wconf 87' lang='lat' dir='ltr'>di-</span> 
     </span>
     <span class='ocr_line' id='line_1_29' title="bbox 118 1467 1097 1511; baseline -0.002 -11"><span class='ocrx_word' id='word_1_185' title='bbox 118 1479 217 1500; x_wconf 79' lang='lat' dir='ltr'>versa</span> <span class='ocrx_word' id='word_1_186' title='bbox 237 1469 317 1500; x_wconf 88' lang='lat' dir='ltr'>sede</span> <span class='ocrx_word' id='word_1_187' title='bbox 337 1469 574 1510; x_wconf 83' lang='lat' dir='ltr'>cogitationum</span> <span class='ocrx_word' id='word_1_188' title='bbox 592 1476 623 1499; x_wconf 92' lang='lat' dir='ltr'>et</span> <span class='ocrx_word' id='word_1_189' title='bbox 639 1467 814 1499; x_wconf 78' lang='lat' dir='ltr'>affectuum</span> <span class='ocrx_word' id='word_1_190' title='bbox 831 1467 968 1511; x_wconf 81' lang='lat' dir='ltr'>intelligi</span> <span class='ocrx_word' id='word_1_191' title='bbox 987 1475 1097 1509; x_wconf 89' lang='lat' dir='ltr'>potest</span> 
     </span>
     <span class='ocr_line' id='line_1_30' title="bbox 117 1510 1097 1553; baseline -0.002 -10"><span class='ocrx_word' id='word_1_192' title='bbox 117 1511 206 1543; x_wconf 85' lang='lat' dir='ltr'>aliud</span> <span class='ocrx_word' id='word_1_193' title='bbox 230 1521 307 1543; x_wconf 86' lang='lat' dir='ltr'>esse</span> <span class='ocrx_word' id='word_1_194' title='bbox 331 1513 577 1553; x_wconf 71' lang='lat' dir='ltr'>cogitationem,</span> <span class='ocrx_word' id='word_1_195' title='bbox 597 1510 684 1541; x_wconf 84' lang='lat' dir='ltr'>aliud</span> <span class='ocrx_word' id='word_1_196' title='bbox 704 1511 858 1543; x_wconf 81' lang='lat' dir='ltr'>affectum</span> <span class='ocrx_word' id='word_1_197' title='bbox 877 1522 936 1542; x_wconf 88' lang='lat' dir='ltr'>seu</span> <span class='ocrx_word' id='word_1_198' title='bbox 960 1517 1097 1548; x_wconf 87' lang='lat' dir='ltr'>motum,</span> 
     </span>
     <span class='ocr_line' id='line_1_31' title="bbox 118 1555 614 1596; baseline -0.004 -10"><span class='ocrx_word' id='word_1_199' title='bbox 118 1555 172 1596; x_wconf 83' lang='lat' dir='ltr'>qui</span> <span class='ocrx_word' id='word_1_200' title='bbox 195 1555 347 1596; x_wconf 85' lang='lat' dir='ltr'>sequitur</span> <span class='ocrx_word' id='word_1_201' title='bbox 370 1555 614 1596; x_wconf 81' lang='lat' dir='ltr'>cogitationem.</span> 
     </span>
    </p>

    <p class='ocr_par' dir='ltr' id='par_1_8' title="bbox 118 1595 1097 1680">
     <span class='ocr_line' id='line_1_32' title="bbox 204 1595 1097 1638; baseline -0.001 -10"><span class='ocrx_word' id='word_1_202' title='bbox 204 1596 296 1628; x_wconf 84' lang='lat' dir='ltr'>Haec</span> <span class='ocrx_word' id='word_1_203' title='bbox 322 1604 399 1628; x_wconf 87' lang='lat' dir='ltr'>sunt</span> <span class='ocrx_word' id='word_1_204' title='bbox 428 1599 535 1638; x_wconf 80' lang='lat' dir='ltr'>imago</span> <span class='ocrx_word' id='word_1_205' title='bbox 564 1596 653 1628; x_wconf 89' lang='lat' dir='ltr'>illins</span> <span class='ocrx_word' id='word_1_206' title='bbox 677 1607 815 1638; x_wconf 79' lang='lat' dir='ltr'>magnae</span> <span class='ocrx_word' id='word_1_207' title='bbox 838 1598 902 1635; x_wconf 86' lang='lat' dir='ltr'>rei,</span> <span class='ocrx_word' id='word_1_208' title='bbox 934 1595 1097 1634; x_wconf 86' lang='lat' dir='ltr'>videlicet,</span> 
     </span>
     <span class='ocr_line' id='line_1_33' title="bbox 118 1638 947 1680; baseline -0.004 -9"><span class='ocrx_word' id='word_1_209' title='bbox 118 1640 317 1671; x_wconf 79' lang='lat' dir='ltr'>discriminis</span> <span class='ocrx_word' id='word_1_210' title='bbox 340 1638 597 1680; x_wconf 83' lang='lat' dir='ltr'>appellationum</span> <span class='ocrx_word' id='word_1_211' title='bbox 620 1640 722 1678; x_wconf 79' lang='grc' dir='ltr'><em>λόγου,</em></span> <span class='ocrx_word' id='word_1_212' title='bbox 747 1646 778 1670; x_wconf 86' lang='lat' dir='ltr'>et</span> <span class='ocrx_word' id='word_1_213' title='bbox 802 1640 947 1678; x_wconf 78' lang='lat' dir='ltr'>Spiritus.</span> 
     </span>
    </p>

    <p class='ocr_par' dir='ltr' id='par_1_9' title="bbox 114 1681 1122 2668">
     <span class='ocr_line' id='line_1_34' title="bbox 203 1681 1096 1724; baseline 0 -11"><span class='ocrx_word' id='word_1_214' title='bbox 203 1682 239 1713; x_wconf 88' lang='lat' dir='ltr'>In</span> <span class='ocrx_word' id='word_1_215' title='bbox 261 1682 393 1713; x_wconf 89' lang='lat' dir='ltr'>homine</span> <span class='ocrx_word' id='word_1_216' title='bbox 418 1683 502 1721; x_wconf 70' lang='grc' dir='ltr'><em>λόγος</em></span> <span class='ocrx_word' id='word_1_217' title='bbox 525 1688 591 1720; x_wconf 71' lang='lat' dir='ltr'>est,</span> <span class='ocrx_word' id='word_1_218' title='bbox 623 1681 676 1713; x_wconf 90' lang='lat' dir='ltr'>vel</span> <span class='ocrx_word' id='word_1_219' title='bbox 701 1683 857 1724; x_wconf 80' lang='lat' dir='ltr'>cogitatio</span> <span class='ocrx_word' id='word_1_220' title='bbox 881 1683 1015 1720; x_wconf 79' lang='lat' dir='ltr'>mentis,</span> <span class='ocrx_word' id='word_1_221' title='bbox 1043 1681 1096 1714; x_wconf 78' lang='lat' dir='ltr'>vel</span> 
     </span>
     <span class='ocr_line' id='line_1_35' title="bbox 120 1725 1096 1767; baseline -0.002 -11"><span class='ocrx_word' id='word_1_222' title='bbox 120 1735 246 1756; x_wconf 84' lang='lat' dir='ltr'>sermo:</span> <span class='ocrx_word' id='word_1_223' title='bbox 276 1731 392 1766; x_wconf 87' lang='lat' dir='ltr'>estque</span> <span class='ocrx_word' id='word_1_224' title='bbox 422 1726 493 1766; x_wconf 85' lang='lat' dir='ltr'>ipsa</span> <span class='ocrx_word' id='word_1_225' title='bbox 523 1725 631 1767; x_wconf 82' lang='lat' dir='ltr'>imago</span> <span class='ocrx_word' id='word_1_226' title='bbox 655 1725 702 1755; x_wconf 88' lang='lat' dir='ltr'>rei</span> <span class='ocrx_word' id='word_1_227' title='bbox 726 1726 900 1766; x_wconf 81' lang='lat' dir='ltr'>cogitatae.</span> <span class='ocrx_word' id='word_1_228' title='bbox 954 1726 1096 1766; x_wconf 81' lang='lat' dir='ltr'>Spiritus</span> 
     </span>
     <span class='ocr_line' id='line_1_36' title="bbox 119 1766 1096 1810; baseline -0.001 -10"><span class='ocrx_word' id='word_1_229' title='bbox 119 1773 172 1800; x_wconf 83' lang='lat' dir='ltr'>est</span> <span class='ocrx_word' id='word_1_230' title='bbox 205 1766 391 1799; x_wconf 77' lang='lat' dir='ltr'>vehiculum</span> <span class='ocrx_word' id='word_1_231' title='bbox 424 1768 526 1806; x_wconf 85' lang='lat' dir='ltr'>vitae,</span> <span class='ocrx_word' id='word_1_232' title='bbox 560 1774 591 1798; x_wconf 91' lang='lat' dir='ltr'>et</span> <span class='ocrx_word' id='word_1_233' title='bbox 620 1768 803 1808; x_wconf 86' lang='lat' dir='ltr'>proximum</span> <span class='ocrx_word' id='word_1_234' title='bbox 834 1778 995 1810; x_wconf 81' lang='lat' dir='ltr'>organum</span> <span class='ocrx_word' id='word_1_235' title='bbox 1029 1779 1096 1799; x_wconf 92' lang='lat' dir='ltr'>mo-</span> 
     </span>
     <span class='ocr_line' id='line_1_37' title="bbox 118 1809 1096 1851; baseline 0.002 -11"><span class='ocrx_word' id='word_1_236' title='bbox 118 1816 220 1847; x_wconf 88' lang='lat' dir='ltr'>tuum,</span> <span class='ocrx_word' id='word_1_237' title='bbox 239 1819 299 1841; x_wconf 87' lang='lat' dir='ltr'>seu</span> <span class='ocrx_word' id='word_1_238' title='bbox 320 1809 494 1841; x_wconf 80' lang='lat' dir='ltr'>affectuum</span> <span class='ocrx_word' id='word_1_239' title='bbox 516 1811 638 1841; x_wconf 85' lang='lat' dir='ltr'>cordis.</span> <span class='ocrx_word' id='word_1_240' title='bbox 683 1809 819 1851; x_wconf 90' lang='lat' dir='ltr'>Loquor</span> <span class='ocrx_word' id='word_1_241' title='bbox 841 1811 903 1841; x_wconf 89' lang='lat' dir='ltr'>iam</span> <span class='ocrx_word' id='word_1_242' title='bbox 929 1812 968 1841; x_wconf 84' lang='lat' dir='ltr'>de</span> <span class='ocrx_word' id='word_1_243' title='bbox 993 1809 1096 1843; x_wconf 76' lang='lat' dir='ltr'>vitali·</span> 
     </span>
     <span class='ocr_line' id='line_1_38' title="bbox 119 1852 1097 1893; baseline 0 -9"><span class='ocrx_word' id='word_1_244' title='bbox 119 1854 181 1884; x_wconf 81' lang='lat' dir='ltr'>bus</span> <span class='ocrx_word' id='word_1_245' title='bbox 205 1853 356 1893; x_wconf 83' lang='lat' dir='ltr'>Spiritus.</span> <span class='ocrx_word' id='word_1_246' title='bbox 406 1852 496 1882; x_wconf 83' lang='lat' dir='ltr'>Unde</span> <span class='ocrx_word' id='word_1_247' title='bbox 519 1854 593 1883; x_wconf 71' lang='lat' dir='ltr'>vivit</span> <span class='ocrx_word' id='word_1_248' title='bbox 614 1853 725 1882; x_wconf 76' lang='lat' dir='ltr'>homo?</span> <span class='ocrx_word' id='word_1_249' title='bbox 748 1853 828 1882; x_wconf 80' lang='lat' dir='ltr'>uude</span> <span class='ocrx_word' id='word_1_250' title='bbox 846 1855 921 1882; x_wconf 68' lang='lat' dir='ltr'>viui!</span> <span class='ocrx_word' id='word_1_251' title='bbox 944 1854 1019 1883; x_wconf 83' lang='lat' dir='ltr'>bos?</span> <span class='ocrx_word' id='word_1_252' title='bbox 1043 1858 1097 1884; x_wconf 82' lang='lat' dir='ltr'>aut</span> 
     </span>
     <span class='ocr_line' id='line_1_39' title="bbox 114 1895 1094 1935; baseline 0.004 -11"><span class='ocrx_word' id='word_1_253' title='bbox 114 1897 238 1935; x_wconf 79' lang='lat' dir='ltr'>potius,</span> <span class='ocrx_word' id='word_1_254' title='bbox 263 1895 339 1935; x_wconf 79' lang='lat' dir='ltr'>qnid</span> <span class='ocrx_word' id='word_1_255' title='bbox 361 1899 406 1924; x_wconf 79' lang='lat' dir='ltr'>est</span> <span class='ocrx_word' id='word_1_256' title='bbox 430 1897 532 1925; x_wconf 78' lang='lat' dir='ltr'>anima</span> <span class='ocrx_word' id='word_1_257' title='bbox 554 1896 640 1925; x_wconf 81' lang='lat' dir='ltr'>bovis</span> <span class='ocrx_word' id='word_1_258' title='bbox 662 1896 811 1927; x_wconf 76' lang='lat' dir='ltr'>realiter?</span> <span class='ocrx_word' id='word_1_259' title='bbox 857 1897 974 1927; x_wconf 83' lang='lat' dir='ltr'>Anima</span> <span class='ocrx_word' id='word_1_260' title='bbox 1000 1898 1094 1929; x_wconf 82' lang='lat' dir='ltr'>bovis</span> 
     </span>
     <span class='ocr_line' id='line_1_40' title="bbox 119 1936 1095 1980; baseline 0.001 -10"><span class='ocrx_word' id='word_1_261' title='bbox 119 1944 172 1970; x_wconf 87' lang='lat' dir='ltr'>est</span> <span class='ocrx_word' id='word_1_262' title='bbox 196 1936 250 1969; x_wconf 93' lang='lat' dir='ltr'>ille</span> <span class='ocrx_word' id='word_1_263' title='bbox 274 1939 347 1979; x_wconf 90' lang='lat' dir='ltr'>ipse</span> <span class='ocrx_word' id='word_1_264' title='bbox 370 1937 511 1979; x_wconf 84' lang='lat' dir='ltr'>Spiritus</span> <span class='ocrx_word' id='word_1_265' title='bbox 534 1938 655 1977; x_wconf 79' lang='lat' dir='ltr'>vitalis,</span> <span class='ocrx_word' id='word_1_266' title='bbox 678 1940 732 1980; x_wconf 91' lang='lat' dir='ltr'>qui</span> <span class='ocrx_word' id='word_1_267' title='bbox 755 1940 788 1970; x_wconf 90' lang='lat' dir='ltr'>in</span> <span class='ocrx_word' id='word_1_268' title='bbox 813 1941 914 1970; x_wconf 88' lang='lat' dir='ltr'>corde</span> <span class='ocrx_word' id='word_1_269' title='bbox 937 1941 1095 1978; x_wconf 86' lang='lat' dir='ltr'>nascitur,</span> 
     </span>
     <span class='ocr_line' id='line_1_41' title="bbox 118 1980 1096 2023; baseline 0.002 -12"><span class='ocrx_word' id='word_1_270' title='bbox 118 1987 151 2012; x_wconf 86' lang='lat' dir='ltr'>et</span> <span class='ocrx_word' id='word_1_271' title='bbox 175 1980 287 2012; x_wconf 80' lang='lat' dir='ltr'>volitat</span> <span class='ocrx_word' id='word_1_272' title='bbox 310 1992 370 2022; x_wconf 89' lang='lat' dir='ltr'>per</span> <span class='ocrx_word' id='word_1_273' title='bbox 392 1987 494 2012; x_wconf 92' lang='lat' dir='ltr'>totum</span> <span class='ocrx_word' id='word_1_274' title='bbox 519 1991 652 2022; x_wconf 82' lang='lat' dir='ltr'>corpuS,</span> <span class='ocrx_word' id='word_1_275' title='bbox 675 1992 734 2023; x_wconf 90' lang='lat' dir='ltr'>per</span> <span class='ocrx_word' id='word_1_276' title='bbox 756 1983 907 2020; x_wconf 80' lang='lat' dir='ltr'>arterias,</span> <span class='ocrx_word' id='word_1_277' title='bbox 931 1981 1096 2021; x_wconf 86' lang='lat' dir='ltr'>calefacit,</span> 
     </span>
     <span class='ocr_line' id='line_1_42' title="bbox 121 2023 1095 2066; baseline 0.003 -11"><span class='ocrx_word' id='word_1_278' title='bbox 121 2030 153 2056; x_wconf 90' lang='lat' dir='ltr'>et</span> <span class='ocrx_word' id='word_1_279' title='bbox 176 2023 336 2061; x_wconf 84' lang='lat' dir='ltr'>vivificat,</span> <span class='ocrx_word' id='word_1_280' title='bbox 366 2031 399 2055; x_wconf 90' lang='lat' dir='ltr'>et</span> <span class='ocrx_word' id='word_1_281' title='bbox 429 2030 541 2055; x_wconf 80' lang='lat' dir='ltr'>servat</span> <span class='ocrx_word' id='word_1_282' title='bbox 565 2025 662 2055; x_wconf 81' lang='lat' dir='ltr'>vitam</span> <span class='ocrx_word' id='word_1_283' title='bbox 686 2027 847 2066; x_wconf 88' lang='lat' dir='ltr'>corporis.</span> <span class='ocrx_word' id='word_1_284' title='bbox 897 2025 982 2061; x_wconf 88' lang='lat' dir='ltr'>Quid</span> <span class='ocrx_word' id='word_1_285' title='bbox 1007 2026 1095 2057; x_wconf 81' lang='lat' dir='ltr'>diffe-</span> 
     </span>
     <span class='ocr_line' id='line_1_43' title="bbox 120 2065 1094 2107; baseline 0.004 -10"><span class='ocrx_word' id='word_1_286' title='bbox 120 2072 198 2099; x_wconf 87' lang='lat' dir='ltr'>runt</span> <span class='ocrx_word' id='word_1_287' title='bbox 227 2067 361 2107; x_wconf 86' lang='lat' dir='ltr'>spiritus</span> <span class='ocrx_word' id='word_1_288' title='bbox 393 2067 502 2098; x_wconf 83' lang='lat' dir='ltr'>vitalis</span> <span class='ocrx_word' id='word_1_289' title='bbox 526 2074 555 2098; x_wconf 85' lang='lat' dir='ltr'>et</span> <span class='ocrx_word' id='word_1_290' title='bbox 580 2065 751 2099; x_wconf 72' lang='lat' dir='ltr'>animalis?</span> <span class='ocrx_word' id='word_1_291' title='bbox 796 2067 936 2102; x_wconf 89' lang='lat' dir='ltr'>Quando</span> <span class='ocrx_word' id='word_1_292' title='bbox 960 2079 1019 2100; x_wconf 88' lang='lat' dir='ltr'>cor</span> <span class='ocrx_word' id='word_1_293' title='bbox 1041 2079 1094 2101; x_wconf 93' lang='lat' dir='ltr'>ac-</span> 
     </span>
     <span class='ocr_line' id='line_1_44' title="bbox 121 2110 1094 2152; baseline 0.003 -12"><span class='ocrx_word' id='word_1_294' title='bbox 121 2110 197 2151; x_wconf 87' lang='lat' dir='ltr'>cipit</span> <span class='ocrx_word' id='word_1_295' title='bbox 227 2110 436 2151; x_wconf 84' lang='lat' dir='ltr'>sanguinem,</span> <span class='ocrx_word' id='word_1_296' title='bbox 471 2119 567 2151; x_wconf 90' lang='lat' dir='ltr'>quem</span> <span class='ocrx_word' id='word_1_297' title='bbox 595 2119 656 2141; x_wconf 84' lang='lat' dir='ltr'>sua</span> <span class='ocrx_word' id='word_1_298' title='bbox 685 2111 717 2141; x_wconf 88' lang='lat' dir='ltr'>vi</span> <span class='ocrx_word' id='word_1_299' title='bbox 747 2117 922 2152; x_wconf 84' lang='lat' dir='ltr'>temperat,</span> <span class='ocrx_word' id='word_1_300' title='bbox 958 2119 989 2143; x_wconf 91' lang='lat' dir='ltr'>et</span> <span class='ocrx_word' id='word_1_301' title='bbox 1017 2111 1094 2143; x_wconf 87' lang='lat' dir='ltr'>facit</span> 
     </span>
     <span class='ocr_line' id='line_1_45' title="bbox 119 2152 1096 2194; baseline 0.004 -11"><span class='ocrx_word' id='word_1_302' title='bbox 119 2152 284 2190; x_wconf 81' lang='lat' dir='ltr'>idoneum,</span> <span class='ocrx_word' id='word_1_303' title='bbox 309 2159 343 2183; x_wconf 89' lang='lat' dir='ltr'>ut</span> <span class='ocrx_word' id='word_1_304' title='bbox 366 2153 407 2183; x_wconf 89' lang='lat' dir='ltr'>sit</span> <span class='ocrx_word' id='word_1_305' title='bbox 431 2153 662 2184; x_wconf 72' lang='lat' dir='ltr'>nutrimentum</span> <span class='ocrx_word' id='word_1_306' title='bbox 687 2154 848 2194; x_wconf 83' lang='lat' dir='ltr'>corporis,</span> <span class='ocrx_word' id='word_1_307' title='bbox 870 2160 936 2186; x_wconf 92' lang='lat' dir='ltr'>tum</span> <span class='ocrx_word' id='word_1_308' title='bbox 961 2156 1096 2187; x_wconf 81' lang='lat' dir='ltr'>sinister</span> 
     </span>
     <span class='ocr_line' id='line_1_46' title="bbox 120 2194 1096 2244; baseline 0.001 -18"><span class='ocrx_word' id='word_1_309' title='bbox 120 2194 285 2227; x_wconf 82' lang='lat' dir='ltr'>thalamus</span> <span class='ocrx_word' id='word_1_310' title='bbox 318 2196 428 2227; x_wconf 91' lang='lat' dir='ltr'>cordis</span> <span class='ocrx_word' id='word_1_311' title='bbox 456 2196 497 2226; x_wconf 89' lang='lat' dir='ltr'>ad</span> <span class='ocrx_word' id='word_1_312' title='bbox 525 2205 561 2226; x_wconf 91' lang='lat' dir='ltr'>se</span> <span class='ocrx_word' id='word_1_313' title='bbox 588 2195 719 2227; x_wconf 84' lang='lat' dir='ltr'>attrahit</span> <span class='ocrx_word' id='word_1_314' title='bbox 746 2196 994 2233; x_wconf 76' lang='lat' dir='ltr'>subtilissimam</span> <span class='ocrx_word' id='word_1_315' title='bbox 1023 2212 1096 2244; x_wconf 72' lang='lat' dir='ltr'>par-</span> 
     </span>
     <span class='ocr_line' id='line_1_47' title="bbox 120 2238 1097 2283; baseline 0.009 -14"><span class='ocrx_word' id='word_1_316' title='bbox 120 2244 185 2270; x_wconf 91' lang='lat' dir='ltr'>tem</span> <span class='ocrx_word' id='word_1_317' title='bbox 220 2239 406 2281; x_wconf 82' lang='lat' dir='ltr'>sanguinis,</span> <span class='ocrx_word' id='word_1_318' title='bbox 441 2247 470 2272; x_wconf 87' lang='lat' dir='ltr'>et</span> <span class='ocrx_word' id='word_1_319' title='bbox 506 2238 591 2272; x_wconf 75' lang='lat' dir='ltr'>lianc</span> <span class='ocrx_word' id='word_1_320' title='bbox 625 2242 730 2283; x_wconf 83' lang='lat' dir='ltr'>magis</span> <span class='ocrx_word' id='word_1_321' title='bbox 761 2249 924 2282; x_wconf 84' lang='lat' dir='ltr'>attenuat,</span> <span class='ocrx_word' id='word_1_322' title='bbox 957 2252 989 2276; x_wconf 89' lang='lat' dir='ltr'>et</span> <span class='ocrx_word' id='word_1_323' title='bbox 1018 2245 1097 2278; x_wconf 77' lang='lat' dir='ltr'>facit</span> 
     </span>
     <span class='ocr_line' id='line_1_48' title="bbox 119 2280 1097 2329; baseline 0.006 -14"><span class='ocrx_word' id='word_1_324' title='bbox 119 2280 336 2321; x_wconf 78' lang='lat' dir='ltr'>subtiliorem,</span> <span class='ocrx_word' id='word_1_325' title='bbox 359 2290 391 2314; x_wconf 88' lang='lat' dir='ltr'>et</span> <span class='ocrx_word' id='word_1_326' title='bbox 412 2284 489 2315; x_wconf 90' lang='lat' dir='ltr'>inde</span> <span class='ocrx_word' id='word_1_327' title='bbox 512 2285 614 2326; x_wconf 84' lang='lat' dir='ltr'>gignit</span> <span class='ocrx_word' id='word_1_328' title='bbox 639 2285 772 2324; x_wconf 86' lang='lat' dir='ltr'>spiritus</span> <span class='ocrx_word' id='word_1_329' title='bbox 796 2285 924 2325; x_wconf 77' lang='lat' dir='ltr'>vitales,</span> <span class='ocrx_word' id='word_1_330' title='bbox 942 2289 995 2329; x_wconf 91' lang='lat' dir='ltr'>qui</span> <span class='ocrx_word' id='word_1_331' title='bbox 1020 2295 1097 2320; x_wconf 88' lang='lat' dir='ltr'>sunt</span> 
     </span>
     <span class='ocr_line' id='line_1_49' title="bbox 118 2323 1095 2373; baseline 0.008 -18"><span class='ocrx_word' id='word_1_332' title='bbox 118 2323 211 2356; x_wconf 84' lang='lat' dir='ltr'>multi</span> <span class='ocrx_word' id='word_1_333' title='bbox 241 2324 448 2365; x_wconf 87' lang='lat' dir='ltr'>subtiliores,</span> <span class='ocrx_word' id='word_1_334' title='bbox 483 2337 579 2368; x_wconf 88' lang='lat' dir='ltr'>quam</span> <span class='ocrx_word' id='word_1_335' title='bbox 613 2325 681 2358; x_wconf 88' lang='lat' dir='ltr'>ulla</span> <span class='ocrx_word' id='word_1_336' title='bbox 709 2327 840 2360; x_wconf 85' lang='lat' dir='ltr'>flamma</span> <span class='ocrx_word' id='word_1_337' title='bbox 869 2329 966 2362; x_wconf 80' lang='lat' dir='ltr'>ullius</span> <span class='ocrx_word' id='word_1_338' title='bbox 998 2332 1095 2373; x_wconf 84' lang='lat' dir='ltr'>ignis.</span> 
     </span>
     <span class='ocr_line' id='line_1_50' title="bbox 120 2367 1122 2409; baseline 0.008 -11"><span class='ocrx_word' id='word_1_339' title='bbox 120 2367 201 2399; x_wconf 87' lang='lat' dir='ltr'>Sunt</span> <span class='ocrx_word' id='word_1_340' title='bbox 225 2369 307 2399; x_wconf 88' lang='lat' dir='ltr'>enim</span> <span class='ocrx_word' id='word_1_341' title='bbox 332 2367 565 2401; x_wconf 84' lang='lat' dir='ltr'>subtilissimae</span> <span class='ocrx_word' id='word_1_342' title='bbox 596 2377 626 2401; x_wconf 94' lang='lat' dir='ltr'>et</span> <span class='ocrx_word' id='word_1_343' title='bbox 650 2369 873 2404; x_wconf 86' lang='lat' dir='ltr'>lucidissimae</span> <span class='ocrx_word' id='word_1_344' title='bbox 897 2373 1094 2406; x_wconf 79' lang='lat' dir='ltr'>flammulae.</span> <span class='ocrx_word' id='word_1_345' title='bbox 1118 2387 1122 2409; x_wconf 79' lang='grc' dir='ltr'>ι</span> 
     </span>
     <span class='ocr_line' id='line_1_51' title="bbox 119 2408 1095 2454; baseline 0.008 -13"><span class='ocrx_word' id='word_1_346' title='bbox 119 2408 162 2441; x_wconf 89' lang='lat' dir='ltr'>Et</span> <span class='ocrx_word' id='word_1_347' title='bbox 185 2420 250 2451; x_wconf 91' lang='lat' dir='ltr'>quo</span> <span class='ocrx_word' id='word_1_348' title='bbox 274 2413 411 2454; x_wconf 82' lang='lat' dir='ltr'>sanguis</span> <span class='ocrx_word' id='word_1_349' title='bbox 436 2420 486 2444; x_wconf 89' lang='lat' dir='ltr'>est</span> <span class='ocrx_word' id='word_1_350' title='bbox 510 2411 638 2449; x_wconf 83' lang='lat' dir='ltr'>melior,</span> <span class='ocrx_word' id='word_1_351' title='bbox 658 2423 698 2444; x_wconf 90' lang='lat' dir='ltr'>eo</span> <span class='ocrx_word' id='word_1_352' title='bbox 722 2415 856 2454; x_wconf 79' lang='lat' dir='ltr'>spiritus</span> <span class='ocrx_word' id='word_1_353' title='bbox 879 2415 961 2448; x_wconf 83' lang='lat' dir='ltr'>fiunt</span> <span class='ocrx_word' id='word_1_354' title='bbox 984 2416 1095 2449; x_wconf 83' lang='lat' dir='ltr'>melio·</span> 
     </span>
     <span class='ocr_line' id='line_1_52' title="bbox 119 2454 1093 2499; baseline 0.009 -16"><span class='ocrx_word' id='word_1_355' title='bbox 119 2462 193 2489; x_wconf 85' lang='lat' dir='ltr'>res;</span> <span class='ocrx_word' id='word_1_356' title='bbox 216 2458 251 2485; x_wconf 87' lang='lat' dir='ltr'>ut</span> <span class='ocrx_word' id='word_1_357' title='bbox 272 2454 409 2493; x_wconf 83' lang='lat' dir='ltr'>videtis,</span> <span class='ocrx_word' id='word_1_358' title='bbox 439 2457 571 2497; x_wconf 84' lang='lat' dir='ltr'>quando</span> <span class='ocrx_word' id='word_1_359' title='bbox 603 2463 858 2497; x_wconf 87' lang='lat' dir='ltr'>temperamenta</span> <span class='ocrx_word' id='word_1_360' title='bbox 887 2466 963 2490; x_wconf 88' lang='lat' dir='ltr'>sunt</span> <span class='ocrx_word' id='word_1_361' title='bbox 995 2461 1093 2499; x_wconf 78' lang='lat' dir='ltr'>bona,</span> 
     </span>
     <span class='ocr_line' id='line_1_53' title="bbox 119 2494 1093 2541; baseline 0.009 -15"><span class='ocrx_word' id='word_1_362' title='bbox 119 2494 202 2527; x_wconf 87' lang='lat' dir='ltr'>fiunt</span> <span class='ocrx_word' id='word_1_363' title='bbox 224 2497 359 2538; x_wconf 85' lang='lat' dir='ltr'>spiritus</span> <span class='ocrx_word' id='word_1_364' title='bbox 389 2500 554 2530; x_wconf 83' lang='lat' dir='ltr'>acriores:</span> <span class='ocrx_word' id='word_1_365' title='bbox 582 2500 714 2540; x_wconf 81' lang='lat' dir='ltr'>quando</span> <span class='ocrx_word' id='word_1_366' title='bbox 745 2505 998 2541; x_wconf 85' lang='lat' dir='ltr'>temperamenta</span> <span class='ocrx_word' id='word_1_367' title='bbox 1022 2513 1093 2534; x_wconf 87' lang='lat' dir='ltr'>cor—</span> 
     </span>
     <span class='ocr_line' id='line_1_54' title="bbox 118 2542 1093 2588; baseline 0.008 -18"><span class='ocrx_word' id='word_1_368' title='bbox 118 2545 334 2579; x_wconf 87' lang='lat' dir='ltr'>rumpuntur,</span> <span class='ocrx_word' id='word_1_369' title='bbox 368 2549 403 2572; x_wconf 88' lang='lat' dir='ltr'>ut</span> <span class='ocrx_word' id='word_1_370' title='bbox 437 2542 469 2572; x_wconf 89' lang='lat' dir='ltr'>in</span> <span class='ocrx_word' id='word_1_371' title='bbox 504 2542 656 2579; x_wconf 83' lang='lat' dir='ltr'>senibus,</span> <span class='ocrx_word' id='word_1_372' title='bbox 690 2543 826 2583; x_wconf 88' lang='lat' dir='ltr'>spiritus</span> <span class='ocrx_word' id='word_1_373' title='bbox 855 2543 935 2576; x_wconf 85' lang='lat' dir='ltr'>flunt</span> <span class='ocrx_word' id='word_1_374' title='bbox 965 2544 1093 2588; x_wconf 82' lang='lat' dir='ltr'>langui-</span> 
     </span>
     <span class='ocr_line' id='line_1_55' title="bbox 121 2581 1093 2630; baseline 0.009 -18"><span class='ocrx_word' id='word_1_375' title='bbox 121 2581 242 2613; x_wconf 82' lang='lat' dir='ltr'>diores.</span> <span class='ocrx_word' id='word_1_376' title='bbox 299 2581 380 2614; x_wconf 89' lang='lat' dir='ltr'>Cum</span> <span class='ocrx_word' id='word_1_377' title='bbox 410 2584 508 2615; x_wconf 89' lang='lat' dir='ltr'>homo</span> <span class='ocrx_word' id='word_1_378' title='bbox 538 2591 589 2615; x_wconf 88' lang='lat' dir='ltr'>est</span> <span class='ocrx_word' id='word_1_379' title='bbox 610 2585 732 2622; x_wconf 80' lang='lat' dir='ltr'>tristis,</span> <span class='ocrx_word' id='word_1_380' title='bbox 765 2591 832 2616; x_wconf 88' lang='lat' dir='ltr'>turn</span> <span class='ocrx_word' id='word_1_381' title='bbox 856 2585 935 2618; x_wconf 78' lang='lat' dir='ltr'>fiunt</span> <span class='ocrx_word' id='word_1_382' title='bbox 959 2590 1093 2630; x_wconf 85' lang='lat' dir='ltr'>spiritus</span> 
     </span>
     <span class='ocr_line' id='line_1_56' title="bbox 120 2623 1092 2668; baseline 0.009 -14"><span class='ocrx_word' id='word_1_383' title='bbox 120 2623 217 2655; x_wconf 83' lang='lat' dir='ltr'>etiam</span> <span class='ocrx_word' id='word_1_384' title='bbox 229 2625 337 2657; x_wconf 83' lang='lat' dir='ltr'>minus</span> <span class='ocrx_word' id='word_1_385' title='bbox 355 2626 511 2658; x_wconf 82' lang='lat' dir='ltr'>subtiles:</span> <span class='ocrx_word' id='word_1_386' title='bbox 536 2628 610 2668; x_wconf 90' lang='lat' dir='ltr'>quia</span> <span class='ocrx_word' id='word_1_387' title='bbox 630 2626 764 2659; x_wconf 85' lang='lat' dir='ltr'>multum</span> <span class='ocrx_word' id='word_1_388' title='bbox 785 2635 835 2659; x_wconf 86' lang='lat' dir='ltr'>est</span> <span class='ocrx_word' id='word_1_389' title='bbox 853 2628 1092 2663; x_wconf 84' lang='lat' dir='ltr'>melancholiae</span> 
     </span>
    </p>
   </div>
   <div class='ocr_carea' id='block_1_7' title="bbox 813 168 1450 205">
    <p class='ocr_par' dir='ltr' id='par_1_10' title="bbox 813 168 1450 205">
     <span class='ocr_line' id='line_1_57' title="bbox 813 168 1450 205; baseline -0.009 0"><span class='ocrx_word' id='word_1_390' title='bbox 813 171 1030 205; x_wconf 75' lang='lat' dir='ltr'>POSTILLA</span> <span class='ocrx_word' id='word_1_391' title='bbox 1053 168 1450 203; x_wconf 74' lang='lat' dir='ltr'><strong>MELANTHONJANA.</strong></span> 
     </span>
    </p>
   </div>
   <div class='ocr_carea' id='block_1_8' title="bbox 2054 167 2118 200">
    <p class='ocr_par' dir='ltr' id='par_1_11' title="bbox 2054 167 2118 200">
     <span class='ocr_line' id='line_1_58' title="bbox 2054 167 2118 200; baseline -0.031 0"><span class='ocrx_word' id='word_1_392' title='bbox 2054 167 2118 200; x_wconf 83' lang='lat'>870</span> 
     </span>
    </p>
   </div>
   <div class='ocr_carea' id='block_1_9' title="bbox 1146 261 2121 688">
    <p class='ocr_par' dir='ltr' id='par_1_12' title="bbox 1146 261 2121 688">
     <span class='ocr_line' id='line_1_59' title="bbox 1146 261 2118 304; baseline -0.002 -11"><span class='ocrx_word' id='word_1_393' title='bbox 1146 263 1279 293; x_wconf 86' lang='lat' dir='ltr'>mixtum</span> <span class='ocrx_word' id='word_1_394' title='bbox 1303 272 1377 293; x_wconf 91' lang='lat' dir='ltr'>cum</span> <span class='ocrx_word' id='word_1_395' title='bbox 1399 263 1576 304; x_wconf 87' lang='lat' dir='ltr'>sanguine:</span> <span class='ocrx_word' id='word_1_396' title='bbox 1606 263 1680 293; x_wconf 89' lang='lat' dir='ltr'>ideo</span> <span class='ocrx_word' id='word_1_397' title='bbox 1711 263 1845 303; x_wconf 88' lang='lat' dir='ltr'>spiritus</span> <span class='ocrx_word' id='word_1_398' title='bbox 1875 261 1953 292; x_wconf 80' lang='lat' dir='ltr'>fiunt</span> <span class='ocrx_word' id='word_1_399' title='bbox 1978 272 2042 293; x_wconf 88' lang='lat' dir='ltr'>non</span> <span class='ocrx_word' id='word_1_400' title='bbox 2066 273 2118 293; x_wconf 86' lang='lat' dir='ltr'>so-</span> 
     </span>
     <span class='ocr_line' id='line_1_60' title="bbox 1146 303 2118 341; baseline -0.001 -5"><span class='ocrx_word' id='word_1_401' title='bbox 1146 303 1212 336; x_wconf 91' lang='lat' dir='ltr'>lum</span> <span class='ocrx_word' id='word_1_402' title='bbox 1247 305 1450 341; x_wconf 80' lang='lat' dir='ltr'>crassioreS,</span> <span class='ocrx_word' id='word_1_403' title='bbox 1485 305 1544 335; x_wconf 90' lang='lat' dir='ltr'>sed</span> <span class='ocrx_word' id='word_1_404' title='bbox 1578 306 1674 336; x_wconf 88' lang='lat' dir='ltr'>etiam</span> <span class='ocrx_word' id='word_1_405' title='bbox 1708 305 1814 335; x_wconf 84' lang='lat' dir='ltr'>minus</span> <span class='ocrx_word' id='word_1_406' title='bbox 1848 303 1947 335; x_wconf 92' lang='lat' dir='ltr'>lucidi</span> <span class='ocrx_word' id='word_1_407' title='bbox 1981 311 2011 335; x_wconf 90' lang='lat' dir='ltr'>et</span> <span class='ocrx_word' id='word_1_408' title='bbox 2046 305 2118 335; x_wconf 89' lang='lat' dir='ltr'>atri.</span> 
     </span>
     <span class='ocr_line' id='line_1_61' title="bbox 1147 346 1948 387; baseline -0.002 -9"><span class='ocrx_word' id='word_1_409' title='bbox 1147 347 1306 379; x_wconf 82' lang='lat' dir='ltr'>Actiones</span> <span class='ocrx_word' id='word_1_410' title='bbox 1329 346 1494 377; x_wconf 90' lang='lat' dir='ltr'>hominum</span> <span class='ocrx_word' id='word_1_411' title='bbox 1519 346 1670 378; x_wconf 82' lang='lat' dir='ltr'>differunt</span> <span class='ocrx_word' id='word_1_412' title='bbox 1692 347 1782 378; x_wconf 87' lang='lat' dir='ltr'>iuxta</span> <span class='ocrx_word' id='word_1_413' title='bbox 1806 348 1948 387; x_wconf 86' lang='lat' dir='ltr'>spiritns.</span> 
     </span>
     <span class='ocr_line' id='line_1_62' title="bbox 1233 389 2119 429; baseline 0 -9"><span class='ocrx_word' id='word_1_414' title='bbox 1233 389 1432 420; x_wconf 86' lang='lat' dir='ltr'>Emittuntur</span> <span class='ocrx_word' id='word_1_415' title='bbox 1455 395 1562 421; x_wconf 88' lang='lat' dir='ltr'>antem</span> <span class='ocrx_word' id='word_1_416' title='bbox 1586 391 1719 429; x_wconf 84' lang='lat' dir='ltr'>spiritus</span> <span class='ocrx_word' id='word_1_417' title='bbox 1743 389 1859 421; x_wconf 79' lang='lat' dir='ltr'>vitales</span> <span class='ocrx_word' id='word_1_418' title='bbox 1884 400 1924 420; x_wconf 90' lang='lat' dir='ltr'>ex</span> <span class='ocrx_word' id='word_1_419' title='bbox 1943 391 2041 420; x_wconf 76' lang='lat' dir='ltr'>corde</span> <span class='ocrx_word' id='word_1_420' title='bbox 2061 399 2119 429; x_wconf 87' lang='lat' dir='ltr'>per</span> 
     </span>
     <span class='ocr_line' id='line_1_63' title="bbox 1148 431 2120 473; baseline 0 -9"><span class='ocrx_word' id='word_1_421' title='bbox 1148 433 1286 464; x_wconf 73' lang='lat' dir='ltr'>arterias</span> <span class='ocrx_word' id='word_1_422' title='bbox 1308 433 1341 463; x_wconf 91' lang='lat' dir='ltr'>in</span> <span class='ocrx_word' id='word_1_423' title='bbox 1365 441 1478 463; x_wconf 86' lang='lat' dir='ltr'>omnes</span> <span class='ocrx_word' id='word_1_424' title='bbox 1498 439 1607 472; x_wconf 86' lang='lat' dir='ltr'>partes</span> <span class='ocrx_word' id='word_1_425' title='bbox 1633 433 1793 473; x_wconf 84' lang='lat' dir='ltr'>corporis.</span> <span class='ocrx_word' id='word_1_426' title='bbox 1840 431 1903 462; x_wconf 88' lang='lat' dir='ltr'>Alii</span> <span class='ocrx_word' id='word_1_427' title='bbox 1927 439 2002 463; x_wconf 72' lang='lat' dir='ltr'>sunt</span> <span class='ocrx_word' id='word_1_428' title='bbox 2027 433 2120 473; x_wconf 83' lang='lat' dir='ltr'>spiri-</span> 
     </span>
     <span class='ocr_line' id='line_1_64' title="bbox 1148 473 2120 516; baseline 0 -9"><span class='ocrx_word' id='word_1_429' title='bbox 1148 483 1201 507; x_wconf 89' lang='lat' dir='ltr'>tus</span> <span class='ocrx_word' id='word_1_430' title='bbox 1231 473 1407 509; x_wconf 79' lang='lat' dir='ltr'>animales;</span> <span class='ocrx_word' id='word_1_431' title='bbox 1439 475 1532 516; x_wconf 90' lang='lat' dir='ltr'>quia,</span> <span class='ocrx_word' id='word_1_432' title='bbox 1563 475 1694 516; x_wconf 87' lang='lat' dir='ltr'>quando</span> <span class='ocrx_word' id='word_1_433' title='bbox 1724 474 1840 505; x_wconf 80' lang='lat' dir='ltr'>vitales</span> <span class='ocrx_word' id='word_1_434' title='bbox 1872 476 2054 506; x_wconf 78' lang='lat' dir='ltr'>ascendunt</span> <span class='ocrx_word' id='word_1_435' title='bbox 2078 476 2120 507; x_wconf 85' lang='lat' dir='ltr'>ad</span> 
     </span>
     <span class='ocr_line' id='line_1_65' title="bbox 1149 517 2121 557; baseline -0.001 -7"><span class='ocrx_word' id='word_1_436' title='bbox 1149 519 1339 553; x_wconf 75' lang='lat' dir='ltr'>cerebrun13</span> <span class='ocrx_word' id='word_1_437' title='bbox 1369 517 1412 548; x_wconf 91' lang='lat' dir='ltr'>ibi</span> <span class='ocrx_word' id='word_1_438' title='bbox 1443 525 1558 548; x_wconf 85' lang='lat' dir='ltr'>rursus</span> <span class='ocrx_word' id='word_1_439' title='bbox 1589 523 1811 557; x_wconf 85' lang='lat' dir='ltr'>temperantur</span> <span class='ocrx_word' id='word_1_440' title='bbox 1840 525 1870 548; x_wconf 92' lang='lat' dir='ltr'>et</span> <span class='ocrx_word' id='word_1_441' title='bbox 1902 517 1981 549; x_wconf 88' lang='lat' dir='ltr'>fiunt</span> <span class='ocrx_word' id='word_1_442' title='bbox 2013 517 2121 549; x_wconf 81' lang='lat' dir='ltr'>adhuc</span> 
     </span>
     <span class='ocr_line' id='line_1_66' title="bbox 1147 558 2121 592; baseline -0.001 0"><span class='ocrx_word' id='word_1_443' title='bbox 1147 560 1336 592; x_wconf 85' lang='lat' dir='ltr'>subtiliores</span> <span class='ocrx_word' id='word_1_444' title='bbox 1354 566 1385 591; x_wconf 89' lang='lat' dir='ltr'>et</span> <span class='ocrx_word' id='word_1_445' title='bbox 1403 559 1591 591; x_wconf 79' lang='lat' dir='ltr'>lucidiores.</span> <span class='ocrx_word' id='word_1_446' title='bbox 1627 558 1674 590; x_wconf 88' lang='lat' dir='ltr'>Illi</span> <span class='ocrx_word' id='word_1_447' title='bbox 1694 567 1767 591; x_wconf 90' lang='lat' dir='ltr'>sunt</span> <span class='ocrx_word' id='word_1_448' title='bbox 1786 561 2001 591; x_wconf 74' lang='lat' dir='ltr'>instrumenta</span> <span class='ocrx_word' id='word_1_449' title='bbox 2019 561 2121 592; x_wconf 83' lang='lat' dir='ltr'>actio—</span> 
     </span>
     <span class='ocr_line' id='line_1_67' title="bbox 1147 601 2120 643; baseline -0.001 -8"><span class='ocrx_word' id='word_1_450' title='bbox 1147 614 1223 636; x_wconf 89' lang='lat' dir='ltr'>num</span> <span class='ocrx_word' id='word_1_451' title='bbox 1248 604 1393 641; x_wconf 87' lang='lat' dir='ltr'>cerebri,</span> <span class='ocrx_word' id='word_1_452' title='bbox 1426 609 1455 633; x_wconf 90' lang='lat' dir='ltr'>et</span> <span class='ocrx_word' id='word_1_453' title='bbox 1480 613 1538 643; x_wconf 87' lang='lat' dir='ltr'>per</span> <span class='ocrx_word' id='word_1_454' title='bbox 1560 612 1682 633; x_wconf 80' lang='lat' dir='ltr'>nervos</span> <span class='ocrx_word' id='word_1_455' title='bbox 1706 601 1927 633; x_wconf 79' lang='lat' dir='ltr'>devol-vumur</span> <span class='ocrx_word' id='word_1_456' title='bbox 1951 604 1981 633; x_wconf 93' lang='lat' dir='ltr'>in</span> <span class='ocrx_word' id='word_1_457' title='bbox 2007 613 2120 634; x_wconf 79' lang='lat' dir='ltr'>omnes</span> 
     </span>
     <span class='ocr_line' id='line_1_68' title="bbox 1146 646 1992 688; baseline -0.005 -10"><span class='ocrx_word' id='word_1_458' title='bbox 1146 653 1258 688; x_wconf 74' lang='lat' dir='ltr'>partes</span> <span class='ocrx_word' id='word_1_459' title='bbox 1281 646 1448 687; x_wconf 78' lang='lat' dir='ltr'>corporis3</span> <span class='ocrx_word' id='word_1_460' title='bbox 1469 652 1504 676; x_wconf 92' lang='lat' dir='ltr'>ut</span> <span class='ocrx_word' id='word_1_461' title='bbox 1527 646 1671 676; x_wconf 78' lang='lat' dir='ltr'>serviant</span> <span class='ocrx_word' id='word_1_462' title='bbox 1694 646 1794 676; x_wconf 83' lang='lat' dir='ltr'>motui</span> <span class='ocrx_word' id='word_1_463' title='bbox 1818 652 1847 676; x_wconf 83' lang='lat' dir='ltr'>et</span> <span class='ocrx_word' id='word_1_464' title='bbox 1871 647 1992 676; x_wconf 86' lang='lat' dir='ltr'>sensui.</span> 
     </span>
    </p>
   </div>
   <div class='ocr_carea' id='block_1_10' title="bbox 1150 811 2123 863">
    <p class='ocr_par' dir='ltr' id='par_1_13' title="bbox 1150 811 2123 863">
     <span class='ocr_line' id='line_1_69' title="bbox 1150 811 2123 863; baseline -0.001 -10"><span class='ocrx_word' id='word_1_465' title='bbox 1150 813 1259 863; x_wconf 87' lang='lat' dir='ltr'>Quid</span> <span class='ocrx_word' id='word_1_466' title='bbox 1291 813 1480 853; x_wconf 80' lang='lat' dir='ltr'>differunt</span> <span class='ocrx_word' id='word_1_467' title='bbox 1511 825 1659 861; x_wconf 85' lang='lat' dir='ltr'>venae,</span> <span class='ocrx_word' id='word_1_468' title='bbox 1693 811 1879 860; x_wconf 81' lang='lat' dir='ltr'>arteriae,</span> <span class='ocrx_word' id='word_1_469' title='bbox 1913 818 1954 850; x_wconf 85' lang='lat' dir='ltr'>et</span> <span class='ocrx_word' id='word_1_470' title='bbox 1984 811 2123 852; x_wconf 66' lang='lat' dir='ltr'>nervi?</span> 
     </span>
    </p>
   </div>
   <div class='ocr_carea' id='block_1_11' title="bbox 1147 900 2126 2453">
    <p class='ocr_par' dir='ltr' id='par_1_14' title="bbox 1149 900 2126 1459">
     <span class='ocr_line' id='line_1_70' title="bbox 1237 900 2124 944; baseline -0.003 -8"><span class='ocrx_word' id='word_1_471' title='bbox 1237 904 1329 936; x_wconf 88' lang='lat' dir='ltr'>Vena</span> <span class='ocrx_word' id='word_1_472' title='bbox 1352 903 1440 935; x_wconf 91' lang='lat' dir='ltr'>vehit</span> <span class='ocrx_word' id='word_1_473' title='bbox 1464 903 1658 944; x_wconf 85' lang='lat' dir='ltr'>sanguinem</span> <span class='ocrx_word' id='word_1_474' title='bbox 1682 900 1959 933; x_wconf 88' lang='lat' dir='ltr'>nutrimentalem:</span> <span class='ocrx_word' id='word_1_475' title='bbox 1994 903 2124 933; x_wconf 88' lang='lat' dir='ltr'>Arteria</span> 
     </span>
     <span class='ocr_line' id='line_1_71' title="bbox 1149 943 2124 988; baseline -0.002 -10"><span class='ocrx_word' id='word_1_476' title='bbox 1149 948 1296 988; x_wconf 88' lang='lat' dir='ltr'>spiritum</span> <span class='ocrx_word' id='word_1_477' title='bbox 1322 945 1469 977; x_wconf 78' lang='lat' dir='ltr'>vitalem:</span> <span class='ocrx_word' id='word_1_478' title='bbox 1493 946 1594 977; x_wconf 79' lang='lat' dir='ltr'>Nervi</span> <span class='ocrx_word' id='word_1_479' title='bbox 1617 945 1751 985; x_wconf 76' lang='lat' dir='ltr'>¹spiritus</span> <span class='ocrx_word' id='word_1_480' title='bbox 1771 943 1941 975; x_wconf 80' lang='lat' dir='ltr'>animales.</span> <span class='ocrx_word' id='word_1_481' title='bbox 1986 944 2045 975; x_wconf 76' lang='lat' dir='ltr'>Est</span> <span class='ocrx_word' id='word_1_482' title='bbox 2069 946 2124 976; x_wconf 91' lang='lat' dir='ltr'>mi-</span> 
     </span>
     <span class='ocr_line' id='line_1_72' title="bbox 1149 987 2124 1031; baseline -0.001 -11"><span class='ocrx_word' id='word_1_483' title='bbox 1149 989 1264 1021; x_wconf 87' lang='lat' dir='ltr'>rabilis</span> <span class='ocrx_word' id='word_1_484' title='bbox 1289 989 1530 1031; x_wconf 86' lang='lat' dir='ltr'>coagmentatio</span> <span class='ocrx_word' id='word_1_485' title='bbox 1554 989 1747 1019; x_wconf 87' lang='lat' dir='ltr'>arteriarum</span> <span class='ocrx_word' id='word_1_486' title='bbox 1768 994 1799 1018; x_wconf 90' lang='lat' dir='ltr'>et</span> <span class='ocrx_word' id='word_1_487' title='bbox 1818 998 1985 1018; x_wconf 81' lang='lat' dir='ltr'>venarum.</span> <span class='ocrx_word' id='word_1_488' title='bbox 2031 987 2124 1019; x_wconf 90' lang='lat' dir='ltr'>Deus</span> 
     </span>
     <span class='ocr_line' id='line_1_73' title="bbox 1149 1029 2124 1075; baseline -0.001 -12"><span class='ocrx_word' id='word_1_489' title='bbox 1149 1033 1314 1075; x_wconf 81' lang='lat' dir='ltr'>significat</span> <span class='ocrx_word' id='word_1_490' title='bbox 1348 1033 1469 1063; x_wconf 84' lang='lat' dir='ltr'>debere</span> <span class='ocrx_word' id='word_1_491' title='bbox 1509 1041 1584 1062; x_wconf 87' lang='lat' dir='ltr'>esse</span> <span class='ocrx_word' id='word_1_492' title='bbox 1619 1029 1859 1071; x_wconf 84' lang='lat' dir='ltr'>copulationem</span> <span class='ocrx_word' id='word_1_493' title='bbox 1893 1030 2059 1062; x_wconf 88' lang='lat' dir='ltr'>hominum</span> <span class='ocrx_word' id='word_1_494' title='bbox 2093 1037 2124 1062; x_wconf 90' lang='lat' dir='ltr'>et</span> 
     </span>
     <span class='ocr_line' id='line_1_74' title="bbox 1150 1073 2124 1114; baseline -0.001 -8"><span class='ocrx_word' id='word_1_495' title='bbox 1150 1076 1475 1106; x_wconf 80' lang='lat' dir='ltr'>communicationem</span> <span class='ocrx_word' id='word_1_496' title='bbox 1506 1073 1698 1105; x_wconf 83' lang='lat' dir='ltr'>officiorum.</span> <span class='ocrx_word' id='word_1_497' title='bbox 1755 1073 1884 1114; x_wconf 84' lang='lat' dir='ltr'>Ubique</span> <span class='ocrx_word' id='word_1_498' title='bbox 1915 1080 1991 1104; x_wconf 86' lang='lat' dir='ltr'>sunt</span> <span class='ocrx_word' id='word_1_499' title='bbox 2019 1083 2124 1105; x_wconf 89' lang='lat' dir='ltr'>venae</span> 
     </span>
     <span class='ocr_line' id='line_1_75' title="bbox 1149 1114 2126 1158; baseline -0.002 -9"><span class='ocrx_word' id='word_1_500' title='bbox 1149 1124 1180 1149; x_wconf 88' lang='lat' dir='ltr'>et</span> <span class='ocrx_word' id='word_1_501' title='bbox 1203 1118 1344 1149; x_wconf 85' lang='lat' dir='ltr'>arteriae</span> <span class='ocrx_word' id='word_1_502' title='bbox 1368 1116 1482 1153; x_wconf 78' lang='lat' dir='ltr'>simul3</span> <span class='ocrx_word' id='word_1_503' title='bbox 1509 1118 1584 1158; x_wconf 79' lang='lat' dir='ltr'>quia</span> <span class='ocrx_word' id='word_1_504' title='bbox 1607 1122 1682 1147; x_wconf 90' lang='lat' dir='ltr'>sunt</span> <span class='ocrx_word' id='word_1_505' title='bbox 1707 1114 1899 1156; x_wconf 83' lang='lat' dir='ltr'>copulatae,</span> <span class='ocrx_word' id='word_1_506' title='bbox 1929 1122 1962 1147; x_wconf 92' lang='lat' dir='ltr'>ut</span> <span class='ocrx_word' id='word_1_507' title='bbox 1985 1117 2126 1148; x_wconf 84' lang='lat' dir='ltr'>arteriae</span> 
     </span>
     <span class='ocr_line' id='line_1_76' title="bbox 1150 1159 2125 1202; baseline -0.001 -11"><span class='ocrx_word' id='word_1_508' title='bbox 1150 1161 1279 1202; x_wconf 87' lang='lat' dir='ltr'>rapiant</span> <span class='ocrx_word' id='word_1_509' title='bbox 1311 1159 1576 1192; x_wconf 85' lang='lat' dir='ltr'>nutrimentalem</span> <span class='ocrx_word' id='word_1_510' title='bbox 1613 1159 1806 1200; x_wconf 84' lang='lat' dir='ltr'>sanguinem</span> <span class='ocrx_word' id='word_1_511' title='bbox 1840 1169 1881 1190; x_wconf 85' lang='lat' dir='ltr'>ex</span> <span class='ocrx_word' id='word_1_512' title='bbox 1915 1160 2027 1197; x_wconf 79' lang='lat' dir='ltr'>venis,</span> <span class='ocrx_word' id='word_1_513' title='bbox 2061 1169 2125 1200; x_wconf 89' lang='lat' dir='ltr'>quo</span> 
     </span>
     <span class='ocr_line' id='line_1_77' title="bbox 1149 1202 2126 1244; baseline -0.001 -10"><span class='ocrx_word' id='word_1_514' title='bbox 1149 1202 1279 1235; x_wconf 88' lang='lat' dir='ltr'>alantur</span> <span class='ocrx_word' id='word_1_515' title='bbox 1312 1203 1466 1244; x_wconf 78' lang='lat' dir='ltr'>spiritus,</span> <span class='ocrx_word' id='word_1_516' title='bbox 1501 1209 1530 1234; x_wconf 89' lang='lat' dir='ltr'>et</span> <span class='ocrx_word' id='word_1_517' title='bbox 1568 1202 1712 1233; x_wconf 78' lang='lat' dir='ltr'>vicissim</span> <span class='ocrx_word' id='word_1_518' title='bbox 1747 1208 1782 1232; x_wconf 94' lang='lat' dir='ltr'>ut</span> <span class='ocrx_word' id='word_1_519' title='bbox 1818 1203 1954 1244; x_wconf 87' lang='lat' dir='ltr'>sanguis</span> <span class='ocrx_word' id='word_1_520' title='bbox 1977 1204 2009 1233; x_wconf 90' lang='lat' dir='ltr'>in</span> <span class='ocrx_word' id='word_1_521' title='bbox 2034 1203 2126 1233; x_wconf 75' lang='lat' dir='ltr'>venis</span> 
     </span>
     <span class='ocr_line' id='line_1_78' title="bbox 1150 1245 2125 1287; baseline -0.002 -9"><span class='ocrx_word' id='word_1_522' title='bbox 1150 1245 1279 1278; x_wconf 88' lang='lat' dir='ltr'>calefiat</span> <span class='ocrx_word' id='word_1_523' title='bbox 1302 1256 1362 1287; x_wconf 89' lang='lat' dir='ltr'>per</span> <span class='ocrx_word' id='word_1_524' title='bbox 1383 1246 1533 1287; x_wconf 89' lang='lat' dir='ltr'>spiritus:</span> <span class='ocrx_word' id='word_1_525' title='bbox 1557 1246 1632 1286; x_wconf 89' lang='lat' dir='ltr'>quia</span> <span class='ocrx_word' id='word_1_526' title='bbox 1651 1245 1787 1286; x_wconf 84' lang='lat' dir='ltr'>sanguis</span> <span class='ocrx_word' id='word_1_527' title='bbox 1806 1245 1837 1275; x_wconf 92' lang='lat' dir='ltr'>in</span> <span class='ocrx_word' id='word_1_528' title='bbox 1856 1255 2040 1286; x_wconf 85' lang='lat' dir='ltr'>progressu</span> <span class='ocrx_word' id='word_1_529' title='bbox 2059 1256 2125 1276; x_wconf 88' lang='lat' dir='ltr'>ma—</span> 
     </span>
     <span class='ocr_line' id='line_1_79' title="bbox 1151 1287 2126 1332; baseline 0 -13"><span class='ocrx_word' id='word_1_530' title='bbox 1151 1290 1203 1332; x_wconf 87' lang='lat' dir='ltr'>gis</span> <span class='ocrx_word' id='word_1_531' title='bbox 1233 1290 1422 1331; x_wconf 84' lang='lat' dir='ltr'>magisque3</span> <span class='ocrx_word' id='word_1_532' title='bbox 1455 1294 1626 1330; x_wconf 77' lang='lat' dir='ltr'>purgatur.</span> <span class='ocrx_word' id='word_1_533' title='bbox 1683 1288 1749 1318; x_wconf 86' lang='lat' dir='ltr'>lsta</span> <span class='ocrx_word' id='word_1_534' title='bbox 1779 1297 1881 1328; x_wconf 87' lang='lat' dir='ltr'>opera</span> <span class='ocrx_word' id='word_1_535' title='bbox 1912 1287 1975 1319; x_wconf 88' lang='lat' dir='ltr'>Dei</span> <span class='ocrx_word' id='word_1_536' title='bbox 1999 1288 2126 1319; x_wconf 90' lang='lat' dir='ltr'>debetis</span> 
     </span>
     <span class='ocr_line' id='line_1_80' title="bbox 1151 1329 2125 1371; baseline -0.001 -8"><span class='ocrx_word' id='word_1_537' title='bbox 1151 1332 1374 1364; x_wconf 84' lang='lat' dir='ltr'>considerare.</span> <span class='ocrx_word' id='word_1_538' title='bbox 1419 1331 1506 1367; x_wconf 87' lang='lat' dir='ltr'>Quid</span> <span class='ocrx_word' id='word_1_539' title='bbox 1529 1331 1612 1362; x_wconf 89' lang='lat' dir='ltr'>enim</span> <span class='ocrx_word' id='word_1_540' title='bbox 1636 1330 1773 1371; x_wconf 86' lang='lat' dir='ltr'>potestis</span> <span class='ocrx_word' id='word_1_541' title='bbox 1793 1331 1834 1361; x_wconf 91' lang='lat' dir='ltr'>de</span> <span class='ocrx_word' id='word_1_542' title='bbox 1853 1329 1926 1361; x_wconf 81' lang='lat' dir='ltr'>aliis</span> <span class='ocrx_word' id='word_1_543' title='bbox 1944 1331 2042 1362; x_wconf 90' lang='lat' dir='ltr'>rebus</span> <span class='ocrx_word' id='word_1_544' title='bbox 2060 1341 2125 1362; x_wconf 85' lang='lat' dir='ltr'>ma-</span> 
     </span>
     <span class='ocr_line' id='line_1_81' title="bbox 1150 1373 2125 1417; baseline 0 -12"><span class='ocrx_word' id='word_1_545' title='bbox 1150 1375 1274 1405; x_wconf 87' lang='lat' dir='ltr'>ioribus</span> <span class='ocrx_word' id='word_1_546' title='bbox 1310 1375 1476 1417; x_wconf 75' lang='lat' dir='ltr'>cogitare,</span> <span class='ocrx_word' id='word_1_547' title='bbox 1510 1374 1641 1415; x_wconf 87' lang='lat' dir='ltr'>quando</span> <span class='ocrx_word' id='word_1_548' title='bbox 1676 1383 1718 1404; x_wconf 85' lang='lat' dir='ltr'>ne</span> <span class='ocrx_word' id='word_1_549' title='bbox 1742 1374 1872 1414; x_wconf 88' lang='lat' dir='ltr'>quidem</span> <span class='ocrx_word' id='word_1_550' title='bbox 1903 1373 2125 1405; x_wconf 83' lang='lat' dir='ltr'>Grammatiea</span> 
     </span>
     <span class='ocr_line' id='line_1_82' title="bbox 1150 1416 1599 1459; baseline -0.004 -11"><span class='ocrx_word' id='word_1_551' title='bbox 1150 1416 1203 1448; x_wconf 80' lang='lat' dir='ltr'>vel</span> <span class='ocrx_word' id='word_1_552' title='bbox 1228 1417 1372 1459; x_wconf 72' lang='lat' dir='ltr'>Physica</span> <span class='ocrx_word' id='word_1_553' title='bbox 1394 1416 1599 1458; x_wconf 73' lang='lat' dir='ltr'>intelligitis?</span> 
     </span>
    </p>

    <p class='ocr_par' dir='ltr' id='par_1_15' title="bbox 1149 1457 2126 1930">
     <span class='ocr_line' id='line_1_83' title="bbox 1237 1457 2126 1500; baseline -0.002 -10"><span class='ocrx_word' id='word_1_554' title='bbox 1237 1459 1272 1491; x_wconf 93' lang='lat' dir='ltr'>In</span> <span class='ocrx_word' id='word_1_555' title='bbox 1294 1459 1415 1492; x_wconf 80' lang='lat' dir='ltr'>libellis</span> <span class='ocrx_word' id='word_1_556' title='bbox 1438 1458 1671 1496; x_wconf 78' lang='lat' dir='ltr'>scholasticis,</span> <span class='ocrx_word' id='word_1_557' title='bbox 1701 1459 1756 1500; x_wconf 91' lang='lat' dir='ltr'>qui</span> <span class='ocrx_word' id='word_1_558' title='bbox 1780 1457 1908 1490; x_wconf 88' lang='lat' dir='ltr'>titulum</span> <span class='ocrx_word' id='word_1_559' title='bbox 1931 1458 2054 1490; x_wconf 89' lang='lat' dir='ltr'>habent</span> <span class='ocrx_word' id='word_1_560' title='bbox 2076 1458 2126 1488; x_wconf 88' lang='lat' dir='ltr'>De</span> 
     </span>
     <span class='ocr_line' id='line_1_84' title="bbox 1152 1502 2126 1542; baseline 0.001 -10"><span class='ocrx_word' id='word_1_561' title='bbox 1152 1505 1269 1537; x_wconf 81' lang='lat' dir='ltr'>anima,</span> <span class='ocrx_word' id='word_1_562' title='bbox 1310 1504 1542 1534; x_wconf 75' lang='lat' dir='ltr'>discernuntur</span> <span class='ocrx_word' id='word_1_563' title='bbox 1580 1503 1677 1532; x_wconf 90' lang='lat' dir='ltr'>etiam</span> <span class='ocrx_word' id='word_1_564' title='bbox 1711 1502 1878 1542; x_wconf 89' lang='lat' dir='ltr'>potentiae</span> <span class='ocrx_word' id='word_1_565' title='bbox 1913 1503 2066 1540; x_wconf 71' lang='lat' dir='ltr'>animae,</span> <span class='ocrx_word' id='word_1_566' title='bbox 2093 1508 2126 1533; x_wconf 88' lang='lat' dir='ltr'>et</span> 
     </span>
     <span class='ocr_line' id='line_1_85' title="bbox 1151 1544 2126 1586; baseline 0 -10"><span class='ocrx_word' id='word_1_567' title='bbox 1151 1552 1282 1586; x_wconf 80' lang='lat' dir='ltr'>partes,</span> <span class='ocrx_word' id='word_1_568' title='bbox 1311 1556 1371 1578; x_wconf 90' lang='lat' dir='ltr'>seu</span> <span class='ocrx_word' id='word_1_569' title='bbox 1399 1544 1576 1576; x_wconf 84' lang='lat' dir='ltr'>facultates</span> <span class='ocrx_word' id='word_1_570' title='bbox 1610 1545 1693 1575; x_wconf 90' lang='lat' dir='ltr'>duae</span> <span class='ocrx_word' id='word_1_571' title='bbox 1724 1545 1965 1576; x_wconf 86' lang='lat' dir='ltr'>constituuntur</span> <span class='ocrx_word' id='word_1_572' title='bbox 1998 1545 2126 1576; x_wconf 87' lang='lat' dir='ltr'>animae</span> 
     </span>
     <span class='ocr_line' id='line_1_86' title="bbox 1151 1585 2126 1631; baseline 0 -12"><span class='ocrx_word' id='word_1_573' title='bbox 1151 1588 1336 1620; x_wconf 82' lang='lat' dir='ltr'>rationalis:</span> <span class='ocrx_word' id='word_1_574' title='bbox 1366 1597 1594 1631; x_wconf 84' lang='lat' dir='ltr'>cognoscens,</span> <span class='ocrx_word' id='word_1_575' title='bbox 1625 1594 1656 1618; x_wconf 92' lang='lat' dir='ltr'>et</span> <span class='ocrx_word' id='word_1_576' title='bbox 1685 1586 1814 1618; x_wconf 85' lang='lat' dir='ltr'>volens.</span> <span class='ocrx_word' id='word_1_577' title='bbox 1866 1587 1920 1618; x_wconf 84' lang='lat' dir='ltr'>Ad</span> <span class='ocrx_word' id='word_1_578' title='bbox 1942 1587 2003 1618; x_wconf 83' lang='lat' dir='ltr'>has</span> <span class='ocrx_word' id='word_1_579' title='bbox 2026 1585 2126 1619; x_wconf 84' lang='lat' dir='ltr'>facile</span> 
     </span>
     <span class='ocr_line' id='line_1_87' title="bbox 1150 1629 2125 1672; baseline -0.002 -9"><span class='ocrx_word' id='word_1_580' title='bbox 1150 1632 1392 1663; x_wconf 86' lang='lat' dir='ltr'>accommodari</span> <span class='ocrx_word' id='word_1_581' title='bbox 1424 1637 1564 1672; x_wconf 84' lang='lat' dir='ltr'>possunt</span> <span class='ocrx_word' id='word_1_582' title='bbox 1598 1629 1654 1661; x_wconf 89' lang='lat' dir='ltr'>illa</span> <span class='ocrx_word' id='word_1_583' title='bbox 1687 1631 1768 1668; x_wconf 81' lang='lat' dir='ltr'>tria,</span> <span class='ocrx_word' id='word_1_584' title='bbox 1803 1640 1887 1672; x_wconf 80' lang='lat' dir='ltr'>quae</span> <span class='ocrx_word' id='word_1_585' title='bbox 1916 1630 2125 1672; x_wconf 82' lang='lat' dir='ltr'>Augustinus</span> 
     </span>
     <span class='ocr_line' id='line_1_88' title="bbox 1151 1672 2125 1706; baseline -0.001 -1"><span class='ocrx_word' id='word_1_586' title='bbox 1151 1675 1227 1705; x_wconf 85' lang='lat' dir='ltr'>dicit</span> <span class='ocrx_word' id='word_1_587' title='bbox 1251 1675 1492 1706; x_wconf 78' lang='lat' dir='ltr'>consideranda</span> <span class='ocrx_word' id='word_1_588' title='bbox 1522 1683 1598 1705; x_wconf 87' lang='lat' dir='ltr'>esse</span> <span class='ocrx_word' id='word_1_589' title='bbox 1628 1675 1659 1705; x_wconf 91' lang='lat' dir='ltr'>in</span> <span class='ocrx_word' id='word_1_590' title='bbox 1689 1674 1796 1704; x_wconf 88' lang='lat' dir='ltr'>anima</span> <span class='ocrx_word' id='word_1_591' title='bbox 1824 1673 1974 1704; x_wconf 82' lang='lat' dir='ltr'>hominis.</span> <span class='ocrx_word' id='word_1_592' title='bbox 2029 1672 2125 1704; x_wconf 81' lang='lat' dir='ltr'>Mens</span> 
     </span>
     <span class='ocr_line' id='line_1_89' title="bbox 1151 1717 2124 1760; baseline -0.001 -12"><span class='ocrx_word' id='word_1_593' title='bbox 1151 1725 1181 1748; x_wconf 88' lang='lat' dir='ltr'>et</span> <span class='ocrx_word' id='word_1_594' title='bbox 1217 1718 1373 1760; x_wconf 83' lang='lat' dir='ltr'>cogitatio</span> <span class='ocrx_word' id='word_1_595' title='bbox 1408 1717 1571 1758; x_wconf 88' lang='lat' dir='ltr'>pertinent</span> <span class='ocrx_word' id='word_1_596' title='bbox 1605 1717 1647 1747; x_wconf 87' lang='lat' dir='ltr'>ad</span> <span class='ocrx_word' id='word_1_597' title='bbox 1686 1723 1811 1757; x_wconf 86' lang='lat' dir='ltr'>partem</span> <span class='ocrx_word' id='word_1_598' title='bbox 1847 1722 2124 1758; x_wconf 80' lang='lat' dir='ltr'>cognoscentem:</span> 
     </span>
     <span class='ocr_line' id='line_1_90' title="bbox 1150 1757 2123 1801; baseline -0.001 -10"><span class='ocrx_word' id='word_1_599' title='bbox 1150 1760 1261 1792; x_wconf 78' lang='lat' dir='ltr'>Motus</span> <span class='ocrx_word' id='word_1_600' title='bbox 1292 1767 1322 1792; x_wconf 92' lang='lat' dir='ltr'>et</span> <span class='ocrx_word' id='word_1_601' title='bbox 1350 1760 1490 1792; x_wconf 81' lang='lat' dir='ltr'>affectus</span> <span class='ocrx_word' id='word_1_602' title='bbox 1518 1760 1560 1790; x_wconf 88' lang='lat' dir='ltr'>ad</span> <span class='ocrx_word' id='word_1_603' title='bbox 1588 1765 1715 1801; x_wconf 70' lang='lat' dir='ltr'>partem</span> <span class='ocrx_word' id='word_1_604' title='bbox 1735 1757 1917 1797; x_wconf 83' lang='lat' dir='ltr'>volentem,</span> <span class='ocrx_word' id='word_1_605' title='bbox 1941 1769 2000 1790; x_wconf 90' lang='lat' dir='ltr'>seu</span> <span class='ocrx_word' id='word_1_606' title='bbox 2024 1769 2123 1800; x_wconf 82' lang='lat' dir='ltr'>appe-</span> 
     </span>
     <span class='ocr_line' id='line_1_91' title="bbox 1150 1800 2126 1845; baseline -0.001 -11"><span class='ocrx_word' id='word_1_607' title='bbox 1150 1809 1286 1834; x_wconf 89' lang='lat' dir='ltr'>tentem:</span> <span class='ocrx_word' id='word_1_608' title='bbox 1309 1804 1396 1845; x_wconf 85' lang='lat' dir='ltr'>quia,</span> <span class='ocrx_word' id='word_1_609' title='bbox 1415 1813 1488 1834; x_wconf 91' lang='lat' dir='ltr'>cnm</span> <span class='ocrx_word' id='word_1_610' title='bbox 1512 1802 1667 1834; x_wconf 82' lang='lat' dir='ltr'>voluntas</span> <span class='ocrx_word' id='word_1_611' title='bbox 1691 1803 1777 1833; x_wconf 89' lang='lat' dir='ltr'>serio</span> <span class='ocrx_word' id='word_1_612' title='bbox 1799 1800 1919 1844; x_wconf 75' lang='lat' dir='ltr'>aliquid</span> <span class='ocrx_word' id='word_1_613' title='bbox 1939 1800 2018 1839; x_wconf 73' lang='lat' dir='ltr'>vult,</span> <span class='ocrx_word' id='word_1_614' title='bbox 2039 1803 2126 1833; x_wconf 71' lang='lat' dir='ltr'>cien-</span> 
     </span>
     <span class='ocr_line' id='line_1_92' title="bbox 1150 1844 2125 1887; baseline -0.002 -10"><span class='ocrx_word' id='word_1_615' title='bbox 1150 1853 1201 1878; x_wconf 91' lang='lat' dir='ltr'>tur</span> <span class='ocrx_word' id='word_1_616' title='bbox 1223 1846 1362 1878; x_wconf 81' lang='lat' dir='ltr'>affectus</span> <span class='ocrx_word' id='word_1_617' title='bbox 1386 1847 1419 1877; x_wconf 90' lang='lat' dir='ltr'>in</span> <span class='ocrx_word' id='word_1_618' title='bbox 1443 1846 1546 1878; x_wconf 89' lang='lat' dir='ltr'>corde</span> <span class='ocrx_word' id='word_1_619' title='bbox 1569 1852 1806 1887; x_wconf 82' lang='lat' dir='ltr'>congruentes:</span> <span class='ocrx_word' id='word_1_620' title='bbox 1831 1851 1863 1876; x_wconf 92' lang='lat' dir='ltr'>et</span> <span class='ocrx_word' id='word_1_621' title='bbox 1882 1844 2020 1876; x_wconf 86' lang='lat' dir='ltr'>affectus</span> <span class='ocrx_word' id='word_1_622' title='bbox 2039 1846 2125 1876; x_wconf 89' lang='lat' dir='ltr'>cient</span> 
     </span>
     <span class='ocr_line' id='line_1_93' title="bbox 1149 1888 1526 1930; baseline -0.003 -10"><span class='ocrx_word' id='word_1_623' title='bbox 1149 1888 1303 1920; x_wconf 88' lang='lat' dir='ltr'>humores</span> <span class='ocrx_word' id='word_1_624' title='bbox 1327 1896 1357 1920; x_wconf 89' lang='lat' dir='ltr'>et</span> <span class='ocrx_word' id='word_1_625' title='bbox 1381 1889 1526 1930; x_wconf 88' lang='lat' dir='ltr'>spiritus.</span> 
     </span>
    </p>

    <p class='ocr_par' dir='ltr' id='par_1_16' title="bbox 1147 1931 2126 2453">
     <span class='ocr_line' id='line_1_94' title="bbox 1235 1931 2126 1972; baseline -0.002 -9"><span class='ocrx_word' id='word_1_626' title='bbox 1235 1932 1327 1964; x_wconf 87' lang='lat' dir='ltr'>Deus</span> <span class='ocrx_word' id='word_1_627' title='bbox 1352 1931 1454 1963; x_wconf 82' lang='lat' dir='ltr'>voluit</span> <span class='ocrx_word' id='word_1_628' title='bbox 1476 1932 1641 1963; x_wconf 86' lang='lat' dir='ltr'>hominem</span> <span class='ocrx_word' id='word_1_629' title='bbox 1665 1941 1742 1962; x_wconf 90' lang='lat' dir='ltr'>esse</span> <span class='ocrx_word' id='word_1_630' title='bbox 1766 1938 1831 1962; x_wconf 88' lang='lat' dir='ltr'>tam</span> <span class='ocrx_word' id='word_1_631' title='bbox 1855 1940 2052 1972; x_wconf 87' lang='lat' dir='ltr'>generosam</span> <span class='ocrx_word' id='word_1_632' title='bbox 2072 1941 2126 1961; x_wconf 87' lang='lat' dir='ltr'>na-</span> 
     </span>
     <span class='ocr_line' id='line_1_95' title="bbox 1149 1973 2126 2016; baseline -0.002 -10"><span class='ocrx_word' id='word_1_633' title='bbox 1149 1982 1271 2013; x_wconf 77' lang='lat' dir='ltr'>turam,</span> <span class='ocrx_word' id='word_1_634' title='bbox 1308 1982 1341 2006; x_wconf 90' lang='lat' dir='ltr'>ut</span> <span class='ocrx_word' id='word_1_635' title='bbox 1372 1975 1508 2016; x_wconf 81' lang='lat' dir='ltr'>vestigia</span> <span class='ocrx_word' id='word_1_636' title='bbox 1536 1973 1647 2016; x_wconf 82' lang='lat' dir='ltr'>aliqua</span> <span class='ocrx_word' id='word_1_637' title='bbox 1676 1974 1726 2004; x_wconf 81' lang='lat' dir='ltr'>sui</span> <span class='ocrx_word' id='word_1_638' title='bbox 1749 1974 1963 2014; x_wconf 88' lang='lat' dir='ltr'>imprimeret,</span> <span class='ocrx_word' id='word_1_639' title='bbox 1999 1974 2126 2005; x_wconf 91' lang='lat' dir='ltr'>etiamsi</span> 
     </span>
     <span class='ocr_line' id='line_1_96' title="bbox 1148 2016 2125 2059; baseline -0.001 -11"><span class='ocrx_word' id='word_1_640' title='bbox 1148 2019 1219 2058; x_wconf 81' lang='lat' dir='ltr'>ipse</span> <span class='ocrx_word' id='word_1_641' title='bbox 1243 2025 1294 2049; x_wconf 81' lang='lat' dir='ltr'>est</span> <span class='ocrx_word' id='word_1_642' title='bbox 1316 2019 1460 2050; x_wconf 84' lang='lat' dir='ltr'>essentia</span> <span class='ocrx_word' id='word_1_643' title='bbox 1483 2016 1679 2059; x_wconf 78' lang='lat' dir='ltr'>spiritualis,</span> <span class='ocrx_word' id='word_1_644' title='bbox 1708 2027 1814 2058; x_wconf 88' lang='lat' dir='ltr'>neque</span> <span class='ocrx_word' id='word_1_645' title='bbox 1845 2026 1928 2058; x_wconf 86' lang='lat' dir='ltr'>opus</span> <span class='ocrx_word' id='word_1_646' title='bbox 1951 2016 2050 2047; x_wconf 87' lang='lat' dir='ltr'>habet</span> <span class='ocrx_word' id='word_1_647' title='bbox 2073 2027 2125 2048; x_wconf 88' lang='lat' dir='ltr'>or-</span> 
     </span>
     <span class='ocr_line' id='line_1_97' title="bbox 1150 2059 2125 2103; baseline -0.002 -11"><span class='ocrx_word' id='word_1_648' title='bbox 1150 2062 1244 2103; x_wconf 87' lang='lat' dir='ltr'>ganis</span> <span class='ocrx_word' id='word_1_649' title='bbox 1275 2062 1463 2102; x_wconf 84' lang='lat' dir='ltr'>corporeis;</span> <span class='ocrx_word' id='word_1_650' title='bbox 1499 2061 1583 2092; x_wconf 82' lang='lat' dir='ltr'>sicut</span> <span class='ocrx_word' id='word_1_651' title='bbox 1613 2061 1720 2092; x_wconf 84' lang='lat' dir='ltr'>anima</span> <span class='ocrx_word' id='word_1_652' title='bbox 1750 2061 1817 2102; x_wconf 86' lang='lat' dir='ltr'>agit</span> <span class='ocrx_word' id='word_1_653' title='bbox 1846 2060 1877 2090; x_wconf 94' lang='lat' dir='ltr'>in</span> <span class='ocrx_word' id='word_1_654' title='bbox 1908 2059 2037 2091; x_wconf 91' lang='lat' dir='ltr'>homine</span> <span class='ocrx_word' id='word_1_655' title='bbox 2065 2070 2125 2102; x_wconf 90' lang='lat' dir='ltr'>per</span> 
     </span>
     <span class='ocr_line' id='line_1_98' title="bbox 1149 2103 2126 2154; baseline -0.002 -18"><span class='ocrx_word' id='word_1_656' title='bbox 1149 2106 1363 2136; x_wconf 81' lang='lat' dir='ltr'>instrumenta</span> <span class='ocrx_word' id='word_1_657' title='bbox 1387 2106 1547 2146; x_wconf 86' lang='lat' dir='ltr'>corporis.</span> <span class='ocrx_word' id='word_1_658' title='bbox 1601 2103 1789 2148; x_wconf 87' lang='lat' dir='ltr'>Cogitemus</span> <span class='ocrx_word' id='word_1_659' title='bbox 1819 2103 1917 2145; x_wconf 89' lang='lat' dir='ltr'>igitur</span> <span class='ocrx_word' id='word_1_660' title='bbox 1939 2109 2126 2154; x_wconf 52' lang='lat' dir='ltr'>mcv-nque}</span> 
     </span>
     <span class='ocr_line' id='line_1_99' title="bbox 1150 2147 2122 2195; baseline 0.007 -16"><span class='ocrx_word' id='word_1_661' title='bbox 1150 2147 1399 2180; x_wconf 87' lang='lat' dir='ltr'>similitudinem.</span> <span class='ocrx_word' id='word_1_662' title='bbox 1457 2147 1622 2185; x_wconf 78' lang='lat' dir='ltr'>Aeternus</span> <span class='ocrx_word' id='word_1_663' title='bbox 1651 2159 1744 2195; x_wconf 87' lang='lat' dir='ltr'>pater</span> <span class='ocrx_word' id='word_1_664' title='bbox 1774 2151 1872 2186; x_wconf 79' lang='lat' dir='ltr'>habet</span> <span class='ocrx_word' id='word_1_665' title='bbox 1896 2163 1933 2186; x_wconf 79' lang='lat' dir='ltr'>se</span> <span class='ocrx_word' id='word_1_666' title='bbox 1956 2162 1989 2187; x_wconf 93' lang='lat' dir='ltr'>ut</span> <span class='ocrx_word' id='word_1_667' title='bbox 2013 2166 2122 2186; x_wconf 78' lang='lat' dir='ltr'>niens:</span> 
     </span>
     <span class='ocr_line' id='line_1_100' title="bbox 1149 2191 2124 2239; baseline 0.004 -13"><span class='ocrx_word' id='word_1_668' title='bbox 1149 2191 1251 2227; x_wconf 76' lang='lat' dir='ltr'>Filius</span> <span class='ocrx_word' id='word_1_669' title='bbox 1286 2201 1440 2229; x_wconf 81' lang='lat' dir='ltr'>aeternus</span> <span class='ocrx_word' id='word_1_670' title='bbox 1471 2204 1504 2229; x_wconf 94' lang='lat' dir='ltr'>ut</span> <span class='ocrx_word' id='word_1_671' title='bbox 1536 2198 1711 2239; x_wconf 78' lang='lat' dir='ltr'>cogitatio,</span> <span class='ocrx_word' id='word_1_672' title='bbox 1747 2197 1798 2228; x_wconf 80' lang='lat' dir='ltr'>vel</span> <span class='ocrx_word' id='word_1_673' title='bbox 1826 2208 1952 2234; x_wconf 78' lang='lat' dir='ltr'>serm03</span> <span class='ocrx_word' id='word_1_674' title='bbox 1986 2199 2124 2239; x_wconf 79' lang='lat' dir='ltr'>Spiritus</span> 
     </span>
     <span class='ocr_line' id='line_1_101' title="bbox 1149 2240 2124 2282; baseline 0.003 -13"><span class='ocrx_word' id='word_1_675' title='bbox 1149 2246 1286 2271; x_wconf 82' lang='lat' dir='ltr'>sanctus</span> <span class='ocrx_word' id='word_1_676' title='bbox 1310 2247 1343 2271; x_wconf 92' lang='lat' dir='ltr'>ut</span> <span class='ocrx_word' id='word_1_677' title='bbox 1366 2248 1474 2272; x_wconf 87' lang='lat' dir='ltr'>motus</span> <span class='ocrx_word' id='word_1_678' title='bbox 1498 2248 1528 2271; x_wconf 92' lang='lat' dir='ltr'>et</span> <span class='ocrx_word' id='word_1_679' title='bbox 1552 2241 1696 2282; x_wconf 85' lang='lat' dir='ltr'>agitatio.</span> <span class='ocrx_word' id='word_1_680' title='bbox 1743 2240 1808 2271; x_wconf 82' lang='lat' dir='ltr'>Sed</span> <span class='ocrx_word' id='word_1_681' title='bbox 1829 2242 1985 2282; x_wconf 84' lang='lat' dir='ltr'>cogitatio</span> <span class='ocrx_word' id='word_1_682' title='bbox 2006 2248 2035 2272; x_wconf 91' lang='lat' dir='ltr'>et</span> <span class='ocrx_word' id='word_1_683' title='bbox 2057 2251 2124 2272; x_wconf 89' lang='lat' dir='ltr'>mo-</span> 
     </span>
     <span class='ocr_line' id='line_1_102' title="bbox 1149 2283 2121 2320; baseline 0 -7"><span class='ocrx_word' id='word_1_684' title='bbox 1149 2290 1201 2313; x_wconf 83' lang='lat' dir='ltr'>tus</span> <span class='ocrx_word' id='word_1_685' title='bbox 1225 2283 1256 2313; x_wconf 94' lang='lat' dir='ltr'>in</span> <span class='ocrx_word' id='word_1_686' title='bbox 1281 2284 1376 2315; x_wconf 91' lang='lat' dir='ltr'>nobis</span> <span class='ocrx_word' id='word_1_687' title='bbox 1400 2290 1476 2315; x_wconf 84' lang='lat' dir='ltr'>sunt</span> <span class='ocrx_word' id='word_1_688' title='bbox 1505 2284 1707 2320; x_wconf 69' lang='lat' dir='ltr'>accidentia,</span> <span class='ocrx_word' id='word_1_689' title='bbox 1737 2290 1767 2314; x_wconf 87' lang='lat' dir='ltr'>et</span> <span class='ocrx_word' id='word_1_690' title='bbox 1797 2293 1850 2314; x_wconf 87' lang='lat' dir='ltr'>res</span> <span class='ocrx_word' id='word_1_691' title='bbox 1875 2292 2121 2315; x_wconf 82' lang='lat' dir='ltr'>evanescentes.</span> 
     </span>
     <span class='ocr_line' id='line_1_103' title="bbox 1148 2325 2123 2367; baseline 0.002 -11"><span class='ocrx_word' id='word_1_692' title='bbox 1148 2325 1270 2357; x_wconf 87' lang='lat' dir='ltr'>Verum</span> <span class='ocrx_word' id='word_1_693' title='bbox 1299 2327 1386 2365; x_wconf 69' lang='grc' dir='ltr'><em>λόγος</em></span> <span class='ocrx_word' id='word_1_694' title='bbox 1414 2327 1536 2358; x_wconf 85' lang='lat' dir='ltr'>aeterni</span> <span class='ocrx_word' id='word_1_695' title='bbox 1562 2326 1667 2357; x_wconf 83' lang='lat' dir='ltr'>Patris</span> <span class='ocrx_word' id='word_1_696' title='bbox 1697 2333 1747 2357; x_wconf 73' lang='lat' dir='ltr'>est</span> <span class='ocrx_word' id='word_1_697' title='bbox 1772 2326 1985 2367; x_wconf 70' lang='grc' dir='ltr'>ὁφιστάμετοςε</span> <span class='ocrx_word' id='word_1_698' title='bbox 2008 2328 2123 2366; x_wconf 70' lang='grc' dir='ltr'><strong><em>πνεῦμα</em></strong></span> 
     </span>
     <span class='ocr_line' id='line_1_104' title="bbox 1148 2368 2123 2410; baseline 0.001 -11"><span class='ocrx_word' id='word_1_699' title='bbox 1148 2369 1270 2399; x_wconf 84' lang='lat' dir='ltr'>aeterni</span> <span class='ocrx_word' id='word_1_700' title='bbox 1306 2369 1413 2401; x_wconf 86' lang='lat' dir='ltr'>Patris</span> <span class='ocrx_word' id='word_1_701' title='bbox 1448 2376 1478 2400; x_wconf 90' lang='lat' dir='ltr'>et</span> <span class='ocrx_word' id='word_1_702' title='bbox 1514 2368 1583 2399; x_wconf 83' lang='lat' dir='ltr'>Filii</span> <span class='ocrx_word' id='word_1_703' title='bbox 1619 2369 1804 2407; x_wconf 85' lang='lat' dir='ltr'>coaeterni,</span> <span class='ocrx_word' id='word_1_704' title='bbox 1839 2376 1887 2400; x_wconf 83' lang='lat' dir='ltr'>est</span> <span class='ocrx_word' id='word_1_705' title='bbox 1914 2369 2123 2410; x_wconf 69' lang='grc' dir='ltr'>ὑφιστάμενον,</span> 
     </span>
     <span class='ocr_line' id='line_1_105' title="bbox 1147 2412 1627 2453; baseline -0.002 -11"><span class='ocrx_word' id='word_1_706' title='bbox 1147 2422 1212 2442; x_wconf 91' lang='lat' dir='ltr'>non</span> <span class='ocrx_word' id='word_1_707' title='bbox 1237 2412 1389 2453; x_wconf 89' lang='lat' dir='ltr'>quiddam</span> <span class='ocrx_word' id='word_1_708' title='bbox 1413 2422 1627 2443; x_wconf 75' lang='lat' dir='ltr'>evanescens.</span> 
     </span>
    </p>
   </div>
   <div class='ocr_carea' id='block_1_12' title="bbox 1862 2695 1915 2719">
    <p class='ocr_par' dir='ltr' id='par_1_17' title="bbox 1862 2695 1915 2719">
     <span class='ocr_line' id='line_1_106' title="bbox 1862 2695 1915 2719; baseline 0 0"><span class='ocrx_word' id='word_1_709' title='bbox 1862 2695 1915 2719; x_wconf 71' lang='lat'>55·</span> 
     </span>
    </p>
   </div>
  </div>
 </body>
</html>
