2324 2958
144 189 207 223 837
820 184 1034 218 rosmLA
1062 183 1455 218 nfflLANTnoNIANA.
2069 190 2134 223 833

143 292 254 323 panem
276 280 605 320 supersubstantialem,
629 279 684 321 qui
705 279 925 320 imaginantur
945 278 1112 320 indignum

145 335 223 358 esse
250 324 380 356 homine
409 322 594 354 Christiano
622 328 735 363 petere
762 331 782 352 a
811 320 885 352 Deo
914 319 1111 362 corporalia.

144 368 215 399 [mo
234 376 314 398 vero
337 366 564 408 dignissimum
593 371 644 397 est
671 365 816 396 tribuere
844 363 917 395 Deo
940 363 1112 401 honorem,

144 410 233 451 quod
257 410 311 440 det
334 406 529 449 corporalia.

227 451 391 487 Ἐπιούσιος
421 456 472 481 est
499 451 541 481 ab
569 450 704 487 ἐπιοῦσα,
734 449 766 479 id
795 452 862 487 est,
885 458 1011 488 sequens
1033 448 1108 478 dies.

142 494 315 536 Significat
343 494 442 535 igitur
470 493 564 533 panis
593 489 758 529 ἐπιούσιος,
789 492 874 522 idem
898 492 986 532 quod
1009 492 1109 522 conti-

1165 287 1240 309 cum
1261 278 1407 319 proxime
1430 279 1591 311 assideret
1610 280 1729 317 nobili;
1752 282 1815 313 imo
1834 282 1952 324 inquit:
1975 283 2132 323 Scriptum

1164 323 1223 355 est,
1247 331 1313 350 cum
1336 322 1450 355 oratis,
1473 321 1579 351 dicite.
1625 321 1682 354 llle
1709 325 1816 355 statim
1843 334 1881 356 se
1903 327 2076 366 repressit,
2099 334 2132 358 et

1164 363 1258 394 d'udt:
1291 363 1425 393 Domine
1448 363 1587 399 Ductor,
1617 369 1699 395 recte
1718 367 1848 404 facitis,
1876 368 1961 406 quod
1983 378 2028 397 me
2049 370 2129 406 refu-

1164 407 1249 436 tatis.
1305 405 1373 437 Ista
1407 406 1528 444 recito,
1566 412 1600 437 ut
1632 408 1786 439 iuventus
1819 410 1981 441 muniatur
2014 418 2131 443 contra

1161 448 1291 489 ineptos
1314 457 1495 479 sermones,

1246 489 1339 521 Deus
1369 489 1516 531 postulat
1543 490 1632 522 hunc
1659 491 1800 531 cultum,
1828 493 1898 525 vult
1920 495 2075 535 agnosci,
2097 501 2129 527 et

141 546 243 574 nuus,
265 536 335 566 Das
356 538 413 565 wir
434 537 537 565 inuner
551 536 604 573 fin
620 535 685 564 und
698 535 752 572 fur
769 533 932 572 bedurffen.
971 533 1108 565 Contra:
1134 531 1138 563 Ι
1162 533 1325 571 invocari,
1348 539 1380 564 et
1401 534 1434 564 in
1456 534 1622 574 agnitione
1645 535 1696 565 sui
1721 537 1938 568 communicat
1961 547 1998 568 se
2020 539 2127 577 nobis,

228 595 370 626 Christus
394 594 539 634 prohibet
566 596 598 624 in
626 593 787 623 Matthaeo
810 593 1048 623 sollicitudinem
1070 593 1110 623 de

225 642 408 721 Ενῗοωῗοῖιο
417 660 558 710 llebemus
575 682 684 718 petere
702 688 814 717 panem
835 678 1058 718 φιοίιίἰὶαηιιηι.

224 748 434 789 Respondeo.
478 746 630 778 Christus
653 746 805 788 prohibet
829 757 940 778 curam
963 744 1109 778 diffiden-

139 793 214 823 tiae.
259 790 322 823 Ubi
352 796 459 822 autem
488 795 540 820 est
567 788 668 827 fides,
699 789 740 820 ibi
771 795 803 820 et
826 787 921 820 labor
943 796 994 820 est
1015 799 1108 830 prae-

137 834 293 872 standuS,
316 839 349 864 et
370 832 544 874 petendum
567 841 587 862 a
610 831 701 870 Deo,
724 838 759 863 ut
782 832 837 863 det
860 833 967 870 nobis,
990 833 1107 873 quibus

137 876 282 918 quotidie
304 885 389 916 opus
413 874 585 906 habemus.

221 918 265 948 Et
292 920 412 948 remitte
438 917 526 946 nobis
553 916 658 946 debita
686 920 818 955 nostra.]

136 961 362 993 remissionem
390 966 620 1002 peccatorum,
649 959 713 990 etsi
741 960 782 990 de
811 958 874 990 hac
897 960 1105 1001 cogitandum

136 1009 188 1036 est
209 1004 329 1041 statim,
347 1013 420 1034 cum
443 1003 588 1033 ordimur
605 1002 843 1043 precationem:
866 1003 998 1043 quando
1017 1012 1106 1034 com-

135 1045 298 1088 pellamus
320 1045 442 1083 Deum,
465 1051 499 1076 ut
521 1044 663 1076 Patrem.
708 1043 811 1076 Simul
833 1051 942 1075 autem
965 1055 1106 1075 commo·
1128 1061 1133 1102 Ι

135 1088 257 1122 nesacit
278 1098 343 1119 non
368 1087 520 1120 Christus
548 1088 643 1119 etiam
671 1087 712 1118 de
739 1085 1008 1118 reconciliatione
1031 1097 1105 1118 cum

134 1132 304 1171 proximo,
327 1131 416 1161 Sicut
437 1134 467 1160 et
489 1140 544 1160 nos
565 1131 744 1159 remittimus
765 1129 957 1159 debitoribus
978 1130 1102 1159 nostris.

1128 1268 1130 1285 Ι

132 1303 253 1344 Estne
292 1303 471 1344 remissio
510 1308 662 1352 nostra,
707 1316 826 1342 causa
864 1301 1129 1354 remissionis*

520 1379 680 1419 divinae
689 1378 707 1420 ’ἒ

471 1469 559 1500 Non.
603 1468 644 1499 Et
672 1475 779 1500 tamen
807 1468 994 1500 mandatum
1022 1468 1102 1499 divi-

217 1468 427 1511 Respondeo.

128 1596 223 1629 Deus
252 1596 401 1638 postulat
428 1595 648 1628 dilectionem:
676 1602 709 1627 et
736 1606 802 1627 non
831 1594 920 1627 valet
941 1597 1101 1636 precatio,
1124 1595 1126 1617 :

129 1649 212 1681 quae
234 1639 271 1670 fit
292 1640 334 1670 ab
357 1639 499 1670 habente
518 1638 636 1670 malum
655 1639 871 1680 propositum.
916 1638 1014 1670 Fides
1034 1649 1100 1669 non

128 1688 195 1714 stat
218 1692 292 1713 cum
314 1680 400 1712 malo
423 1682 606 1723 proposito.
658 1682 705 1712 lta
733 1691 799 1712 non
828 1687 938 1722 potest
961 1681 1030 1712 fieri
1053 1682 1099 1712 in-
1123 1703 1125 1709 .

130 1725 259 1756 vocatio
283 1725 324 1755 ab
347 1734 404 1762 eo,
427 1725 482 1766 qui
505 1725 621 1755 retinet
644 1723 763 1755 malum
787 1725 1001 1765 propositum.
1122 1744 1125 1773 5

214 1765 258 1796 Et
278 1776 316 1795 ne
337 1777 393 1796 nos
418 1767 552 1796 inducas
578 1768 611 1795 in
634 1768 854 1805 tentationem-J
900 1766 935 1797 ld
958 1773 1029 1804 est,
1057 1776 1098 1798 ne
1122 1790 1123 1809 ¹

129 1810 219 1840 sinas
249 1818 312 1839 nos
342 1809 478 1850 opprimi
505 1810 761 1848 tentationibus,
790 1816 846 1841 aut
874 1809 1041 1851 submergi
1066 1810 1098 1840 in
1122 1811 1123 1815 ’

129 1852 320 1883 tentatione.
376 1851 461 1882 Sunt
487 1851 628 1893 phrases
661 1852 863 1890 Hebraicae,
890 1862 975 1893 quae
998 1853 1094 1893 signi-

127 1893 228 1925 ficant
261 1894 526 1935 permissionem,
559 1895 635 1925 item
669 1894 857 1937 significant
891 1893 1123 1935 completive.t

128 1935 290 1968 Diabolus
309 1937 482 1967 insidiatur
498 1937 594 1968 nobis
610 1938 760 1974 assidue3
782 1938 858 1969 item
876 1947 953 1968 caro
970 1944 1097 1976 nostra,

127 1985 160 2010 et
180 1980 321 2010 mundus
344 1979 492 2010 alliciunt
513 1989 575 2010 nos
598 1980 640 2011 ad
663 1987 810 2020 peccata.
844 1980 911 2012 Sed
928 1986 961 2011 tu
980 1981 1096 2011 adesto

128 2022 246 2059 nobis,
270 2022 382 2060 iuves,
406 2021 567 2053 defendas
588 2031 667 2061 nos,
689 2032 751 2054 nec
772 2024 959 2064 permittas,
983 2029 1017 2054 ut
1040 2033 1097 2064 op-

126 2065 303 2106 primamur
325 2065 569 2096 tentationibus.

213 2107 327 2136 Libera
350 2118 405 2136 nos
428 2118 446 2135 a
470 2106 575 2145 mala]
598 2105 725 2138 scilicet
751 2106 866 2149 culpae
896 2115 928 2139 et
955 2118 1093 2149 poenae,

127 2156 160 2181 et
193 2150 514 2190 comprehenduntur
551 2149 639 2179 mala
677 2151 862 2190 praesentia
902 2157 933 2181 et
972 2149 1091 2182 sutura.

126 2191 218 2224 Haec
246 2193 386 2233 petimus
412 2190 466 2223 vel
493 2192 558 2222 miti
585 2191 651 2229 ari,
687 2191 740 2222 vel
767 2191 838 2223 tolli
867 2203 887 2224 a
916 2194 1031 2231 nobis,
1060 2200 1093 2225 et

127 2235 258 2265 tandem
281 2235 419 2266 concedi
438 2234 533 2265 nobis
552 2245 572 2275 p
588 2235 716 2266 acidum
735 2235 857 2266 exitum
875 2246 915 2266 ex
933 2235 997 2267 hac
1014 2237 1091 2267 vita.

127 2276 174 2308 lta
196 2278 304 2309 onmia
327 2278 434 2318 capita
462 2287 571 2308 rerum
598 2277 811 2317 petendarum
835 2278 955 2318 optimo
979 2279 1093 2310 ordine

126 2325 202 2350 sunt
231 2319 471 2361 comprehensa
498 2320 529 2350 in
559 2318 621 2350 hac
648 2320 812 2357 oratione,
843 2330 906 2361 qua
935 2321 1092 2352 debemus

126 2361 294 2400 delectari,
312 2364 408 2394 etiam
425 2368 559 2403 propter
576 2363 766 2403 sapientiam
786 2362 947 2404 Magistri,
966 2369 998 2394 et
1020 2373 1092 2395 eam

125 2405 266 2436 subinde
287 2412 453 2446 repetere,
481 2411 512 2435 et
534 2404 702 2436 includere
724 2406 755 2436 in
778 2415 866 2443 eam,
890 2415 973 2446 quae
995 2407 1092 2437 nobis

127 2447 222 2478 etiam
246 2449 395 2487 privatim
419 2454 493 2478 sunt
518 2448 716 2479 necessaria.

210 2489 281 2532 Ego
308 2491 437 2521 memini
463 2491 625 2531 quendam
655 2489 796 2520 nobilem
819 2491 850 2521 in
874 2500 987 2522 mensa
1009 2492 1092 2523 deri-

125 2531 203 2563 dere
236 2534 506 2564 consuetudinem
544 2533 702 2563 recitandi
736 2533 915 2564 orationem
948 2533 1092 2565 Domini-

125 2583 215 2611 cam‚
245 2576 320 2616 quia
349 2576 477 2606 dicebat
506 2585 542 2606 se
565 2575 660 2606 etiam
685 2576 805 2616 gemitu
828 2585 930 2616 posse
951 2578 1089 2616 precari.

123 2616 321 2649 Assidebam
345 2624 422 2649 tunc
447 2617 581 2649 Doctori
606 2617 805 2659 Hieronymo
829 2617 1013 2657 Schurffi0‚
1037 2620 1090 2660 qui
1113 2659 1119 2666 ι

1161 582 1193 607 et
1216 586 1282 607 non
1303 574 1407 607 aliter.
1458 575 1499 606 Et
1523 586 1718 618 quamquam
1745 578 1777 608 in
1800 579 1928 620 magnis
1951 581 2128 611 necessita·

1161 619 1247 650 tibus
1271 619 1366 650 etiam
1390 619 1511 660 gemitu
1533 625 1642 660 potest
1663 618 1734 650 fieri
1757 621 1920 660 precatio,
1942 627 2050 653 tamen
2073 633 2128 654 co-

1161 661 1317 703 gitemus,
1357 661 1583 692 necessariam
1617 671 1693 693 esse
1727 663 1952 694 recitationem
1985 674 2128 705 quoque,

1161 714 1245 745 quae
1268 703 1325 735 flat
1347 702 1446 735 claris
1476 709 1508 734 et
1534 704 1658 746 apertis
1686 705 1808 736 verbis.
1854 705 2012 744 Primum,
2031 712 2064 737 ut
2086 707 2129 738 sit

1161 745 1433 778 commonefactio
1463 746 1504 778 de
1527 746 1696 778 beneficiis
1718 746 1792 778 Dei.
1841 747 1989 786 Deinde,
2016 747 2129 780 ut‘fiat

1160 790 1354 820 exuscitatio
1385 788 1569 820 affectuum.
1625 789 1720 826 Item,
1753 796 1788 821 ut
1816 791 2028 822 ostendamus
2052 801 2128 823 con-

1158 831 1337 863 tessionem
1370 838 1517 863 nostram
1547 842 1658 863 coram
1691 831 1764 863 Deo
1794 839 1827 864 et
1861 833 2063 872 hominibuS‚
2097 841 2129 865 et

1160 882 1276 906 contra
1300 873 1489 906 Diabolum.
1536 873 1687 906 Precatio
1707 880 1758 906 est
1775 885 1829 906 res
1848 875 1947 907 vaHe
1968 875 2128 913 difficilis3

875 916 935 948 Hic
968 917 1107 957 petimus
1131 941 1135 968 Ι
1159 917 1236 957 quia
1259 918 1392 959 requirit
1415 918 1626 948 intentionem
1655 918 1881 959 cogitationis,
1911 924 1943 950 et
1964 918 2127 957 affectum,

1159 959 1214 1000 qui
1237 960 1430 991 excitandus
1453 965 1504 991 est
1526 961 1735 1002 cogitatione.
1780 960 1848 999 sio,
1870 968 2096 1003 argumentor:

1244 1018 1405 1058 Inyratum
1432 1023 1477 1048 est
1500 1019 1714 1059 principibus,
1748 1030 1815 1050 cum
1841 1022 1921 1050 servi
1949 1021 2071 1051 multum
2099 1025 2128 1050 et

1287 1062 1410 1090 assidue
1428 1065 1553 1100 petunt:

1242 1103 1329 1143 Eryo
1352 1108 1382 1133 et
1403 1103 1473 1133 Deo
1495 1104 1578 1133 idem
1599 1105 1756 1144 displicet.

1242 1162 1453 1205 Respondeo.
1510 1163 1544 1195 ln
1575 1162 1659 1196 aulis
1687 1165 1732 1196 ita
1759 1165 1810 1204 fit,
1844 1166 1930 1198 sicut
1954 1165 2072 1198 dicitur
2093 1166 2125 1197 in

1157 1215 1270 1237 versu:

1239 1256 1310 1291 Da,
1334 1258 1464 1296 capias,
1486 1267 1618 1297 quaeras
1636 1258 1787 1297 plurima,
1806 1269 1929 1298 pauca,
1953 1259 2041 1290 nihil.

1155 1315 1219 1351 Qui
1243 1315 1312 1346 vult
1334 1322 1491 1358 acceptus
1515 1326 1594 1351 esse
1616 1317 1649 1348 in
1671 1316 1772 1356 aulis,
1795 1328 1869 1350 eum
1893 1325 2023 1360 oportet
2045 1330 2124 1351 con-

1155 1357 1270 1390 ciliare
1299 1359 1360 1390 sibi
1388 1359 1536 1390 favorem
1569 1361 1776 1399 muneribus,
1805 1367 1838 1392 et
1870 1371 1978 1403 pauca
2010 1368 2124 1403 petere

1126 1422 1128 1430 .
1154 1402 1195 1432 ab
1230 1400 1323 1439 aliis,
1351 1407 1383 1433 et
1412 1402 1618 1444 interrogare
1647 1402 1727 1434 nihil
1763 1403 1804 1434 de
1842 1405 1945 1435 rebus
1979 1406 2122 1437 arcanis.

1155 1443 1222 1475 Sed
1251 1443 1336 1475 haec
1364 1443 1540 1476 similitudo
1563 1455 1630 1476 non
1659 1446 1799 1487 quadrat
1822 1447 1864 1478 ad
1888 1445 2013 1483 Deum;
2036 1448 2123 1480 sicut

1126 1507 1127 1511 ,
1154 1493 1186 1517 et
1211 1485 1277 1518 alia
1299 1485 1416 1524 multa,
1450 1497 1535 1528 quae
1557 1488 1590 1518 in
1613 1486 1698 1520 aulis
1730 1488 1826 1528 fiunt,
1860 1499 1926 1520 non
1960 1490 2123 1531 pertinent

131 1523 207 1544 num
229 1519 296 1550 est,
325 1518 361 1544 ut
389 1511 454 1542 hoc
482 1521 564 1552 opes
591 1518 766 1553 sequatur,
794 1510 846 1542 vel
869 1517 905 1542 ut
927 1511 1102 1542 coniuncta
1125 1541 1127 1558 ἦ
1152 1530 1195 1560 ad
1218 1529 1450 1570 precafionem·

129 1556 173 1586 sit
204 1561 320 1586 nostra
352 1554 501 1585 remissio
535 1563 609 1585 cum
644 1554 838 1585 remissione
867 1554 991 1591 divina3
1026 1554 1127 1595 quia÷

1237 1579 1398 1612 Veniebat
1431 1580 1561 1622 quidam
1594 1582 1626 1612 in
1660 1580 1766 1613 aulam
1800 1583 1890 1624 regis
1924 1582 2121 1615 Ferdinandi

1151 1621 1355 1654 allocuturus
1378 1633 1499 1664 regem.
1557 1622 1656 1655 Forte
1679 1624 1790 1656 incidit
1813 1625 1845 1656 in
1869 1625 2120 1667 disputationem

1152 1676 1225 1697 cum
1243 1664 1344 1696 nobili
1355 1666 1506 1706 ³quodam
1521 1665 1561 1697 de
1580 1666 1788 1699 invocatione
1806 1667 2014 1700 Sanctorum.
2059 1668 2121 1700 Hic

1123 1720 1124 1723 ¹
1150 1708 1270 1740 obiecit
1294 1709 1340 1739 ei:
1364 1708 1451 1739 Idem
1473 1707 1561 1739 haud
1583 1709 1680 1740 dubie
1704 1709 1774 1741 fieri
1798 1710 1829 1741 in
1853 1709 1960 1749 coelo,
1979 1712 2067 1751 quod
2086 1712 2118 1743 in

1149 1750 1234 1782 aulis
1268 1750 1337 1781 fieri
1370 1750 1475 1788 solet,
1513 1756 1548 1782 ut
1581 1750 1700 1793 aliquis
1734 1759 1958 1785 conventurus
1992 1763 2116 1796 regem,

1149 1795 1239 1835 prius
1263 1792 1416 1825 conciliet
1438 1793 1501 1824 sibi
1525 1792 1662 1832 aulicos,
1680 1800 1713 1826 et
1734 1795 1866 1837 negotia
1884 1806 1946 1827 sua
1962 1803 2043 1838 agat
2060 1807 2120 1837 per

1149 1837 1377 1868 internuntios
1422 1834 1482 1867 llle
1506 1847 1564 1877 per
1586 1837 1693 1868 iocum
1716 1839 1904 1879 respondit.
1928 1839 1987 1870 sed
2011 1845 2117 1871 tamen

1148 1889 1243 1910 vere:
1265 1879 1302 1908 Si
1322 1881 1369 1908 ita
1391 1889 1441 1908 res
1463 1883 1606 1917 aym-etur
1626 1881 1659 1909 in
1677 1880 1774 1915 coelo,
1791 1882 1870 1911 sicut
1889 1883 1921 1910 in
1944 1883 2033 1916 aulis,
2056 1892 2117 1911 non

1149 1923 1284 1962 optarim
1306 1931 1350 1951 me
1372 1932 1437 1951 esse
1459 1923 1491 1950 in
1514 1922 1610 1951 coelo.

1234 1964 1294 1996 Est
1328 1965 1497 2006 egregium
1531 1965 1652 1996 dictum
1685 1964 1832 1997 Tauleri:
1868 1966 1955 1995 Mens
1987 1966 2116 1996 homini:

1149 2018 1297 2047 nunqnam
1319 2011 1365 2038 est
1387 2011 1448 2037 lam
1471 2007 1564 2036 uvida
1588 2007 1631 2036 ad
1651 2008 1831 2046 petendum,
1855 2019 1943 2047 quum
1966 2009 2050 2038 Deus
2073 2009 2115 2039 ad

1149 2051 1293 2079 dandum.
1350 2049 1389 2080 Et
1424 2047 1528 2080 simile
1555 2048 1677 2091 aliquid
1711 2051 1807 2082 habet
1839 2050 2114 2093 chrysostomus:

1147 2093 1234 2122 Deus
1255 2094 1430 2131 promptior
1457 2096 1503 2122 est
1530 2093 1573 2122 ad
1596 2093 1747 2126 dandum,
1775 2104 1863 2133 quum
1886 2093 1992 2123 mulier
2013 2095 2114 2123 οἱσίηα

1142 2137 1253 2175 partui
1274 2135 1318 2164 ad
1340 2135 1522 2165 enitendum.

1146 2317 1360 2368 Quomodo
1393 2317 1592 2371 intelligis,
1626 2317 1734 2370 quod
1766 2317 1803 2356 in
1838 2317 1911 2356 hac
1944 2317 2110 2357 lectione

1175 2396 1334 2435 dicitur:
1372 2400 1475 2429 Veniet
1495 2404 1626 2438 tempus.
1651 2410 1715 2428 cum
1734 2409 1793 2428 uon
1812 2409 1871 2437 per
1894 2401 2065 2438 aeniymatu

1509 2459 1618 2498 loquar
1640 2459 1745 2491 vobis?

1229 2536 1439 2577 Respondeo.
1490 2535 1560 2565 Hoc
1590 2534 1657 2566 vult
1689 2535 1814 2566 dicere:
1854 2535 1933 2566 Post
1964 2545 2107 2567 resurre-

1145 2580 1284 2610 ctionem
1308 2589 1412 2609 meam
1437 2578 1597 2615 videbitis,
1617 2587 1681 2608 non
1706 2588 1782 2610 esse
1805 2578 1952 2609 umbram
1977 2577 2027 2609 vel
2051 2579 2108 2609 ob-

1143 2632 1240 2652 scura
1264 2622 1460 2661 aenigmata:
1495 2619 1613 2651 foram
1643 2621 1792 2652 videbitis
1821 2630 1887 2651 rem
1911 2622 2025 2662 ipsam.
2070 2621 2106 2649 ln

1852 2681 1905 2704 53·
