2324 2958
117 156 184 190 889

118 260 206 288 nem,
229 256 262 281 et
284 258 371 280 nova
392 246 448 279 illa
471 245 738 289 promulgatione
753 244 1096 282 commonefacimus,

119 294 210 335 quod
233 290 314 324 velit
336 290 444 332 legem
465 299 559 322 suam
581 295 686 320 ratam
710 298 805 326 esse,
833 294 866 320 et
888 288 977 329 quod
998 297 1097 361 xper—

119 341 188 367 teat
222 333 331 376 legem
363 333 453 365 ferri.
516 332 600 363 Hinc
630 332 792 373 sequitur:
824 330 965 362 Restare
1034 330 1097 361 iam

118 378 229 410 vitam.
264 375 406 408 Valetne
428 374 686 416 consequentia?
726 372 838 405 Valet:
861 373 947 409 Quia
967 377 1098 414 oportet

118 418 229 461 legem
250 418 330 450 ferri
353 419 385 450 in
407 424 548 458 utraque
570 427 621 448 re:
644 417 676 448 in
697 415 899 457 impletione,
922 422 953 447 et
975 416 1008 446 in
1021 425 1098 455 poe·

119 462 172 493 nis
205 471 338 499 eorum,
375 461 430 502 qui
465 469 532 491 non
568 457 764 501 confugiunt
797 459 839 489 ad
873 457 989 490 Filium
1023 457 1097 488 Dei.

118 504 191 536 Erit
223 504 321 546 igitur
350 504 418 534 vita
440 501 525 541 alia,
565 502 598 533 in
620 512 686 543 qua
715 502 775 532 erit
796 506 932 532 aeterna
954 498 1096 541 impletio

119 545 206 589 legis
229 547 262 577 in
284 545 349 584 his,
371 546 427 587 qui
451 551 527 576 sunt
548 543 770 581 reconciliati,
798 549 831 574 et
854 549 970 574 contra
991 549 1098 574 aeter-

118 599 184 621 nae
205 598 332 630 poenae
355 594 450 619 erunt
472 588 627 625 omnium,
649 587 705 628 qui
732 592 956 626 aspernantur
978 585 1099 617 media-

119 637 240 668 torem,
263 632 317 672 qui
337 629 497 662 satisfecit
518 640 579 671 pro
602 629 699 660 nobis
722 627 787 670 legi
810 628 884 659 Dei.

206 673 305 705 Dicat
328 672 464 715 aliquis:
500 672 549 703 Tu
578 677 705 703 tantum
729 671 834 702 doces
857 671 1099 712 paedagogica:

119 726 236 749 verum
259 722 330 753 est,
353 716 414 747 sed
438 716 559 747 utinam
581 714 646 745 ista
668 714 898 755 paedagogica
919 724 1039 755 saepe,
1068 718 1101 744 et

119 758 258 791 multum
270 759 530 790 consideremus.
564 756 682 798 Neque
701 767 778 799 ego,
800 766 906 797 neque
924 763 971 794 tu,
993 765 1101 797 neque

119 800 173 833 alii
197 802 416 843 sapientiores
434 800 550 838 nobis,
579 809 757 840 possumus
783 799 1026 840 amplitudinem
1049 808 1101 829 sa-

145 845 266 876 ientiae
287 843 373 885 legis
402 842 549 883 assequi,
580 849 614 873 et
643 842 899 883 magnitudinem
926 851 1101 873 causarum

118 855 259 924 iqlarum,
282 891 418 927 propter
430 895 514 926 quas
527 884 580 916 lex
592 891 647 915 est
660 883 878 925 promulgata.
912 883 1000 915 Inter
1012 884 1102 915 testi-

118 929 230 962 monia
241 929 283 960 de
294 928 381 966 Deo,
403 938 503 959 unum
523 934 573 959 est
593 937 635 958 ex
654 928 841 968 praecipuis
862 926 947 958 haec
958 924 1102 968 pnomul-

143 972 210 1003 atio
221 969 318 1012 legis.
343 970 424 1002 Cum
436 970 551 1008 oratis,
570 970 699 1001 debetis
712 969 776 1001 hoc
788 979 950 1010 expresse
961 970 1101 1000 addere:

119 982 358 1054 &miiipotenffi
382 1019 530 1051 aeterne,
553 1019 586 1043 et
608 1013 683 1044 vive
705 1012 818 1050 Deus,
853 1011 952 1043 Pater
969 1011 1102 1043 Domini

119 1057 227 1088 nostri
249 1055 324 1087 lesu
344 1055 488 1093 Christi,
522 1061 655 1087 creator
678 1054 763 1086 coeli
791 1061 822 1086 et
845 1060 972 1092 terrae,
1006 1055 1102 1085 dator

119 1097 218 1140 legis,
241 1104 303 1130 etc.
361 1099 488 1129 Scitote
506 1099 621 1136 etiam,
653 1098 686 1128 in
715 1098 790 1138 ipsa
812 1103 940 1135 natura,
974 1095 1100 1128 nullum

119 1140 211 1173 aliud
242 1140 406 1172 illustrius
440 1151 516 1172 esse
549 1140 769 1171 testimonium
804 1140 845 1170 de
878 1139 969 1177 Deo,
1003 1149 1100 1179 quam

121 1183 344 1224 cognitionem
378 1182 471 1224 legis.
534 1181 678 1213 Pulchra
713 1188 764 1213 est
797 1181 935 1212 aliarum
969 1191 1101 1222 quoque

119 1227 239 1257 artium
261 1226 410 1262 scientia,
434 1230 469 1256 ut
490 1234 713 1262 numerorum,
734 1224 815 1255 artis
828 1224 990 1261 Medicae,
1016 1224 1102 1265 phy-
1126 1248 1128 1252 .

119 1269 227 1302 sicae3
255 1268 315 1298 sed
339 1265 472 1298 excellit
495 1267 657 1306 sapientia
680 1265 783 1307 legis,
818 1266 933 1297 lucens
964 1267 995 1297 in
1019 1267 1101 1297 nuti-

119 1311 175 1342 tiis
198 1315 336 1341 naturae
357 1310 542 1350 impressis.
566 1320 608 1340 ex
632 1310 752 1350 quibus
780 1315 944 1349 tamquam
968 1319 1008 1339 ex
1030 1307 1102 1340 fon-

119 1350 209 1385 titius
232 1358 384 1392 sumptae
405 1358 484 1383 sunt
504 1350 597 1392 leges
620 1351 782 1382 honestae
811 1361 1102 1393 quaerumcunque

120 1395 278 1437 gentium.
323 1394 409 1429 Quid
432 1400 510 1425 sunt
531 1392 624 1435 leges
648 1393 829 1427 Romanae,
857 1404 939 1434 quas
964 1395 1102 1432 discitis,

120 1436 221 1475 aliud,
243 1437 305 1468 nisi
329 1437 513 1468 sententiae
535 1442 687 1477 sumptae
710 1447 751 1468 ex
769 1435 956 1478 Decalogo,
979 1446 1038 1468 seu
1061 1447 1102 1468 ex

119 1477 197 1522 lege
219 1479 381 1510 naturae?

207 1522 451 1553 Discernuntur
474 1527 582 1552 autem
606 1519 702 1563 leges
724 1519 894 1562 politicae,
925 1531 1010 1562 quae
1033 1527 1102 1552 tan-

120 1571 190 1597 tum
213 1571 384 1595 externam
407 1562 613 1605 disciplinam
635 1563 859 1605 praecipiunt,
889 1575 909 1594 a
931 1563 1007 1605 lege
1029 1563 1104 1603 Dei,

120 1616 208 1648 quae
241 1605 505 1638 conformitatem
549 1606 648 1636 totius
681 1613 820 1637 naturae
862 1607 999 1647 requirit
1030 1617 1103 1638 cum

120 1649 207 1681 Deo.
258 1647 364 1680 Multo
395 1649 504 1690 magis
534 1649 742 1680 discernatur
774 1659 839 1679 vox
869 1648 956 1691 legis
977 1660 997 1680 a
1020 1660 1103 1681 voce

120 1691 317 1733 Evangelii,
347 1700 432 1733 quae
459 1691 579 1722 liberat
610 1700 672 1722 nos
696 1702 715 1722 a
745 1691 976 1723 maledictione
1003 1691 1101 1734 legis:

120 1744 186 1766 nec
208 1740 320 1765 tamen
344 1732 428 1766 tollit
463 1733 588 1775 legem,
618 1735 732 1774 >quoad
756 1735 993 1771 obedientianu
1027 1736 1102 1776 quia

121 1777 196 1808 ideo
219 1777 257 1807 in
276 1786 365 1809 nova
387 1775 587 1808 Pentecoste
606 1782 703 1807 datus
728 1783 779 1807 est
792 1777 935 1817 Spiritus
954 1784 1102 1816 sanctuS,

121 1826 158 1851 ut
192 1818 251 1850 fiat
288 1817 359 1849 lex:
397 1817 439 1849 Et
475 1820 549 1859 ipse
582 1818 725 1859 Spiritus·
758 1826 896 1851 sanctus
935 1826 987 1851 est
1027 1819 1102 1852 talis

807 150 1026 185 POSTILLA
1044 150 1442 185 MELANTHONJANA.

1148 1144 1247 1179 pater·
1270 1139 1400 1179 ponitur
1433 1138 1664 1179 personaliter.

1126 1259 1129 1302 Ι
1155 1267 1309 1298 Dome'ni'?
1354 1265 1490 1297 Ponitur
1508 1266 1747 1303 essentialite1·;

1148 324 1384 365 Pertinetne
1426 324 1578 365 dictum
1624 326 1721 365 illud
1759 326 1915 379 proprie
1947 326 1999 365 ad
2030 325 2126 365 mis—

1149 401 1302 442 sionem
1350 399 1520 455 Spiritus
1565 402 1692 441 sancti
1705 433 1713 447 ,
1761 402 1811 441 de
1858 416 1937 455 qua
1984 401 2127 442 dicitur

1486 477 1526 517 in
1557 478 1634 517 hoo
1664 477 1792 517 sesto?

1237 583 1312 615 Non
1334 583 1480 625 loquitur
1508 582 1720 626 peculiariter
1749 584 1789 614 de
1819 594 1963 624 persona
1986 584 2127 625 Spiritus

1151 627 1277 664 sancti,
1310 633 1366 658 aut
1387 627 1428 658 de
1463 626 1624 658 beneficio
1654 626 1821 658 missionis
1856 627 1898 657 ad
1931 626 2128 658 Ecclesiam.

1152 670 1293 710 Oportet
1315 680 1376 701 vos
1400 670 1624 708 considerare,
1654 669 1709 700 ubi
1733 669 1874 710 Spiritus
1897 676 2039 710 ponatur
2062 680 2131 709 per-

1152 711 1333 748 sonaliter,
1379 719 1412 743 et
1451 711 1507 743 ubi
1551 711 1784 743 essentialiter.
1848 712 1989 746 Quando
2033 712 2131 742 dicis:

1156 756 1260 788 Credo
1286 758 1320 786 in
1342 755 1502 797 »Spiritum
1533 759 1698 790 sanctum,
1732 755 1776 785 ibi
1799 755 1943 795 ponitur,
1977 764 2133 795 persona-

1153 797 1239 829 liter.
1295 796 1378 829 Cum
1401 797 1536 829 loliann.
1564 798 1594 829 4.
1618 798 1753 828 dicitur:
1788 798 1876 829 Deus
1911 802 1963 828 est
1983 798 2132 837 Spiritus,

1154 841 1285 882 ponitur
1317 839 1556 879 essentialiter,
1585 840 1682 882 quasi
1704 841 1805 871 dicat:
1841 839 1935 871 Deus
1965 846 2015 870 est
2039 840 2132 880 spiri-

1154 882 1253 915 tualis
1287 883 1442 914 essentia.
1487 883 1535 915 Ita
1569 893 1643 915 cum
1677 883 1767 914 dico:
1801 884 1900 914 Pater
1925 887 2048 922 noster,
2081 886 2137 923 qui

1154 936 1190 958 es
1212 929 1245 957 in
1267 929 1371 965 coelis,
1404 927 1535 966 ponitur
1557 924 1735 967 appellatio
1765 929 1876 965 patris
1904 924 2134 962 essentialiter,

1155 975 1189 1000 et
1211 967 1441 1009 complectitur
1463 976 1532 1000 tres
1555 978 1732 1009 personaS,
1756 968 1817 999 etsi
1840 967 1936 998 simul
1958 967 2023 999 hoc
2047 978 2134 999 coni-

1152 1010 1377 1053 prehenditur,
1399 1012 1487 1052 quod
1510 1022 1530 1043 a
1553 1017 1621 1043 tota
1650 1011 1819 1042 divinitate
1846 1017 1982 1051 propter
2005 1009 2135 1047 Filium,

1153 1060 1316 1095 quatenus
1340 1059 1392 1084 est
1414 1064 1560 1095 persona
1582 1055 1701 1092 missa,
1729 1055 1853 1094 recepti
1883 1063 2006 1084 sumus.
2051 1052 2135 1083 (lum

1154 1096 1309 1128 Christus
1344 1096 1436 1127 dicit:
1482 1097 1549 1136 Eyo
1583 1102 1614 1128 el
1643 1101 1739 1137 pater
1773 1106 1867 1127 mmm
1899 1106 2030 1127 sumus:
2067 1095 2134 1132 hic,

1720 1139 1831 1170 Debet
1863 1149 1943 1170 esse
1975 1139 2136 1179 quaedam

1153 1181 1289 1213 intentio
1323 1182 1355 1212 in
1383 1182 1651 1213 consideratione
1685 1182 1847 1213 sermonis
1882 1181 1992 1212 divini.
2048 1181 2136 1215 Quo-

1155 1224 1252 1255 modo
1275 1224 1376 1265 igitur
1397 1231 1577 1266 usurpatur
1597 1225 1631 1257 in
1654 1224 1719 1256 hoc
1742 1225 1831 1256 dieto
1855 1234 1973 1255 nomen
1997 1225 2138 1264 Spiritus

1778 1270 1873 1308 quasi
1893 1268 1995 1297 dicat:
2033 1266 2137 1303 Deus,

1155 1319 1216 1341 seu
1240 1309 1381 1349 Spiritus
1405 1309 1534 1340 divinus
1557 1309 1665 1350 replet
1687 1311 1800 1341 orbem
1824 1316 2000 1340 terrarum:
2023 1309 2055 1340 id
2075 1314 2137 1346 est,

1154 1351 1248 1383 Deus
1273 1358 1322 1382 est
1346 1352 1478 1394 ubique.
1524 1352 1596 1383 Etsi
1618 1362 1679 1384 sno
1709 1351 1786 1383 loco
1810 1358 1901 1384 recte
1926 1352 1989 1383 dici
2012 1357 2135 1392 potest,

1156 1395 1244 1436 quod
1267 1395 1353 1426 sicut
1376 1401 1444 1426 tota
1457 1396 1610 1426 divinitas
1634 1401 1685 1426 est
1707 1395 1847 1436 ubique:
1871 1395 1920 1426 sic
1943 1395 2040 1425 etiam
2064 1403 2138 1434 per-

1155 1447 1239 1469 sona
1274 1436 1415 1478 Spiritus
1449 1438 1573 1476 sancti,
1607 1445 1716 1468 tamen
1752 1439 1792 1468 de
1831 1436 2009 1469 universali
2044 1446 2138 1478 prae-

1127 1478 1132 1511 l
1156 1481 1264 1511 sentia
1286 1479 1361 1518 Dei,
1385 1490 1445 1511 seu
1468 1481 1567 1512 totius
1587 1481 1765 1512 divinitatis
1790 1480 1843 1512 hic
1865 1481 1990 1522 agitur:
2014 1481 2055 1511 de
2074 1489 2140 1521 qua

1156 1524 1242 1563 apud
1281 1521 1450 1554 leremiam
1492 1533 1623 1565 quoque
1664 1522 1810 1565 loquitur
1848 1522 2027 1555 Dominus:
2072 1524 2140 1562 Eyo

1156 1568 1275 1597 coelum
1298 1571 1331 1596 ec
1351 1570 1473 1597 terram
1490 1567 1616 1606 impleo.
1651 1565 1693 1597 Et
1716 1567 1748 1597 in
1772 1576 1889 1597 versu:
1912 1568 2024 1604 Enter,
2044 1575 2139 1605 prae·

1156 1613 1276 1645 senior,
1301 1610 1390 1639 Deus
1413 1608 1473 1646 hic,
1497 1614 1529 1639 et
1549 1610 1674 1649 ubique,
1700 1614 1856 1649 potenter.
1913 1609 2035 1640 Graeci
2058 1607 2139 1639 mul-

1157 1657 1210 1682 tos
1232 1650 1355 1682 habent
1378 1650 1503 1682 similes
1528 1662 1659 1683 versus:
1689 1653 1774 1683 inter
1796 1661 1881 1692 quos
1905 1653 2062 1683 recitatur
2084 1650 2139 1682 hie

1156 1703 1275 1724 versus
1315 1691 1476 1734 Pamphili
1527 1695 1651 1736 antiqui
1697 1695 1867 1726 cuiusdam
1914 1695 2016 1725 vatis:
2062 1693 2139 1729 Ζειῖς

1156 1733 1271 1777 ῧψιστε,
1294 1739 1413 1775 μέγιστε
1435 1737 1535 1777 θεῶν,
1565 1737 1720 1776 εἰλῆμμενε
1741 1737 1860 1779 κόπρῳτ
1900 1738 2022 1778 Iupiter
2050 1738 2139 1768 aleis-

1128 1776 1130 1798 ἶ
1155 1783 1236 1811 sime
1269 1784 1302 1810 et
1333 1782 1473 1810 maxime
1509 1779 1674 1818 Deorum,
1710 1784 1764 1819 qm·
1796 1790 1832 1811 es
1864 1783 2023 1812 &evolutus
2042 1782 2136 1818 fimo:

1128 1819 1131 1860 ff
1156 1823 1188 1852 ixl
1212 1827 1275 1859 est,
1298 1820 1393 1853 Deus
1417 1823 1570 1853 omnibus
1601 1824 1702 1854 rebus
1733 1823 1840 1854 adest.

1891 1822 1950 1854 Est
1982 1823 2013 1853 in
2038 1823 2137 1853 onini-

121 1868 252 1899 niotor‚
284 1871 345 1892 seu
382 1861 542 1902 agitator,
575 1868 609 1892 ut
643 1860 767 1893 efficiat
799 1863 832 1893 in
865 1864 962 1894 nobis
996 1870 1104 1895 motus
1130 1865 1132 1904 l
1158 1866 1220 1895 bus
1243 1865 1343 1895 rebus
1367 1865 1474 1895 adest.
1518 1864 1581 1896 Est
1604 1866 1635 1896 in
1658 1866 1822 1903 omnibus,
1851 1866 1947 1897 etiam
1971 1864 2138 1897 vilissimis

123 1903 221 1941 tales,
251 1902 361 1944 qualis
393 1911 446 1934 est
479 1904 563 1944 ipse,
597 1910 630 1935 et
663 1903 779 1946 quales
815 1906 1049 1945 describuntur
1072 1907 1104 1937 in
1131 1931 1133 1943 Α,
1158 1908 1270 1945 rebus,
1300 1912 1332 1938 et
1356 1913 1448 1938 extra
1476 1909 1603 1939 omnia:
1639 1909 1702 1939 etsi
1733 1909 1826 1939 decet
1857 1919 1919 1939 nos
1951 1914 2139 1939 reverenter

120 1945 208 1988 lege-
253 1947 327 1977 Non
351 1952 497 1986 repetam
520 1952 630 1978 autem
651 1957 740 1978 nunc
762 1948 944 1980 doctrinam
969 1949 1010 1979 de
1034 1948 1104 1990 Spi-
1160 1951 1201 1981 de
1235 1950 1300 1980 lioc
1333 1951 1492 1991 mysterio
1526 1950 1634 1992 loqui:
1669 1957 1700 1981 et
1735 1951 1921 1982 locutiones
1956 1950 2031 1982 illae
2053 1952 2136 1982 abie-

122 1990 187 2021 ritu
209 1995 345 2026 sancto,
381 1999 479 2030 quam
511 1998 615 2029 nuper
648 1991 800 2031 exposui:
834 1992 893 2022 sed
929 1990 1105 2032 explicabo
1161 1993 1281 2024 otiores
1316 1993 1430 2023 dextre
1463 1991 1698 2035 intelligendae
1721 2001 1808 2025 sunt.
1864 1994 1946 2025 Nam
1972 1994 2064 2025 Deus
2088 2001 2138 2026 est

120 2033 234 2074 pueris
258 2032 514 2063 Grammaticam
541 2032 574 2062 in
595 2030 662 2063 hoc
684 2032 786 2071 dicto,
808 2034 898 2075 quod
921 2035 1051 2066 canitur
1072 2035 1105 2066 in
1132 2048 1135 2067 ι
1159 2037 1263 2066 instar
1291 2034 1376 2067 lueis
1410 2037 1625 2076 purissimae,
1659 2047 1756 2078 quam
1792 2037 1940 2067 videmus
1975 2038 2070 2067 etiam
2106 2038 2138 2068 in

122 2073 253 2115 templis
271 2075 303 2105 in
327 2073 392 2105 lioc
415 2074 513 2105 sesto.
1132 2081 1135 2114 ξ
1160 2087 1277 2109 natura
1300 2088 1366 2110 non
1390 2077 1503 2119 pollui,
1527 2089 1636 2120 neque
1659 2080 1832 2120 inquinari,
1862 2080 1989 2110 etiamsi
2016 2078 2138 2111 foedis-

210 2118 351 2157 spiritam
384 2117 515 2148 Domini
546 2118 679 2166 rep-levit
709 2119 818 2150 orbem
856 2124 1040 2159 terrarum,
1074 2127 1110 2153 et
1132 2136 1133 2143 1
1159 2122 1240 2152 sima
1275 2131 1424 2162 quaeque
1457 2121 1533 2153 loca
1561 2121 1729 2153 illuminet.
1788 2122 1822 2153 ln
1856 2123 1960 2153 Arato
1995 2134 2138 2164 quoque,

122 2162 183 2193 hoe
221 2161 309 2201 quod
344 2161 486 2192 continet
519 2169 640 2198 omma,
678 2161 846 2193 scienciam
884 2166 972 2195 vocis
1005 2162 1104 2195 habel.
1158 2174 1255 2206 quem
1281 2163 1403 2195 Paulus
1427 2165 1517 2203 citat,
1539 2164 1672 2196 habetis
1697 2166 1761 2196 hoc
1783 2165 1920 2196 dietum:
1948 2165 2043 2203 μεστά
2067 2166 2138 2202 Διὸς

123 2202 194 2234 Ista
225 2203 328 2234 verba
361 2209 438 2234 sunt
472 2203 598 2252 scripta
629 2202 663 2233 in
695 2201 780 2234 libro
814 2204 1016 2245 Sapientiae,
1049 2207 1104 2247 qui
1158 2207 1328 2246 σύμπαντας
1350 2207 1437 2239 Iovis
1457 2211 1566 2239 omnia
1584 2211 1690 2247 plena.
1735 2207 1770 2238 ln
1795 2206 1927 2238 Psalmo
1949 2209 2034 2239 idem
2059 2209 2136 2239 dici-

124 2245 331 2277 existimatur
365 2255 443 2277 esse
470 2244 630 2275 Philonis.
692 2245 774 2280 Quis
802 2244 864 2278 suit
895 2247 958 2279 iste
986 2247 1105 2281 Philo?
1128 2237 1133 2311 ΙΙ
1157 2256 1226 2281 tur:
1261 2251 1514 2282 &descendero
1547 2255 1580 2282 in
1615 2253 1797 2290 infernum,
1832 2256 1866 2282 m
1899 2252 1945 2282 ibi
1974 2261 2016 2283 es.
2061 2252 2136 2282 Non

123 2288 197 2319 Fuit
220 2287 374 2325 Iudaeus,
405 2287 505 2319 homo
531 2288 661 2324 doctus,
692 2287 753 2318 snit
778 2299 852 2320 cum
873 2288 946 2321 aliis
975 2291 1104 2323 ludaeis
1128 2319 1131 2338 Ι
1157 2292 1338 2334 loquuntur
1371 2294 1434 2324 ista
1465 2294 1552 2324 dicta
1591 2294 1632 2324 de
1673 2292 1808 2333 speciali
1842 2295 2028 2333 praesentia
2063 2293 2135 2326 Dei.

123 2332 246 2362 missus
276 2331 320 2380 ad
341 2330 379 2362 C.
404 2329 604 2380 Caligulam,
637 2336 672 2361 ut
699 2335 810 2362 statua
832 2340 1043 2365 amoveretur
1065 2344 1105 2366 ex
1155 2335 1256 2367 Aliud
1290 2342 1341 2368 est
1381 2338 1567 2377 praesentia
1607 2335 1793 2376 generalis,
1837 2336 1926 2367 aliud
1961 2336 2135 2377 specialis:

123 2372 248 2414 templo
281 2372 593 2414 Hierosolymttano.
651 2371 754 2404 Totus
783 2372 867 2405 liber
901 2382 953 2406 est
986 2378 1103 2409 concio
1155 2379 1242 2410 sicut
1275 2378 1363 2411 aliud
1397 2385 1448 2410 est
1480 2379 1565 2410 actio
1599 2378 1662 2410 Dei
1696 2377 1882 2421 generalis,
1923 2378 2012 2411 aliud
2046 2381 2134 2412 actio

124 2415 166 2446 de
187 2416 413 2457 providentia,
447 2421 479 2446 et
509 2416 550 2447 de
580 2417 696 2456 poenis
719 2415 958 2457 Tyrannorum.
1003 2418 1104 2451 Vide·
1127 2443 1129 2463 4
1154 2421 1323 2463 specialis.

123 2463 177 2489 tur
199 2459 344 2498 scriptus
368 2468 446 2490 esse
475 2465 591 2490 contra
619 2459 824 2500 tyrannidem
853 2465 886 2491 et
907 2461 1103 2502 impietatem
1126 2469 1130 2510 ς

123 2499 346 2532 Romanorum
380 2500 637 2542 Imperatorum,
668 2501 788 2543 quibus
821 2503 920 2534 etiam
952 2505 1129 2544 minatur,i

122 2543 290 2584 inquiens:
315 2545 462 2576 Potentes
479 2548 630 2584 potenter
652 2548 811 2576 tormenta
829 2549 1001 2585 pacientur.
1126 2547 1131 2587 l

289 2605 303 2616 .,
377 2610 380 2616 ,
1125 2593 1128 2616 ι

1126 2617 1128 2628 Ι
