2324 2958
233 171 298 204 335

233 265 375 297 Possem
400 265 442 295 de
470 273 511 295 eo
538 263 698 295 mirabilia
726 263 889 301 scribere,
920 263 948 293 si
972 261 1102 294 vellem.

233 308 328 339 tarini
358 318 430 338 eum
460 306 640 347 scripsisse
668 305 736 337 illa.
781 305 910 337 Primus
938 305 1093 345 imposuit
1120 314 1215 335 coro-

233 361 308 381 nam
333 349 415 391 Regi
441 348 611 380 Polonico.
659 348 755 380 Stetit
783 349 883 390 igitur
909 347 1121 379 Electoratus
1151 347 1215 377 iam

232 392 320 424 ultra
343 403 451 423 annos
474 392 548 423 500.
594 391 673 422 Item
697 391 848 433 Regnum
871 390 1081 428 Polonicum,
1105 389 1216 431 Unga-

232 437 336 467 ricum
360 434 460 477 paulo
483 434 616 477 longius
639 435 739 466 stetit.

319 478 354 509 ln
379 477 489 508 Gallia
516 476 639 509 familia
663 475 774 508 Caroli
798 475 910 518 Magni
937 475 1041 507 tenuit
1063 474 1214 515 Regnum

233 522 276 552 ad
298 531 406 552 annos
430 520 505 553 500.
548 520 671 552 Postea
694 525 929 550 successerunt
953 517 1038 549 aliae
1062 516 1214 563 familiae.

234 564 431 605 Plerumque
455 564 618 595 Periodus
641 563 856 594 mutationum
880 562 913 592 in
937 560 1062 601 Regnis
1086 565 1136 590 est
1159 569 1216 590 an-

232 619 350 640 norum
370 607 444 638 500.
465 613 521 638 aut
540 606 615 636 700.
648 605 718 636 Hac
735 605 872 646 periodo
894 605 1094 635 circumacta
1112 612 1216 644 regna

232 649 433 693 regulariter
463 648 585 680 habent
617 649 768 690 ingentes
799 648 1007 678 mutationes.
1053 645 1094 676 Et
1124 651 1215 676 certe

231 695 384 725 videmus
406 693 470 723 iam
495 701 590 724 ruere
612 690 714 722 multa
737 700 857 731 regna,
887 688 981 729 plura
1004 688 1101 718 etiam
1125 689 1215 718 mini·

232 738 295 768 tari
319 736 454 767 ruinani.
487 734 682 776 Cogitemus
706 733 747 763 de
770 732 894 763 nostris
918 731 1112 768 maioribus,
1136 741 1216 772 quo-

232 790 304 811 rum
328 779 432 809 virtus
457 776 515 808 suit
540 775 719 812 excellens,
743 782 776 805 et
798 785 941 812 oremus,
964 780 999 805 ut
1017 773 1109 804 Deus
1129 783 1216 804 nune

233 823 328 853 etiam
354 822 407 851 det
432 822 539 851 bonos
563 820 787 860 magistratus.

320 864 386 895 Sed
411 864 473 894 iarn
497 863 602 893 dicam
623 868 746 892 tantum
767 861 808 891 de
827 865 932 891 morte
952 859 1084 890 ottonis
1103 858 1214 890 Tertii.

232 907 330 938 Venit
351 908 378 937 is
399 906 535 936 Romam
555 905 597 935 ad
618 902 790 934 tumultuin
810 903 1099 944 compescendum.
1130 902 1214 933 Nam

233 950 366 992 quidam
395 948 520 980 fecerat
548 957 585 978 se
609 946 793 986 Principem
818 945 961 983 Romae,
988 946 1042 986 qui
1070 945 1215 976 iactabat

232 1003 271 1024 se
294 991 380 1023 velle
403 992 578 1022 restituere
602 999 739 1029 regnum
763 987 886 1019 ltaliae.
927 988 1083 1019 Ediderat
1106 988 1215 1019 edicta

231 1046 292 1077 per
316 1034 456 1072 ltaliam,
487 1039 521 1064 ut
550 1035 731 1063 concitaret
759 1033 862 1062 urbes
886 1038 1003 1063 contra
1027 1030 1215 1062 Germanos

232 1080 467 1119 Imperatores.
512 1075 608 1106 Hunc
641 1075 797 1116 imposuit
826 1074 904 1105 Otto
938 1075 972 1104 in
1001 1074 1147 1112 asinum,
1182 1080 1215 1105 et

232 1122 327 1153 iussit
351 1119 552 1151 circumduci
578 1117 702 1148 Romae
730 1119 937 1158 praecerptis
965 1117 1118 1155 naribus,
1150 1115 1215 1148 De·

232 1164 308 1196 inde
325 1163 495 1203 suspendit
510 1172 594 1192 eum.
625 1159 767 1202 Reliquit
779 1167 889 1191 autem
903 1160 955 1191 hic
967 1170 1105 1192 uxorem
1119 1170 1215 1200 prae-

233 1213 374 1238 stantem
399 1205 523 1237 formae
547 1203 804 1245 pulchritudine,
828 1214 894 1244 qua
917 1210 1035 1245 captus
1060 1205 1138 1234 Otto
1162 1202 1215 1233 ΙΙΙ.

232 1250 355 1281 exarsit
378 1249 448 1279 eius
471 1257 595 1278 amore.
640 1246 690 1277 Ea
712 1256 841 1277 veneno
864 1253 981 1287 postea
1006 1247 1135 1277 necavit
1159 1246 1216 1276 Ot—

233 1298 359 1329 tonem,
399 1302 472 1322 cum
506 1289 632 1321 frustra
665 1295 878 1329 expectasset
911 1290 981 1320 eius
1015 1290 1215 1331 coniugium.

232 1335 394 1366 Insecerat
420 1334 506 1364 enim
530 1343 660 1364 veneno
684 1332 911 1370 chirothecas,
941 1342 1025 1374 quas
1048 1333 1136 1363 dono
1159 1333 1216 1363 mi-

233 1384 321 1409 serat
346 1377 470 1408 Ottoni.

321 1420 392 1451 Hoc
416 1425 467 1450 est
491 1416 692 1460 exemplum,
719 1418 859 1459 primum
882 1418 1027 1459 ingentis
1049 1416 1219 1449 imbecilli-

232 1464 310 1496 tatis
335 1462 515 1500 humanae,
544 1461 632 1503 quod
662 1461 760 1492 etiam
790 1459 959 1491 excellens
982 1461 1088 1492 virtus
1117 1459 1218 1491 delin-

233 1514 325 1548 quat,
351 1506 437 1537 sicut
461 1511 551 1536 recte
570 1504 649 1534 dixit
669 1503 873 1534 Simonides:
897 1503 930 1533 οὐ
954 1503 1059 1547 ῥᾴδιον
1076 1507 1220 1542 γίνεσθαι

232 1550 424 1590 τετράγωνον.
471 1547 546 1579 Non
567 1545 669 1587 facile
692 1551 739 1577 est
762 1547 856 1577 nasci
874 1545 1069 1587 perfectum,
1097 1546 1131 1577 id
1156 1551 1219 1584 est,

233 1600 377 1623 stantem
406 1592 440 1622 in
469 1592 556 1622 omni
588 1590 720 1621 fortuna
750 1589 894 1620 firmiter.
941 1589 1097 1621 Secundo
1130 1590 1220 1620 inso-

232 1634 352 1667 lentiae
382 1633 435 1666 vel
471 1633 694 1675 negligentiae
727 1633 760 1663 in
795 1634 897 1664 rebus
924 1633 1098 1670 secundis,
1133 1633 1218 1664 sicut

233 1679 331 1710 etiam
351 1677 491 1709 Davidis
516 1677 664 1707 historia.
704 1675 815 1707 Tertio
836 1686 925 1707 mors
946 1677 1017 1707 eius
1040 1682 1092 1707 est
1111 1685 1219 1706 exeni-

233 1721 324 1763 plum
342 1730 469 1762 poenae
485 1718 664 1750 libidinum.
689 1718 854 1750 Scribitur
873 1719 1102 1750 combussisse
1121 1729 1219 1750 unani

234 1775 275 1796 ex
300 1764 496 1805 coniugibus
522 1764 609 1800 suis,
639 1761 699 1794 suit
727 1761 948 1793 infortunatus
978 1762 1012 1793 in
1042 1768 1220 1793 consuetu-

235 1808 310 1839 dine
334 1797 493 1838 ηιυιῑέιπῑ.

322 1849 404 1881 Cum
440 1849 538 1890 igitur
570 1846 710 1889 legimus
744 1848 917 1878 historiam
951 1849 1066 1879 mortis
1103 1847 1218 1888 ipsius,

236 1893 423 1935 cogitemus
452 1903 518 1922 non
554 1890 677 1922 frustra
706 1891 828 1921 dictum
859 1901 936 1922 esse
966 1901 986 1921 a
1021 1889 1218 1922 Salomone:

235 1936 359 1967 Beatus
381 1936 439 1976 qui
459 1945 583 1975 semper
605 1938 652 1965 est
674 1934 827 1974 pai-idus,
851 1933 881 1963 id
905 1939 967 1971 est,
992 1944 1057 1964 non
1079 1944 1218 1965 securus

236 1978 363 2011 carnali
387 1979 579 2015 securitate,
604 1978 663 2008 sed
687 1978 804 2008 timens
829 1976 948 2013 Deum,
972 1984 1002 2007 et
1027 1987 1219 2019 agnoscens

236 2020 491 2054 imbecillitatem
515 2021 695 2062 propriam,
719 2027 750 2051 et
775 2020 935 2050 invocans
960 2019 1078 2050 Deum.

324 2064 515 2095 llerodotus
529 2064 641 2094 scribit
654 2064 788 2104 Apriein
803 2073 913 2104 regem
928 2063 1070 2104 Aegypti
1085 2063 1219 2101 dixisse,

236 2118 274 2139 se
296 2108 420 2139 hahere
444 2114 565 2138 tantan·
590 2107 788 2147 potentiam,
816 2113 850 2136 ut
879 2116 974 2136 nemo
1005 2116 1077 2137 eum
1104 2114 1217 2147 posset

236 2158 392 2183 excutere
418 2161 458 2181 ex
483 2161 600 2193 regno.
647 2150 713 2180 Sed
738 2157 853 2190 postea
885 2150 927 2180 ab
953 2149 1065 2179 Amasi
1094 2148 1220 2189 praese-

237 2201 292 2225 cto
322 2204 506 2235 suspensus
535 2199 601 2223 est:
638 2192 741 2230 Quia,
771 2203 868 2233 quam
898 2193 1035 2232 priunum
1065 2193 1222 2233 incipiunt

236 2236 388 2269 homines
422 2237 609 2278 superbire,
644 2242 676 2267 et
711 2236 791 2267 liunt
826 2236 951 2271 securi,
986 2242 1052 2266 tum
1088 2237 1222 2266 veniunt

236 2291 375 2322 poenae.

328 2336 471 2367 Fortuna
495 2346 584 2376 quem
607 2336 734 2366 m'un'um
754 2332 844 2374 soret
867 2335 996 2366 stultum
1015 2332 1111 2374 [lucit.

684 2387 779 2418 ltein:

328 2440 513 2470 ινα-κνίση(
537 2439 638 2470 (ιηιίιιί
656 2438 753 2469 rebus
774 2439 958 2479 plurimique
981 2439 1140 2469 sve-undis.

330 2495 442 2526 Virtus
474 2501 525 2525 est
555 2493 726 2526 excellens
758 2495 911 2536 quiddam
943 2500 974 2525 et
1004 2495 1115 2525 radius
1145 2493 1223 2525 divi-

241 2549 317 2576 nus,
340 2539 400 2569 sed
425 2539 627 2581 extinguitur
652 2536 855 2579 negligentia
873 2543 905 2568 et
925 2538 1127 2568 remissione.
1163 2538 1224 2578 Sy·

242 2582 371 2613 racides
396 2582 512 2623 inquit:
551 2582 623 2620 Quo
646 2583 778 2622 qm'sque
800 2585 846 2612 est
870 2581 988 2617 mm‘or,
1017 2591 1054 2611 co
1073 2584 1169 2621 ycrnt
1192 2590 1226 2611 se

487 2624 557 2655 lloc
581 2625 703 2656 dictum
723 2623 865 2656 Carolus
884 2624 1026 2660 Quintus
1050 2634 1152 2666 saepe
1175 2634 1225 2656 re-

242 2625 438 2657 submissius.

869 168 984 201 PHlL.
1006 167 1112 201 MEL.
1136 166 1325 200 SCRIPTA
1347 165 1613 199 EXEGETIGA.

2183 168 2246 203 338

1148 261 1214 302 Op-
1239 266 1243 293 Ι
1267 261 1398 302 petivit,
1432 266 1466 292 et
1492 260 1647 302 quamdiu
1673 261 1706 292 in
1734 261 1863 303 magnis
1895 262 1971 293 viris
2000 268 2052 293 est
2073 263 2246 294 modestia.

1267 303 1404 335 Mutatis
1438 304 1603 343 moribus,
1636 310 1780 336 mutatur
1813 304 1910 335 etiam
1942 302 2086 337 fortuna·
2130 304 2248 342 Qualis

1269 352 1320 377 est
1342 355 1462 378 versus
1485 344 1557 378 ille:

1365 405 1514 438 Fortuna
1535 416 1626 447 quem
1647 407 1775 437 nimium
1793 403 1884 445 fovet
1905 407 2034 438 stultum
2053 405 2150 446 facit.

1354 473 1530 510 Quomodo
1554 474 1710 506 scandis?
1739 473 1801 506 Est
1823 473 1985 506 lambiens
2002 475 2172 506 Senarius.
2207 475 2250 508 Et

1269 522 1320 547 est
1354 527 1439 548 unus
1473 528 1514 549 ex
1544 517 1664 549 mimis.
1710 516 1773 552 Qui
1806 515 1938 548 suerunt
1966 517 2078 549 Mimi‘?
2122 517 2250 550 Romae

1268 558 1400 591 suerunt
1431 561 1514 598 duo,
1547 560 1728 597 Laberius,
1763 566 1795 591 et
1826 559 1982 597 Publius,
2016 571 2155 602 quorum
2188 559 2249 593 fuit

1268 613 1389 643 magna
1418 602 1618 635 excellentia
1645 604 1678 634 in
1708 602 1843 634 facetiis.
1891 602 1958 634 Sed
1992 609 2101 634 tamen
2135 603 2249 644 plures

1268 643 1320 675 alii
1345 646 1440 676 etiam
1466 645 1598 677 fuerunt
1622 646 1728 684 Minui,
1762 644 1931 683 videlicet,
1960 646 2109 677 homines
2138 645 2250 684 faceti,

1268 687 1323 728 qui
1353 688 1385 718 in
1415 690 1554 730 agendis
1582 688 1728 720 Comoed
1743 689 1770 719 is
1800 689 2017 730 assignabant
2045 688 2120 721 loca
2148 689 2250 720 hone-

1267 731 1328 760 stis
1351 729 1555 770 hominibus,
1585 733 1641 763 ubi
1664 733 1835 770 sederent,
1864 738 1896 762 et
1920 731 2079 773 reliquam
2107 731 2250 763 multitu-

1268 773 1375 803 dinem
1400 773 1610 812 cohibebam,
1634 785 1675 806 ne
1698 775 1910 816 impediretur
1932 775 2031 813 actio,
2054 773 2095 806 Et
2114 783 2249 816 sparge·

1270 817 1347 846 bant
1372 817 1534 848 interdum
1558 816 1649 848 salse
1676 825 1731 848 aut
1762 818 1868 848 facete
1897 817 1997 848 dicta.
2042 817 2251 849 Notaverunt

1268 858 1420 889 hmnines
1447 866 1619 900 potenteS,
1654 859 1947 901 Reprehenderunt
1981 866 2071 892 tecte
2103 861 2251 901 ipsorum

1269 901 1358 939 vitia,
1382 901 1590 934 inculcarunt
1613 903 1701 934 dicta
1723 902 1867 934 moralia.
1911 902 2017 934 Hodie
2037 902 2116 934 fatui
2136 901 2250 944 aliqui,

1268 943 1368 975 larvis
1394 945 1506 983 induti,
1529 944 1635 977 solent
1662 956 1700 977 se
1717 947 1898 988 adiungere
1916 947 2091 986 agentibus
2111 945 2251 977 Comoe-

1269 987 1359 1025 dias,
1396 989 1450 1029 qui
1484 986 1635 1029 exemplo
1669 995 1818 1020 veterum
1854 987 2046 1027 Mimorum,
2082 989 2252 1020 continent

1267 1029 1397 1071 plebem
1422 1032 1452 1061 in
1477 1031 1607 1070 oflicio,
1636 1038 1667 1063 et
1691 1032 1831 1062 recitant
1854 1041 2089 1073 nonnunquam
2112 1030 2250 1062 facetias

1269 1083 1358 1104 suas
1405 1074 1467 1105 Sed
1492 1073 1569 1105 olim
1593 1075 1696 1105 maior
1719 1074 1777 1105 suit
1801 1075 1960 1116 gravitas

1356 1115 1475 1147 Extant
1498 1117 1608 1148 adhue
1631 1118 1814 1148 sententiae
1837 1117 2028 1154 Mimorum,
2057 1116 2144 1147 luter
2167 1126 2251 1158 quas

1269 1159 1366 1189 etiam
1391 1166 1443 1191 est
1465 1159 1548 1191 haec
1600 1160 1747 1191 Fortuna
1769 1161 1875 1191 vitrea
1898 1163 1963 1197 est,
1994 1160 2071 1190 Cum
2094 1160 2252 1200 splendet,

1264 1200 1446 1243 srnnyt‘lur.
1492 1202 1649 1234 Homines
1674 1202 1878 1234 infatuantur
1901 1203 2127 1233 successibus.
2170 1201 2252 1234 lnci·

1271 1246 1365 1285 piunt
1387 1246 1573 1287 superbire,
1596 1253 1628 1277 et
1652 1246 1868 1283 insolescere,
1892 1245 2062 1277 confidunt
2080 1245 2143 1276 sibi
2161 1245 2253 1286 ipsis.

1272 1288 1306 1318 ln
1329 1298 1473 1325 summa,
1503 1288 1607 1320 Nemo
1630 1289 1665 1319 fit
1689 1288 1805 1319 melior
1836 1289 2002 1329 perpetuis
2026 1289 2254 1320 successibus.

1273 1330 1396 1362 Postea
1417 1333 1550 1363 veniunt
1571 1342 1710 1373 poenae.
1752 1332 1881 1367 Quanta
1901 1331 1959 1362 suit
1979 1331 2118 1362 Davidis
2135 1329 2256 1372 gloria,

1272 1380 1429 1414 quantum
1453 1376 1578 1406 decus?
1622 1374 1745 1405 Tamen
1776 1374 1914 1412 labitur,
1944 1372 2062 1415 polluit
2089 1383 2128 1405 se
2151 1373 2255 1405 horri-

1273 1415 1339 1466 bili·
1352 1416 1492 1448 scelere.
1539 1416 1580 1448 Et
1603 1427 1792 1459 quanquam
1815 1417 1966 1448 emendat
1990 1426 2045 1455 se,
2068 1424 2176 1448 tamen
2199 1426 2255 1448 ex·

1272 1466 1397 1500 peritur
1419 1469 1555 1501 poenas.

1548 1625 1611 1666 De
1645 1624 1791 1666 Carolo
1823 1625 1987 1680 Magno.

1359 1717 1489 1749 Addam
1523 1715 1645 1758 aliquid
1681 1717 1722 1748 de
1752 1715 1875 1748 Carolo
1907 1714 2052 1758 Magno,
2086 1716 2163 1758 quia
2195 1714 2257 1748 fuit

1272 1760 1356 1791 inter
1377 1760 1685 1801 praestantissimos
1704 1770 1803 1801 reges
1823 1759 1965 1790 omnium
1984 1765 2139 1790 aetatum.
2178 1758 2256 1792 Ideo

1272 1813 1337 1835 non
1357 1810 1407 1834 est
1427 1801 1628 1845 negligenda
1648 1803 1718 1834 eius
1736 1803 1906 1839 memoria,
1929 1808 1961 1833 et
1983 1812 2094 1833 rerum
2118 1803 2160 1833 ab
2182 1802 2256 1843 ipso

1297 1853 1441 1877 estarum
1465 1846 1699 1878 consideratio.
1742 1846 1824 1881 Quis
1847 1843 1906 1876 suit
1931 1843 2073 1876 Carolus
2093 1844 2256 1887 Magnus?

1272 1858 1321 1920 {x
1345 1899 1410 1930 qna
1435 1896 1534 1931 gente
1565 1887 1648 1919 suit?
1693 1888 1741 1919 Ex
1773 1894 1871 1930 gente
1896 1887 2067 1919 Francica.
2113 1887 2165 1919 De
2193 1888 2257 1919 ori-

1273 1934 1348 1974 gine
1368 1932 1571 1963 Francorum
1595 1933 1685 1963 varia
1709 1933 1910 1963 scribuntur.
1952 1931 2019 1962 Sed
2036 1930 2257 1973 {lieronymus

1271 1976 1386 2017 inquit,
1410 1973 1513 2007 fuisse
1534 1975 1684 2006 francos
1703 1975 1786 2005 inter
1805 1973 1917 2005 salam
1936 1980 1968 2004 et
1986 1973 2154 2013 Moenum,
2223 1984 2257 2005 n-

1273 2026 1338 2050 tein
1371 2029 1437 2049 non
1473 2025 1539 2049 taen
1575 2028 1747 2059 magnam,
1784 2028 1881 2059 quam
1917 2015 2122 2048 bellicosam.
2166 1983 2257 2048 ἔξω

1273 2062 1386 2092 scribit
1424 2061 1646 2103 Hieronymus
1682 2062 1724 2092 de
1758 2062 1829 2092 suis
1863 2061 2094 2101 temporibus,-
2124 2059 2258 2102 quando

1275 2105 1392 2135 Franci
1423 2105 1533 2136 adhuc
1567 2111 1660 2135 erant
1693 2105 1723 2135 in
1753 2104 1948 2140 Germania,
1983 2109 2015 2134 et
2049 2103 2194 2134 nondum
2224 2103 2258 2133 in

1275 2146 1416 2178 Galliam
1441 2148 1653 2178 transierant.
1690 2147 1799 2178 Credo
1820 2147 2023 2177 Francorum
2041 2155 2258 2177 nomeryesse

1276 2191 1520 2222 Germanicum.
1558 2191 1704 2227 (ἶςτιῑῐιιῗι-ῐῐ,
1730 2191 1760 2221 id
1785 2196 1849 2222 est.
1873 2191 1916 2221 rie
1941 2191 2034 2224 iteum
2058 2190 2164 2226 undat,
2188 2189 2259 2221 and

1275 2233 1436 2275 significat
1463 2236 1540 2266 einen
1565 2235 1666 2269 iitedtt,
1690 2234 1776 2264 siout
1799 2233 1895 2263 nobis
1919 2232 2030 2273 pueris
2054 2231 2190 2269 milites,
2212 2232 2258 2263 bie

1276 2279 1453 2309 {armorui-dit
1485 2277 1739 2308 nominabantur
1770 2278 1812 2307 ri«-
1842 2276 1936 2311 t'rrncu
1966 2277 2081 2306 tncdxte.
2127 2274 2258 2306 Habue-

1276 2326 1351 2351 runt
1374 2319 1438 2350 lnoc
1463 2330 1581 2352 nornen
1606 2319 1741 2357 Franci,
1771 2319 1847 2360 quia
1871 2317 2003 2349 suerunt
2026 2327 2133 2359 genus
2156 2317 2257 2349 homi-

1275 2373 1352 2394 num
1380 2362 1528 2395 militare.
1575 2363 1644 2394 Sed
1676 2369 1784 2393 tamen
1815 2372 1880 2393 non
1909 2359 2039 2393 fuerunt
2067 2359 2174 2392 solum
2197 2360 2258 2392 viri

1276 2406 1425 2437 bellicosi
1449 2413 1479 2437 et
1505 2406 1622 2444 sortes,
1644 2406 1703 2436 sed
1728 2406 1823 2437 etiarn
1847 2405 2000 2441 modesti,
2022 2405 2110 2438 iusti.
2134 2404 2189 2445 pil.

1365 2450 1436 2480 Non
1462 2448 1560 2481 facile
1583 2450 1753 2481 invenietis
1776 2449 1808 2479 in
1833 2458 1895 2478 una
1920 2448 2010 2489 regia
2034 2445 2155 2478 familia
2201 2456 2257 2478 ua·

1276 2499 1351 2524 tuor
1381 2492 1466 2524 tales
1497 2494 1603 2531 viros,
1633 2491 1750 2534 quales
1779 2490 1908 2522 suerunt
1946 2491 1973 2521 l.
1997 2489 2140 2522 Carolus
2171 2489 2257 2521 nais

1276 2535 1393 2572 tellus,
1416 2537 1447 2566 2.
1473 2536 1624 2577 pipinus,
1648 2535 1679 2567 3.
1703 2533 1846 2566 Carolus
1870 2534 2032 2575 attiguus,
2062 2534 2090 2564 4.
2117 2532 2257 2565 Ludovi-

1277 2591 1336 2610 cus
1362 2579 1451 2611 Pius.
1489 2580 1735 2611 Successerunt
1759 2579 1822 2609 sibi
1846 2579 2003 2609 continuo
2027 2576 2154 2608 ordine.
2192 2575 2258 2608 vix

1276 2623 1449 2655 invenietis
1473 2629 1615 2665 quatuor
1638 2622 1804 2663 principes
1826 2619 1969 2659 slmiles,
1992 2620 2148 2652 continua
2170 2619 2258 2653 serlo

2320 1431 2324 1439 -
2303 1269 2324 1396 :aarum
2314 1231 2324 1251 -
2308 1171 2324 1210 -..·
2298 625 2324 1157 &zm-Q-
