2324 2958
46 197 109 237 313

723 189 938 221 POSTlLLA
962 187 1358 220 MELANTHOMANA.

1968 187 2030 218 314

47 290 167 332 phetis:
187 291 294 317 tamen
316 283 475 316 articulus
498 284 538 315 de
557 282 691 314 Christo
715 283 857 314 exhibito
881 289 931 314 est
953 293 1010 314 no·
1036 290 1038 309 1
1062 282 1245 314 Teneamus
1279 281 1342 312 hoc
1375 281 1416 311 ad
1451 288 1598 312 nostram
1628 281 1900 318 consolationem,
1935 289 1963 312 et
1989 283 2030 312 ad

49 342 126 370 vus,
155 334 248 370 quem
271 326 450 368 prophetae
472 327 704 367 praedixerunt
726 332 898 356 venturum
922 335 1008 356 esse.
1036 313 1038 343 l

48 375 104 408 Sic
122 371 291 412 abrogatio
314 368 416 411 legis,
449 379 635 410 quanquam
665 367 723 399 suit
753 369 938 408 praedicta,
965 375 1011 398 ta-

49 425 118 449 men
138 423 192 445 res
214 423 299 443 nova
323 412 399 449 suit,
431 422 504 442 cum
533 422 604 442 eam
628 411 823 441 inchoarunt
848 409 1010 450 Apostoli.

47 459 101 490 Sic
122 454 221 487 multa
247 455 311 486 alia
339 454 519 495 prophetae
548 464 613 485 000
644 454 688 484 ita
717 451 807 484 clare
835 452 1011 493 explicant.

45 506 79 532 ut
112 496 270 539 Apostoli.
316 497 463 538 indigent
497 505 578 538 ergo
614 496 806 527 testimoniis
840 495 1011 526 miraculo-

45 552 113 576 mm
135 539 307 580 Apostoli,
335 546 369 570 ut
395 546 518 570 certum
541 539 584 569 sit
607 549 665 570 eos
689 548 753 569 non
777 548 899 569 errare.
945 538 1011 568 Sed

86 589 207 614 storem
230 581 282 613 vel
306 581 518 623 Episcopum,
541 591 605 612 non
630 587 758 621 oportet
782 579 903 611 habere
926 581 1011 611 simi—

56 627 85 657 ‘a
114 625 316 661 testimonia,
351 625 426 665 quia
459 622 649 665 simpliciter
680 623 800 664 accipit
830 623 1011 654 doctrinam

42 669 83 701 ab
105 666 287 709 Apostolis.
325 667 434 698 Debet
457 665 543 697 illam
568 676 683 697 vocem
707 664 935 707 Apostolicam
958 676 1011 695 so-

41 720 139 749 nare,
161 716 193 741 et
215 709 295 741 nihil
317 708 414 740 aliud.
459 709 533 740 Non
557 709 670 747 debet,
692 719 797 750 neque
821 715 931 749 potest
954 719 1011 739 no-

42 763 116 785 vum
138 751 308 784 articulum
331 752 407 783 fidei
429 762 634 793 proponere,
659 758 715 783 aut
737 751 914 793 quidquam
935 751 1012 783 novi

40 794 160 827 facere.

126 838 254 869 Doctor
276 843 326 869 est
348 847 492 878 persona
512 843 631 868 vocata
650 837 690 868 ad
711 836 892 868 docendum
904 835 1012 867 Evan-

19 879 178 922 'gelium,
209 890 273 911 non
304 881 343 911 ad
376 880 648 922 gubernationem
677 879 860 910 Ecclesiae.

90 964 327 1004 clesiasticam‚
357 965 436 997 Item
464 975 530 997 non
558 965 761 996 administrat
784 965 1011 996 Sacramenta:

42 1007 85 1039 Ut
113 1018 175 1050 ego
205 1019 271 1039 non
301 1008 408 1040 habeo
442 1008 753 1039 administrationem
784 1008 1013 1038 Sacramento-

42 1061 122 1082 rum.
168 1050 333 1082 Doctores
357 1058 431 1082 sunt
456 1049 539 1081 infra
562 1051 708 1081 ordinem
733 1049 924 1088 Pastortun,
952 1050 1012 1080 nisi

41 1093 138 1125 simul
163 1092 263 1134 aliqui
287 1094 350 1124 sint
373 1100 406 1124 et
428 1093 586 1124 Pastores
611 1099 641 1123 et
666 1093 832 1123 doctores.

125 1135 190 1167 lam
214 1137 358 1168 redimus
381 1137 421 1166 ad
446 1137 653 1166 vocationem
678 1134 786 1173 Pauli,
815 1136 848 1166 in
875 1145 940 1177 qua
963 1145 1014 1166 66-

41 1178 200 1210 lebranda
227 1186 275 1210 est
300 1179 429 1210 bonitas
452 1178 532 1215 Dei,
557 1179 646 1219 quod
669 1188 709 1209 ex
733 1184 947 1219 persecutore
970 1176 1014 1209 se·
1040 1203 1041 1206 ,

362 1220 512 1252 Christus
536 1232 608 1252 eum
633 1228 729 1251 vocat
760 1231 817 1252 ras
845 1222 1014 1261 electionis,
1040 1238 1041 1243 =

42 1222 83 1253 cit
108 1220 315 1262 Apostolum.

41 1265 73 1295 id
96 1270 162 1302 est,
191 1274 349 1306 organum
373 1263 532 1301 electum,
563 1274 628 1305 quo
653 1274 733 1294 115115
758 1270 807 1294 est
830 1264 871 1295 ad
895 1274 1015 1294 vocan-

40 1307 101 1338 das
124 1314 253 1349 gentes,
275 1307 358 1338 sicut
383 1307 455 1348 ipse
474 1306 657 1346 Apostolus
683 1308 825 1337 nominat
850 1317 886 1337 se
906 1307 1014 1337 docto-

41 1359 106 1380 rem
138 1351 285 1390 9611111011.
341 1349 410 1380 Nec
444 1350 576 1380 dubium
611 1355 659 1379 est
701 1350 884 1380 rectissime
917 1350 1013 1380 tribui

42 1391 146 1423 Paulo
168 1392 232 1422 1106
256 1391 453 1429 Encoinion,
484 1392 572 1432 quod
602 1392 643 1421 sit
673 1392 881 1432 praecipuum
905 1391 1013 1422 lumen

42 1433 214 1465 Ecclesiae
237 1435 314 1465 novi
337 1433 554 1471 Testamenti,
580 1440 611 1464 et
636 1434 777 1473 optimus
801 1445 840 1465 ac
864 1435 1013 1465 eruditis-

42 1477 144 1507 simus
169 1477 329 1518 interpres
353 1477 538 1517 scripturae
560 1475 782 1516 propheticae.
827 1476 903 1508 Item
928 1477 1015 1518 quod

43 1517 162 1558 duplici
185 1520 315 1550 nomine
338 1520 444 1560 possit
473 1519 631 1559 praeferri
663 1520 801 1550 caeteris
824 1519 1013 1561 Apostolis:

43 1560 183 1592 Primum
212 1562 298 1602 quod
330 1562 360 1592 in
391 1571 452 1592 suo
481 1561 659 1592 ministerio
688 1560 819 1602 longius
850 1572 890 1593 ac
917 1562 1015 1593 latius

40 1604 162 1644 sparsit
185 1614 225 1635 ac
249 1604 442 1645 propagavit
465 1614 580 1635 vocem
604 1603 792 1645 Evangelii,
821 1615 917 1645 quam
943 1604 1015 1636 reli-

42 1656 96 1687 qu1
124 1644 290 1687 collegae:
326 1645 454 1677 Deinde
484 1647 572 1687 quod
595 1646 769 1677 Ecclesiae
800 1649 897 1678 etiam
923 1658 1014 1679 secu·
1040 1666 1041 1670 =

42 1689 104 1720 turi
127 1689 283 1730 temporis
306 1699 410 1730 usque
433 1689 475 1719 ad
499 1688 595 1720 finem
618 1690 727 1720 mundi
750 1688 845 1730 plura
869 1696 899 1721 et
917 1701 1014 1722 36611-
1040 1708 1041 1716 1

1040 1763 1041 1769 ¹
1068 1731 1213 1771 clesiam,
1238 1732 1376 1771 scilicet,
1399 1745 1458 1774 per
1483 1736 1694 1767 ministerium
1718 1735 1898 1778 Evangelii.
1945 1735 2040 1767 Plae-

12 1775 99 1813 -sti,
134 1785 271 1816 quorum
304 1775 434 1816 quidem
468 1775 592 1816 scripta
626 1775 667 1805 ad
702 1782 847 1806 nostram
875 1782 1013 1807 aetatem
1040 1781 1041 1784 ’

42 1732 143 1763 ratius
167 1732 290 1772 scripta
314 1731 457 1773 reliquit,
482 1741 578 1772 quam
603 1732 724 1763 caeteri
747 1731 898 1773 discipuli
922 1733 1014 1764 Chri-

41 1823 271 1857 pervenerunt.

127 1859 283 1900 Proponit
303 1866 407 1891 autem
421 1859 545 1892 Paulus
563 1862 769 1892 vocationem
790 1872 894 1899 5113111,
919 1863 1014 1893 6113111
1039 1857 1041 1875 ”

41 1909 73 1932 111
108 1901 291 1944 exemplum
327 1903 469 1943 gratiae,
510 1913 568 1934 seu
604 1905 764 1945 gratuitae
799 1904 1041 1935 Remiwonis:

41 1951 262 1986 peccatorum.
313 1945 399 1976 Dicit
434 1955 470 1976 se
504 1956 580 1976 esse
609 1946 799 1986 παράδειγμα
833 1948 1013 1985 doctrinae,

40 1998 125 2028 quae
156 1993 205 2019 est
235 1987 408 2030 Evangelii
441 1989 589 2028 propria,
623 1990 708 2030 quod
739 1997 876 2030 peccata
912 1991 1013 2032 gratis

40 2031 257 2067 remittantur,
280 2041 340 2072 per
362 2037 393 2061 et
416 2038 550 2071 propter
573 2030 673 2062 filium
697 2033 924 2071 mediatorem,
948 2044 1012 2064 non

39 2079 175 2113 propter
197 2084 296 2114 opera
321 2072 373 2104 rel
404 2074 517 2104 merita
548 2072 719 2106 hominum.
768 2075 888 2107 Fidelis
911 2086 1014 2107 sermo

38 2119 100 2151 est,
130 2115 234 2156 inquit
256 2116 297 2147 ad
320 2115 543 2153 Timotheum,
566 2116 597 2146 id
617 2124 686 2155 est,
710 2124 840 2156 certus,
868 2129 931 2150 non
957 2119 1013 2149 du-

39 2157 112 2189 bius
135 2168 261 2196 sermo,
290 2163 319 2189 et
347 2160 433 2189 omni
459 2160 642 2198 (ιι-6611110716
663 2161 793 2201 difflms,
821 2162 904 2201 quod
926 2165 1014 2193 lewes

38 2200 187 2231 Christus
208 2203 292 2232 rem't
321 2203 352 2231 ιή
376 2201 456 2231 hunc
479 2202 640 2235 mundum,
663 2204 772 2234 salros
797 2202 911 2242 facere
940 2214 1011 2245 pec-

38 2247 176 2281 catores,
199 2253 330 2284 qum-um
350 2255 406 2284 eyn
423 2245 546 2284 primus
563 2254 640 2275 sum.
664 2256 695 2286 q.
710 2246 739 2276 d.
764 2245 906 2278 Mundus
924 2247 1011 2278 hanc

37 2287 228 2317 concionem
259 2285 428 2327 Evangelii
460 2287 543 2317 ridet
572 2294 603 2317 et
633 2290 820 2320 contemnit.
867 2289 934 2321 Sed
965 2297 1010 2321 ta·

36 2338 109 2359 men
148 2329 320 2360 verissime
362 2329 475 2370 recipi:
515 2328 606 2360 Deus
641 2337 836 2370 peccatores
876 2339 1011 2373 propter

36 2369 146 2402 filium.
191 2370 232 2402 Et
255 2372 319 2402 hoc
348 2372 491 2403 ostendit
519 2382 591 2402 0160
622 2372 787 2414 exemplo,
818 2376 903 2407 sicut
933 2374 1009 2407 alibi

36 2413 181 2445 eiusdem
211 2414 380 2445 doctrinae
410 2412 557 2455 exempla
587 2415 766 2446 recitantur
795 2417 836 2448 de
864 2417 1009 2457 publica-

907 879 1010 910 Habet

64 928 235 955 otestatem
269 923 426 960 docendi,
465 932 531 953 non
565 922 664 953 habet
700 914 1040 953 administrationem&

35 2455 98 2493 nis,
121 2456 300 2494 Matthaeo,
325 2457 489 2493 zachaeo,
514 2463 544 2487 et
568 2455 652 2494 aliis,
676 2459 715 2488 116
738 2458 872 2491 muliere
892 2471 1007 2501 pecca·
1031 2479 1034 2493 ·

36 2498 127 2536 trice,
152 2499 193 2530 de
216 2498 343 2529 latrone
367 2509 531 2530 converso
556 2499 586 2529 in
612 2510 720 2538 cruce,
744 2508 805 2532 etc.
1031 2509 1033 2521 ¹

121 2541 155 2572 ln
186 2542 237 2572 his
266 2540 425 2582 exemplis
460 2542 625 2573 discamus
655 2543 751 2575 etiam
776 2554 853 2575 nos:
886 2544 1005 2576 Veram
1030 2548 1032 2572 l

35 2592 110 2614 6556
143 2584 419 2624 propositionem,
453 2584 541 2625 qnod
574 2582 666 2615 Deus
698 2587 835 2617 remittat
871 2586 1032 2647 peccatai

35 2626 137 2665 gratis
160 2633 295 2666 propter
308 2626 485 2664 Christum,
509 2636 572 2657 non
597 2634 732 2668 propter
755 2635 869 2661 nostra
893 2639 1003 2671 opera.

1063 323 1253 355 refutandas
1277 323 1525 364 imaginationes
1549 323 1756 355 Pharisaicas
1780 325 1819 354 de
1842 324 1963 354 meritis
1989 322 2030 354 le-

1064 366 1205 408 galibus.
1250 366 1322 397 Non
1347 367 1478 397 dubium
1503 371 1563 403 est,
1586 366 1672 397 lianc
1695 377 1770 397 esse
1791 367 1930 398 omnium
1954 376 2030 398 600-

1063 408 1260 440 solationum
1294 418 1450 439 summam
1487 409 1518 439 in
1553 410 1679 450 magnis
1715 408 1903 447 110101-111115,
1944 409 2031 450 quod

1065 452 1169 494 gratia
1193 452 1350 483 exuberet
1374 461 1473 492 supra
1497 450 1628 482 delicta.
1675 451 1711 482 Et
1742 452 1817 493 quid
1846 452 1948 493 potuit
1977 451 2032 482 ha-

1065 496 1143 525 bere
1165 494 1268 525 meriti
1292 492 1426 531 Paulus,
1456 505 1528 525 cum
1548 499 1637 524 65561
1656 493 1760 525 hostis
1785 501 1813 525 et
1838 501 2033 536 persecutor

1064 536 1204 575 Christi,
1239 542 1412 578 antequam
1447 537 1550 577 ipsius
1584 535 1640 566 filii
1670 536 1732 567 Dei
1760 548 1843 568 voce.
1872 543 2033 568 retractus

1036 586 1037 591 ¹
1064 586 1113 610 est
1138 580 1178 610 ad
1202 579 1399 621 agnitionem
1423 577 1612 620 Evangelii,
1647 585 1677 609 et
1711 580 1752 610 ad
1783 580 2034 620 poenitentiam‘!

1063 622 1137 652 Non
1162 628 1249 653 certe
1271 623 1384 653 merita
1418 620 1483 653 ulla
1505 621 1635 660 habuit,
1668 622 1728 652 sed
1757 632 1873 663 magna
1905 628 1936 653 et
1959 622 2033 653 hor-

1064 663 1169 695 ribilia
1192 670 1339 705 peccata.

1152 708 1271 737 obiicit
1307 714 1414 738 autem
1453 708 1536 738 ratio
1576 707 1640 738 11υο
1679 714 1929 749 argumentum:
1971 710 2035 747 Eyo

1065 753 1159 781 etiam
1182 751 1317 781 Itbenter
1343 752 1524 781 crederem.
1559 753 1590 781 si
1611 751 1670 781 tali
1691 753 1868 781 testimonio
1896 760 2035 788 vocarer,

1038 813 1039 819 1
1065 796 1146 823 sieut
1168 794 1287 824 Paulus
1308 797 1359 824 esc
1378 797 1504 824 vocatus
1527 803 1600 824 voce
1620 798 1754 824 sonante
1776 794 1816 824 de
1837 796 1934 824 caelo.
1974 794 2039 824 Sed

1065 837 1146 866 nihil
1166 838 1229 867 tale
1251 837 1339 867 rideo
1356 845 1477 867 mecum
1499 838 1579 874 (ieri.

1066 887 1115 908 me
1138 888 1257 917 qnoque
1280 881 1386 909 vocari
1393 881 1409 909 ?

1153 920 1360 961 Respondeo.
1417 920 1621 952 Vocationes
1656 921 1733 952 fiunt
1766 921 1906 952 diversis
1930 921 2036 952 modis

1066 968 1097 993 et.
1120 964 1363 994 occasionibus.
1395 962 1469 994 Alio
1493 965 1590 995 modo
1614 971 1754 996 vocatur
1775 963 1961 1001 nlanasses,
1984 965 2038 1005 qni

1065 1006 1238 1037 abducitur
1260 1007 1291 1036 in
1316 1005 1521 1048 Babylonem
1545 1013 1577 1038 et
1611 1006 1795 1039 collocatur
1828 1007 1860 1038 in
1891 1017 2038 1038 carcere.

1066 1047 1171 1079 Aliter
1211 1049 1382 1080 Zachaeus
1423 1055 1516 1080 stans
1558 1051 1591 1081 in
1625 1050 1798 1081 sicomoro
1813 1072 1822 1087 ‚
1857 1051 1910 1091 qui
1949 1050 2038 1081 audit

1067 1090 1232 1123 Christum
1257 1092 1361 1122 amice
1385 1102 1457 1123 61101
1481 1091 1743 1133 compellantem.
1795 1092 1901 1123 Aliter
1925 1091 2040 1124 mulier

1065 1135 1245 1173 peccatrix,
1270 1145 1353 1175 quae
1372 1134 1484 1166 habuit
1508 1134 1707 1177 singularem
1726 1142 1847 1167 motum
1871 1137 1904 1166 in
1927 1136 2039 1173 corde,

1067 1188 1131 1217 quo
1155 1178 1316 1217 perducta
1339 1183 1388 1208 est
1412 1179 1454 1209 ad
1477 1179 1676 1219 agnitionem
1700 1179 1826 1219 peccati
1850 1179 1910 1209 sni.
1957 1178 2038 1209 Pau-

1066 1218 1119 1250 lus
1143 1226 1281 1250 vocatur
1303 1219 1436 1251 fulmine
1460 1221 1597 1252 caelitus
1621 1222 1726 1259 edito,
1761 1232 1825 1263 quo
1855 1223 2040 1252 concutitur

1067 1269 1094 1293 et
1135 1264 1364 1303 prosternitur.
1427 1264 1585 1305 Arguitur
1621 1265 1692 1295 eius
1727 1270 1896 1305 peccatum
1932 1265 2039 1294 divina

1070 1315 1161 1341 voce,
1187 1316 1227 1336 ex
1251 1305 1345 1336 caelo
1371 1313 1525 1337 sonante:
1559 1307 1647 1346 Saul,
1682 1308 1768 1346 Saul,
1800 1308 1877 1347 quid
1897 1317 1947 1338 me
1967 1318 2039 1347 per—

1067 1351 1237 1387 sequeris?
1280 1349 1379 1379 Audit
1404 1349 1632 1380 testificantem
1655 1349 1847 1381 Dominum:
1884 1351 1948 1389 Eyo
1971 1360 2041 1382 sum

1067 1393 1166 1422 Iesus.
1191 1401 1280 1430 quem
1300 1396 1333 1422 tu
1352 1396 1565 1432 persequeris.
1600 1391 1664 1423 lsta
1688 1390 1821 1424 fulmina
1845 1402 1910 1423 non
1925 1393 2039 1424 eodem

1069 1434 1165 1463 modo
1186 1435 1276 1464 liunt.

1154 1476 1227 1507 Non
1258 1484 1308 1508 est
1343 1488 1423 1520 ergo
1458 1480 1587 1512 vocatio
1617 1480 1802 1511 uniusmodi
1832 1480 1865 1510 in
1888 1479 2039 1510 omnibus

1068 1523 1101 1549 et
1135 1518 1285 1560 singulis.
1353 1522 1526 1553 Ordinaria
1560 1523 1745 1553 vocationis
1779 1523 1862 1553 ratio
1897 1528 1947 1553 est
1981 1532 2040 1563 per

1069 1562 1281 1594 ministerium
1325 1563 1522 1606 Evangelii,
1568 1566 1654 1606 quod
1701 1563 1832 1605 publice
1871 1570 1966 1596 sonat
2008 1566 2039 1596 in

1067 1603 1231 1643 Ecclesia,
1254 1612 1285 1637 et
1309 1608 1470 1638 accedunt
1494 1618 1595 1649 saepe
1622 1607 1843 1646 afflictiones,
1865 1609 1897 1639 in
1921 1608 2039 1649 quibus

1069 1648 1249 1689 castigatos
1284 1656 1391 1680 movet
1427 1650 1539 1688 Deus,
1585 1657 1619 1681 ut
1660 1657 1759 1692 agant
1797 1651 2039 1691 poenitentiam.

1069 1689 1195 1721 Placuit
1223 1692 1403 1723 immensae
1434 1693 1570 1723 bonitati
1609 1693 1691 1732 Dei,
1722 1694 1771 1724 sic
1795 1693 1954 1734 colligere
1976 1693 2039 1724 Ec-

1623 837 1780 873 Quomodo
1802 846 1877 874 erqo
1899 838 2037 874 credam,

1068 1786 1203 1817 rumque
1237 1784 1343 1807 autem
1377 1777 1429 1814 fit,
1469 1784 1502 1808 ut
1538 1779 1685 1809 homines
1719 1789 1738 1810 a
1773 1778 1847 1810 Deo
1883 1786 2040 1810 vocentur

1066 1818 1292 1860 singularibus
1315 1820 1428 1860 poenis
1453 1827 1483 1850 et
1507 1821 1796 1863 castigationibus,
1826 1823 1914 1852 iuxta
1944 1820 2039 1852 illud:

1067 1863 1190 1892 Bonum
1212 1863 1302 1901 ηιιἹιί,
1331 1865 1414 1902 quod
1431 1865 1606 1895 humiliasti
1628 1874 1689 1903 me,
1719 1869 1755 1895 ut
1773 1866 1928 1896 discerem
1953 1868 2040 1896 iusti-

1064 1906 1230 1942 ficationes
1253 1910 1334 1936 luas.
1381 1905 1470 1943 item,
1503 1908 1627 1937 l'eoeatio
1649 1908 1707 1938 (lat
1727 1910 1927 1939 intellectum.
1975 1907 2039 1938 1513

1066 1947 1153 1977 dicta
1177 1947 1316 1985 docent,
1349 1949 1435 1989 quod
1472 1948 1565 1980 Deus
1600 1950 1640 1980 311
1677 1960 1713 1981 56
1747 1949 1852 1981 trahat
1888 1956 1918 1981 et
1942 1958 2039 1981 vocet

1066 1989 1214 2020 homines
1238 2001 1297 2030 per
1321 1992 1584 2033 castigationem.
1641 1992 1731 2023 Facit
1768 1991 1908 2024 alienum
1943 2002 2038 2034 opu-5,

1065 2038 1097 2062 ut
1132 2031 1229 2063 faciat
1264 2044 1346 2074 opus
1380 2035 1558 2074 proprium.
1615 2034 1760 2076 Castigat
1794 2045 1856 2066 nos
1890 2036 2037 2077 primum.

1065 2074 1136 2105 Hoc
1159 2081 1210 2105 est
1231 2074 1308 2106 illud
1327 2075 1468 2108 alienum
1487 2087 1583 2118 opuS‚
1607 2078 1694 2119 quod
1715 2077 1807 2109 Deus
1825 2078 1912 2109 facit.
1948 2078 2037 2109 Finis

1065 2123 1172 2149 autem
1208 2119 1433 2160 castigationis
1467 2126 1535 2158 est,
1575 2127 1609 2151 nt
1639 2121 1812 2152 redeamus
1845 2121 1886 2151 ad
1920 2119 2037 2159 Deum,

1064 2161 1222 2191 donemur
1235 2162 1428 2193 remissione
1447 2168 1669 2203 peccatorum,
1693 2162 1922 2194 consolatione
1936 2163 2037 2205 Spiri-

1065 2210 1117 2234 tus
1139 2204 1254 2234 sancti.
1302 2204 1373 2236 Hoc
1397 2210 1448 2235 est
1472 2215 1555 2246 opus
1578 2206 1744 2246 proprium
1767 2205 1840 2237 Dei.

1149 2245 1219 2276 Etsi
1249 2253 1358 2278 autem
1384 2249 1568 2278 vocationis
1603 2249 1719 2279 modus
1744 2258 1808 2279 non
1843 2255 1893 2279 est
1921 2248 2036 2279 similis

1063 2289 1094 2318 in
1127 2289 1297 2319 omnibus:
1332 2295 1440 2321 1311160
1474 2291 1544 2331 11153
1581 2292 1754 2321 conversio
1785 2292 1815 2321 in
1851 2292 1951 2323 corde
1986 2299 2036 2323 est

1062 2341 1125 2362 una
1162 2339 1195 2362 et
1229 2332 1354 2363 eadem.
1402 2333 1540 2373 Oportet
1564 2334 1596 2364 in
1620 2334 1789 2367 omnibus,
1823 2334 2035 2374 (1016001161-

1060 2379 1190 2412 tuntur,
1224 2384 1301 2405 esse
1319 2376 1456 2406 eundem
1481 2377 1627 2407 ordinem
1652 2382 1683 2406 et
1706 2386 1874 2407 numerum
1897 2378 2035 2418 partium

1062 2417 1291 2457 poenitentiae,
1315 2419 1522 2459 quantumvis
1547 2418 1670 2460 gradus
1700 2426 1842 2459 possunt
1872 2429 1947 2450 esse
1972 2421 2035 2450 1115-

1061 2458 1198 2496 51011165,
1232 2466 1265 2490 111
1297 2461 1446 2491 videmus
1481 2459 1614 2491 dolores
1647 2461 1851 2492 contritionis
1888 2463 1928 2493 ab
1962 2461 2034 2494 aliis

1059 2499 1246 2544 languidius
1265 2504 1388 2541 sentiri,
1414 2504 1475 2534 imo
1494 2513 1594 2544 saepe
1607 2504 1636 2533 in
1651 2503 1763 2534 iisdem
1783 2503 1865 2535 alias
1881 2506 2034 2543 maiores,

1059 2542 1142 2575 alias
1165 2545 1307 2576 minores
1325 2555 1408 2576 6556.
1444 2546 1509 2576 Sed
1534 2546 1566 2576 in
1588 2546 1738 2577 omnibus
1762 2552 1881 2585 tamen,
1906 2554 2032 2589 oportet

1057 2585 1198 2628 aliquam
1228 2588 1456 2618 contritionem
1490 2590 1627 2628 primum
1663 2598 1757 2620 esse:
1795 2589 1915 2621 Postea
1948 2592 2033 2622 scin-

1058 2627 1157 2660 tillam
1181 2628 1321 2671 aliquam
1345 2631 1437 2667 fidei,
1468 2631 1498 2661 in
1523 2632 1707 2663 terroribus
1729 2633 2028 2674 apprehendentem
