2324 2958
139 170 202 204 827

141 272 305 303 recenteS,
329 265 381 306 qui
405 271 480 296 sunt
506 263 702 305 blasphemi.
748 264 801 295 Sic
823 268 1052 305 argumentor:

273 325 429 356 Intortms
464 333 559 356 unum
595 323 713 363 Deum,
751 324 945 355 conditorem
978 324 1058 354 coeli
1089 326 1122 352 et

313 372 429 402 ter-vm,
453 370 541 398 recte
564 365 669 398 Deum
692 369 832 398 invocat:

275 411 368 441 Tura·
389 414 418 441 et
446 410 558 441 Iudaei
583 409 731 441 invocant
751 419 844 441 unum
868 410 986 447 Deum,
1016 407 1119 439 condi-

313 454 446 484 (Πίον-ειη
469 455 549 484 coeli
569 456 602 484 et
621 456 746 483 terrae:

271 496 356 534 Eryo
379 499 528 527 ine-ocant
548 503 659 526 remam
681 495 792 526 Deum.

228 563 440 604 Respondeo.
495 562 592 604 Nego
625 561 795 594 Minorem.
856 561 930 592 Non
964 561 1121 591 invocant

142 605 230 637 illum
262 617 378 638 verum
406 605 531 643 Deum,
569 605 772 637 conditorem
812 603 894 635 coeli
929 608 961 633 et
1001 608 1119 634 terrae.

140 649 269 691 Negant
306 650 389 680 enim
423 647 513 680 illum
542 647 648 679 Deum
679 657 774 685 esse,
808 647 861 688 qui
896 655 932 677 se
966 644 1121 686 patefecit

141 692 244 724 misso
267 691 363 729 Pilio,
386 692 445 722 sed
469 691 704 722 discendentes
728 701 747 721 a
770 691 885 726 verbo,
907 687 1042 730 fingunt
1063 687 1121 719 ali-

142 735 220 777 quid
254 744 332 766 esse
355 733 478 771 Deum,
512 734 600 775 quod
634 744 700 765 non
725 740 773 764 est
799 732 903 763 Deus.
948 731 1019 762 Nos
1044 741 1121 762 con-

142 784 194 809 tra
226 778 259 808 in
285 775 439 809 Ecclesia
462 777 654 808 invocamus
688 774 778 807 illurn
802 774 921 811 Deum,
955 775 1008 816 qui
1033 779 1121 814 pate-

141 819 221 853 fecit
244 830 282 852 se
316 818 427 858 talem,
461 820 548 860 quod
583 820 624 850 sit
658 825 810 850 aeternus
846 817 957 854 Pater,
993 809 1121 858 qui‘ab

141 868 278 895 aeterno
302 863 415 905 genuit
436 861 564 900 Filium,
588 872 684 904 quem
707 867 824 902 postea
847 860 947 896 misit,
970 865 1006 890 ut
1028 868 1123 890 assu-

141 912 245 938 meret
267 905 443 938 humanam
467 912 633 936 naturam:
655 910 686 935 et
710 904 797 946 quod
820 901 923 934 Filius
947 903 989 932 sit
1011 903 1121 943 imago

141 948 251 981 Patris
285 955 420 980 aeterna
450 954 482 979 et
505 946 753 978 substantialis:
797 952 826 977 et
858 945 946 987 quod
980 945 1123 986 Spiritus

142 998 280 1024 sanctus
303 1002 323 1022 a
346 990 447 1022 Patre
469 997 499 1022 et
525 989 606 1021 filio
630 990 807 1031 procedat,
837 989 921 1020 sicut
941 988 1039 1019 docet
1061 996 1123 1018 nos

142 1034 301 1067 institutio
335 1033 496 1074 Baptismi
531 1040 563 1064 et
594 1031 805 1075 Symbolum,
840 1031 927 1073 quod
951 1040 1052 1071 saepe
1074 1035 1125 1061 est

141 1078 358 1110 recitandum.

229 1119 402 1152 Secundo:
437 1118 561 1150 Omnes
595 1125 707 1150 sectae
741 1123 834 1149 extra
856 1115 1042 1148 Ecclesiam
1077 1125 1126 1146 er-

142 1170 217 1195 rant
242 1164 283 1194 de
301 1161 471 1193 voluntate
494 1161 569 1193 Dei.
626 1160 768 1198 Ethnici‚
802 1160 919 1197 Turci,
954 1159 1065 1190 ludaei
1095 1163 1126 1189 et

143 1205 198 1238 alii
218 1205 317 1247 impii,
341 1205 503 1236 accedunt
532 1205 572 1235 ad
597 1203 703 1235 Deum
737 1205 810 1234 sine
832 1203 1028 1234 Merliatore.
1073 1201 1127 1232 Ni·

143 1248 188 1280 hil
213 1250 320 1281 sciunt
343 1249 384 1280 de
407 1247 638 1289 promissione.
689 1246 862 1283 Dubitant,
893 1255 962 1283 cur,
992 1250 1024 1275 et
1047 1254 1127 1285 quo-

143 1292 242 1323 modo
283 1290 511 1322 exaudiantur.
573 1289 746 1330 Ignorant,
792 1288 880 1329 quod
915 1288 1008 1319 Deus
1048 1285 1127 1318 velit

143 1335 310 1366 remittere
343 1339 503 1374 peccata,
548 1338 580 1363 et
615 1332 761 1372 recipere
801 1331 951 1362 homines
990 1335 1128 1370 propter

144 1377 325 1409 Christum.
371 1374 496 1407 Contra
524 1384 605 1406 vero
640 1384 704 1406 nos
727 1374 758 1404 in
782 1372 938 1405 Ecclesia
969 1373 1128 1403 debemus

144 1426 307 1454 statuere,
342 1428 405 1450 nos
438 1419 528 1449 iuxta
562 1417 816 1459 promissionem
839 1413 1013 1458 Evangelii
1037 1419 1128 1447 certo

144 1462 318 1500 exaudire,
347 1469 379 1493 et
403 1461 505 1501 recipi
528 1468 663 1502 propter
686 1458 813 1491 Filium.
859 1459 950 1490 Haec
975 1459 1039 1489 (luo
1064 1458 1128 1489 dis-

144 1506 282 1539 crimina
315 1513 416 1546 saepe
450 1510 481 1535 et
504 1502 679 1546 diligenter
702 1509 779 1534 sunt
803 1501 1059 1534 consideranda.

231 1548 294 1584 Qui
317 1558 384 1579 non
407 1553 485 1579 sunt
507 1554 599 1578 recte
622 1547 759 1578 instituti
782 1546 814 1577 in
838 1545 989 1577 doctrina
1012 1542 1129 1575 Eccle-

144 1593 232 1630 siae,
267 1598 299 1623 et
334 1591 389 1632 qui
422 1600 489 1622 non
512 1589 636 1621 habent
668 1589 825 1621 exercitia
859 1598 960 1620 verae
994 1589 1129 1619 invoca-

143 1635 262 1672 tionis,
295 1634 472 1671 mirantur,
507 1633 583 1675 quid
608 1633 693 1664 desit
727 1632 929 1673 sapientibus
958 1629 1021 1662 illis
1048 1630 1129 1661 viris

145 1678 233 1721 apud
255 1676 431 1715 Ethnicos‚
454 1687 519 1717 quo
544 1676 649 1708 minus
674 1682 765 1706 recte
788 1676 954 1707 invocent.
1007 1673 1130 1714 Dispu-

145 1728 232 1759 tant,
263 1720 339 1761 quid
374 1726 408 1751 tu
442 1720 548 1762 magis
583 1719 650 1750 scis
680 1719 721 1750 de
748 1717 839 1751 Deo,
873 1728 971 1759 quam
1003 1717 1130 1748 sciebat

146 1763 234 1796 filius
258 1763 431 1799 Nestoris3
455 1770 507 1793 aut
535 1762 701 1804 quomodo
725 1762 793 1792 scis
806 1768 838 1793 te
850 1762 1017 1798 miserum,
1039 1761 1131 1791 invo-

147 1814 276 1840 cantem
300 1806 466 1841 exaudiri3
489 1804 580 1836 illum
604 1815 684 1837 vero
709 1805 889 1846 sapientem
919 1802 1132 1841 fortunatum,

148 1857 180 1883 et
203 1859 357 1892 magnum
382 1848 568 1889 Principem
592 1859 658 1879 non
682 1847 852 1879 exaudiri?
897 1846 1053 1878 Christus
1078 1856 1133 1877 ex-

147 1902 266 1936 presse
289 1892 366 1923 ‹licit
387 1893 427 1923 (le
452 1892 683 1923 invocantibus
697 1898 790 1922 extra
803 1901 915 1921 veram
928 1888 1131 1921 Ecclesiam:

157 1939 212 1969 Vos
241 1936 388 1969 nescitis.
419 1936 495 1975 qm‘d
516 1936 667 1966 adoretis.
725 1934 849 1964 Omnes
884 1932 958 1964 libri
982 1931 1132 1963 Ethnico-

149 1990 220 2012 rum
243 1977 331 2020 pleni
356 1986 430 2009 sunt
454 1979 709 2014 invocastnnum,
733 1978 790 2007 sed
810 1983 885 2007 sunt
905 1976 1133 2007 invocationes

150 2024 346 2054 aberrantes
370 2032 388 2052 a
413 2031 492 2052 veto
515 2019 606 2059 Deo,
635 2028 665 2052 et
692 2021 886 2051 coniunctae
911 2029 983 2050 cum
1008 2018 1134 2049 dubita-

150 2067 251 2097 tione.
297 2064 366 2095 Nec
390 2071 439 2095 est
465 2063 583 2106 exigua
608 2073 685 2105 pars
709 2064 879 2094 doctrinae
903 2061 1134 2093 Catecheticae

151 2110 237 2141 scire
261 2108 334 2138 ista.

241 2150 333 2183 Multi
369 2150 479 2181 dicunt
514 2150 578 2180 ista
612 2159 688 2180 esse
724 2147 881 2190 puerilia:
924 2158 1036 2179 verum
1073 2152 1135 2183 est,

155 2201 229 2226 sant
254 2192 402 2235 puerilia.
450 2193 574 2224 Umnes
598 2192 689 2232 pueri
714 2192 801 2222 scire
830 2192 893 2222 ista
918 2191 1048 2222 debent.
1092 2188 1132 2220 Et

154 2238 185 2269 1ιὶ
211 2247 342 2279 qnoque
377 2237 538 2277 pertinent
572 2236 613 2266 ad
638 2233 837 2269 Ecclesiam„
872 2234 963 2265 iuxta
997 2234 1133 2264 dictum:

156 2282 257 2313 Sim’le
275 2281 429 2321 parrulos
453 2280 560 2311 rcnt're
583 2279 627 2309 ml
648 2288 704 2309 nie.
761 2277 871 2319 Atque
906 2277 1026 2308 utinam
1053 2277 1135 2307 bene

157 2326 324 2355 dist-antur
348 2324 389 2354 ab
425 2323 574 2353 onniibus
598 2320 734 2362 puerilia
763 2321 826 2351 ista
849 2326 880 2351 et
909 2326 1135 2351 exerceantur.

158 2368 230 2407 Ego
265 2377 330 2397 non
366 2364 511 2396 delector
555 2365 706 2396 inanibus
741 2363 1034 2405 (lisputationibus.
1075 2372 1136 2392 nec

159 2420 281 2452 quaero
307 2408 505 2441 subtilitates
530 2409 559 2439 in
584 2407 653 2439 ullo
672 2417 794 2449 genere
812 2406 1051 2437 doctrinarum:
1076 2405 1136 2436 sed

160 2464 284 2495 quaero
315 2452 432 2485 realia.
468 2459 499 2483 et
533 2462 616 2493 quae
651 2449 741 2482 utilia
772 2456 847 2481 sunt
883 2450 914 2480 in
950 2449 1034 2480 omni
1061 2449 1136 2479 vita.

161 2497 233 2528 hun
259 2503 305 2527 est
332 2496 503 2537 sapim-ntia,
528 2504 688 2536 quaerere
712 2493 920 2535 praestigias
951 2500 980 2523 et
1006 2491 1137 2532 excogi-

162 2547 232 2570 tare
257 2550 359 2574 nova,
391 2546 443 2569 aut
470 2538 626 2579 occupari
657 2536 933 2578 «lisputationibus
957 2534 1137 2567 inutilibus.

248 2582 338 2614 llaec
363 2583 449 2615 «lico,
473 2589 504 2612 nt
532 2581 756 2612 commendem
780 2578 1050 2611 adolescentibus
1075 2578 1137 2608 ‹lis-

163 2627 296 2657 criinina
333 2636 430 2657 verae
462 2632 491 2655 et
524 2623 628 2656 sal-ac
664 2623 903 2656 invocationis.
937 2631 1023 2663 quae
1059 2621 1136 2653 finnt

776 167 887 201 PHIL.
912 167 1016 200 MEL.
1041 166 1227 200 SCRIPTA
1249 163 1514 198 EXEGETICA.

1171 299 1257 332 welii.

1170 326 1190 343 υ
1256 342 1361 375 Estne
1383 353 1497 375 verum
1521 343 1644 375 dietum
1666 341 1762 374 illud:

1301 405 1339 435 Si
1359 405 1446 436 Beue
1467 408 1517 436 εει
1535 404 1672 444 animus,
1694 403 1785 435 nobis
1806 407 1843 435 ut
1862 406 2011 435 carmina
2032 404 2152 435 dicunt.

1301 447 1361 478 Hic
1382 447 1443 479 tibi
1459 450 1634 488 praecipue
1655 449 1699 478 sit
1713 455 1802 487 pura
1822 449 1927 478 mente
1948 447 2106 478 colendus.

1259 513 1470 556 Respondeo.
1530 514 1592 546 Est
1623 513 1734 556 legale
1767 514 1904 553 dictum,
1938 514 2027 556 quod
2058 513 2152 546 Deus

1174 557 1319 598 requirat
1341 558 1529 590 interiorem
1553 556 1694 596 cultum,
1724 567 1784 589 seu
1807 557 1944 598 virtutes
1968 557 2153 596 interiores,

1172 609 1239 631 non
1262 606 1385 632 tantum
1407 607 1577 633 externam
1599 600 1804 643 hypocrisin.

1173 765 1254 806 Ubi

1175 842 1285 896 quod
1324 842 1436 882 Deus
1481 842 1658 896 requirat
1702 842 1931 882 interiorem
1976 840 2154 883 cultum?

2083 163 2150 198 8OE

1168 257 1367 296 illustriora,
1403 257 1613 289 considerata
1646 256 1857 289 distinctione
1878 255 1965 299 legis
1988 263 2021 290 et
2042 257 2151 290 Evan-

1313 771 1375 805 est
1426 765 1504 805 hoc
1556 766 1795 806 mandatum
1848 765 1889 804 in
1934 764 2153 818 Decalogo,
2320 749 2324 1015 ἰ

1262 941 1472 982 Respondeo.
1522 941 1558 972 ln
1584 940 1641 973 illo
1670 948 1864 983 praecepto:
1893 941 2023 982 Diliyas
2048 942 2154 973 Domi-

1176 994 1251 1017 num
1274 986 1377 1017 Deum
1405 989 1493 1016 tuum
1526 994 1567 1016 ex
1589 989 1652 1016 toto
1674 986 1783 1023 corde,
1817 990 1880 1016 etc.
1927 983 1999 1015 Hoc
2022 983 2156 1015 manda-

1177 1034 1244 1059 tum
1269 1034 1319 1059 est
1342 1028 1579 1068 interpretatio,
1615 1033 1646 1059 et
1671 1028 1801 1068 quidem
1831 1025 2005 1067 explicatio
2028 1025 2158 1067 plenior

1177 1069 1328 1103 similium
1353 1071 1514 1102 dictorum
1538 1071 1625 1112 apud
1649 1069 1827 1107 Ethnicos,
1856 1078 1942 1110 quae
1969 1075 2046 1099 sunt
2068 1066 2158 1109 lega-

1177 1113 1239 1149 lia3
1273 1112 1371 1155 quale
1405 1119 1456 1145 est
1491 1114 1588 1144 etiam
1616 1112 1680 1144 hoc
1704 1111 1874 1143 Platonis:
1910 1113 1998 1143 Deus
2030 1115 2163 1142 nonest

1177 1157 1326 1188 colendus
1345 1157 1499 1197 yestibus,
1521 1158 1580 1187 sed
1599 1160 1725 1196 oportet
1748 1155 1852 1187 Deum
1871 1155 1976 1187 colere
1999 1164 2075 1186 rem
2098 1154 2160 1185 rir-

1179 1203 1266 1231 tule:
1295 1199 1327 1230 οὐ
1362 1199 1497 1238 σχήμασι
1519 1199 1725 1238 τεχνάζοηας,
1761 1198 1824 1229 ἀλλ’
1854 1197 1986 1235 ἀληθεία
2014 1197 2160 1235 τιμῶντας

1178 1242 1282 1283 α’ρεῐήν
1305 1241 1354 1272 δεῖ
1375 1241 1453 1273 Θεὸν
1476 1242 1667 1282 θεραπεύειν.
1713 1241 1791 1272 Vult
1813 1242 1940 1272 ‹lit-ere:
1964 1229 2070 1271 Deum
2095 1239 2160 1271 coli

1178 1295 1242 1316 non
1267 1285 1430 1316 affectatis
1454 1285 1626 1327 gestibus,
1658 1290 1693 1315 ut
1729 1284 1860 1325 quando
1895 1284 2038 1324 speciem
2073 1281 2159 1314 Reli-

1178 1328 1288 1369 gionis
1325 1326 1425 1368 aliqui
1467 1327 1638 1365 simulant,
1672 1337 1752 1368 prae
1791 1336 1829 1358 se
1862 1324 2007 1357 serentes
2042 1332 2159 1365 gestus

1180 1370 1360 1401 artificiose
1385 1370 1604 1411 compositos:
1639 1369 1699 1400 sed
1734 1369 1763 1400 si
1792 1369 1825 1400 in
1849 1370 1987 1400 veritate
2010 1367 2160 1399 homines

1179 1413 1333 1444 virtutem
1357 1411 1479 1444 colant.

1181 1595 1367 1646 Quaero,
1419 1610 1470 1636 an
1517 1608 1678 1650 prorsus
1730 1594 1973 1634 damnentur
2023 1598 2162 1647 gestus

1181 1672 1368 1714 externi?
1445 1672 1598 1713 Annon
1644 1672 1721 1712 hoc
1761 1671 1883 1711 etiam
1923 1676 1985 1710 est
2023 1669 2163 1723 legale,

1182 1758 1414 1792 reverenter
1477 1763 1722 1804 componere
1782 1755 1920 1802 gestus
1975 1754 2164 1788 externos

1274 1829 1314 1869 in
1354 1827 1463 1868 cultu
1496 1826 1600 1867 Dei?
1669 1826 1821 1865 Annon
1858 1823 2074 1864 infantulos

1350 1905 1543 1945 docemus
1587 1903 1826 1957 complicare
1859 1915 2002 1942 manus

1486 1981 1587 2021 inter
1629 1979 1826 2021 orandum
1844 1978 1860 2018 Ρ

1273 2099 1482 2141 Respondeo
1520 2098 1615 2130 Plato
1639 2096 1783 2139 loquitur
1810 2096 1852 2127 de
1876 2094 2060 2127 exclusiva:
2085 2095 2170 2127 Solis

1183 2145 1325 2183 glestilms
1347 2154 1409 2174 mm
1434 2145 1548 2174 volitur
1573 2144 1664 2173 Dens.
1708 2139 1921 2182 l‘lypocritae,
1945 2138 2044 2180 impii,
2067 2136 2168 2177 ἄθεοι,

1188 2193 1218 2218 et
1242 2187 1376 2228 pessimi
1401 2186 1550 2216 homines
1576 2182 1727 2216 simulant
1752 2189 1868 2225 gestus
1891 2189 2060 2219 externos,
2095 2191 2169 2213 cum

1189 2232 1251 2260 sint
1283 2231 1353 2260 sin·-
1379 2240 1457 2260 γυνη
1487 2229 1621 2269 pietate.
1678 2225 1716 2257 Et
1752 2227 1851 2258 utitur
1874 2224 1970 2256 Plato
2000 2222 2168 2257 vocabulo

1189 2271 1245 2304 illo
1271 2274 1469 2311 ιεχι-ιῐζωτεςι
1503 2272 1578 2313 quia
1608 2269 1792 2312 aliquorum
1824 2266 1956 2300 suerunt
1987 2266 2171 2309 singularia

1189 2316 1327 2347 artificia
1363 2317 1392 2346 in
1429 2314 1717 2356 repraesentandis
1752 2312 1853 2344 certis
1887 2311 2049 2352 gestibus
2083 2310 2168 2341 sicut

1190 2359 1343 2391 Monacbi
1362 2359 1571 2390 instituerunt
1597 2367 1691 2394 suos,
1715 2362 1746 2387 ut
1772 2351 1930 2396 singulari
1949 2359 2046 2396 gestu
2070 2351 2171 2394 c'aput

1190 2402 1382 2434 inclinarent
1408 2402 1449 2433 :ul
1473 2401 1637 2433 humeros.

1277 2445 1358 2477 Fere
1393 2451 1461 2476 tota
1496 2443 1610 2486 religio
1645 2442 1805 2484 papistica
1829 2445 1991 2481 occupata
2025 2444 2078 2471 est
2100 2445 2170 2470 tan·

1191 2497 1256 2520 tnm
1281 2496 1416 2520 externo
1441 2495 1548 2529 gestu.
1585 2486 1674 2528 Papa
1699 2485 1767 2526 (qut
1791 2494 1857 2515 non
1882 2483 1984 2515 credit
2002 2481 2171 2514 Christum

1191 2542 1266 2563 esse
1302 2533 1331 2563 in
1365 2531 1475 2570 coeto)
1509 2531 1659 2561 mandat.
1690 2535 1722 2559 nt
1758 2528 1915 2559 adoretur
1948 2524 2101 2557 Christus
2138 2523 2170 2555 in

1191 2586 1286 2617 pane.
1334 2575 1474 2610 Qnmmlo
1499 2573 1737 2615 proficiscitur,
1771 2570 1940 2611 praecedit.
1974 2578 2080 2611 equus
2115 2576 2170 2609 ge-

1190 2627 1284 2650 stans
1305 2619 1455 2650 bostiam.
1512 2617 1556 2647 lbi
1581 2617 1669 2647 iubet
1692 2615 1761 2646 fieri
1785 2613 2022 2645 adorationem.
2080 2609 2171 2642 nnec
