2324 2958
186 189 248 221 195

269 281 350 313 Cum
379 279 588 322 philosophia
609 281 704 312 nobis
733 281 886 322 proponit
915 281 1158 320 necessitatem,

182 325 262 356 ltein
297 324 423 355 virtutis
459 323 671 364 dignitatem:
706 322 774 355 Lex
813 325 973 365 approbat
1007 325 1086 362 ista,
1126 331 1157 355 et

182 373 363 408 exaggerat
388 367 551 397 mentione
575 367 718 398 mandati
741 367 853 404 divini,
889 367 976 408 quod
1000 367 1157 408 praecipit

182 410 399 441 obedientiam
418 409 450 439 in
475 407 657 440 tolerandis
670 409 833 447 adversis,
857 416 887 440 et
911 419 952 440 ne
975 410 1157 441 irascamur

183 452 270 484 Deo.

267 495 319 526 Sic
343 494 504 535 approbat
527 493 580 525 lex
604 495 839 526 conscientiam
863 495 992 532 bonam,
1016 501 1046 525 et
1066 495 1157 525 iubet

180 536 332 578 exempla
355 537 579 576 considerare,
598 545 629 569 et
653 536 804 569 conferre
817 545 954 568 eventus
978 544 1010 568 et
1034 547 1155 568 causas

181 580 300 612 finales
324 581 453 611 intueri.

267 623 331 655 Sed
357 622 419 654 hos
443 633 573 664 quoque
595 621 690 654 locos
721 621 860 654 illustrat
892 621 1025 653 collatio
1049 621 1156 652 Evan-

180 665 270 708 gelii,
293 665 377 701 Quia
401 675 466 696 non
502 673 625 696 tantum
649 665 797 707 exempla
821 664 939 707 legalia
963 665 1058 696 nobis
1081 675 1155 705 pro-

180 709 292 750 ponit,
326 709 357 739 in
397 709 515 750 quibus
551 710 714 746 iidemu&
749 707 831 739 alios
865 718 996 749 quoque
1029 718 1155 748 poenas

179 752 379 782 sustinuisse
402 758 537 791 propter
560 759 710 792 peccata,
736 751 793 781 sed
818 757 953 781 revocat
976 761 1035 781 nos
1059 751 1154 781 etiam

180 795 222 825 ad
242 793 425 835 exemplum
451 793 504 824 filii
532 794 609 831 Dei,
645 795 696 824 cui
720 799 850 835 oportet
873 804 932 823 nos
965 792 1155 824 consimiles

180 836 251 868 fieri
280 838 312 868 in
341 847 439 869 cruce
469 844 499 868 et
523 835 726 867 liberatione.
772 836 806 867 ln
830 837 1001 867 eventibus
1025 846 1155 877 quoque

178 880 269 912 iubet
293 880 458 921 cogitare,
492 890 554 910 nos
578 878 678 910 multo
713 881 867 921 graviora
904 879 1036 909 meritos
1067 889 1154 915 esse,

180 921 222 954 Et
252 929 359 954 tamen
390 921 496 954 Deum
527 923 675 963 mitigare
711 931 837 963 poenas
867 922 996 952 debitas
1027 919 1155 952 delictis

181 967 315 997 nostris.

266 1006 410 1039 Finalem
435 1018 514 1039 vero
534 1018 668 1039 causam
681 1006 783 1039 multo
806 1008 966 1048 potiorem
981 1012 1154 1042 monstrat,

180 1050 334 1083 videlicet
363 1050 467 1082 Deum
502 1052 629 1092 ipsum,
663 1057 695 1081 et
728 1052 803 1091 quia
826 1049 1039 1087 afflictiones,
1072 1059 1155 1091 quas

179 1096 382 1126 sustinemus
417 1100 551 1134 propter
574 1094 781 1124 vocationem
816 1100 981 1130 nostram,
1016 1098 1048 1123 et
1078 1102 1155 1123 con-

179 1136 362 1169 sessionem
386 1137 568 1174 doctrinae,
591 1137 738 1168 serviunt
769 1135 896 1178 gloriae
926 1135 1000 1173 Dei,
1024 1141 1055 1166 et
1080 1145 1155 1176 pro-

179 1187 256 1212 sunt
281 1178 460 1211 Ecclesiae,

267 1222 338 1254 Hae
368 1221 608 1254 declarationes
637 1232 711 1253 cum
745 1222 910 1253 adduntur
938 1220 1022 1253 locis
1051 1219 1156 1262 philo·

181 1265 343 1308 sophicis,
367 1266 420 1307 qui
446 1272 521 1296 sunt
545 1264 692 1306 legales,
718 1265 938 1296 consideratio
963 1263 997 1294 fit
1016 1262 1155 1295 dulcior.

268 1309 334 1339 Sed
374 1309 450 1350 qnia
492 1309 686 1349 saepissime
734 1307 921 1339 recordatio
967 1313 1155 1337 nostrorum

179 1350 385 1389 delictorum,
409 1357 441 1381 et
463 1351 685 1381 conscientiae
713 1358 844 1388 reatus,
869 1350 975 1391 ‘auget
1009 1347 1155 1386 dolores,

183 1395 367 1427 ostenditur
391 1394 421 1424 in
444 1392 626 1435 Evangelio
655 1394 830 1434 promissio
854 1392 1057 1424 remissionis
1080 1402 1156 1433 pec-

181 1444 329 1469 catorum
352 1446 491 1477 prorsus
515 1437 625 1478 ignota
648 1434 884 1477 philosophiae.

268 1479 388 1516 David,
419 1479 480 1509 etsi
504 1479 601 1509 habet
637 1479 827 1510 tristissima
860 1477 998 1509 vulnera
1028 1477 1156 1507 consci-

181 1523 298 1560 entiae,
321 1529 428 1553 tamen
453 1528 539 1552 tenet
561 1521 625 1552 hoc
650 1522 842 1552 remedium:
867 1520 936 1551 Scit
949 1520 1011 1551 sibi
1035 1521 1156 1551 dictum

180 1575 274 1598 esse:
321 1564 478 1595 Ι)οιιιι”ηιι,ει
501 1565 632 1595 abstulit
663 1568 829 1604 peccatum
863 1567 958 1594 tuum.
1004 1562 1106 1593 Latro
1124 1563 1156 1592 in

182 1618 282 1640 cruce
313 1618 377 1638 non
413 1607 574 1649 frangitur
608 1607 754 1638 cruciatu
778 1605 929 1637 dolomm
952 1605 1101 1645 corporis
1126 1610 1157 1635 et

180 1652 290 1687 animi,
310 1651 384 1692 quia
408 1650 510 1681 credit
533 1650 595 1681 sibi
620 1650 736 1681 remitti
754 1656 891 1690 peccata
914 1655 1047 1690 propter
1070 1647 1156 1679 hunc

182 1694 369 1731 Dominum,
394 1693 434 1724 ad
460 1694 553 1725 cuius
577 1692 663 1724 latus
687 1692 808 1724 aslixus
832 1699 881 1723 est
906 1692 1006 1722 cruci.

272 1737 319 1767 lta
342 1747 455 1767 omnes
480 1743 617 1772 agentes
640 1736 870 1777 poenitentiam
895 1734 1026 1765 deducit
1052 1733 1157 1764 Evan-

183 1779 302 1823 gelium
323 1780 364 1810 ad
389 1770 582 1815 filiu-ubet,
608 1785 637 1809 et
664 1780 732 1810 eius
763 1778 934 1809 beneficia.
991 1775 1156 1814 Affirmat,

183 1823 271 1865 quod
294 1829 428 1863 propter
452 1821 551 1852 tilium
575 1821 667 1852 Deus
697 1821 833 1862 recipiat
863 1831 1047 1862 quanquam
1072 1817 1158 1851 cala-

184 1867 338 1897 mitosos:
375 1863 479 1895 Docet
516 1863 718 1895 calamitates
752 1875 818 1895 non
852 1873 929 1894 esse
953 1864 1046 1904 signa
1071 1863 1158 1893 abie-

187 1910 349 1941 ctionis>a
373 1907 457 1944 Deo,
478 1907 535 1937 sed
561 1917 637 1937 esse
660 1908 896 1945 castigationes
921 1913 1085 1947 paternas.

272 1951 309 1982 Et
335 1952 410 1992 quia
434 1961 493 1982 cor
514 1961 576 1980 non
601 1947 792 1991 acquiescit,
822 1950 884 1980 nisi
915 1950 1078 1980 intueatur
1101 1947 1159 1979 ali-

185 1995 262 2037 quid
285 1995 375 2024 boni:
400 1991 614 2035 Evattgelium
639 1993 724 2023 iubet
739 2002 924 2033 agnoscere
947 1991 1040 2022 simul
1068 2002 1159 2032 srae-

185 2038 322 2069 sentiam
349 2035 408 2068 Dei
437 2037 468 2067 in
492 2037 656 2066 aerumnis
691 2043 827 2077 accepta
862 2035 1055 2065 remissione
1086 2046 1159 2075 pec-

185 2087 351 2112 catorum:
387 2087 419 2110 ut
445 2079 579 2110 dicitnr:
618 2079 684 2119 [2510
706 2089 774 2109 ¹vum
809 2089 877 2109 cnm
912 2088 948 2107 ro
971 2082 1002 2109 ιή
1027 2078 1160 2108 tribula-

185 2125 281 2160 Ποινῇ,
302 2122 358 2154 Et:
378 2123 430 2153 ιιΙιί
441 2122 617 2153 habitabo?
641 2124 676 2153 ln
689 2123 807 2162 spiritu
820 2122 959 2151 contrito
971 2125 998 2150 rt
1012 2125 1162 2151 lrenwmae‘

184 2176 343 2197 sermones
367 2177 459 2196 vncos.
507 2165 577 2195 Hoc
601 2165 710 2202 modo,
735 2176 808 2195 cum
826 2165 948 2194 scimus
970 2174 1030 2194 nos
1049 2175 1068 2193 a
1089 2163 1159 2194 Deo

187 2210 318 2249 respici,
342 2217 369 2239 et
397 2209 519 2243 iuvari,
554 2206 682 2238 levatur
717 2206 828 2238 dolor:
864 2206 903 2238 Et
938 2217 997 2237 cor
1031 2207 1160 2237 intuens

186 2252 249 2284 hoc
274 2254 405 2288 bonum,
434 2249 557 2282 scilicet
583 2249 879 2281 reconciliationem
905 2261 976 2281 cum
1002 2249 1093 2285 Det),
1130 2257 1158 2279 et

186 2296 405 2338 praesentiam
430 2293 503 2327 Dei.
528 2294 637 2334 incipit
660 2294 889 2334 acquiescere,
921 2300 950 2323 rt
980 2294 1159 2333 coningere

187 2339 228 2369 ad
253 2338 371 2369 Deum.
391 2345 419 2368 et
445 2344 556 2378 petere
580 2338 621 2367 ab
645 2347 684 2366 eo
709 2337 772 2367 miti
799 2336 952 2371 ationem,
983 2336 1065 2366 sic-nt
1089 2346 1160 2376 pre·

188 2388 282 2413 catur
295 2380 402 2411 David
422 2381 452 2410 in
466 2391 524 2411 sua
546 2379 746 2411 calamitate:
782 2381 903 2409 )mm'1w
926 2390 970 2408 rm·
994 2380 1024 2408 ιἰι
1046 2380 1161 2417 surore

188 2429 242 2455 tuo
265 2434 386 2464 nrynns
412 2435 465 2453 mr.
512 2422 610 2460 hem,
630 2423 731 2454 libera
760 2433 805 2453 me
829 2434 849 2453 a
872 2422 1093 2463 minym'm‘lms,
1128 2421 1159 2452 id

187 2474 250 2504 est,
275 2479 292 2497 a
314 2467 448 2506 tragicis
469 2465 574 2497 malis.
1068 2469 1076 2474 “

275 2510 427 2540 Ostendit
463 2510 557 2540 vtinm
592 2507 807 2549 Evangelium
842 2518 931 2549 spem
968 2514 1089 2538 rcrtnm
1113 2505 1160 2537 sn·

190 2560 282 2585 turace
306 2551 509 2583 litu-ruti‹·nis
534 2551 645 2583 totalis
676 2562 735 2583 seu
764 2550 969 2582 universalis.
1016 2550 1088 2582 lloc
1114 2549 1160 2580 su·

188 2603 296 2627 turum
335 2597 453 2626 bonum
490 2597 617 2626 intuens
653 2595 731 2626 lob:
781 2594 915 2625 Etiamsi
948 2594 1068 2624 ocream
1104 2604 1160 2625 nir.

190 2640 307 2680 inquit,
342 2644 442 2669 emm-n
477 2639 616 2678 sywrnlm
644 2643 675 2669 tn
699 2649 777 2669 σηιιη.
823 2639 914 2674 item,
949 2637 1041 2673 Scio,
1077 2637 1161 2677 quod

828 187 941 219 PHlL.
964 187 1067 219 MEL.
1091 187 1277 220 SCRIPTA
1298 188 1561 222 EXEGETICA.

2125 194 2188 226 196

1208 282 1393 323 redemptor
1413 293 1502 315 meu-s·
1533 284 1632 323 vivit,
1666 289 1696 316 et
1718 294 1835 317 rursus
1858 286 2083 318 circumdabor
2103 288 2186 328 pelle

1208 336 1285 356 mea.

1294 384 1350 416 Sic
1373 385 1477 417 Maria
1499 387 1625 418 sciebat
1648 387 1737 419 hunc
1761 386 1861 419 filium
1883 398 1980 419 suum
2003 399 2069 419 non
2092 399 2184 420 man-

1208 437 1320 460 surum
1344 429 1375 459 in
1400 435 1516 467 morte,
1535 430 1594 460 sed
1614 430 1812 461 revicturum
1837 440 1926 461 esse:
1951 429 2035 466 Quia
2053 433 2186 463 tenebat

1207 471 1450 512 praedictiones
1484 471 1697 513 propheticas
1732 473 1773 504 de
1807 479 1912 504 morte
1945 479 1978 504 et
2008 475 2185 507 resuscita-

1208 514 1297 545 tione
1319 513 1475 546 Messiae.
2138 521 2144 523 ’

1293 573 1386 605 Hanc
1409 579 1510 605 totam
1530 575 1709 606 doctrinam
1741 576 1781 606 tle
1810 576 1921 607 causis
1952 574 2183 615 calamitatum,

1208 623 1239 647 et
1275 617 1315 647 tle
1345 617 1498 648 remediis
1532 618 1794 650 consolationum
1826 629 1967 650 necesse
2001 625 2053 650 est
2082 628 2186 660 saepe

1208 660 1310 700 repeti
1334 660 1366 689 in
1389 658 1551 698 Ecclesia,
1577 667 1610 691 ut
1636 662 1787 692 omnibns
1817 662 1857 691 sit
1887 662 1918 692 in
1947 668 2130 702 conspectu
2153 663 2184 693 in

1209 702 1308 732 tantis
1332 702 1471 732 miseriis
1491 703 1628 743 privatis
1651 710 1682 734 et
1706 703 1859 745 publicis,
1882 715 1965 746 quas
1990 705 2049 736 etsi
2073 706 2185 735 iuven-

1209 750 1259 774 tus
1279 755 1338 784 per
1361 750 1500 775 aetatem
1521 746 1663 777 nondum
1687 745 1850 788 intelligit,
1873 753 1980 778 tamen
2006 745 2185 778 adultiores

1209 786 1386 828 paulatiam
1420 788 1581 826 sentiunt,
1615 789 1726 830 gladio
1760 796 1953 830 penetrante
1988 800 2047 831 per
2069 795 2186 831 pectus

1209 831 1366 870 ipsorum,
1396 835 1431 860 ut
1449 829 1502 860 hic
1536 831 1576 862 de
1603 831 1706 862 Maria
1731 833 1831 874 inquit
1855 833 2000 864 Simeon.
2047 832 2185 864 Gratum

1210 882 1288 903 vero
1313 873 1411 902 debet
1433 882 1510 902 esse
1534 874 1630 904 bonis
1649 875 1822 912 mentibus,
1846 876 1933 917 quod
1958 877 1990 906 in
2010 874 2187 907 collatione

1209 916 1430 946 doctrinarum
1463 915 1592 953 rident,
1638 918 1804 958 quomodo
1842 917 2020 949 antecellat
2060 920 2092 950 in
2122 918 2187 949 hac

1206 965 1299 989 tanta
1323 967 1358 987 re
1383 958 1531 988 doctrina
1555 957 1727 990 Ecclesiae
1768 961 2042 1001 disputationibus
2081 959 2187 1002 philo·

1207 1001 1366 1041 sophicis
1385 1011 1470 1042 quae
1494 1011 1555 1032 nec
1579 1001 1778 1042 principales
1814 1014 1934 1034 causas
1962 1002 2184 1035 calamitatum

1207 1050 1401 1080 monstrant,
1421 1053 1481 1074 nec
1507 1043 1619 1075 firmas
1643 1043 1900 1077 consolationes.

1292 1103 1511 1144 Experiuntur
1533 1111 1641 1135 autem
1671 1103 1855 1135 efficaciam
1890 1106 2072 1137 divinarum
2106 1116 2184 1137 con·

1206 1146 1404 1178 solationum
1423 1156 1538 1177 omnes
1564 1147 1716 1177 conversi
1746 1147 1788 1178 ad
1811 1147 1918 1179 Deum
1938 1149 1970 1179 in
1993 1158 2073 1179 vera
2095 1149 2185 1180 invo-

1207 1190 1354 1221 catione:
1390 1188 1453 1219 Ubi
1476 1190 1620 1221 sentiunt
1644 1189 1749 1221 Deum
1784 1188 1896 1222 facere
1927 1201 2011 1232 opus
2030 1189 2185 1230 alienum,

1206 1240 1241 1264 ut
1264 1231 1364 1263 saciat
1389 1241 1472 1272 opus
1496 1233 1673 1273 proprium.

1461 1396 1648 1436 Narratio
1687 1397 1738 1436 de
1771 1396 1928 1436 Hanna.

1294 1485 1328 1517 ln
1359 1492 1451 1517 textu
1485 1486 1614 1517 additur
1646 1487 1792 1517 narratio
1833 1486 1875 1517 de
1909 1485 2046 1524 Hanna,
2088 1496 2186 1528 quam

1207 1527 1422 1571 Evangelista
1445 1529 1489 1559 ait
1513 1528 1644 1559 assidue
1665 1526 1770 1567 Ῐὶιιζςεε
1793 1529 1882 1569 apud
1904 1529 2061 1569 templum.
2107 1529 2187 1561 Erat

1208 1574 1292 1604 enim
1326 1578 1438 1603 certus
1477 1569 1572 1603 locus
1613 1572 1803 1613 assignatus
1846 1570 2036 1603 mulieribus
2082 1582 2186 1614 prope

1208 1614 1374 1655 templum.
1419 1613 1465 1645 lbi
1490 1614 1655 1645 habebant
1690 1624 1770 1645 suas
1794 1624 1927 1656 operaS‚
1961 1613 2118 1646 lavabant
2153 1622 2186 1646 et

1210 1659 1397 1700 coquebant
1430 1657 1662 1688 sacerdotibus
1697 1664 1726 1688 et
1757 1656 1898 1694 Levitis,
1941 1658 1994 1698 qui
2030 1664 2123 1688 erant
2153 1658 2186 1689 in

1208 1701 1373 1743 praesenti
1409 1701 1600 1731 ministerio.
1656 1699 1850 1731 Educabant
1874 1699 2014 1740 puellaS,
2038 1700 2187 1732 institue—

1209 1746 1286 1775 bant
1309 1754 1368 1775 eas
1392 1743 1422 1773 in
1447 1744 1600 1783 precibus
1635 1749 1666 1773 et
1699 1742 1772 1773 aliis
1796 1743 1961 1774 exercitiis
1995 1743 2123 1784 pietatis
2153 1750 2187 1775 et

1209 1789 1375 1824 virtutum,
1397 1786 1481 1816 sicut
1506 1785 1538 1816 fit
1562 1786 1593 1816 in
1617 1783 1734 1816 schola
1758 1785 1908 1816 honesta.
1954 1784 2036 1817 Eum
2060 1796 2186 1818 morem

1210 1830 1322 1861 imitati
1358 1835 1433 1859 sunt
1468 1827 1633 1868 Apostoli,
1669 1839 1741 1859 cum
1782 1829 1949 1859 iusserunt
1983 1827 2059 1871 eligi
2090 1839 2188 1871 gran-

1210 1874 1320 1904 diores
1344 1878 1421 1903 natu
1441 1878 1609 1902 matronas
1632 1871 1663 1902 in
1684 1869 1848 1907 Ecclesia,
1884 1881 1969 1913 quae
2003 1872 2187 1913 peregrinis

1211 1924 1262 1947 aut
1288 1915 1433 1955 aegrotis
1457 1915 1629 1945 servirent.
1682 1913 1720 1944 Et
1746 1914 1807 1945 liae
1830 1914 2000 1951 alimenta,
2032 1921 2187 1956 tanquam

1211 1959 1381 1989 mercedes
1417 1956 1582 1988 habebant
1624 1967 1663 1987 ex
1706 1955 1946 1999 eleeitiosyiiis,
1986 1967 2070 1998 quas
2109 1964 2186 1990 tuuc

1212 2000 1361 2032 Ecclesia
1380 1999 1558 2031 liberaliter
1580 1999 1783 2031 conserebat.

1298 2060 1349 2092 De
1374 2060 1437 2091 hoc
1471 2070 1561 2090 mort·
1595 2070 1697 2101 saepe
1730 2058 1876 2102 loquitur
1911 2058 2033 2091 Paulus
2056 2061 2088 2091 in
2112 2059 2187 2102 Epi-

1212 2103 1320 2135 stolis.
1343 2103 1473 2145 quoties
1487 2104 1680 2133 mentionem
1707 2102 1782 2133 facit
1798 2103 1980 2136 viduarum,
2003 2103 2094 2138 Qua:-
2115 2113 2189 2135 cum

1211 2149 1267 2183 ait,
1298 2147 1393 2177 fidem
1417 2157 1510 2176 sunm
1535 2147 1756 2177 obstrinxisse
1780 2144 1967 2177 Ecclesiae:
2004 2157 2068 2176 non
2097 2145 2189 2177 intel·

1212 2189 1278 2232 ligit
1304 2197 1412 2220 votum
1436 2187 1631 2223 coelibatus,
1655 2189 1714 2220 sed
1740 2189 1855 2223 iidem.
1881 2199 1945 2231 qua
1970 2189 2189 2230 promiserunt

1213 2231 1400 2264 fidelitatem
1433 2233 1462 2263 in
1499 2233 1692 2266 serviendo.
1731 2239 1786 2262 aut
1822 2240 1912 2263 certe
1946 2230 2188 2273 professionem

1213 2277 1286 2307 fidei
1321 2274 1546 2307 fltristinnne.
1582 2286 1645 2315 qun
1681 2281 1820 2306 testatae
1853 2280 1929 2306 sunt
1964 2285 2001 2306 se
2036 2273 2188 2317 amplecti

1211 2329 1326 2350 omnes
1350 2317 1506 2349 articulos
1533 2318 1617 2348 lidvi.

1298 2378 1356 2409 Est
1380 2386 1486 2408 nutem
1511 2379 1730 2409 testimonium
1749 2378 1878 2418 insigne
1898 2378 1928 2408 in
1953 2377 2015 2409 lmc
2038 2377 2187 2415 historia,

1237 2422 1300 2453 nod
1326 2422 1430 2452 sam-ti
1455 2422 1549 2451 etium
1574 2422 1604 2452 in
1628 2422 1781 2462 coniugio
1806 2416 1957 2462 plat-eant
1983 2419 2074 2457 Deo,
2105 2421 2188 2456 Quin

1212 2433 1328 2495 tlilannn
1353 2465 1508 2494 scribitur
1532 2471 1604 2505 post
1626 2475 1731 2495 niuno*
1756 2465 1804 2494 vir
1832 2463 1951 2494 initntis
1974 2474 2067 2496 stiae.
2090 2464 2187 2495 etiam

1214 2519 1284 2538 cum
1300 2508 1414 2538 ninrito
1429 2507 1565 2537 mixissv:
1587 2507 1623 2537 lit
1639 2506 1754 2538 suisset
1768 2507 1796 2538 ei
1808 2474 1961 2539 itiiterum.
1975 2506 2002 2537 si
2013 2505 2187 2544 voluisset,

1213 2552 1352 2581 transire
1380 2551 1475 2580 etium
1495 2551 1535 2580 ml
1571 2551 1735 2582 secundas
1765 2551 1910 2591 nuptias:
1946 2551 2028 2581 sicut
2065 2546 2187 2581 Paulus

1208 2594 1300 2676 {phet
1328 2595 1467 2624 mm’nrvs
1488 2594 1601 2625 t-n'iltms
1626 2594 1752 2631 ‚nubo-r,
1772 2604 1839 2625 csse·
1853 2597 1971 2624 tuturos
1993 2597 2023 2623 el
2046 2593 2187 2624 αἰνέω

1228 2637 1419 2667 ‹inultm-nm.
