2324 2958
117 136 184 168 958

119 265 254 316 Quare
301 264 488 319 Apostoli
535 264 595 304 usi
648 269 742 303 sunt
788 263 1098 304 communione?

204 355 414 397 Respondeo.
459 352 614 396 Apostoli
641 352 773 385 suerunt
795 353 946 385 homines
969 354 1097 394 sapien-

118 405 181 437 tes,
203 409 268 429 non
294 397 503 439 phantastici,
526 395 579 428 vel
601 395 732 435 stolidi,
763 397 849 428 sicut
871 397 963 428 multi
987 397 1097 437 imagi-

117 448 246 473 nantur.
293 439 477 472 Voluerunt
508 450 687 471 occurrere
721 440 876 480 practicis
901 438 1097 480 quadrupla-

117 492 224 516 torum
254 490 284 515 et
313 483 637 525 sycophantamrum.
694 481 980 523 Quadruplatores
1010 482 1097 522 apud

117 526 306 559 Cornelium
329 526 479 557 Tacitum
503 533 535 558 et
558 527 756 559 Suetonium,
781 525 976 556 dicebantur
993 526 1098 565 Syco-

116 570 273 611 phantae,
309 570 362 610 qui
397 570 602 600 accusabant
634 568 737 606 alios,
772 574 806 599 ut
828 568 869 598 ad
897 577 957 598 eos
981 576 1098 608 perve-

116 615 199 644 niret
219 617 336 652 quarta
361 622 438 653 pars
464 613 636 643 bonorum.
682 612 774 642 Sicut
797 610 894 641 hodie
914 609 947 641 fit
971 611 1003 640 in
1023 608 1099 641 Bel·

117 657 190 696 gio,
224 653 350 694 Gallia,
386 661 417 686 et
451 655 662 696 inquisitione
696 653 898 694 Hispanico:
942 651 1100 694 Apostoli

116 699 226 740 igitur,
251 709 324 729 cum
355 699 506 729 viderent
539 707 620 728 suos
650 698 757 728 excuti
791 707 832 727 ex
863 696 976 734 bonis,
1010 684 1127 740 ante-l

116 742 309 776 vertebant3
342 740 507 772 malebant
532 739 619 778 illos,
643 741 696 782 qui
718 738 847 776 vellent,
872 739 1019 770 vendere
1042 736 1100 769 ali·
1123 744 1127 774 ξ
1151 744 1244 769 erant
1277 739 1382 780 magis
1424 737 1536 769 infesti
1571 739 1764 781 Apostolis‚

117 784 194 825 quid
219 794 366 821 snorum,
387 790 417 814 ct
437 782 592 815 conferre
616 782 701 813 illam
736 782 910 824 pecuniam
942 783 975 812 in
1011 791 1100 812 com·
1123 787 1126 818 l

114 837 225 863 mune,
250 827 336 858 unde
360 827 519 857 xiverent.
577 826 732 867 Oportuit
764 825 838 866 pios
866 823 1020 866 singulos
1042 834 1099 865 pa·
1122 826 1127 898 Ι

115 876 208 900 ratos
232 879 308 900 esse
331 870 373 901 ad
398 871 587 911 quotidiana
619 868 732 905 exilia,
763 878 849 909 quae
878 874 954 898 sunt
977 868 1099 898 usitata
1123 903 1126 907 ⁸

114 913 147 943 in
171 911 336 943 Ecclesia.
395 912 433 943 Et
466 913 541 954 quia
575 910 699 953 alioqui
734 912 782 942 eis
806 911 1030 951 eripiebantur
1051 908 1098 940 fa-
1123 910 1126 941 l

116 953 270 993 cultates,
306 954 470 986 malebant
505 961 624 995 sponte
658 955 804 985 vendere
827 964 900 991 cum
924 962 986 984 sno
1011 963 1098 985 com·
1123 945 1126 986 l

116 999 226 1029 modo.
274 997 347 1028 istis
381 997 600 1030 fundamentis
631 997 862 1036 consideratis,
896 994 998 1028 multa
1020 991 1126 1038 pos-⁵

115 1047 191 1073 sunt
209 1041 356 1072 iudicari.

1123 1085 1126 1106 l

364 1175 427 1207 De
466 1177 679 1209 secundo
713 1175 846 1208 Loco.

244 1257 390 1285 „amiso-0
413 1254 581 1294 Eranyem·
599 1257 757 1285 neminem
779 1256 855 1285 licet
874 1254 1035 1285 occidere.-

247 1299 362 1328 Petrus
384 1297 502 1328 occidit
523 1298 702 1328 Ananiam:

244 1339 333 1379 Eryo
354 1349 417 1371 non
440 1344 526 1371 recte
544 1341 637 1379 facit.

202 1407 308 1439 Maior
331 1413 381 1438 est
404 1418 484 1438 vera
503 1418 543 1439 ex
567 1407 757 1439 definitione
785 1407 961 1448 potestatis
984 1405 1099 1438 Eccle-

115 1452 278 1482 siasticae.
1123 1438 1126 1460 ¹

336 1451 492 1482 Potestas
527 1449 767 1482 Ecclesiastico
800 1456 851 1481 est
884 1450 1126 1494 ministerium3

115 1494 256 1526 docendi
290 1492 482 1535 Evangelii,
520 1499 553 1525 et
587 1493 835 1524 administrandi
871 1492 1126 1530 Sacramenta‚.

115 1537 268 1578 puniendi
304 1538 376 1567 sine
417 1537 447 1567 vi
490 1535 666 1577 corporali·
737 1535 779 1567 Et
817 1535 946 1567 habetis
987 1542 1098 1567 textus
1123 1539 1126 1567 2

117 1579 249 1612 multos.
295 1582 436 1619 Regulum
455 1589 559 1611 meum
582 1590 646 1611 uon
668 1583 716 1611 est
744 1580 785 1610 o'e
806 1581 866 1611 hoc
888 1581 1010 1618 mundo,
1034 1585 1098 1611 etc.
1123 1570 1126 1593 ⁵

118 1624 207 1656 Sicut
228 1626 317 1654 misit
338 1633 388 1654 me
407 1628 519 1663 paler:
543 1623 589 1654 itu
611 1633 668 1661 eqo
690 1625 777 1653 mitto
799 1633 864 1654 vos.

206 1665 404 1706 Respondeo
428 1667 469 1697 ad
487 1665 663 1697 Maiorem:
687 1665 839 1697 Ministro
863 1675 929 1696 non
953 1663 1031 1696 licet
1054 1665 1100 1696 uti
1122 1655 1128 1699 l

119 1708 284 1750 corporali
309 1708 432 1751 gladio,
455 1709 554 1747 lame,
577 1718 725 1740 carcere.
771 1707 839 1740 Sed
863 1708 984 1740 Petrus
1013 1709 1100 1739 occi·
1121 1714 1124 1718 ’

118 1753 165 1783 dit
198 1754 296 1783 istum
331 1753 442 1789 verbo,
481 1763 541 1793 per
582 1752 672 1794 quod
707 1750 826 1782 efficax
860 1751 921 1783 fuit
954 1751 1098 1793 Spiritus

117 1802 266 1827 sanctus.
313 1795 345 1826 ls
369 1795 488 1826 occidit
511 1797 607 1826 istum
632 1795 806 1826 Ananiam.
851 1794 893 1826 Et
916 1800 969 1826 est
992 1805 1099 1826 exem-

118 1837 207 1880 plum
231 1839 313 1869 satis
336 1839 440 1875 triste,
465 1838 551 1869 sicut
575 1838 676 1870 credo
700 1843 803 1869 totam
815 1836 1002 1869 Ecclesiam
1023 1847 1100 1869 csse

120 1888 382 1913 consternatam:
413 1879 571 1922 plurimos
608 1880 714 1912 fuisse
749 1887 877 1919 motos,
911 1887 947 1913 ut
981 1881 1100 1912 deinde

119 1931 234 1955 essent
257 1925 484 1956 modestiores.
538 1924 597 1955 Est
625 1922 809 1965 exemplum
838 1925 1101 1955 excommunica-

119 1968 225 1999 tionis.
272 1967 363 1998 Vera
387 1968 682 1998 ercommunicatio
713 1978 779 1999 non
807 1973 857 1999 est
883 1967 989 1999 inanis
1013 1967 1102 1998 soni-

121 2018 184 2042 tus.
239 2009 432 2041 Corinthius
467 2009 522 2041 ille
556 2009 643 2042 male
677 2017 816 2041 vexatur
851 2011 882 2041 in
918 2020 1059 2052 corpore
1082 2021 1101 2041 a

121 2052 278 2089 Diabolo,
301 2054 375 2084 ideo
399 2060 434 2084 ut
458 2052 738 2084 commonefactus
759 2052 815 2084 illa
838 2063 957 2094 poena,
982 2053 1103 2084 rediret

120 2097 162 2128 ad
186 2097 430 2137 poenitentiam.
487 2095 606 2128 Petrus
630 2107 696 2127 non
732 2097 854 2128 occidit
885 2097 1048 2127 Ananiam
1072 2097 1102 2127 vi

121 2138 299 2180 corporali.

210 2199 321 2231 Manet
353 2198 485 2241 regula:
522 2198 675 2230 Minister
698 2197 870 2240 Evangelii
905 2209 971 2230 non
1007 2199 1102 2230 debet

123 2243 239 2285 punire.
258 2246 288 2274 vi
324 2241 508 2284 corporali,
539 2243 599 2273 sed
634 2243 754 2274 verbo:
790 2243 889 2273 debet
918 2249 1026 2273 autem
1051 2253 1105 2272 ex-

125 2287 368 2317 communicare
398 2294 623 2317 contumaces.
681 2284 714 2316 ln
750 2286 812 2316 ista
841 2285 1105 2315 excommnnica-

124 2331 212 2361 tionc
239 2328 298 2360 sert
324 2331 418 2360 istam
443 2330 570 2360 tristem
594 2328 806 2360 sententiam:
849 2329 910 2360 Cui
930 2329 1105 2364 benedices,

123 2374 325 2408 bened-‘canu
354 2376 407 2405 cni
434 2374 616 2410 maledices,
640 2372 827 2404 maledicam
850 2376 882 2402 e!
904 2381 969 2411 eyn.
1004 2371 1106 2412 inquit

125 2415 288 2447 Dominus
324 2417 364 2447 nd
390 2416 570 2447 Abraham.
630 2418 769 2453 Quorum
802 2417 1002 2446 rele’mwrm's
1032 2425 1106 2454 pec-

123 2464 208 2495 calo,
232 2464 358 2491 retentu
376 2464 451 2491 sunl
472 2463 528 2491 ets.

125 2504 241 2537 meum
277 2504 350 2535 idco
379 2514 446 2534 non
476 2503 604 2534 debetis
639 2504 702 2534 ista
736 2508 960 2533 contemnere.
1009 2498 1104 2531 Alma

126 2552 177 2577 est
200 2545 289 2588 loqui
314 2547 353 2577 ds·
376 2547 492 2587 poenis
516 2547 776 2588 magistratuum.
832 2543 925 2576 Deus
949 2543 1019 2575 vult
1042 2554 1105 2575 tna-

127 2590 300 2631 gistratnm
337 2601 414 2621 esse
438 2589 633 2631 disciplinae
658 2587 830 2621 custodem
865 2597 1035 2625 severum,
1072 2592 1106 2618 ut

751 131 863 164 t’HtL.
886 130 992 163 MEL.
1019 131 1209 164 SCRIPTA
1230 130 1495 163 EXEGETICA.

585 2459 669 2491 Sunt
698 2457 881 2490 sententiae
904 2458 1013 2500 magni
1038 2468 1105 2488 mo·
1130 2446 1134 2488 l

2065 138 2131 170 960

1864 183 1882 190 ν

1153 225 1288 257 diciturz
1321 226 1392 257 Non
1411 235 1534 265 parcas
1556 228 1594 257 ei.
1650 224 1692 256 Et
1725 226 1951 268 principaliter
1981 229 2131 264 Ananias

1151 268 1284 309 punitur
1302 271 1438 308 propter
1456 269 1672 306 mendacium,-
1691 278 1770 307 non,
1793 271 1883 311 quod
1902 281 1970 304 non
1987 273 2134 307 attulerit

1152 311 1344 351 pecuniam,
1378 316 1415 341 ut
1448 309 1568 342 Petrus
1603 311 1632 341 ei
1655 311 1746 343 dicit:
1780 312 1917 345 Poteras
1947 319 2133 349 universnm

1152 354 1304 385 retinere.
1349 352 1491 391 Videtis,
1523 351 1631 395 qualis
1654 352 1752 386 fuerit
1773 355 1984 389 imbecillitas
2005 359 2038 390 in
2061 359 2132 399 illo,

1152 397 1206 437 qui
1232 397 1316 427 bene
1339 403 1507 437 coeperat.
1564 395 1734 428 Fortassis
1769 403 1878 431 tamen
1906 399 2057 434 salvatus
2080 409 2133 435 est

1151 445 1183 469 et
1216 439 1301 480 ipse,
1334 444 1366 470 et
1398 449 1493 470 uxor.
1554 439 1705 472 Subeunt
1737 451 1877 482 poenam
1912 443 2132 486 corporalem.

1151 480 1220 513 Sed
1241 480 1299 513 illa
1320 480 1546 524 relinquamus
1567 481 1654 514 Deo.

1446 618 1640 652 Tertius
1674 620 1838 653 Locus.

1237 694 1300 727 Hic
1340 695 1499 736 incipiunt
1540 697 1807 737 persecutionem
1849 698 2023 731 Saducaei.
2092 700 2133 732 Hi

1811 751 1910 782 quam
1945 741 2133 775 Pharisaei:

1150 781 1227 823 quia
1249 781 1281 812 in
1307 787 1410 811 totum
1435 781 1602 822 negabant
1625 785 1916 823 resurrectionem,
1951 791 1983 816 et
2005 787 2133 818 animae

1150 823 1436 856 immortalitatem.
1493 823 1596 855 Erant
1629 824 1800 866 Epicurei,
1834 828 2022 859 sentiebant
2055 827 2135 860 nihil

1151 877 1228 899 esse
1251 865 1413 909 reliquum
1432 873 1508 908 post
1530 873 1685 904 mortem;
1708 876 1752 907 et,
1775 870 1850 911 qnia
1870 870 2024 911 Apostoli
2047 872 2135 904 dice-

1151 911 1232 941 bant
1270 910 1311 941 de
1351 910 1595 941 resurrectione
1644 909 1771 951 palam,
1815 911 2000 945 fremebant
2038 924 2134 946 suam

1151 960 1276 985 sectam
1295 953 1399 994 premi
1423 953 1518 984 odiis.
1553 952 1613 984 Est
1635 953 1795 992 mirabile,
1818 956 1918 996 quod,
1939 966 2012 988 cum
2030 955 2133 989 filius

1152 996 1216 1028 Dei
1246 996 1384 1027 ediderit
1421 996 1608 1027 testimonia
1640 998 1896 1028 resurrectionis
1930 1006 2135 1031 mortuorum

1153 1045 1218 1071 tam
1242 1037 1400 1075 illustria3
1433 1039 1528 1076 item,
1562 1049 1636 1070 cum
1670 1050 1791 1081 magna
1821 1039 1993 1072 multitudo
2016 1042 2136 1074 viderit

1151 1083 1257 1124 ipsum
1280 1081 1460 1113 Dominum
1490 1087 1524 1112 et
1549 1080 1636 1113 alios
1658 1089 1814 1121 sanctos,
1847 1084 1902 1124 qui
1926 1092 2020 1115 erant
2043 1094 2136 1116 resu-

1151 1125 1274 1163 scitati,
1296 1131 1404 1155 tamen
1427 1124 1612 1156 dominatos
1636 1123 1740 1156 fuisse
1763 1127 1794 1157 in
1819 1124 1942 1167 populo
1966 1125 2029 1158 Dei
2052 1137 2135 1168 pon-

1152 1167 1271 1206 tiflceS,
1296 1167 1497 1201 Saducaeos,
1521 1168 1576 1208 qui
1599 1175 1712 1208 aperte
1735 1168 1994 1209 profitebantur,
2028 1180 2136 1212 neque

1153 1210 1430 1242 resurrectionem
1456 1219 1542 1247 csse,
1566 1220 1675 1251 neque
1697 1213 1826 1242 animae
1848 1210 2134 1245 immortalitatem.

1152 1254 1220 1285 Sed
1254 1263 1393 1295 agamus
1415 1251 1491 1283 Deo
1518 1253 1663 1294 gratiaS,
1696 1254 1784 1294 qnod
1820 1264 1886 1284 non
1921 1256 1997 1285 sinit
2032 1261 2137 1287 totum

1153 1305 1259 1338 genus
1300 1294 1477 1326 humanum
1511 1296 1634 1335 perire,
1667 1296 1727 1327 sed
1763 1297 1907 1329 ostendit
1947 1298 2137 1329 testimonia

1152 1336 1328 1370 manifesta
1352 1344 1469 1369 contra
1492 1336 1687 1378 Epicureos.
1726 1337 1834 1370 Etiam
1857 1341 1962 1371 nostri
1978 1339 2137 1381 Episcopi

1153 1381 1320 1413 debebant
1343 1390 1421 1411 esse
1443 1380 1641 1411 defensores
1661 1380 1851 1417 doctrinae3
1875 1382 1934 1413 sed
1952 1388 2029 1414 sunt
2053 1383 2137 1414 inter

1151 1423 1214 1456 hos
1239 1433 1384 1465 quoque,
1418 1424 1473 1465 qui
1497 1430 1611 1463 aperte
1644 1423 1841 1464 profitentur
1863 1424 2138 1466 Epicureismum.

1238 1466 1300 1497 llic
1323 1476 1439 1497 rursus
1474 1466 1609 1505 videtis,
1645 1465 1753 1507 qualis
1787 1468 1829 1498 sit
1852 1466 2019 1506 Ecclesia,
2053 1478 2139 1510 quae

1151 1510 1195 1542 sit
1218 1510 1360 1551 species.
1416 1508 1478 1540 Est
1507 1510 1570 1540 iste
1599 1515 1715 1541 coetus
1739 1509 1979 1551 Apostolorum
2003 1517 2035 1542 et
2057 1509 2139 1542 mul-

1152 1559 1260 1584 torum
1294 1552 1518 1588 credentium;
1558 1553 1636 1593 quia
1675 1553 1739 1584 iam
1773 1560 1868 1584 erant
1902 1553 2004 1586 multa
2037 1552 2138 1585 millia

1151 1596 1330 1633 hominum,
1361 1596 1416 1637 qui
1451 1593 1737 1635 amplectebantur
1759 1595 1989 1638 Evangelium,
2016 1597 2138 1628 sentie-

1151 1640 1233 1671 bant
1267 1649 1342 1672 cnm
1377 1637 1568 1679 ApostoliS,
1603 1639 1801 1670 invocabant
1837 1649 1910 1670 cum
1944 1640 1992 1670 eis
2016 1639 2138 1677 Deum,

1152 1687 1247 1714 erant
1270 1681 1381 1723 sparsi
1409 1691 1470 1722 per
1492 1687 1592 1713 totam
1622 1681 1790 1722 regionem
1814 1681 1997 1720 Iudaicam,
2033 1681 2137 1723 Cyre-

1152 1725 1298 1763 naicam,
1331 1724 1494 1766 Cyprum,
1530 1734 1590 1765 per
1623 1725 1737 1755 Asiam
1773 1725 1857 1755 inter
1890 1724 2070 1762 Bul-nicos,
2104 1725 2136 1756 in

1153 1775 1222 1800 tota
1245 1768 1375 1799 vicinia.
1421 1766 1501 1798 Erat
1523 1773 1639 1798 coetus
1663 1767 1860 1808 dissipatus,
1895 1766 2019 1798 alicubi
2042 1774 2136 1799 erant

1153 1810 1298 1843 Scholae
1332 1810 1504 1852 quaedam.
1529 1816 1531 1829 ¹
1561 1809 1664 1841 Certo
1706 1816 1854 1851 tempore
1894 1811 2138 1842 conveniebant

1152 1855 1194 1886 ad
1218 1853 1406 1896 Apostolos
1424 1859 1590 1894 tamquam
1614 1853 1655 1883 ad
1680 1863 1828 1884 sinnimos
1852 1853 2028 1890 doctores;
2059 1863 2137 1885 con-

1153 1897 1307 1929 serebant
1341 1907 1414 1928 cum
1448 1896 1487 1927 iis
1510 1896 1552 1926 de
1584 1896 1734 1937 partibus
1763 1896 1951 1934 doctrinae,
1984 1896 2136 1928 emenda-

1154 1942 1234 1972 bant
1267 1950 1329 1971 sua
1351 1939 1471 1971 iudicia
1493 1938 1559 1970 illis
1582 1939 1718 1976 auditis,
1752 1945 1784 1970 et
1819 1939 2036 1971 conferebant
2060 1949 2136 1971 cum

1154 1982 1231 2022 illis,
1254 1984 1340 2015 sicut
1361 1992 1503 2013 necesse
1527 1989 1577 2013 est
1607 1981 1687 2012 lieri.
1745 1981 1818 2012 Non
1853 1981 2032 2013 conserens
2060 1993 2136 2015 cum

1154 2026 1239 2063 aliis,
1263 2023 1487 2066 multipliciter
1508 2031 1608 2056 errat.
1653 2026 1735 2057 Sunt
1757 2026 1867 2067 magni
1890 2024 2006 2066 lapsus
2025 2026 2138 2067 singu-

1156 2069 1282 2105 lorum3
1305 2069 1378 2100 ideo
1403 2069 1479 2100 dicit
1504 2067 1668 2099 Dominus
1691 2068 1732 2099 ad
1757 2068 1907 2100 Petrum:
1942 2070 1984 2100 Ee
2009 2073 2043 2100 tu
2064 2079 2138 2100 con-

1158 2123 1281 2149 rersus,
1304 2113 1458 2150 confirma
1478 2114 1617 2151 fratres.
1651 2110 1692 2142 Et
1712 2109 1834 2143 l'aulus
1859 2111 1977 2153 inquit:
2009 2112 2137 2143 Verbum

1161 2156 1226 2187 Dei
1247 2157 1364 2186 habitet
1386 2165 1418 2186 m
1444 2155 1549 2186 robis:
1575 2154 1606 2185 id
1630 2161 1693 2192 est,
1716 2155 1758 2185 sit
1783 2162 1858 2185 tuus
1877 2153 2137 2192 contubernalis,

1158 2200 1199 2231 sit
1229 2199 1285 2230 tibi
1315 2196 1412 2229 valde
1447 2197 1652 2229 lariiiliariter
1680 2204 1807 2228 notum:
1839 2196 1983 2235 moises,
2018 2197 2138 2232 David,

1159 2241 1289 2278 Esaias,
1313 2241 1508 2278 Hieremias,
1542 2239 1708 2281 Apostoli.
1744 2240 1868 2272 Paulus
1891 2242 1957 2272 sint
1980 2241 2036 2272 tibi
2060 2250 2139 2272 con-

1159 2283 1362 2316 tubernales,
1419 2283 1457 2315 Et
1483 2285 1615 2325 quando
1640 2285 1670 2315 id
1697 2284 1731 2314 lit
1755 2291 1832 2314 tnnc
1856 2294 1973 2314 revera
1995 2283 2083 2325 apud
2107 2289 2139 2315 to

1158 2327 1281 2359 habitat
1307 2326 1409 2359 Deus.
1467 2328 1653 2359 Observato
1688 2328 1823 2358 verbum
1845 2327 2020 2358 hobe'mma'e'.
2071 2325 2138 2357 Sed

1158 2372 1248 2402 nddit
1272 2369 1414 2401 Paulus:
1449 2373 1485 2403 ln
1507 2373 1594 2403 omm'
1614 2373 1790 2411 sapientia:
1822 2370 1853 2400 id
1877 2377 1947 2406 cst,
1980 2375 2071 2400 recte
2093 2369 2139 2400 di·

1158 2415 1281 2451 scutis,
1314 2414 1467 2446 docentes
1499 2419 1531 2445 e!
1562 2415 1771 2445 ertu-mlautes
1804 2423 1857 2444 ros
1891 2417 2016 2450 ηηιωο,
2055 2409 2141 2443 nlius

1158 2455 1257 2488 ulium
1299 2457 1398 2488 debet
1443 2455 1737 2489 commonefacere..
1810 2456 1952 2496 Oportet
1997 2454 2141 2488 conferri

1157 2500 1352 2532 sententias.

1245 2542 1335 2574 Talis
1359 2542 1418 2575 suit
1453 2550 1532 2575 tunc
1555 2541 1693 2580 Schola,
1730 2548 1762 2574 et
1796 2540 1886 2574 nulla
1908 2540 2024 2574 habuit
2046 2550 2140 2583 prae·

1159 2586 1242 2618 sidia
1276 2586 1438 2623 humanm
1471 2587 1547 2628 quia
1575 2596 1642 2617 non
1676 2586 1843 2618 habebunt
1871 2583 2099 2617 defensionem
2121 2593 2142 2616 ι
