2324 2958
735 185 951 219 POSTlLLA
973 184 1369 217 MELANTHONIANA.
1985 183 2049 214 590

57 192 122 226 589

60 285 161 318 certis
195 283 387 316 ceremoniis
421 280 647 314 commendata
679 280 722 311 sit
753 280 904 321 patribus
939 280 1029 311 circa
1079 287 1101 309 a
1122 275 1382 318 Hierosolymis,
1415 282 1448 308 et
1481 277 1645 319 signifieat
1679 277 1808 308 domum
1844 287 2049 319 grossorum,

61 328 126 360 hoc
148 333 275 368 tempus
298 326 384 357 anni.
428 324 510 356 Nam
533 324 574 355 de
596 332 683 364 agno
713 321 862 364 paschali
886 327 1028 360 constat,
1081 329 1141 351 seu
1175 318 1394 361 olynthorum.
1424 326 1438 329 '⁷
1462 319 1602 357 Grossi,
1648 319 1777 351 Graecc
1811 319 1935 355 ὅλυνθος
1974 326 2051 351 sunt

61 370 149 413 quod
170 371 211 401 ab
235 367 393 400 Israelitis
416 377 456 399 ex
474 366 537 398 Dei
559 366 713 397 mandato
736 367 944 397 mactabatur
966 364 1030 396 hoc
1081 362 1204 403 primae
1228 361 1328 400 ficus,
1361 361 1437 403 quia
1465 363 1549 392 ficus
1579 364 1679 393 arbor
1709 361 1872 403 duplicem
1900 361 1963 393 fert
1985 361 2051 394 fru-

60 413 134 454 ipso
156 419 312 452 tempore.
1082 410 1184 436 otum:
1219 405 1356 444 primum
1389 403 1472 435 ficus
1505 414 1705 444 praecoces,
1747 405 1837 436 initio
1871 404 1987 442 Veris,
2021 410 2052 435 et

147 454 208 486 Hie
231 455 313 484 ritus
336 451 396 483 fuit
429 456 582 483 servatus
605 450 637 481 in
660 448 812 481 Ecclesia
840 448 952 492 populi
981 449 1030 480 lu·
1054 442 1058 510 ι
1082 454 1197 488 postea
1230 448 1262 478 in
1286 447 1437 488 Augusto
1471 446 1554 477 ficus
1583 457 1777 488 generosas.
1834 448 1916 478 Puto
1945 449 2051 488 ipsum

62 498 146 530 daici
177 505 283 527 annos
308 495 406 533 1500,
442 500 473 525 et
503 492 667 534 aliquanto
701 491 859 533 amplius,
894 499 926 523 et
955 502 1031 523 con-
1084 500 1201 521 nomen
1236 489 1337 520 Ficus
1369 498 1445 520 esse
1479 490 1519 519 ab
1544 488 1694 520 Hebraeo
1718 491 1833 529 I'lmye.
1878 490 1917 520 Et
1942 500 2052 531 quam-

61 540 146 583 gi-uit
178 541 303 579 pictura
337 538 414 578 agni
448 534 619 567 Paschalis
653 545 726 566 cum
765 535 964 575 archetypo,
999 535 1031 565 id
1084 543 1181 573 quam
1200 533 1233 563 in
1256 531 1339 563 locis
1368 530 1606 562 horridioribus
1636 541 1701 562 non
1726 542 1838 563 omnes
1872 533 1955 563 ficus
1978 538 2054 563 sunt

62 588 121 621 est,
144 591 215 613 cum
238 581 394 621 passione
417 586 448 610 et
470 584 575 610 morte
598 576 732 609 Christi.
768 570 928 619 Congruit
953 583 1031 608 tem·
1085 574 1223 606 biferae:
1258 580 1365 605 tamen
1387 575 1420 605 in
1443 574 1634 615 regionibus
1669 572 1839 605 foecundis
1873 573 2053 617 pleraeque

59 634 122 666 pus
144 623 307 665 passionis
332 621 453 653 Christi
478 631 550 653 cum
573 626 720 661 tempore
749 621 826 662 typi.
878 619 1031 651 Christus
1055 652 1058 664 ί
1084 617 1166 649 ficus
1190 618 1240 648 bis
1275 616 1443 657 proferunt
1465 617 1640 657 quotannis
1663 615 1806 647 fructus:
1840 616 1904 647 Sed
1929 618 2051 658 primus

61 665 146 698 enim
169 664 300 696 oblatus
335 671 385 696 est
421 675 460 695 eo
494 670 655 703 tempore,
690 673 756 704 quo
790 662 928 694 solenne
962 668 1032 693 erat
1055 665 1058 689 Ι
1084 658 1211 691 fructus
1235 660 1280 698 (id
1314 666 1377 697 est,
1410 659 1544 697 ὄλυνθοι,
1579 669 1637 690 seu
1660 660 1784 699 grossi)
1815 669 1879 689 non
1915 667 1962 689 est
1987 666 2053 690 tam

59 708 207 745 mactari,
242 714 273 738 et
308 708 360 738 edi
393 716 513 748 agnum
548 704 754 736 Paschalem.
811 705 852 736 Et
876 705 962 746 quod
987 705 1031 735 di-
1055 696 1059 743 ξ
1084 703 1209 740 suavis,
1234 713 1330 743 quam
1353 703 1406 744 qui
1430 708 1547 743 postea
1569 703 1715 732 nascitur
1734 702 1765 732 in
1788 709 1925 732 aestate.

58 760 158 792 gnum
171 756 223 781 est
241 751 515 785 consideratione,
539 747 693 779 Christus
716 758 795 779 vero
820 748 871 779 die
893 746 1032 789 pascha·
1056 747 1059 780 ἱ
1172 745 1260 776 Haec
1294 751 1345 775 est
1373 745 1480 785 imago
1515 744 1706 781 Ecclesiae,
1746 754 1829 785 quae
1867 745 1915 775 bis
1954 745 2053 785 parii:

59 793 113 832 tis,
137 799 170 824 et
193 793 333 823 comedit
355 790 492 833 pascha,
517 797 547 821 et
571 801 692 831 passus
716 797 777 821 est.
1056 783 1059 824 Ι
1084 787 1222 827 primum
1259 788 1343 828 regit
1381 786 1509 828 aliquos
1550 786 1744 827 disciplina:
1789 793 1906 827 postea
1951 788 2054 829 gignit.

145 835 213 866 Sed
250 835 349 866 credo
384 832 490 865 fuisse
523 832 650 874 aliquas
685 831 911 864 solemnitates
946 832 1032 873 apud
1055 825 1059 894 Ι
1085 840 1195 860 veram
1218 831 1381 867 sobolem,
1415 829 1569 861 videlicet
1601 836 1754 867 saneim,
1784 831 1837 870 qui
1866 839 1943 861 vere
1978 837 2053 861 sunt

58 884 182 919 patres,
207 878 302 908 etiam
325 883 400 908 ante
418 877 625 907 eductionem
655 875 769 917 populi
799 886 840 906 ex
863 876 1031 917 Aegypto.
1055 898 1059 927 1
1085 874 1237 903 conversi
1271 874 1312 903 ad
1347 872 1463 904 Deum.
1527 871 1648 914 Aliqua
1686 882 1764 913 pars
1798 871 1970 903 Ecclesiae
2004 879 2055 903 est

58 919 144 952 Puto
167 920 260 950 lsaac
287 930 327 950 eo
362 926 508 960 tempore
537 919 669 950 ductum
704 929 782 949 esse
814 918 856 949 ad
889 925 1031 949 montem
1056 930 1059 957 ἦ
1084 914 1226 954 populus
1249 914 1346 956 legiS,
1379 914 1444 946 hoc
1478 921 1540 954 est,
1567 916 1620 956 qui
1653 922 1819 956 utcunque
1841 921 2000 957 reguntur
2023 921 2053 945 et

58 962 201 1000 Moriah,
229 968 263 993 ut
287 968 497 993 mactaretur.
553 961 629 991 ldeo
663 962 758 992 decet
794 970 856 991 nos
883 960 1031 991 meditari
1055 960 1059 991 ἰ
1084 965 1280 988 coercentur
1303 959 1462 996 doctrina,
1490 964 1523 989 et
1546 956 1719 999 disciplina
1742 965 1888 989 externa.
1940 956 2055 989 Altera

59 1004 317 1047 magnitudinem
339 1004 436 1036 huius
460 1004 568 1045 operis
592 1004 663 1035 istis
687 1005 818 1036 diebus:
853 1003 947 1044 quia,
969 1003 1032 1033 etsi
1056 1000 1059 1027 l
1085 1009 1162 1041 pars
1186 999 1358 1031 Ecclesiae
1382 1008 1433 1032 est
1446 1011 1552 1032 novus
1565 999 1717 1042 populus,
1742 1001 1796 1042 qui
1808 1000 1909 1031 habet
1924 999 2055 1031 inchoa-

58 1048 212 1079 omnibns
243 1048 444 1088 temporibus
474 1053 507 1078 et
528 1047 701 1077 momentis
730 1046 940 1087 cogitandum
980 1051 1032 1076 est
1055 1053 1059 1075 .·
1086 1049 1150 1073 tam
1174 1041 1293 1081 lucem,
1318 1049 1348 1074 et
1371 1045 1470 1074 vitam
1494 1050 1670 1074 aeternam.

60 1089 125 1121 hoc
163 1095 286 1121 tantum
320 1100 423 1131 opus,
458 1099 524 1131 quo
560 1088 684 1120 nullum
718 1095 769 1120 est
797 1084 1060 1125 admirabilius‚!
1172 1084 1318 1126 Populus
1352 1085 1474 1124 lsrael,
1508 1087 1595 1127 qnod
1635 1087 1676 1116 ad
1710 1092 1877 1118 externam
1910 1084 2054 1127 politian»

59 1139 168 1164 tamen
197 1138 233 1164 ut
261 1138 378 1163 natura
411 1132 578 1163 hominum
610 1140 724 1162 amans
758 1136 810 1162 est
833 1130 969 1167 ordinis,
999 1138 1030 1160 et
1056 1135 1059 1175 Ι
1084 1128 1209 1165 attinet,
1233 1135 1301 1159 erat
1325 1129 1531 1171 Bethphage.
1570 1130 1621 1159 Ad
1646 1128 1734 1159 hunc
1756 1128 1910 1170 populum
1933 1130 2055 1160 missus

59 1175 227 1207 meditatio
241 1185 432 1217 magnarum
457 1185 564 1205 rerum
583 1173 797 1204 exuscitanda
817 1179 867 1204 est
885 1173 1031 1204 externis
1055 1187 1059 1215 3
1084 1177 1135 1201 est
1159 1170 1330 1209 Christus,
1359 1172 1422 1202 imo
1452 1178 1587 1213 propter
1610 1171 1776 1203 Christum
1801 1173 1979 1203 constituta
2003 1179 2052 1203 est

59 1218 253 1259 quibusdam
288 1216 507 1247 adminiculis:
541 1217 596 1247 Sic
628 1217 716 1256 pium
739 1222 804 1251 est,
837 1214 902 1247 hoc
924 1216 1031 1256 ipsum
1055 1218 1059 1251 l
1084 1212 1140 1244 illa
1176 1212 1306 1254 politia,
1345 1220 1377 1245 et
1418 1221 1615 1245 conservata
1655 1225 1759 1256 usque
1799 1215 1839 1245 ad
1879 1215 2054 1245 adventum

58 1266 188 1301 tempus
213 1260 357 1290 tribuere
381 1260 571 1301 cogitationi
594 1259 673 1289 tanti
696 1258 817 1298 operis.

142 1302 216 1333 Non
241 1303 344 1332 simus
368 1302 411 1332 ita
435 1302 566 1332 barbari
591 1308 621 1332 et
644 1308 809 1342 agrestes,
840 1307 876 1332 ut
899 1307 1030 1332 xcteres

57 1353 167 1376 mores
190 1343 361 1375 Ecclesiae
398 1350 659 1375 contemnamus.
717 1343 925 1385 CogitemuS‚
964 1354 1030 1374 non

56 1393 182 1418 tantum
216 1388 247 1417 in
282 1397 370 1417 novo
404 1386 615 1417 Testamento
649 1384 810 1417 celebrari
842 1387 1030 1417 memoriam

57 1429 224 1469 passionis
249 1428 370 1459 Christi
401 1427 465 1460 hoc
488 1435 652 1469 tempore,
683 1429 741 1459 sed
773 1434 869 1460 antea
899 1439 1030 1470 quoque
1054 1408 1058 1458 l

56 1473 90 1503 in
113 1472 215 1502 veteri
237 1470 448 1502 Testamento
477 1481 536 1512 per
559 1471 655 1512 signa
678 1469 805 1512 aliqua,
834 1472 1030 1502 mentionem
1054 1492 1058 1519 Ι

57 1512 178 1545 factam
201 1523 278 1544 esse
302 1514 454 1544 victimae
478 1514 565 1544 circa
587 1513 651 1544 hoc
674 1519 813 1554 tempus.
1054 1520 1058 1540 t

143 1555 203 1586 Est
226 1563 257 1586 et
281 1556 346 1586 hoc
368 1555 555 1596 pulchrum,
592 1556 738 1597 cogitare
765 1556 851 1597 quod
876 1554 1029 1587 Christus
1053 1553 1057 1593 ᾗ

55 1597 214 1628 hodierna
238 1598 289 1628 die
322 1594 495 1639 ingressus
529 1605 580 1630 est
615 1608 688 1629 cum
722 1609 842 1639 pompa
865 1597 974 1640 aliqua
997 1600 1028 1629 in
1053 1597 1056 1629 ἐ

56 1641 170 1671 urbem
194 1639 469 1681 Hierosolymam,
498 1651 563 1682 quo
586 1650 693 1682 agnus
715 1640 890 1671 paschalis
913 1651 1029 1672 secun-

57 1683 135 1714 dum
158 1681 265 1724 legem
288 1693 307 1713 a
331 1682 404 1714 Deo
427 1682 539 1721 latam,
569 1684 798 1725 segregandus
820 1689 891 1715 erat
913 1694 933 1714 a
955 1682 1028 1715 reli-

57 1735 123 1766 quo
146 1734 258 1766 grege.
1051 1718 1055 1802 ι

141 1767 225 1798 Nam
258 1767 382 1798 Moises
415 1774 629 1809 praeceperat
661 1767 808 1806 ludaeis,
842 1774 878 1800 ut
900 1769 951 1799 die
977 1768 1026 1800 10.
1052 1806 1054 1810 ι

57 1809 150 1850 primi
172 1810 294 1840 mensis
317 1820 436 1851 agnum
464 1818 657 1851 separarent
680 1822 699 1842 a
729 1821 850 1853 grege,
880 1818 912 1842 et
935 1822 1026 1843 seor·
1050 1814 1055 1849 ,”

56 1853 117 1883 sim
140 1858 324 1888 servarent,
344 1863 448 1894 usque
476 1855 516 1884 ad
547 1855 631 1884 diem
655 1854 873 1885 mactationis·
926 1854 1027 1886 lnter-
1050 1883 1053 1899 ι

56 1901 227 1926 cesserunt
262 1895 359 1937 igitur
393 1896 462 1926 dies
492 1896 512 1926 5
541 1898 582 1927 ab
616 1896 681 1927 hoc
714 1897 868 1938 ingressu
903 1897 1026 1929 Christi

55 1946 160 1979 usque
183 1937 225 1968 ad
248 1943 445 1978 postremam
468 1939 538 1970 eius
560 1940 758 1980 passionem.
1049 1942 1052 1971 f

141 1979 194 2011 De
234 1980 455 2011 Grammatico
495 1981 737 2023 significatione
777 1981 1025 2021 vocabulorum,
1049 2005 1051 2012 .

56 2032 142 2064 quae
165 2029 239 2053 sunt
264 2023 295 2053 in
319 2022 383 2053 hac
406 2022 554 2061 historia,
579 2024 716 2055 diximus
739 2026 840 2066 prima
864 2026 1025 2057 dominica
1048 2021 1051 2062 ζ

55 2065 239 2102 Adventus,
262 2075 324 2096 nec
348 2072 398 2096 est
410 2064 532 2103 inutile,
555 2067 668 2107 paucis
685 2074 836 2108 repetere
854 2067 925 2104 illa;
950 2070 1025 2110 quia
1048 2070 1050 2078 ’

54 2105 176 2138 multae
198 2106 356 2139 historiae
390 2115 529 2149 possunt
563 2110 684 2140 rectius
707 2109 853 2151 intelligi,
883 2119 915 2142 et
940 2122 1024 2143 com-
1048 2112 1050 2125 ²

54 2148 314 2181 monefactiones
349 2151 424 2182 iude
465 2151 548 2182 sumi
590 2152 630 2183 de
664 2153 762 2184 rebus
805 2155 915 2196 dignis
949 2165 1026 2186 con-

53 2192 264 2225 sideratione.

85 2339 420 2382 Grammatica
466 2342 748 2397 Explicatio
793 2346 993 2399 praeci·
1048 2376 1051 2414 Ι

1047 2461 1051 2478 l

144 2432 346 2472 puorum
383 2420 717 2460 membrorum
753 2427 932 2462 textus.

54 2509 237 2565 Bethage
258 2513 354 2566 quid
368 2512 451 2563 fuit,
485 2520 527 2554 et
548 2513 655 2553 unde
681 2520 743 2554 est
754 2515 831 2554 hoc
852 2514 1023 2560 nomen}

138 2616 346 2660 Respondeo.
387 2619 461 2652 Fuit
483 2620 678 2664 Bethphage
700 2620 795 2654 locus
819 2631 884 2654 non
906 2623 1023 2664 procul

1055 1255 1222 1287 {Clu-isti:
1257 1257 1332 1287 ldeo
1367 1268 1405 1287 ex
1435 1257 1634 1299 Bethphage
1667 1258 1754 1288 iubet
1787 1258 1830 1287 ad
1864 1267 1901 1288 se
1935 1258 2053 1289 adduci

1083 1300 1221 1336 asinam,
1245 1300 1297 1330 cui
1319 1300 1452 1331 insidet:
1487 1303 1562 1341 quia
1597 1301 1707 1331 debuit
1741 1306 1863 1330 certum
1887 1310 1974 1338 esse,
1998 1301 2053 1331 ubi

1084 1343 1326 1382 exspectandus
1350 1350 1439 1374 esset
1453 1343 1608 1381 Messias,
1632 1344 1686 1384 qui
1710 1344 1924 1374 ministerium
1947 1343 2054 1374 Evan—

1055 1390 1058 1399 ¹
1083 1383 1160 1426 gelii
1184 1391 1396 1424 reparaturus
1420 1394 1520 1424 esset,
1543 1396 1602 1427 per
1625 1386 1712 1427 quod
1738 1394 1972 1426 regenerentur
1994 1385 2053 1417 ho-

1083 1428 1198 1464 mines,
1223 1433 1255 1457 et
1278 1428 1499 1466 vivificentur,
1535 1436 1568 1460 ut
1597 1429 1794 1459 sanctificati
1816 1439 1876 1470 per
1899 1429 2053 1470 Spiritum

1082 1477 1231 1500 sanctum
1255 1470 1415 1501 haberent
1438 1472 1526 1502 initia
1549 1471 1644 1508 lucis,
1669 1478 1701 1502 et
1725 1472 1810 1501 vitae
1831 1477 1992 1502 aeternae,

1168 1512 1293 1543 Indocti
1333 1514 1495 1551 sentiunt,
1534 1524 1689 1555 grossum
1729 1514 1915 1555 significare
1955 1513 2052 1545 ficum

1081 1555 1296 1586 immaturam.
1343 1556 1408 1586 Sed
1432 1567 1497 1587 non
1521 1562 1582 1587 est.
1625 1556 1707 1587 Nam
1732 1566 1871 1598 grossus
1895 1563 1945 1587 est
1968 1556 2052 1587 ficus

1082 1598 1131 1628 sui
1154 1598 1303 1638 generiS,
1338 1599 1398 1629 etsi
1432 1609 1497 1629 non
1531 1604 1595 1630 tam
1620 1599 1744 1638 suavis,
1777 1610 1873 1641 quam
1897 1606 1946 1630 est
1969 1598 2052 1631 alter

1080 1638 1220 1679 fructus,
1245 1641 1298 1682 qui
1323 1647 1439 1682 postea
1462 1642 1619 1673 nascitur.

1111 1804 1219 1855 Quid
1248 1806 1455 1860 significat,
1494 1807 1709 1857 castellum,
1742 1808 1851 1861 quod
1883 1815 2018 1848 contra

1469 1899 1542 1924 vos
1574 1884 1658 1924 est?

1164 1981 1372 2023 Respondeo.
1412 1985 1540 2021 Contra,
1563 1984 1727 2025 significat
1745 1984 1808 2016 hoc
1828 1983 1916 2023 loco,
1940 1986 2049 2023 situm,

1078 2035 1142 2055 non
1166 2024 1396 2063 hostilitatem3
1422 2028 1513 2064 Quod
1532 2032 1644 2058 contra
1666 2037 1719 2059 ros
1741 2031 1798 2068 est,
1822 2028 1853 2058 id
1876 2035 1937 2066 est,
1961 2029 2049 2070 quod

1077 2074 1127 2098 est
1161 2069 1258 2099 vobis
1292 2071 1323 2100 in
1360 2077 1560 2110 conspectu,
1599 2080 1665 2101 non
1700 2071 1788 2111 quod
1813 2078 1860 2102 est
1885 2071 2046 2103 inimicum

1076 2111 1184 2148 vobis,
1208 2118 1241 2142 ut
1266 2113 1397 2153 quidam
1421 2119 1597 2154 exponunt.

1163 2154 1269 2185 Asina
1304 2161 1335 2186 et
1367 2155 1495 2196 pulluS,
1530 2156 1718 2197 significant
1751 2155 1863 2186 Filium
1887 2155 1948 2187 Dei
1984 2155 2047 2188 col-

1077 2196 1179 2238 ligere
1202 2198 1264 2227 sibi
1287 2197 1472 2229 Ecclesiam
1496 2209 1536 2229 ex
1560 2199 1686 2230 ludaeis
1710 2205 1740 2231 et
1765 2199 1931 2241 gentibus,
1960 2199 2047 2236 item,

1047 2260 1051 2270 .
1077 2251 1117 2272 ex
1140 2240 1276 2271 senibus
1300 2248 1331 2271 et
1355 2242 1537 2272 iuvenibus.

1162 2284 1283 2315 Euntes
1304 2286 1440 2323 solvite]
1486 2284 1541 2316 Sic
1564 2290 1787 2325 argumentor:

1163 2327 1297 2358 Sumens
1317 2330 1389 2358 siue
1411 2330 1571 2359 voluntate
1593 2328 1723 2364 domini,
1747 2327 1927 2367 malefacit:

1162 2367 1221 2400 Isti
1240 2374 1371 2401 sumunt
1387 2371 1458 2402 sine
1480 2373 1638 2402 roluntaee
1659 2371 1798 2401 domini:

1163 2413 1247 2451 Eryo
1270 2415 1353 2444 male
1371 2415 1517 2452 faciunt:
1542 2411 1608 2443 Vel-
1627 2413 1744 2453 potius,
1776 2413 1850 2454 quia
1873 2423 1892 2444 a
1911 2411 2043 2446 Christo

1076 2455 1155 2485 iussi
1179 2461 1254 2485 sunt
1278 2455 1342 2485 hoe
1365 2454 1485 2493 facere,
1510 2456 1658 2496 peccavit
1681 2454 1833 2487 Christus
1855 2455 1936 2496 ipse.

1162 2498 1236 2529 Ideo
1269 2499 1517 2529 accommodate
1550 2504 1774 2538 argumentum
1807 2498 1849 2529 ad
1878 2497 2042 2531 Christum

1075 2540 1197 2581 ipsum:

1161 2583 1261 2614 Invito
1272 2584 1399 2614 domino
1409 2593 1472 2614 non
1484 2588 1560 2614 sun!
1568 2585 1694 2615 alienae
1710 2593 1764 2615 res
1780 2587 2027 2618 contrectandae
2033 2600 2043 2618 .-

1162 2624 1311 2658 Clzriclus
1331 2627 1416 2657 iubet
1444 2626 1562 2657 adduci
1587 2629 1726 2666 asinam,
1762 2637 1821 2660 nec
1844 2632 1927 2668 petit
1945 2640 1966 2660 a
1988 2632 2040 2661 do-
