2324 2958
123 147 188 180 383
760 149 872 182 Pfflh.
895 149 998 182 MEL.
1022 149 1209 183 SCRIPTA
1229 149 1493 184 EXEGETICA.
2065 155 2132 190 384

125 251 208 284 pore
231 242 336 273 tribus
354 241 503 274 Lew‘tica
526 252 681 286 magnum
704 253 789 275 onus
812 245 985 282 sustinuit,
1019 243 1104 278 Quia
1241 245 1406 277 Denarius
1426 247 1589 286 significat
1608 249 1704 278 vitam
1727 251 1902 279 aeternam.

124 283 224 316 valde
247 283 383 316 difficile
410 283 482 323 fuit,
508 286 594 317 inter
624 292 673 318 tot
702 287 937 328 dissipationes
961 287 1103 318 retinere
1242 287 1408 320 Denarius
1429 290 1527 321 datur
1547 289 1776 321 laborantibus.

124 326 262 359 sormam
286 327 428 369 aliquam
452 328 633 361 ministerii.
678 328 721 361 Et
743 329 837 362 Deus
856 328 960 360 voluit
983 329 1014 359 in
1038 329 1102 360 ista
1240 331 1326 370 Eryo
1347 333 1454 364 minus
1474 333 1694 363 laborantibus
1704 341 1768 364 non
1785 333 1884 363 datur
1905 336 1970 364 vica
1987 337 2129 367 aeterna„

122 369 236 412 politia
255 381 387 412 semper
410 380 489 403 esse
510 370 672 410 scholam,
696 373 727 404 in
751 383 816 414 qua
846 378 1102 404 conservaretur

123 413 284 445 doctrina.
779 412 782 415 ’
1125 433 1129 440 ν
1590 399 1689 431 ltem²

212 456 351 497 Propter
374 455 458 488 haec
480 457 597 489 merita
619 467 680 488 sua
710 464 741 488 et
771 457 929 489 maiorum
953 466 1101 494 suorum,
1239 459 1299 489 Hic
1313 460 1353 497 fit
1372 462 1490 491 mentio
1512 461 1672 491 mercedis
1689 460 1829 498 dandae,
1850 470 1913 500 pro
1935 469 2041 501 opere.

121 505 240 541 putant
263 499 326 530 sibi
350 499 462 531 deberi
484 510 622 542 regnum
651 499 808 532 Messiae.
877 499 1100 541 lndignantur,
1238 502 1324 539 Eryo
1345 502 1428 533 bona
1450 512 1550 542 opera
1571 507 1738 533 merentur
1760 505 1855 534 citam
1878 508 2054 536 aeternam.

122 542 212 584 quod
245 542 400 581 audiunt,
434 543 531 574 etiam
566 550 684 585 gentes
719 543 889 574 vocandas
923 552 1019 579 esse,
1059 552 1100 573 ac
1238 542 1439 584 Respondeo
1463 555 1522 585 per
1544 545 1775 576 inversionem.
1842 544 1910 577 lmo
1939 547 2011 587 ipsa
2034 556 2130 588 para-

121 584 225 616 multo
249 585 354 627 magis
378 585 573 626 irascuntur,
592 597 665 617 cum
684 586 817 617 audiunt
841 595 878 616 se
902 585 1098 616 reiiciendos
1153 584 1231 616 bola
1254 587 1399 617 ostendit
1421 587 1591 618 denarium
1614 590 1717 629 gratis
1737 587 1824 626 dari,
1858 589 1933 629 quia
1967 589 2129 622 Dominus

122 637 210 660 esse.
255 627 334 659 Ideo
358 629 481 660 duriter
504 629 558 660 hic
586 627 889 670 reprehenduntur:
920 630 967 660 ,4η
990 629 1100 659 oculus
1151 627 1206 659 hic
1225 626 1304 659 facit
1326 628 1484 671 aequales
1507 631 1631 671 primos
1656 636 1688 661 et
1711 630 1924 662 novissimos.
1955 631 2077 671 Quare,
2099 632 2129 664 si

121 675 197 703 tuus
218 673 322 703 malus
344 676 405 711 est,
439 673 514 712 qm‘a
536 682 593 711 eyo
615 682 685 703 sum
703 673 826 703 bonus?
891 671 954 702 Hic
988 670 1099 701 incidit
1122 692 1125 715 ἦ
1151 670 1305 702 denarius
1328 673 1509 713 accipiatur
1531 673 1572 705 de
1585 674 1652 705 vita
1670 679 1816 711 aeterna,
1840 674 2000 715 seqnitur,
2022 675 2130 716 ipsam

122 713 301 755 disputatio
325 714 367 746 de
391 715 540 753 denario,
563 714 643 746 ltem
666 715 706 745 de
728 714 881 745 mercede
905 714 1014 745 danda
1037 723 1099 755 pro
1122 721 1125 752 ς
1150 723 1282 754 quoque
1306 714 1404 745 vitam
1427 722 1594 747 aeternam
1618 716 1688 747 dari
1712 717 1828 758 gratis,
1851 727 1918 747 non
1948 726 1988 748 ex
2012 718 2129 749 merito

122 757 287 799 operibus.
1152 754 1287 787 laboris.

1124 824 1125 837 ζ
1238 798 1376 833 Quoties
1400 805 1507 832 autem
1530 799 1655 833 tollitur
1676 803 1826 834 meritum
1852 807 2015 840 nostrum,
2051 813 2129 834 mox

1124 843 1126 891 ᾗ
1153 841 1321 883 disputant
1344 842 1506 883 hom-ines,
1529 853 1615 884 quae
1638 845 1704 875 sint
1722 854 1845 876 causae
1858 844 1942 876 bene
1955 845 2128 886 operandi,

1124 894 1127 932 Ι
1153 894 1214 916 seu
1237 884 1313 925 quid
1336 886 1465 925 prosint
1488 886 1575 917 bona
1599 896 1712 928 opera,
1735 888 1848 919 sinon
1872 895 2059 919 mereantur
2081 888 2129 920 vi·

419 922 482 962 De
515 930 659 976 quarto
690 922 788 961 loco.
1123 934 1126 950 ¹
1152 933 1218 958 tam
1242 928 1432 959 aeternam?
1497 928 1559 960 Hic
1582 930 1814 962 consideretur
1835 931 1991 971 primum,
2025 941 2129 972 quare

1153 980 1293 1001 neeesse
1316 970 1357 1001 sit
1382 969 1453 1002 tolli
1476 971 1649 1002 meritum?

207 1012 375 1044 Denarius
398 1013 634 1054 propemodum
658 1019 720 1050 est,
744 1013 830 1054 quod
854 1023 917 1044 nos
941 1022 1100 1045 vocamus
1238 1013 1448 1053 Respondeo.
1503 1013 1588 1049 Quia
1621 1024 1696 1045 cum
1724 1015 1866 1055 petimus
1900 1015 2129 1047 remissionem

121 1055 179 1089 (sin
204 1055 464 1097 &wredenbergcn
489 1055 523 1086 ln
544 1053 698 1087 Cornelio
721 1055 836 1087 Tacito
868 1062 900 1087 et
922 1054 995 1087 aliis
1020 1056 1100 1087 scri-
1151 1062 1374 1098 peccatorum,
1398 1062 1431 1087 et
1454 1057 1556 1088 vitam
1579 1062 1758 1097 aeternam,
1782 1067 1924 1088 necesse
1946 1063 1999 1089 est
2017 1064 2131 1098 petere

119 1099 273 1140 ptoribus
293 1108 395 1139 saepe
414 1098 447 1129 fit
472 1099 592 1129 mentio
617 1099 741 1130 denarii
765 1099 887 1137 diurni,
922 1099 976 1140 qui
1000 1099 1099 1130 daba-
1122 1072 1126 1128 Ι
1151 1105 1184 1130 et
1203 1105 1379 1139 expectare
1412 1098 1503 1130 illam
1532 1105 1669 1141 propter
1698 1098 1798 1131 filium
1831 1099 1893 1131 Dei
1916 1101 2131 1132 mediatorem

120 1148 174 1173 tur
197 1140 287 1172 militi
322 1137 354 1172 in
389 1142 604 1183 stipendium,
638 1143 682 1172 ita
704 1147 739 1172 ut
762 1140 904 1184 singulis
927 1143 1098 1173 mensibus
1152 1142 1277 1179 Gratis,
1301 1153 1366 1173 non
1391 1148 1526 1184 propter
1548 1153 1623 1173 nos.
1669 1142 1760 1174 Sicut
1785 1141 1908 1174 Paulus
1939 1143 2064 1184 passim
2083 1143 2130 1174 in·

121 1185 253 1216 circiter
276 1190 343 1215 tres
363 1185 513 1216 coronati
542 1184 776 1226 penderentur,
812 1185 888 1225 quia
907 1185 1021 1216 decem
1045 1185 1099 1216 de·
1151 1184 1261 1216 culcat
1284 1183 1465 1225 particulas
1488 1183 1564 1216 illas
1588 1183 1790 1224 exclusivas,
1811 1190 1933 1225 aratis,
1963 1189 2034 1217 eine
2097 1196 2131 1218 e-

119 1228 202 1259 narii
221 1227 425 1259 constituunt
447 1238 547 1259 unum
571 1233 777 1264 coronatum,
801 1233 832 1258 et
856 1228 1006 1259 coronati
1029 1234 1098 1259 tres
1149 1229 1247 1267 ribus,
1267 1232 1338 1259 sine
1359 1230 1437 1267 Ieye,
1457 1239 1520 1262 non
1543 1231 1609 1259 ηιζςὶ
1626 1239 1666 1260 ez
1693 1230 1767 1267 fide.
1835 1228 1877 1260 Et
1905 1239 2029 1260 causae
2052 1239 2072 1260 a
2086 1229 2131 1261 ibi

119 1276 264 1312 aequant
288 1268 358 1301 sere
378 1276 518 1311 quatuor
540 1270 700 1308 ssorenoS,
723 1277 878 1311 quantum
901 1281 962 1312 pro
975 1271 1098 1311 stipen-
1121 1287 1124 1293 ·
1150 1281 1251 1311 saepe
1274 1271 1472 1310 recitantur,
1495 1269 1638 1308 scilicet,
1672 1277 1706 1302 ut
1731 1271 1893 1304 tribuatur
1917 1271 2047 1302 debitus
2071 1272 2130 1303 ho-

118 1314 174 1345 dio
198 1312 307 1344 adhuc
331 1311 472 1344 solvitur
494 1314 548 1344 uni
572 1312 674 1350 militi,
698 1313 729 1344 in
747 1323 894 1344 mensem
913 1324 1022 1344 unum.
1068 1313 1099 1344 Α
1149 1323 1212 1344 nos
1236 1312 1302 1344 filio
1327 1313 1400 1351 Dei,
1425 1320 1457 1344 et
1480 1313 1668 1346 consolatio
1692 1314 1735 1345 sit
1760 1314 1864 1352 firma,
1889 1321 1920 1345 et
1944 1314 2131 1355 conspicia-

118 1354 231 1388 militia
245 1362 324 1396 puto
344 1353 538 1387 translatam
551 1365 627 1387 esse
641 1356 923 1394 consuetudinem,
947 1362 983 1387 ut
1000 1357 1098 1387 etiam
1150 1362 1202 1387 tur
1225 1356 1403 1387 discrimen
1425 1354 1510 1398 legis
1533 1363 1567 1387 et
1588 1355 1775 1399 Evangelii,
1804 1363 1835 1388 et
1858 1358 1965 1398 possit
1989 1357 2058 1388 fieri
2082 1358 2130 1389 in·

117 1400 150 1431 in
174 1399 286 1440 operis
309 1399 453 1440 quotidie
475 1398 610 1430 daretur
633 1399 796 1429 denarius.
1149 1399 1292 1430 vocatio.

205 1441 272 1473 Sed
297 1442 375 1483 quid
399 1441 565 1483 significat
587 1442 619 1472 in
642 1441 707 1472 hac
729 1439 891 1482 parabola
919 1441 1098 1473 denarius?
1211 1441 1306 1473 Hanc
1319 1441 1569 1482 responsionem
1582 1442 1880 1480 necesseestsciri,
1889 1447 1923 1473 ut
1934 1447 2025 1474 recte
2037 1441 2131 1474 intel·

116 1484 330 1526 Respondeo.
375 1483 500 1522 Labor,
523 1485 564 1515 de
586 1494 652 1525 quo
676 1483 730 1515 hic
752 1483 909 1525 loquitur,
933 1490 985 1515 est
1007 1484 1098 1515 mini-
1149 1482 1282 1527 ligatur,
1295 1494 1380 1525 quae
1393 1485 1435 1515 sit
1447 1494 1551 1515 causa
1568 1484 1753 1525 impulsiva,
1766 1484 1797 1516 id
1811 1491 1876 1523 est,
1895 1495 2048 1527 quaeres
2062 1496 2131 1518 mo-

117 1529 266 1565 sterium,
289 1527 331 1558 de
350 1537 416 1568 quo
436 1537 502 1558 non
526 1534 577 1558 est
600 1527 743 1559 dubium.
788 1527 955 1558 Denarius
968 1532 1021 1558 est
1039 1527 1098 1569 igi·
1149 1533 1227 1559 veat
1252 1526 1457 1559 voluntatem
1480 1527 1556 1565 Dei,
1579 1528 1667 1568 quod
1690 1525 1771 1559 velit
1793 1528 1889 1559 nobis
1913 1528 1994 1559 dare
2015 1529 2130 1559 remis-

116 1577 171 1603 tur
196 1571 240 1609 id,
274 1571 364 1612 quod
387 1571 590 1611 promissum
614 1576 683 1602 est:
717 1576 754 1602 ut
778 1569 909 1601 ludaeis
933 1575 1004 1601 erat
1021 1580 1098 1611 pro·
1150 1571 1278 1602 sionem
1314 1577 1538 1612 peccatorum,
1572 1577 1605 1602 et
1633 1571 1732 1602 vitam
1759 1576 1936 1601 aeternam.
2005 1570 2130 1602 Postea

117 1615 241 1646 missus
261 1623 423 1654 praesens
447 1619 566 1651 status,
588 1613 654 1645 hoc
678 1619 746 1652 est,
771 1611 884 1654 politia
907 1619 939 1644 et
962 1623 1098 1644 conser-
1150 1620 1228 1645 sunt
1250 1612 1334 1645 aliae
1347 1623 1469 1645 causae
1486 1611 1629 1644 faciendi
1643 1613 1730 1644 bona
1753 1621 1867 1653 opera,
1885 1611 2026 1650 scilicet,
2050 1611 2129 1644 fiua-

117 1658 206 1690 vatio
230 1655 318 1688 illius
342 1657 593 1698 gubernationis
617 1657 802 1689 ordinariae
836 1657 926 1687 iuxta
958 1656 1098 1697 promis·
1149 1655 1213 1694 les,
1236 1663 1271 1688 ut
1319 1663 1503 1688 raestemus
1527 1655 1746 1687 obedientiam
1771 1656 1914 1686 debitam
1928 1655 2014 1693 Deo,
2037 1662 2071 1687 et
2093 1661 2129 1687 ut

118 1701 232 1732 siones
253 1698 300 1731 illi
324 1698 448 1741 populo
473 1700 622 1731 traditas.
666 1698 763 1738 Aliis,
786 1699 841 1741 qui
864 1700 896 1730 in
914 1709 1028 1731 eorum
1051 1698 1098 1730 lo·
1149 1699 1243 1731 Deus
1263 1667 1461 1731 celebretur.
1492 1698 1585 1730 Haec
1609 1704 1660 1729 est
1683 1708 1823 1739 prorsus
1847 1696 1912 1728 alia
1935 1698 2130 1739 disputatio,

119 1753 194 1776 cum
228 1749 462 1781 assumuntur,
495 1741 662 1774 Denarius
686 1749 735 1774 est
756 1752 864 1774 novus
887 1747 994 1774 status
1019 1752 1098 1774 con·
1151 1753 1248 1784 quam
1284 1752 1356 1773 cum
1381 1742 1548 1783 quaeritur
1571 1742 1612 1772 de
1642 1751 1745 1772 causa
1774 1739 1961 1781 impulsiva,
1994 1746 2130 1782 propter

119 1797 244 1829 gruens
267 1786 449 1817 ministerio
472 1787 549 1817 novi
572 1785 786 1823 Testamenti,
822 1786 852 1816 id
873 1791 943 1823 est,
979 1786 1098 1827 guber·
1151 1796 1248 1827 quain
1261 1785 1423 1825 accipitur
1441 1784 1592 1815 remissio
1606 1790 1831 1826 peccatorum,
1855 1789 1887 1815 et
1899 1784 1967 1815 vita
1982 1790 2129 1816 aeterna.

118 1830 208 1861 natio
232 1835 264 1860 et
287 1827 437 1859 defensio
461 1829 584 1866 divina,
608 1835 639 1860 et
662 1828 728 1859 alia
752 1828 913 1860 beneficia
941 1839 1098 1869 corpora·
1237 1827 1323 1864 Quid
1346 1828 1531 1869 respondes
1555 1827 1597 1858 ad
1620 1827 1874 1868 argumentum?

118 1871 163 1904 lia
181 1878 213 1904 et
237 1871 431 1913 spiritualia,
455 1882 539 1913 quae
552 1871 644 1903 Deus
668 1872 723 1903 dat
746 1871 787 1902 ad
812 1872 1098 1903 conservationem

117 1914 295 1948 Ecclesiae
315 1921 346 1946 et
371 1915 540 1946 doctrinae
563 1915 848 1957 propagationem.

206 1959 262 1989 Sic
284 1959 316 1989 in
342 1968 464 2000 genere
487 1957 660 1999 intelligite
684 1957 864 1994 denarium,
893 1957 934 1987 de
964 1967 1099 1988 munere

118 1999 262 2043 singulis
284 2011 347 2032 suo
366 2000 442 2032 loco
465 2007 498 2032 et
521 2002 619 2032 modo
644 2001 732 2031 dam.
756 2000 826 2031 Nos
849 2010 915 2030 non
937 1998 1098 2030 habemus

118 2043 217 2077 talem
236 2043 394 2086 politiam,
417 2042 547 2086 qualem
571 2043 683 2075 ludaei
706 2042 909 2079 habuemnt,
937 2052 999 2073 nec
1023 2052 1099 2084 pro·
1236 2041 1446 2083 Respondeo.
1516 2039 1682 2073 Particula
1705 2044 1812 2080 aratis
1841 2039 1984 2073 excludit
2015 2046 2133 2072 nostra

119 2088 310 2120 missionem
334 2087 375 2118 de
400 2093 493 2119 cena
515 2087 605 2118 sede.
662 2086 735 2117 Non
760 2086 912 2126 praecise
936 2085 1100 2127 significat
1151 2086 1280 2123 merita,
1315 2096 1380 2116 non
1415 2085 1563 2116 meritum
1598 2083 1733 2122 Christi,
1768 2085 1844 2124 quia
1878 2083 1972 2115 Deus
1996 2094 2070 2115 cum
2089 2083 2132 2115 sit

118 2131 275 2163 denarius
300 2131 400 2161 vitam
422 2136 602 2167 aeternam,
625 2130 709 2161 sicut
723 2128 814 2160 multi
834 2129 1101 2169 interpretantur,
1151 2130 1269 2166 iustus,
1292 2127 1393 2159 voluit
1419 2127 1541 2158 habere
1566 2127 1870 2168 compensationem
1899 2137 1960 2168 pro
1984 2126 2131 2168 peccatis

118 2175 208 2216 quia,
233 2174 296 2205 etsi
320 2174 452 2205 vocatio
475 2173 517 2204 ad
542 2173 641 2204 vitam
665 2178 850 2209 aeternam,
879 2178 912 2202 et
936 2178 1003 2202 tota
1025 2182 1100 2212 pro·
1152 2172 1289 2209 nostris,
1324 2182 1419 2212 quam
1456 2182 1529 2202 cum
1566 2181 1627 2201 nos
1651 2176 1822 2211 praestare
1851 2180 1917 2201 non
1942 2179 2130 2211 possemus.

118 2218 234 2249 missio
258 2223 469 2248 aeternorum
493 2217 655 2247 bonorum
678 2216 819 2256 pertinet
843 2215 884 2246 ad
914 2213 1100 2246 Ecclesiam
1153 2214 1306 2247 Christus
1331 2225 1390 2255 pro
1414 2215 1510 2245 nobis
1534 2213 1624 2244 illam
1643 2213 1816 2254 praestitit.
1863 2212 1944 2250 Lex,
1970 2222 2054 2253 quae
2078 2217 2131 2243 est

119 2261 262 2292 omnium
286 2266 482 2301 temporum,
506 2265 539 2291 et
562 2258 647 2290 hanc
670 2269 801 2300 quoque
825 2257 937 2289 habuit
957 2256 1100 2299 populus
1153 2256 1270 2300 regula
1290 2258 1430 2288 institiae
1453 2258 1484 2288 in
1508 2256 1595 2294 Deo,
1617 2257 1661 2287 ita
1680 2263 1730 2287 est
1756 2256 1899 2294 immota,
1921 2262 1955 2287 ut
1979 2258 2131 2295 oporteat

120 2303 294 2341 iudaicus,
330 2310 438 2334 tamen
473 2303 514 2334 de
547 2303 639 2340 istis,
670 2302 723 2343 qui
758 2302 903 2332 invident
933 2302 1101 2343 gentibus,
1153 2302 1181 2333 ei
1206 2300 1370 2332 satisfieri.
1400 2299 1535 2342 Obligat
1558 2306 1667 2332 autem
1690 2297 1744 2330 lex
1768 2297 1820 2329 vel
1843 2299 1884 2329 ad
1897 2297 2130 2335 obedientiam,

121 2347 209 2388 quod
233 2353 417 2387 aequentur
440 2346 534 2387 ipsis,
558 2346 590 2377 id
614 2352 678 2383 est,
701 2351 911 2376 assumantur
939 2346 971 2375 in
995 2345 1100 2375 socie-
1153 2344 1206 2375 vol
1231 2344 1271 2375 nd
1295 2355 1443 2386 poenam.
1498 2343 1608 2379 Quare
1631 2353 1704 2374 cum
1735 2351 1840 2383 genus
1863 2340 2039 2372 humanum
2062 2338 2131 2371 vio—

120 2396 221 2421 tatem
252 2388 438 2427 Ecclesiae,
473 2389 575 2430 inquit
604 2386 772 2430 parabola.
806 2389 895 2425 Quod
927 2388 1010 2419 t'mn'
1035 2388 1101 2418 sint
1124 2377 1128 2403 ¹
1153 2386 1269 2418 laverit
1299 2387 1520 2418 obedientiam
1543 2386 1685 2417 debitam
1709 2383 1775 2427 legi
1800 2383 1874 2421 Dei,
1908 2382 1960 2415 lex
1996 2382 2133 2432 retluirit

120 2433 212 2465 exire
234 2424 278 2464 ἔα,-
302 2433 406 2471 tinea,
440 2436 470 2464 et
493 2433 578 2472 quod
597 2432 763 2464 notuerint
783 2432 924 2471 qratiam
940 2431 1102 2471 patrissu—
1153 2441 1307 2504 pponam,
1341 2441 1440 2472 quam
1474 2440 1570 2461 nemo
1604 2429 1771 2461 sustinere
1805 2427 1922 2469 potuit,
1958 2426 2020 2457 nisi
2044 2423 2131 2456 tilius

121 2477 233 2508 m'lt'as.
280 2475 354 2506 Non
389 2476 487 2517 igitur
520 2485 579 2517 per
607 2484 723 2506 omnes
746 2480 858 2516 partes
882 2473 1101 2506 similitudinis
1188 2475 1228 2505 ei.
2101 2509 2109 2519 .

122 2519 340 2560 exponendus
365 2525 415 2550 est
438 2519 593 2550 denarius
617 2519 658 2550 de
681 2519 749 2549 vita
767 2522 914 2549 aeterna.
1240 2515 1331 2547 llaec
1355 2521 1407 2547 est
1428 2515 1623 2547 admiranda
1644 2513 1818 2555 sapientia,
1841 2512 1936 2544 cuius
1955 2520 2077 2543 causas
2100 2519 2133 2541 m

210 2561 290 2593 Eiici
327 2572 366 2593 ex
402 2562 509 2599 vinea,
540 2560 732 2603 simpliciter
762 2560 930 2603 significat
951 2560 1103 2593 amittere
1155 2566 1224 2591 tota
1246 2560 1439 2591 aeternitate
1461 2559 1640 2591 discemus.
1707 2556 1835 2588 interea
1859 2562 2044 2587 statuamus
2065 2562 2132 2585 ma·

123 2604 350 2637 Minister-ium.
370 2605 444 2637 Non
468 2605 566 2647 igitur
590 2603 677 2637 valet
698 2610 949 2647 argumentum:
1157 2613 1222 2645 gna
1237 2601 1511 2641 ·deliberatione,
1551 2607 1583 2633 et
1615 2600 1757 2642 sapienti
1789 2597 1930 2633 consilio
1965 2598 2134 2630 deu-eum

1123 783 1126 811 ἕ

1237 1898 1325 1928 Deus
1347 1899 1468 1927 remitti
1486 1900 1620 1936 peccata
1639 1898 1755 1935 yram.

1236 1941 1322 1979 Erqo
1344 1949 1407 1970 non
1429 1949 1509 1979 opus
1539 1942 1607 1978 sm't
1638 1941 1898 1978 compensatione
1924 1947 1988 1977 pro
2009 1940 2131 1970 noema

1277 1986 1427 2023 peccatis,
1451 1992 1532 2022 quae
1552 1985 1643 2022 suem
1666 1986 1716 2012 est
1733 1991 1795 2021 per
1821 1982 1992 2012 Chr-Istum.
