2324 2958
147 156 214 190 443

141 249 217 282 talis
238 247 416 286 Dominus,
438 247 493 280 cui
513 245 598 279 haec
618 252 737 279 natura
757 250 866 280 reruiu
887 249 1036 280 subiecta
1056 248 1117 279 sit:

140 293 187 325 ita
209 300 274 324 nos
295 291 404 323 etiam,
426 299 651 332 agnoscamus
675 288 843 323 Christum
864 299 941 323 esse
962 290 1116 322 liberato-

139 344 223 372 rem,
256 335 309 366 cui
341 342 430 365 mors
449 338 497 364 'ct
524 339 716 374 peccatum,
750 340 783 366 et
806 343 920 365 omnes
944 338 1117 364 creaturae

140 378 315 410 subiectae
339 377 416 408 sint.
435 375 508 408 Nec
528 376 753 408 deterreamur
773 377 816 408 ab
839 386 900 414 eo,
932 380 1117 416 conspectu

139 419 343 462 indignitatis
366 424 519 452 nostrae:
538 416 769 461 confugiamus
791 419 832 450 ad
856 428 948 457 eum,
970 423 1004 449 et
1025 423 1116 459 peta-

140 473 214 496 mus
237 471 279 494 ae
300 466 513 503 expectemus
534 462 577 493 ab
601 471 642 494 eo
664 462 856 494 necessaria
879 460 1050 493 beneficia.

203 519 477 553 Assuefaciamus
498 521 595 553 etiam
614 530 676 552 nos
699 521 741 553 ad
764 520 991 552 recitationem
1003 525 1115 553 certae

139 564 340 606 precationis
373 564 406 596 in
439 564 665 596 invocatione:
699 564 786 606 quia,
821 563 883 594 etsi
912 562 982 595 fieri
1004 569 1114 605 potest

139 608 317 647 invocatio,
339 607 434 639 etiam
458 607 582 649 gemitu
605 607 728 644 cordis,
761 612 885 644 tamen,
910 606 938 637 si
961 612 1037 638 sunt
1060 616 1114 638 se·

138 651 178 682 rii
211 655 321 682 motus
354 651 387 682 in
421 651 534 688 corde,
568 660 633 681 non
667 655 808 691 possunt
840 659 906 679 non
936 647 978 680 ali
1004 650 1113 681 uando

140 702 322 735 erumpere,
340 693 373 724 in
396 692 706 724 commemoratione
727 692 938 734 precationis,
1009 692 1076 723 icut
1095 701 1114 723 e

139 735 319 774 contrario,
354 736 487 777 quando
525 745 702 777 nunquam,
736 741 791 766 aut
825 744 901 765 raro
933 735 1113 766 recitantur

138 788 270 820 preceS‚
293 779 423 820 signum
447 784 508 816 est,
527 778 614 819 quod
628 787 686 808 cor
708 778 805 809 etiam
828 778 869 809 sit
892 776 1057 820 frigidum,
1081 783 1114 809 et

137 831 206 854 non
228 821 404 853 admodum
427 819 598 852 afficiatur.
646 820 721 851 ideo
743 830 809 851 non
833 825 885 852 est
903 827 1114 852 contemnen-

138 864 181 896 da
203 870 339 896 externa
363 864 630 895 commemoratio
654 870 685 895 et
698 863 858 901 recitatio,
882 873 967 905 quae
979 873 1019 895 eo
1033 873 1113 905 quo·

141 916 206 949 que
228 907 381 948 prodest,
414 912 449 938 ut
472 916 533 938 nos
556 906 648 948 ipsos
672 906 904 938 exuscitenius.
950 907 1001 938 Ac
1023 912 1113 938 recte

138 950 269 982 dicebat
291 949 334 981 D.
364 948 585 990 Hieronymus
626 948 829 981 Schuiifius:
871 948 1019 982 Christus
1048 949 1114 989 (in-

138 995 239 1033 quio:
260 994 434 1024 Precantes
445 993 541 1023 dicite
556 996 652 1032 pater
674 995 792 1032 noster,
815 993 869 1032 qni
889 1002 925 1024 es
946 996 979 1024 in
1001 995 1114 1030 coetis,-

136 1035 213 1067 ideo
235 1045 301 1066 non
324 1036 406 1066 satis
429 1041 481 1066 est
503 1041 611 1066 mente
635 1045 742 1073 orare,
765 1035 825 1066 sed
836 1037 892 1067 ubi
906 1034 976 1067 fieri
989 1041 1111 1076 potest,

137 1078 349 1120 adiungenda
372 1084 422 1109 est
443 1077 540 1109 etiam
564 1078 724 1115 recitatio,
748 1087 813 1120 qua
837 1089 897 1111 cor
918 1079 1025 1121 magis
1048 1088 1112 1110 ma-

137 1121 256 1164 gisque
274 1120 476 1152 accenditur.

221 1179 327 1212 Multa
349 1186 455 1212 autem
478 1180 573 1211 nobis
587 1180 781 1221 obstrepunt
795 1182 827 1212 in
841 1182 1002 1218 oratione,
1026 1189 1112 1222 quae

137 1232 201 1255 nos
223 1223 431 1261 absterrent,
465 1233 531 1264 quo
555 1224 660 1254 minus
685 1234 816 1254 oremus
838 1231 896 1255 aut
919 1233 1112 1265 persevere-

136 1275 209 1298 mus
227 1266 260 1296 in
283 1266 502 1297 invocatione.
547 1264 638 1296 Haec
661 1266 892 1307 impedimenta
921 1265 1111 1308 significan·

137 1315 189 1340 tur
211 1309 243 1340 in
266 1307 330 1339 hac
351 1307 500 1346 historia,
523 1318 598 1340 cum
621 1308 749 1345 dicitur,
777 1310 866 1346 Quod
887 1311 987 1348 aliqui
1007 1311 1110 1340 incre-

132 1354 284 1392 paverint
306 1361 444 1391 caecum,
477 1354 511 1382 ut
543 1355 680 1390 [ηοω-ει,-
712 1353 773 1383 sed
803 1354 856 1383 ille
888 1354 985 1383 multo
1008 1351 1111 1390 mayis

135 1397 291 1426 clamavit.
357 1393 448 1425 Haec
471 1400 659 1435 congruunt
682 1404 755 1425 cum
778 1395 962 1436 praeceptis
991 1393 1110 1425 divinis

135 1438 177 1469 de
189 1437 433 1468 continuatione
445 1436 682 1483 invocationis:
706 1439 872 1469 Instanter
893 1442 996 1469 orate.
1019 1436 1111 1474 Item,

135 1481 271 1520 Semper
293 1484 434 1514 orantes,
457 1479 523 1510 hoc
546 1484 609 1516 est,
633 1489 700 1510 non
712 1478 918 1518 deficientes,
940 1489 1008 1511 non
1031 1479 1111 1510 abii-

135 1523 260 1555 cientes
294 1522 547 1554 invocationem.

135 1568 254 1598 Lenius
276 1566 427 1597 instando
449 1566 559 1597 taedia
574 1567 659 1604 pelle
681 1568 735 1597 cui.
780 1566 847 1597 Sed
872 1565 937 1597 hoc
959 1576 1025 1597 non
1037 1576 1112 1607 per-

785 153 896 189 mm..
918 153 1021 188 mm..
1044 153 1230 189 semma
1249 154 1512 190 munuca.

614 1521 675 1552 Est
706 1521 849 1554 aulicum
882 1528 1112 1564 praeceptum:
1136 1529 1140 1576 Ι

2078 162 2143 195 444

1168 301 1240 324 eum
1254 249 1348 289 item,
1391 250 1431 285 Sa·
1470 259 1596 286 mortun
1630 253 1752 292 fecerit
1793 253 1966 293 Duum,
2007 260 2143 295 expecta

1467 457 1532 499 De
1563 458 1710 499 effectu
1740 445 1846 500 fid'ei.

1252 547 1398 583 Quartus
1421 548 1517 581 locus
1540 555 1592 582 est
1614 549 1656 581 de
1679 548 1852 583 effectibus
1875 550 1970 590 fidei,
2002 552 2078 584 sive
2099 553 2141 585 de

1166 589 1348 628 beneficiis,
1370 602 1456 634 quae
1478 591 1544 625 fide
1564 592 1780 634 accipiuntur.
1847 592 2042 626 Restituitur
2064 595 2141 628 huic

1165 642 1268 664 caeco
1280 634 1373 666 visus
1397 645 1518 678 magno
1540 634 1710 667 miraculo.
1733 635 1914 678 Repetatur
1934 637 2031 679 igitur
2052 647 2140 670 com·

1165 676 1272 707 munis
1296 676 1447 709 doctrina
1469 678 1510 710 de
1533 677 1713 717 miraculis,
1735 689 1821 721 quae
1836 685 1914 712 sunt
1930 680 2054 722 scripta
2066 691 2140 722 pro-

1164 724 1238 760 pter
1260 728 1381 751 causas
1398 725 1483 752 tres:
1505 722 1654 762 primum,
1677 722 1753 763 quia
1775 728 1853 754 sunt
1872 723 2061 755 testimonia
2083 724 2140 755 do-

1166 761 1304 793 ctrinae.
1347 761 1432 794 Nam
1453 762 1548 796 Deus
1570 763 1725 805 patefecit
1748 774 1786 796 se
1809 775 1871 797 suo
1894 765 2015 804 verbo,
2050 772 2082 797 et
2104 773 2140 798 ut

1164 802 1316 835 Ecclesia
1349 805 1437 836 sciat
1464 805 1529 838 hoc
1551 808 1686 838 verbum
1710 808 1864 839 divinitus
1887 817 1964 840 esse
1987 809 2140 841 traditum

1164 846 1240 877 inde
1272 856 1380 889 usque
1403 848 1445 879 ab
1468 849 1569 889 initio,
1604 850 1727 881 addidit
1755 849 1924 882 miracula.

1164 894 1272 921 autern
1305 888 1409 921 voluit
1432 900 1470 922 se
1493 890 1586 923 Deus
1608 891 1799 933 patefacere
1822 894 1925 926 misso
1948 892 2033 932 filio,
2067 905 2139 926 cru-

1165 931 1262 963 cifixo
1297 938 1330 964 et
1362 934 1561 966 resuscitato
1593 945 1654 976 pro
1687 936 1796 967 nobis.
1863 936 1940 968 ideo
1974 937 2016 968 ad
2050 936 2139 969 hunc

1165 975 1262 1006 etiam
1285 975 1451 1008 deducere
1474 986 1537 1008 nos
1561 975 1664 1008 voluit
1685 987 1746 1018 per
1768 977 1940 1017 miracula,
1975 989 2059 1020 quae
2082 990 2139 1012 co·

1165 1018 1322 1059 gitantes,
1355 1028 1488 1059 semper
1522 1019 1760 1061 coniungamus
1794 1021 1930 1052 verbum
1967 1021 2086 1062 ipsum,
2107 1028 2141 1052 et

1165 1059 1362 1102 colligamus
1386 1062 1508 1100 animo,
1541 1063 1608 1100 ubi,
1642 1068 1675 1093 et
1697 1072 1762 1104 quo
1785 1070 1946 1105 tempore,
1964 1069 1997 1095 et
2019 1063 2140 1105 quibus

1164 1104 1270 1135 modis
1293 1113 1332 1134 se
1354 1103 1446 1136 Deus
1470 1103 1662 1146 patefecerit
1685 1106 1717 1136 in
1736 1104 1814 1137 filio.

1249 1145 1405 1177 Secunda
1429 1157 1531 1179 causa
1554 1154 1623 1186 est,
1657 1149 1744 1189 quod
1767 1147 1926 1180 miracula
1949 1154 2026 1180 sunt
2047 1149 2140 1180 testi-

1162 1189 1272 1220 monia
1288 1190 1558 1230 promissionum,
1581 1200 1718 1232 quarum
1741 1190 1827 1223 aliae
1850 1197 1927 1223 sunt
1949 1190 2141 1232 spirituales

1163 1231 1205 1262 de
1223 1232 1418 1263 remissione
1439 1239 1663 1273 peccatorum,
1685 1233 1862 1265 donatione
1880 1234 2022 1275 Spiritus
2034 1235 2140 1266 sancti

1163 1280 1196 1305 et
1219 1275 1314 1306 bonis
1336 1275 1491 1306 aeternis.
1536 1275 1632 1307 Aliae
1655 1282 1731 1307 sunt
1755 1275 1958 1318 corporales.
2003 1275 2140 1309 Monent

1162 1316 1263 1358 igitur
1296 1316 1466 1355 miracula,
1521 1318 1588 1349 uod
1622 1317 1716 1350 Deus
1750 1318 1830 1351 velit
1863 1320 1944 1351 dare
1966 1320 2141 1362 utriusque

1163 1359 1296 1400 generis
1319 1360 1418 1391 bona.
1479 1359 1499 1391 h
1517 1367 1617 1392 onent
1646 1361 1687 1392 de
1721 1360 1888 1393 beneficiis
1911 1361 1980 1393 filii.
2046 1361 2140 1394 Sicut

1162 1411 1265 1442 saepe
1298 1402 1331 1432 in
1362 1403 1536 1434 sanatione
1568 1404 1758 1435 morborum
1791 1404 2034 1446 coniunguntur
2055 1405 2141 1438 haec

1137 1478 1139 1486 Ι
1163 1444 1263 1475 dicta:
1286 1446 1383 1477 Fides
1404 1450 1459 1477 tua
1481 1450 1513 1477 te
1534 1448 1677 1484 salt-arie,
1700 1452 1731 1477 et
1754 1448 1812 1479 tibi
1832 1449 2040 1480 remittuntur
2066 1458 2141 1489 pec·

1161 1491 1233 1519 cata
1255 1491 1317 1519 tua.
1346 1487 1399 1519 Ac
1416 1497 1549 1530 semper
1570 1488 1655 1521 fides
1677 1495 1794 1531 petens
1816 1491 2042 1523 remissionom
2064 1501 2140 1534 pet>

1163 1535 1312 1562 catorum
1335 1530 1434 1563 debet
1455 1530 1648 1572 praelucere
1670 1532 1746 1563 fidei
1769 1534 1893 1574 petenti
1917 1534 2003 1565 bona
2022 1543 2139 1575 corpo-

1136 1591 1139 1617 Ι
1162 1571 1256 1611 ralia,
1281 1573 1357 1614 quia
1379 1583 1446 1606 non
1468 1581 1564 1615 potes
1582 1576 1743 1607 accedere
1765 1576 1807 1607 ad
1830 1574 1956 1614 Deum,
1985 1576 2047 1608 nisi
2071 1582 2138 1608 sta—

135 1610 216 1640 tinet
238 1608 281 1640 ad
303 1609 534 1650 precationem.
581 1608 795 1648 opponamus
819 1619 901 1650 ergo
930 1607 1010 1640 illud
1033 1618 1112 1640 con·
1162 1622 1238 1648 mas
1259 1620 1293 1647 te
1315 1615 1439 1648 habere
1462 1617 1692 1650 remissionem
1716 1624 1940 1658 peccmomm

135 1651 272 1683 trax-ium
293 1651 481 1683 mandatum
506 1650 715 1692 Scripturae:
740 1653 902 1683 lusumter
923 1657 1026 1684 orate.
1050 1651 1114 1683 Ρο-

1249 1656 1331 1690 Cum
1354 1659 1454 1702 igitur
1475 1660 1613 1691 invocas
1641 1659 1767 1698 Deum,
1791 1661 1894 1692 debes
1916 1661 2080 1693 accedere
2101 1661 2139 1693 fi-

135 1693 237 1726 stulat
258 1693 353 1726 Deus
376 1694 589 1726 intentionem
610 1693 643 1724 in
666 1695 868 1734 precatione,
892 1701 923 1726 et
943 1695 1112 1726 continua—
1163 1701 1258 1732 (lucia
1281 1700 1349 1739 filii,
1371 1708 1507 1743 propte.-
1529 1712 1636 1744 quem,
1661 1709 1693 1734 et
1707 1713 1767 1744 pe.-
1779 1713 1876 1745 quem
1895 1703 1949 1735 (ιρι
1972 1704 2139 1736 remissio.

135 1738 267 1768 tionem.

136 1787 187 1812 est
209 1780 322 1818 maior,
345 1779 429 1811 alias
452 1785 502 1811 est
525 1780 640 1811 minor.
898 1799 901 1803 ,

332 1736 373 1768 Et
395 1736 490 1768 Deus
513 1743 645 1768 exercet
668 1736 766 1769 fidem
789 1748 900 1776 mora,
920 1747 1005 1779 quae
1027 1735 1111 1769 alias
1162 1754 1236 1776 nem
1258 1751 1484 1786 peccatorum,
1507 1751 1538 1776 et
1561 1746 1676 1787 recipit
1699 1752 1740 1777 te.

1808 1746 1928 1777 Postea
1963 1756 2037 1778 cum
2070 1757 2138 1779 non

1136 1775 1139 1832 ξ
1162 1787 1269 1829 possit
1291 1787 1361 1829 regi
1384 1788 1452 1819 vita
1474 1794 1589 1819 nostra
1612 1789 1764 1820 humanis
1787 1787 1934 1820 consiliis
1958 1794 1990 1821 et
2012 1790 2136 1830 praesi-

222 1831 314 1862 Haec
336 1838 412 1862 sunt
436 1831 596 1862 discenda
620 1832 651 1862 in
675 1831 875 1872 experientia
899 1831 1052 1872 propria,
1076 1837 1111 1862 ut
1136 1833 1139 1865 1
1163 1830 1237 1867 diis,
1259 1836 1355 1871 petas
1378 1841 1397 1861 a
1420 1829 1506 1868 Deo,
1525 1838 1559 1862 ut
1583 1837 1615 1863 te
1639 1837 1744 1873 regat,
1767 1838 1801 1862 ut
1819 1830 1923 1863 facias
1935 1833 2137 1870 necessaria,

135 1873 257 1916 singuli
282 1875 448 1915 possimus
471 1874 581 1905 dir-ere
607 1873 820 1905 cumDuvide
832 1872 999 1915 allegante
1017 1884 1110 1905 suum
1137 1871 1139 1905 Ι
1163 1879 1197 1904 et
1218 1879 1253 1904 ut
1277 1872 1332 1904 det
1364 1873 1421 1904 tibi
1456 1875 1542 1905 bona
1565 1872 1764 1916 corporalia,
1792 1880 1826 1905 ut
1849 1874 1914 1905 sint
1937 1874 2137 1908 adminicula

136 1915 337 1958 exemplum:
371 1919 434 1948 Iste
465 1927 588 1957 pauper
622 1919 769 1948 clamari!
804 1919 848 1948 ml
870 1919 1046 1953 Dominum,
1081 1908 1139 1948 ec*

647 1959 751 1990 Valde
775 1961 922 1990 insuavis
946 1966 995 1991 est
1019 1969 1111 1990 mora
1136 1965 1138 1982 ἵ

138 1960 296 1992 Dominus
329 1961 496 1991 esamlirit
524 1970 578 1990 mr.

135 2004 167 2034 in
191 2002 319 2043 magnis
342 2001 531 2039 doloribus,
567 2013 629 2034 nec
652 2001 720 2033 ulla
743 2013 796 2033 res
821 2003 927 2044 magis
950 2002 1110 2044 defatigat

135 2046 275 2077 animoS.
321 2045 386 2076 Sed
410 2055 635 2086 proponamus
659 2045 754 2076 nobis
780 2044 938 2087 exempla,
968 2052 1000 2076 et
1023 2046 1109 2076 dicta

136 2131 320 2172 fatigemur.
389 2131 603 2172 Opponnmns
623 2131 719 2162 edam
752 2132 862 2162 ven-<ui
894 2129 1002 2163 aulico
1037 2140 1110 2162 sen-

136 2175 268 2206 tentiam
291 2172 379 2205 illam
404 2174 524 2205 Graeci
546 2180 678 2215 poetae:

220 2250 392 2291 Βράδισιαι
413 2251 556 2291 μακάρων
579 2245 657 2292 ὧραι
680 2254 776 2291 ψιλαὶ,
800 2252 875 2281 (ἑλλοὶ
898 2255 1053 2282 rto-‘tuma

227 2329 347 2360 Tantae
369 2333 444 2360 sun!
464 2330 564 2360 horae
588 2329 738 2364 Deorum,
759 2329 819 2360 sed
840 2329 930 2360 ralde
951 2329 1058 2360 dulces
1081 2332 1113 2360 el

287 2376 409 2410 arulae.

137 2457 231 2492 Quae
254 2457 415 2488 sententia
442 2466 602 2497 expressa
626 2463 675 2506 gst
700 2457 731 2487 in
760 2456 812 2488 his
835 2457 1002 2488 versibus:

218 2527 359 2564 'Munera
378 2536 528 2574 propilia·
551 2535 696 2565 manibus
720 2537 877 2566 temetum
900 2534 1024 2570 llil-mn,

228 2604 441 2643 Comperimus
458 2607 558 2640 amca
579 2604 803 2634 commoditate
827 2612 958 2634 moram.

1163 1915 1347 1947 vocationis
1371 1922 1403 1947 et
1426 1917 1514 1947 vitae
1536 1918 1784 1948 sustentandae.

1249 1957 1431 2000 Utrumque
1453 1970 1559 1999 genus
1583 1961 1742 1991 bonorum
1758 1960 1839 1990 tides
1863 1959 2056 1992 confirmata
2077 1970 2139 2002 per

1162 2000 1331 2039 miracula,
1354 2009 1530 2043 expectare
1553 2013 1572 2034 a
1597 2003 1669 2034 Deo
1693 2003 1801 2040 debet,
1824 2003 1923 2044 idque
1935 2013 1997 2034 suo
2011 2003 2136 2035 ordine.

1136 2039 1137 2046 ¹
1161 2043 1244 2074 Nam
1268 2043 1351 2075 fides
1374 2046 1540 2086 accipiens
1564 2046 1792 2077 remissionem
1814 2052 2036 2087 peccatorum,
2070 2052 2137 2077 sta-

136 2088 338 2129 scripturae,
362 2098 447 2129 quae
470 2089 591 2119 docent
614 2098 676 2119 nos
699 2089 743 2119 ita
766 2099 881 2126 orare,
916 2094 1032 2119 utnon
1056 2088 1109 2119 de·
1136 2086 1138 2116 t

1136 2131 1139 2135 '
1161 2136 1269 2161 autern
1293 2130 1475 2171 corporalis
1506 2131 1603 2162 habet
1631 2132 1882 2172 promissionem
1906 2131 2065 2163 additum:
2100 2133 2138 2164 St·

1162 2087 1220 2118 tuit
1243 2096 1305 2117 nos
1329 2097 1405 2118 esse
1428 2095 1586 2129 acceptos
1610 2089 1682 2120 sine
1714 2089 1909 2120 conditione.
1955 2088 2136 2121 Promissio

1161 2177 1195 2204 tu
1213 2175 1306 2209 mles,
1329 2178 1361 2204 e!
1380 2175 1533 2213 quomodo
1554 2177 1647 2206 mles.
1713 2175 1804 2206 Sicut
1827 2174 1908 2205 nlius
1933 2184 2035 2216 saepe
2058 2175 2135 2207 dici-

1163 2222 1215 2246 tur
1248 2216 1288 2246 de
1312 2216 1500 2248 discrimine
1522 2218 1749 2258 promissionis
1772 2218 1910 2258 gratiae,
1944 2225 1975 2248 et
1998 2217 2136 2259 promis·

1162 2259 1292 2289 sionum
1315 2259 1544 2300 corporalium.

1248 2301 1358 2332 Tertia
1381 2313 1483 2333 causa
1506 2309 1573 2339 est,
1610 2301 1768 2334 Miracnla
1797 2309 1873 2334 sunt
1903 2301 2056 2344 exempla
2078 2313 2134 2345 ap-

1162 2342 1348 2385 pli‹··.ti‹›nis
1387 2346 1641 2387 promissionum
1679 2345 1720 2376 ad
1762 2343 1912 2387 singulos
1945 2345 2134 2383 credentes,

1163 2388 1238 2428 quia
1266 2388 1297 2417 in
1333 2387 1498 2420 miraculis
1523 2389 1671 2420 videmus
1700 2391 1772 2419 sine
1796 2395 1953 2429 respectu
1976 2398 2135 2428 persons·

1162 2441 1232 2461 runi
1256 2431 1325 2461 dari
1348 2431 1457 2462 divina
1477 2431 1648 2465 beneficia.
1670 2438 1704 2462 nt
1728 2431 1859 2462 dicitnr:
1886 2433 2066 2471 Om'ctmque
2087 2436 2135 2463 tn-

1163 2478 1319 2504 rorat-erit
1340 2484 1453 2506 nomen
1477 2476 1613 2510 omnint,
1647 2476 1754 2506 saer-us
1776 2478 1845 2505 erte.
1908 2474 1957 2505 Sit
1981 2474 2080 2516 igitur
2102 2474 2134 2505 in

1163 2515 1301 2557 singulis
1326 2517 1409 2548 lidos
1431 2518 1574 2558 propria.
1598 2524 1630 2549 et
1649 2518 1732 2549 haec
1765 2523 1958 2548 exercentur
1989 2518 2020 2548 in
2044 2517 2135 2548 invo-

1161 2561 1302 2595 catione,
1325 2561 1410 2602 quia,
1433 2561 1620 2602 ubicunque
1642 2567 1692 2591 est
1717 2558 1825 2602 aliqua
1847 2559 1921 2591 fidei
1945 2557 2133 2592 scintillula.

1162 2613 1233 2634 eam
1257 2604 1473 2636 certissimum
1497 2610 1546 2636 ast
1570 2613 1722 2636 cro-scere
1746 2603 1777 2634 in
1807 2603 2025 2634 invocatione.

1992 851 2140 893 lnpn'mis
2195 856 2197 858 “
