2324 2958
139 159 206 192 9⁰3

139 264 204 296 que
225 263 343 285 vocem
355 252 448 284 Deus
471 251 679 284 confirmavit
701 249 886 284 illustribus
908 253 1117 285 testimoniis.

139 298 191 328 Ac
213 295 320 337 legem
343 296 476 337 quidem
499 300 546 326 tot
568 304 609 326 ac
642 295 741 326 tantis
774 293 941 326 miraculis
964 301 1052 333 ante,
1086 301 1119 327 et

139 346 215 381 post
237 337 535 380 promulgationem
560 336 680 368 factam
703 338 736 368 in
754 344 868 369 monte
890 338 971 369 Sina
999 337 1118 369 confir-

138 381 255 418 mavit3
279 382 365 412 sicut
388 382 419 412 in
443 380 548 421 primo
571 386 752 422 praecepto
774 381 899 412 inserta
923 386 975 412 est
996 381 1117 411 mentio

139 425 238 456 totius
262 424 447 455 eductionis
471 432 512 454 ex
534 422 702 464 Aegypto,
720 429 754 454 ut
771 425 929 461 sciamuS,
953 423 1041 464 quod
1064 421 1117 453 lex

138 468 183 499 sit
205 467 366 508 sapientia
390 465 465 503 Dei,
489 466 530 496 sit
555 465 710 497 voluutas
733 465 815 504 Dei,
838 476 935 507 quam
958 464 1037 496 velit
1060 475 1117 496 no-

139 510 189 541 bis
214 516 323 540 notam
347 518 436 546 esse,
460 513 495 539 ut
518 509 679 546 sciamus,
702 519 787 550 quos
811 507 920 540 cultus
944 509 1117 549 approbet,

139 553 217 594 quid
240 551 319 583 velit
342 552 425 589 fieri,
447 551 523 593 quid
545 561 613 582 non
637 551 714 582 velit
735 551 814 582 fieri.

225 594 431 636 Quamquam
466 592 543 625 nulli
577 600 653 625 sunt
686 595 858 631 homines,
892 595 946 636 qui
975 603 1115 634 prorsus

138 636 263 669 nullam
296 638 439 668 habeant
468 635 553 677 legis
577 637 740 675 notitiam,
775 644 882 668 tamen
907 635 1017 677 aliqua
1035 645 1115 676 pars

138 682 184 712 ita
207 680 307 712 effera
330 687 394 717 est,
418 680 462 711 ita
486 680 638 716 barbara,
663 686 698 711 ut
720 680 866 711 amiserit
888 677 1030 720 aliquam
1042 689 1116 718 par-

139 730 204 755 tem
228 723 322 765 legis.
368 722 535 754 Horribile
557 729 608 753 est
630 723 797 754 institutos
820 731 897 753 esse
916 720 1025 752 cultus
1049 721 1116 752 ido·

138 765 255 798 lorum.
322 764 488 797 Horribile
511 771 578 802 est,
615 766 702 806 quod
733 764 871 796 Romani
905 765 1118 796 instituerunt

138 808 235 841 ludos
259 807 488 851 gladiatorios.
533 807 628 839 Nunc
652 809 749 839 etiam
772 808 887 839 vivunt
909 807 1061 838 homines
1084 807 1116 838 in

138 851 266 890 Africa,
292 859 324 883 et
347 853 443 883 novis
466 849 596 887 insulis,
619 851 673 892 qui
697 861 812 892 parum
836 849 965 891 delege
977 850 1117 881 retinue-

139 901 225 927 runt.
271 895 394 926 Omnes
413 893 482 925 sere
506 901 624 935 gentes
647 892 724 924 olim
744 895 944 925 miscuerunt
962 892 1116 924 libidines

138 937 323 975 sacrificiis,
346 945 376 968 et
402 943 555 978 putarunt
580 935 703 967 cultum
727 946 814 967 esse.
845 935 1036 977 Cogitemus
1059 936 1118 976 igi-

138 987 203 1018 tur,
226 987 383 1022 quantum
404 982 522 1011 bonum
547 979 581 1009 tit
604 979 691 1009 scire
713 979 906 1020 sapientiam
929 978 992 1009 Dei
1016 979 1047 1009 in
1071 978 1118 1009 le·

139 1034 182 1066 ge
203 1033 410 1065 expressam.
434 1029 465 1053 et
488 1022 628 1053 retinere
653 1031 737 1059 eam,
760 1028 795 1053 ut
818 1021 931 1063 aliqua
949 1021 1117 1053 distinctio

138 1067 320 1098 retineatur
344 1071 434 1097 recte
455 1071 486 1096 et
509 1074 606 1096 secus
631 1065 804 1096 tactorum.
840 1064 932 1095 Deus
956 1074 1023 1095 non
1047 1065 1117 1095 sine

139 1119 243 1141 causa
266 1120 303 1139 se
327 1115 358 1140 et
382 1109 575 1150 sapientiam
597 1107 683 1138 hanc
706 1118 799 1139 suam
818 1105 985 1148 patefecit,
1008 1112 1044 1138 ut
1066 1117 1118 1138 es-

138 1158 191 1183 set
215 1158 302 1183 nota.
347 1151 388 1182 Et
411 1158 519 1182 tamen
543 1156 633 1181 tanta
656 1156 707 1181 est
730 1150 876 1191 potentia
899 1149 1053 1187 Diaboli,
1083 1155 1117 1181 ut

138 1196 171 1226 in
194 1193 305 1226 multis
327 1193 416 1225 illam
441 1194 587 1224 notitiam
611 1194 739 1224 obruat.
785 1193 996 1233 Aspiciamus
1018 1193 1118 1234 igitur

138 1248 241 1279 opera
262 1235 318 1268 illa
346 1236 609 1268 extraordinaria
641 1245 699 1266 seu
722 1233 934 1272 miraculosa,
964 1245 1049 1275 quae
1072 1234 1118 1266 sa-

139 1287 193 1312 cta
216 1286 291 1311 sunt
314 1280 346 1310 in
371 1279 546 1310 eductione
559 1288 599 1309 ex
618 1278 785 1320 Aegypto,
810 1279 931 1319 quibus
943 1276 1039 1308 Deus
1061 1289 1118 1309 vo-

138 1322 195 1355 luit
221 1322 408 1359 ostendere,
442 1321 528 1352 hanc
551 1319 658 1362 legem
692 1331 770 1352 esse
793 1331 889 1351 suam
911 1320 1119 1360 sapientiam,

139 1374 171 1398 et
206 1366 293 1407 quod
322 1364 405 1396 haec
427 1364 588 1405 sapientia
613 1364 655 1394 sit
679 1373 836 1395 mansura
860 1364 892 1394 in
917 1373 978 1394 sua
999 1363 1118 1394 Eccle-

139 1420 199 1441 sia.

225 1451 299 1482 Nun
323 1451 406 1482 satis
430 1456 479 1481 est
503 1455 612 1480 autem
635 1449 667 1479 in
681 1447 835 1480 Ecclesia
849 1447 956 1490 legem
981 1458 1119 1479 sonare:

140 1495 279 1536 Oportet
304 1495 400 1525 etiam
424 1500 533 1524 notam
554 1502 629 1523 esse
642 1502 757 1523 vocem
770 1490 955 1533 Evangelii,
978 1498 1012 1522 ut
1036 1492 1121 1522 scia-

139 1549 224 1575 mus,
247 1538 413 1579 quomodo
437 1536 619 1567 babeamus
644 1534 871 1566 remissionem
895 1540 1121 1575 peccatorum,

140 1588 173 1613 et
195 1581 362 1622 quomodo
384 1578 438 1610 lex
462 1578 516 1609 tiat
540 1579 571 1608 in
595 1577 659 1609 bac
683 1577 882 1608 infirmitate.
948 1577 1001 1607 Ad
1036 1576 1122 1608 banc

140 1624 322 1655 doctrinam
347 1621 605 1653 confirmandam
629 1619 716 1652 sacta
740 1627 791 1651 cst
819 1620 953 1651 donatio
980 1620 1120 1662 Spiritus

140 1667 247 1699 sancti
272 1666 452 1707 conspicua
472 1670 503 1695 et
522 1663 706 1695 manifesta.

227 1709 433 1750 Quamquam
458 1714 567 1739 autem
590 1707 655 1738 ista
677 1705 815 1738 illustris
840 1706 955 1737 missio
978 1706 1121 1746 Spiritus

141 1753 247 1784 sancti
271 1751 360 1783 facta
384 1759 433 1783 est
469 1751 510 1781 ad
541 1749 784 1782 inchoationem
809 1750 977 1781 ministerii
1002 1759 1120 1790 propa-

142 1796 240 1838 gandi
265 1796 295 1826 in
320 1801 388 1826 toto
411 1796 493 1825 orbe
518 1800 690 1831 terrarum,
724 1799 830 1823 tamen
855 1791 952 1823 simul
974 1793 1120 1823 testimo-

140 1840 230 1870 nium
253 1845 317 1875 est,
342 1839 428 1879 quoti
455 1838 598 1868 mittatur
621 1836 652 1867 in
676 1837 778 1867 corda
791 1834 998 1878 singulorum
1020 1845 1122 1877 agen-

143 1882 222 1913 tium
246 1881 490 1923 poenitentiam.

230 1924 332 1955 liuius
370 1923 518 1954 beno-licii
549 1922 804 1964 magnitudinem
829 1927 863 1952 nt
885 1920 997 1963 aliquo
1021 1921 1121 1952 modo

143 1968 340 2009 cogitemus,
363 1966 608 1997 consideremus
632 1975 650 1995 e
673 1966 808 2007 regione
821 1965 985 1995 miseriam
1009 1970 1041 1995 et
1064 1965 1120 1995 im·

143 2010 354 2043 bct-illitatem
390 2009 522 2040 humani
559 2009 702 2050 generis.
771 2007 941 2044 Videmus,
965 2014 1121 2049 quantum

143 2055 183 2085 sit
221 2052 423 2085 horribilium
457 2051 602 2082 surorum
636 2052 667 2081 in
698 2061 820 2092 genere
842 2050 997 2088 liumann,
1021 2061 1121 2099 quan-

142 2104 196 2128 tae
220 2095 434 2128 confusiones
458 2105 618 2132 errorum,
642 2094 816 2126 idolorum.
836 2094 998 2131 caedium,
1022 2094 1121 2124 iun-to-

142 2151 225 2172 rum.
272 2139 337 2169 lsta
361 2139 558 2179 cogitantes,
577 2137 720 2168 sciamus
744 2137 905 2174 homines,
928 2147 969 2167 ne
992 2137 1121 2178 quidem

144 2185 176 2215 in
200 2189 262 2213 ista
286 2189 420 2213 externa
443 2182 509 2212 vita
533 2180 614 2211 satis
639 2190 760 2211 cavere
778 2180 839 2210 sibi
865 2181 906 2211 ab
930 2181 1003 2211 istis
1027 2189 1121 2210 scan-

144 2225 228 2257 dalis
251 2227 322 2256 sine
346 2224 467 2256 anxilio
492 2224 614 2255 divino.
660 2222 765 2254 Multo
795 2223 898 2263 magis
931 2233 1043 2253 verum
1068 2229 1118 2253 est

145 2270 185 2301 de
209 2268 353 2300 interiori
378 2268 574 2302 obedit-ntia,
609 2267 695 2307 quod
720 2265 873 2297 Christus
898 2266 1015 2307 inquit:
1045 2266 1120 2295 Sine

145 2324 190 2343 nu·
214 2312 292 2342 m'lu‘l
312 2309 596 2352 potc.s·ti'ss‘11rm·e:
620 2308 745 2339 scilicet
771 2307 926 2340 salutare.
958 2308 1028 2339 Deo
1053 2306 1118 2349 pla-

145 2366 234 2387 cens.
281 2353 371 2386 lllam
396 2365 547 2395 magnam
572 2359 602 2383 et
628 2353 753 2383 tristem
783 2351 1036 2382 imbecillitatem
1062 2351 1118 2381 bn-

145 2400 263 2429 minnm
299 2399 492 2437 cogite-mus,
524 2403 556 2427 ut
592 2396 758 2437 possimus
795 2395 939 2426 vicissim
963 2393 1119 2433 magnifa-

146 2452 222 2471 cere
246 2442 309 2472 boc
335 2441 547 2473 beneticinnu
571 2437 723 2469 videlicet
744 2439 953 2469 donationem
978 2438 1119 2477 Spiritus

145 2485 260 2515 sancti.
330 2483 424 2514 Dens
446 2484 531 2513 «ledit
557 2482 751 2518 doctrinam,
774 2492 814 2512 ex
839 2491 904 2523 qna
928 2478 995 2511 vult
1019 2491 1119 2517 azno-

146 2529 207 2560 sci.
231 2535 260 2557 et
285 2526 360 2557 coli.
428 2527 494 2557 Sed
520 2526 670 2556 doctrina
694 2535 757 2555 non
782 2525 867 2555 subit
892 2524 1037 2559 animos,
1059 2523 1119 2553 nisi

145 2569 241 2601 simul
266 2569 344 2601 Pilio
370 2569 431 2600 Dei
456 2575 607 2600 movente
631 2569 734 2599 cortlu
754 2568 876 2610 Spiritu
899 2572 1030 2600 sancto:
1065 2566 1119 2608 qui

145 2621 176 2644 et
197 2612 390 2644 consolatur
425 2623 497 2645 nos.
532 2612 620 2653 quod
654 2611 757 2642 simus
781 2611 811 2641 in
832 2610 938 2653 gratia
961 2608 1024 2641 Det
1048 2619 1119 2651 pro-

795 157 907 190 PHIL.
931 158 1034 191 MEL.
1057 159 1245 192 SCRIPTA
1267 159 1530 194 EXEGETICA.

2085 167 2153 202 9⁰⁴

1170 258 1244 294 pter
1266 250 1447 292 Christum,
1469 259 1501 285 et
1524 253 1630 286 flectit
1651 255 1755 286 corda
1782 256 1824 287 ad
1850 256 2095 290 invocationem
2117 265 2152 291 et

1170 295 1400 326 obedientiam.

1215 379 1223 387 ⁶
1256 336 1330 369 1100
1358 347 1514 380 magnum
1543 339 1740 371 beneficium
1772 339 1838 372 Dei
1866 350 1947 373 vera
1968 342 2152 376 intentione

1171 380 1281 418 ammi,
1313 385 1347 410 et
1380 381 1470 412 seria
1502 381 1625 423 pietate
1659 382 1872 424 cogitandum
1893 390 1960 415 est:
1989 390 2024 416 et
2044 387 2152 418 scieu—

1171 422 1260 460 dum,
1295 422 1384 463 quod
1407 428 1532 455 tantum
1554 422 1612 455 illc
1630 430 1747 456 coetus
1769 425 1813 456 sit
1834 425 1991 458 Ecclesia
2012 426 2087 466 Dei,
2116 428 2152 460 in

1170 473 1236 506 quo
1260 471 1356 496 coetu
1382 465 1447 497 boc
1469 466 1664 498 beneficium
1689 468 1809 508 petitur
1830 474 1863 500 et
1885 469 2046 511 magnifit.
2085 470 2150 502 Ho-

1169 508 1275 538 mines
1300 506 1465 548 Epicurei,
1488 508 1673 551 Cyclopici,
1691 509 1960 549 Mahometistae‚
1983 522 2050 544 non
2073 518 2152 545 sunt

1169 548 1324 581 Ecclesia
1357 549 1432 582 Dei.
1498 551 1685 584 Dolendum
1719 559 1771 584 est
1794 560 1916 592 autem,
1939 556 2028 596 quod
2051 556 2152 588 etiam

1169 592 1255 624 inter
1278 602 1350 630 eos,
1373 593 1428 634 qui
1451 601 1530 627 sunt
1541 596 1685 627 adiuncti
1697 595 1883 635 Ecclesiae,
1906 598 2003 638 pauci
2033 604 2152 630 curant

1169 634 1234 667 hoc
1257 634 1321 667 Dei
1344 635 1548 669 beneficium.

1255 678 1374 710 Nonne
1397 685 1432 710 tu
1455 681 1589 722 saepius
1612 681 1662 713 sic
1676 681 1826 723 cogitas?
1849 681 2032 715 ODomine
2042 683 2150 723 Deus,

1170 721 1213 752 da
1245 720 1324 752 mibi
1359 721 1547 757 sanitatem,
1583 724 1626 755 da
1667 732 1778 755 cetera
1820 725 1907 756 bona
1947 726 2149 767 corporalia,

1170 773 1267 804 quam
1289 769 1325 795 ut
1347 764 1438 795 serio
1463 770 1556 805 petas
1581 766 1737 808 Spiritum
1765 773 1927 798 sanctum.
1967 768 2150 801 Ardentius

1170 815 1250 856 ergo
1274 807 1359 847 petis
1382 813 1519 839 externa
1532 809 1630 846 bona,
1653 820 1752 850 quam
1770 808 1851 841 illud
1873 811 1992 853 ingens
2016 817 2048 843 et
2070 810 2150 844 inef-

1169 848 1270 880 fabile
1293 849 1415 880 donum
1439 850 1581 890 Spiritus
1611 853 1726 884 sancti.
1794 852 1898 888 Quam
1934 853 2025 885 multi
2059 861 2149 893 sunt,

1169 893 1223 966 qui
1249 892 1413 933 cogitant:
1448 893 1521 935 Ego
1545 894 1629 925 bene
1651 904 1704 926 me
1726 905 1838 937 regam
1861 905 1935 926 mea
1968 896 2150 938 diligentia.

1188 933 1268 966 'ales
1292 944 1407 966 sumus
1430 946 1493 967 nos
1506 935 1676 977 homines3
1699 939 1894 978 praesertim
1915 937 1974 976 illi,
1998 941 2053 981 qui
2076 950 2150 971 sen-

1171 978 1253 1009 tiunt
1277 988 1314 1009 se
1333 978 1446 1009 maiori
1470 977 1582 1021 aliqua
1603 980 1724 1011 virtute
1747 981 1915 1021 praeditos
1939 991 2028 1020 esse,
2050 993 2149 1024 quam

1171 1020 1293 1062 vulgus
1330 1020 1509 1059 hominum,
1540 1023 1589 1053 sic
1613 1023 1782 1064 cogitant:
1817 1023 1890 1064 Ego
1913 1033 1966 1054 me
1989 1025 2150 1056 industria

1170 1074 1243 1095 mea
1275 1064 1418 1095 muniam
1451 1070 1483 1095 et
1512 1066 1640 1096 tuebor.
1706 1064 1781 1097 Fuit
1808 1066 2061 1098 Atheniensium
2085 1067 2152 1098 dux

1169 1106 1380 1144 Timotheus,
1413 1117 1510 1148 quem
1544 1108 1720 1149 pinxerunt
1752 1107 1871 1140 aemuli
1894 1109 1966 1140 eius
1989 1109 2151 1140 dormien-

1170 1155 1247 1187 tem,
1270 1155 1303 1180 et
1327 1150 1415 1180 circa
1437 1160 1510 1181 eum
1535 1150 1714 1181 Fortunam
1733 1151 1907 1182 ducentem
1930 1152 1992 1182 reti
2013 1151 2150 1184 insulas.

1173 1190 1358 1223 Voluerunt
1392 1193 1592 1232 significare,
1626 1192 1759 1224 fortuna
1794 1204 1867 1224 eum
1897 1195 2020 1235 magis,
2053 1205 2152 1236 quam

1171 1235 1292 1265 virtute
1315 1244 1370 1265 res
1394 1245 1533 1276 magnas
1567 1245 1694 1277 gerere.
1751 1235 1943 1267 Timotheus
1971 1247 2073 1279 aegre
2106 1236 2152 1268 se-

1173 1278 1266 1308 rebat
1288 1287 1327 1308 se
1351 1277 1413 1309 bac
1436 1278 1566 1319 pictura
1578 1278 1730 1309 derideri·
1779 1277 1877 1309 Venit
1899 1279 1931 1309 in
1955 1280 2152 1311 concionem

1173 1318 1288 1353 semel,
1312 1327 1344 1350 et
1367 1320 1461 1350 ‹lixitz
1488 1319 1559 1351 Hoc
1581 1330 1638 1360 eya
1656 1318 1743 1358 feci,
1761 1330 1823 1351 non
1841 1319 1991 1360 fortuna.
2028 1321 2153 1353 Postea

1173 1363 1347 1399 scribitur,
1369 1371 1502 1402 semper
1523 1361 1635 1393 infelix
1660 1362 1775 1393 ruisse.
1831 1363 1957 1394 Omnes
1990 1363 2152 1396 habemus

1174 1404 1366 1436 naturaliter
1399 1403 1536 1436 multum
1571 1404 1710 1436 fiduciae
1741 1405 1858 1443 nostri,
1891 1406 2086 1446 praesertim
2119 1407 2153 1438 in

1174 1445 1325 1485 consilio,
1349 1448 1523 1488 sapientia,
1557 1448 1688 1479 virtute.
1734 1448 1892 1479 Putamus
1915 1458 1977 1479 nos
2001 1457 2079 1480 esse
2100 1459 2153 1480 sa-

1174 1491 1315 1531 pientes,
1350 1501 1423 1522 cum
1447 1490 1551 1521 simus
1574 1489 1665 1522 fatui.
1711 1490 1935 1531 Agnoscimus
1958 1501 1978 1522 a
2001 1490 2076 1523 Deo
2098 1501 2153 1532 pe-

1173 1534 1305 1564 tendam
1339 1543 1417 1564 esse
1449 1534 1637 1571 sanitatem,
1670 1534 1759 1564 vires
1795 1543 1983 1574 corporum,
2018 1534 2152 1573 victum,

1173 1577 1338 1609 amictum.
1374 1575 1530 1617 pluviam.
1574 1576 1642 1607 lsta
1666 1582 1832 1617 utcunque
1861 1575 1978 1607 melius
2001 1577 2153 1616 agnosci-

1173 1630 1259 1657 mus,
1282 1630 1379 1660 quam
1403 1619 1578 1660 petendam
1597 1628 1674 1650 esse
1685 1619 1890 1659 sapientiam,
1914 1617 2154 1658 fortitudinem,

1173 1663 1457 1704 gubernationem,
1491 1662 1595 1693 robur
1617 1662 1755 1693 virtutis.
1801 1660 2015 1693 Deltebamus
2043 1668 2154 1694 autem

1173 1706 1261 1736 scire
1284 1704 1386 1736 multo
1410 1705 1517 1746 magis
1541 1705 1636 1736 nobis
1670 1715 1756 1746 opus
1785 1714 1862 1736 esse
1886 1704 2010 1745 Spiritu
2033 1713 2152 1737 sancto

1173 1749 1204 1779 in
1228 1750 1296 1780 vita
1318 1747 1493 1790 spirituali.

1260 1807 1415 1840 Psalmus
1445 1808 1562 1848 inquit:
1599 1806 1697 1838 Beati
1730 1807 1928 1838 immaculati
1955 1808 1987 1838 in
2012 1811 2076 1845 rin,
2099 1808 2157 1850 qui

1347 1850 1508 1882 ambulant
1532 1851 1563 1881 ιἰι
1587 1851 1654 1891 Ieye
1679 1850 1830 1881 Doun‘w‘:

1263 1893 1363 1926 Nemo
1395 1897 1443 1925 est
1473 1895 1709 1925 umam-ulmus:
1746 1893 1783 1924 Et
1820 1903 1910 1925 nemo
1944 1894 2086 1926 ambulat
2121 1895 2153 1925 ἡ·

1348 1938 1432 1978 leye:

1264 1979 1350 2020 Eryo
1374 1991 1458 2009 nemo
1483 1983 1527 2008 est
1546 1980 1652 2008 matus
1697 1978 1735 2010 Et
1754 1980 1803 2011 sic
1824 1989 1888 2010 non
1908 1979 1967 2010 erit
1988 1980 2153 2011 distinctio

1304 2024 1388 2055 inter
1413 2022 1577 2053 homines:
1603 2023 1661 2053 crit
1686 2020 1838 2054 confusio
1862 2023 1948 2053 inter
1967 2021 2154 2054 Ecclesiam

1305 2073 1334 2098 et
1360 2072 1476 2097 coetus
1498 2065 1670 2097 'rut-eicos.

1260 2134 1478 2176 Respondent
1509 2134 1603 2176 Nego
1621 2136 1796 2166 minorem:
1820 2133 1951 2166 Dictum
1975 2132 2098 2165 Psalmi
2121 2140 2153 2166 et

1173 2176 1291 2209 similia
1315 2185 1389 2210 sunt
1415 2176 1627 2220 intelligenda
1650 2188 1714 2208 non
1739 2176 1892 2219 legaliter
1919 2183 2060 2215 tantum,
2092 2177 2153 2209 sed

1174 2222 1355 2252 secundum
1379 2222 1682 2262 interpretationem
1708 2219 1891 2262 Evangelii.
1926 2220 2152 2254 lmmnmlutns,

1175 2264 1339 2296 Hebraico
1363 2265 1602 2295 consuetudine
1626 2274 1691 2295 non
1717 2264 1881 2304 signitimn
1905 2273 1995 2296 eum.
2024 2263 2078 2304 qui
2101 2269 2154 2295 est

1173 2308 1246 2338 sine
1276 2309 1361 2339 omni
1395 2306 1523 2338 mncnln
1554 2313 1585 2338 et
1615 2317 1738 2338 naevo.
1767 2307 1826 2337 sed
1858 2307 1911 2348 qui
1940 2312 1991 2337 est
2014 2306 2152 2347 integer.

1174 2351 1255 2381 sicut
1289 2352 1320 2382 in
1356 2350 1528 2381 sacrifieiis
1569 2351 1813 2392 requirebatur.
1854 2350 1941 2391 quoii
1981 2355 2071 2380 esset
2105 2350 2152 2379 in·

1173 2402 1318 2433 tegrum,
1341 2404 1406 2425 non
1427 2393 1593 2429 claudum.
1617 2404 1682 2424 non
1706 2403 1853 2425 caecum.
1898 2392 2068 2434 Significat
2092 2393 2150 2434 igi-

1173 2444 1224 2468 tur
1250 2437 1480 2465 'nummulorum
1503 2446 1585 2474 esse,
1615 2435 1777 2467 bominem
1807 2446 1872 2466 non
1902 2435 2077 2466 habentem
2101 2445 2150 2465 er-

1173 2490 1280 2510 rorem
1305 2481 1335 2511 in
1360 2479 1584 2511 fundamento.
1609 2490 1671 2509 nec
1694 2485 1960 2520 perseverantem
1983 2478 2015 2508 in
2039 2476 2081 2508 ali
2108 2487 2150 2509 uo

1171 2522 1298 2553 see-tm·
1323 2529 1438 2554 «eontra
1464 2523 1716 2553 conscientiam:
1745 2522 1804 2552 sed
1833 2531 1912 2552 vern
1942 2520 2005 2552 tide
2027 2530 2150 2561 ampo·

1172 2572 1313 2597 rtentem
1338 2565 1436 2597 tilium
1454 2565 1528 2598 Dei.
1550 2572 1580 2596 et
1607 2565 1782 2596 habentem
1807 2566 1896 2596 initia
1919 2563 2086 2600 novitatis,
2110 2573 2150 2595 no

1172 2609 1291 2640 bonam
1314 2610 1565 2641 conscio-‚numm
1612 2607 1774 2637 Ana-mm
1796 2610 1828 2636 in
1851 2607 1918 2646 ‘oye
1939 2607 2075 2642 Domini,
2098 2612 2149 2638 Μ
