2324 2958
139 152 202 184 911

141 247 192 288 gis
216 246 386 287 magisque
409 246 441 276 in
463 246 651 287 agnitione,
681 243 894 277 consessione
923 252 956 277 et
983 246 1119 276 invoca-

139 290 229 319 tione
263 290 387 319 aeterni
420 287 545 328 Patris,
579 287 669 326 Filii,
703 294 735 319 et
764 288 905 329 Spiritus
933 289 1058 328 sancti,
1087 293 1119 318 et

141 341 203 362 nos
228 332 380 368 credere,
404 340 465 362 nos
488 331 589 372 recipi
614 337 752 371 propter
774 329 907 369 Filium,
937 337 969 361 et
997 331 1119 361 sancti-

141 375 234 405 ficari
269 374 391 414 Spiritu
425 380 561 411 sancto,
595 374 683 405 sicut
712 372 768 404 illa
796 374 970 404 traduntur
999 373 1031 402 in
1053 371 1117 403 Ba-

142 417 262 458 ptismo
298 424 431 448 nostro:
467 415 537 455 Egla
556 416 678 455 baptizo
712 420 742 446 le
775 417 808 445 in
837 425 959 454 nomen,
992 414 1026 445 id
1056 421 1119 452 est,

141 460 358 500 agnitionem,
390 465 421 490 et
444 459 702 496 invocationem,
733 458 860 493 Patris,
890 457 968 487 Filii
997 461 1026 486 et
1048 456 1118 495 Spa·-

140 504 220 531 ritus
247 504 359 531 sancti.
412 501 447 533 Si
477 502 642 533 credimus
670 500 792 543 aliquid
822 509 899 532 esse
923 498 1119 537 Ecclesiam,

141 550 272 585 oportet
295 555 358 575 nos
386 544 449 576 ista
480 544 722 586 magniiacere,
762 544 858 573 tt'enn
883 544 936 572 wir
959 543 1019 571 das
1042 543 1120 581 (λίπῃ

140 589 189 617 ein
213 587 297 616 malt!
315 587 424 626 yeleort
447 587 561 625 haben,
583 598 618 616 so
642 588 757 616 meineu
781 588 852 621 wir,
876 596 908 615 es
930 595 984 625 seg]
1005 595 1118 624 yentty,

140 630 206 660 mul
230 630 336 660 mallen
359 630 419 659 ihm
442 629 527 660 nicht
552 631 654 659 weiler
677 628 901 658 nachzlencken.
948 628 1040 659 Haec
1062 637 1119 659 ne·

142 671 299 715 gligentia
330 672 446 710 faciet,
480 679 515 704 ut
544 673 673 704 accidat
703 673 817 709 nobis,
851 671 938 702 sicut
960 671 1120 711 scriptum

143 724 266 748 exstat:
292 716 374 750 Quia
394 716 536 755 repulisti
558 717 728 748 scientiam,
747 715 819 743 ideo
838 713 983 752 repellam
1001 723 1060 752 eqo
1079 717 1120 743 te.

227 758 329 790 filins
360 760 476 790 dicitur
504 759 605 797 ao‘yog:
635 760 712 799 quia
736 758 935 798 cogitatione
958 757 1119 793 nascitur,

141 808 173 833 et
196 803 288 832 nasci
313 808 363 833 est
386 813 406 833 a
429 802 573 843 potentia
597 807 842 843 cognoscente,
871 809 956 841 quae
980 806 1120 830 vocatur

140 854 249 877 mens:
281 844 351 876 Etsi
380 843 581 876 vocabulum
605 845 712 873 mentis
735 843 897 874 interdum
921 840 1016 873 aliter
1038 851 1119 883 quo-

141 898 204 929 que
232 894 424 929 usurpatur:
459 887 609 918 Potentia
640 885 756 917 volens
787 895 846 917 seu
877 892 1039 926 appetens
1062 884 1119 915 ha·

141 931 195 961 bet
220 937 343 961 motus:
367 932 411 961 ita
435 931 576 971 Spiritus
600 935 739 960 sanctus
762 934 814 959 est
837 928 981 970 agitator
1000 934 1032 958 et
1050 937 1119 958 mo-

141 979 209 1011 tor,
244 974 298 1015 qui
329 979 380 1004 est
410 984 428 1004 a
461 973 606 1013 potentia
635 971 787 1009 volente,
822 971 909 1002 sicut
932 972 964 1001 in
986 969 1119 1001 homine

140 1015 282 1057 Spiritus
305 1022 358 1047 est
381 1026 400 1047 a
424 1016 544 1053 corde,
569 1025 628 1046 cor
651 1014 756 1056 gignit
779 1014 939 1055 spiritum.
985 1013 1020 1044 ld
1043 1023 1119 1044 sen·

140 1059 237 1090 timus
261 1065 292 1090 et
317 1060 503 1100 experimur
527 1059 557 1089 in
582 1058 678 1089 nobis
700 1057 800 1098 ipsis,
829 1057 891 1088 sed
917 1057 1050 1098 penitus
1073 1057 1119 1087 vi-

140 1102 220 1133 dere
243 1112 308 1133 non
332 1112 530 1143 possumus,
557 1107 678 1142 quanta
700 1109 754 1130 res
779 1101 838 1137 sit,
869 1109 966 1140 quant
989 1099 1119 1130 mirabi-

140 1143 200 1182 lis,
224 1146 311 1186 quod
336 1156 395 1176 cor
417 1155 457 1176 ex
482 1144 653 1185 sanguinis
675 1153 789 1174 massa
812 1149 909 1174 cocta
932 1143 1037 1184 gignit
1054 1142 1119 1183 spi-

139 1188 236 1219 ritum
268 1188 417 1225 sitalem,
445 1194 475 1219 et
505 1187 592 1228 quod
623 1185 679 1217 ille
709 1186 845 1226 spiritus
869 1185 978 1216 vitalis
1001 1191 1119 1225 postea

138 1231 170 1262 in
195 1231 334 1262 cerebro
357 1229 517 1262 alteratur
540 1236 572 1260 et
595 1234 736 1260 mutatur
765 1229 796 1259 in
825 1228 973 1268 spiritum
995 1228 1118 1258 anima-

139 1272 221 1311 lem,
257 1274 311 1314 qni
342 1280 393 1303 est
424 1275 675 1304 instrumentum
705 1270 832 1302 illarum
863 1269 1119 1301 mirabilissima-

138 1326 209 1347 rum
233 1316 410 1347 actionum.
464 1315 638 1350 Quomodo
661 1313 744 1345 haec
768 1315 864 1351 fiant,
888 1323 954 1344 11011
977 1313 1119 1349 scimus;

140 1366 170 1390 et
203 1365 309 1390 tamen
341 1357 397 1389 illa
427 1359 470 1390 ita
499 1358 591 1388 fiunt.
646 1357 805 1388 Naturam
833 1356 915 1387 ioris
945 1362 977 1387 et
1000 1354 1118 1397 procul

138 1402 330 1443 aspicimus,
350 1411 415 1432 non
435 1400 682 1440 introspicimus
706 1400 846 1441 penitus.
894 1399 1035 1436 Scimus,
1051 1399 1117 1438 spi-

139 1446 234 1476 ritum
265 1454 342 1476 esse
371 1444 525 1486 quiddam
556 1443 696 1484 agitans.
755 1441 823 1471 Wie
844 1443 894 1471 ein
917 1441 1034 1476 atheta,
1058 1442 1118 1470 das

139 1488 181 1517 da
205 1488 307 1518 treibt.

226 1530 307 1562 Cum
335 1536 443 1561 autem
472 1530 504 1560 in
533 1528 694 1560 concione
717 1526 818 1559 loelis
840 1528 978 1559 dicitur:
1011 1527 1118 1565 Effun-

139 1574 210 1603 dam
233 1574 273 1603 de
297 1583 360 1602 meo
383 1574 511 1612 spiritu:
541 1571 764 1613 significatur,
791 1571 880 1612 quod
909 1571 1045 1612 spiritus
1075 1570 1119 1601 Sit

138 1616 360 1648 substantiale
394 1616 567 1657 quiddam,
596 1621 629 1646 et
663 1614 752 1656 quod
785 1614 829 1644 sit
862 1614 904 1645 de
937 1614 1008 1645 eius
1042 1614 1120 1644 sub-

139 1661 271 1692 stantia.
297 1661 389 1691 cuins
413 1665 465 1690 est
488 1658 641 1700 Spiritus.
687 1657 738 1687 De
756 1667 820 1686 meo
839 1658 972 1696 ῳίνίίιι,
1003 1657 1120 1698 inquit,

138 1710 171 1734 ut
204 1703 366 1744 significet
398 1713 462 1733 non
487 1712 563 1732 esse
586 1701 739 1742 quiddam
763 1706 928 1738 creatum,
951 1700 1011 1731 sed
1041 1709 1120 1730 esse

140 1747 294 1787 quiddam
319 1743 603 1776 consubstantiale
628 1743 718 1775 Patri
741 1749 773 1774 et
797 1741 888 1774 Filio.

226 1788 285 1819 Est
309 1795 417 1820 autem
443 1795 474 1819 et
498 1788 561 1818 hoc
585 1797 741 1829 magnum
763 1785 903 1828 aliquid,
934 1786 1023 1827 quod
1046 1786 1119 1826 spi-

140 1833 222 1863 ritus
253 1838 391 1862 sanctus
421 1831 522 1862 el'ticit
552 1829 678 1868 lucem,
708 1837 740 1860 et
771 1837 879 1861 motus
907 1828 1034 1860 similes
1057 1839 1118 1860 seu

141 1882 368 1915 congruentes
393 1874 476 1911 luci,
502 1880 533 1905 et
558 1873 700 1904 motibus
724 1873 863 1910 divinis,
887 1880 921 1903 ut
945 1873 1064 1903 dicitur
1087 1873 1118 1903 in

139 1917 291 1949 Ieremia:
318 1918 408 1946 Dabo
431 1917 525 1956 leyem
550 1927 643 1945 meam
666 1917 698 1945 ιἰι
721 1916 821 1945 corda
844 1926 954 1945 eorum.
1001 1914 1118 1950 Qualis

139 1969 189 1991 est
226 1959 338 1991 Deus?
373 1960 540 2001 quomodo
575 1959 736 1990 discernis
766 1958 872 1990 Deum
902 1969 923 1989 a
950 1957 1119 1990 Diabolo?

139 2015 214 2036 cum
256 2010 406 2034 neutmm
448 2003 581 2040 xideas,
623 2002 683 2033 ¹sed
726 2002 928 2043 cogitatione
967 2008 1119 2043 oporteat

139 2054 314 2088 utramque
338 2047 550 2077 discernere?
595 2046 732 2080 Quoties
763 2046 812 2075 vis
843 2046 1011 2087 cogitare,
1040 2055 1119 2085 qua-

139 2089 180 2121 lis
204 2091 245 2120 sit
271 2089 374 2126 Deus,
400 2096 464 2120 tum
488 2089 598 2129 cogita
625 2087 836 2130 Dccalognm.
882 2088 973 2119 Deus
997 2095 1047 2118 est
1071 2094 1118 2118 ta—

139 2132 198 2170 lis,
230 2132 359 2174 qualem
391 2144 428 2163 se
459 2132 617 2163 describit
648 2133 678 2163 in
705 2130 896 2173 Deculog03
920 2132 950 2162 id
974 2137 1041 2168 cst,
1066 2138 1118 2161 est

140 2177 285 2208 essentia
310 2174 513 2217 intelligens,
542 2176 721 2214 immensae
744 2175 941 2215 sapientiae.
966 2174 1116 2211 iustitiae,

141 2221 246 2250 hona.
282 2226 392 2256 casta,
422 2229 541 2256 verax,
565 2225 597 2249 et
620 2228 706 2259 quae
728 2224 900 2258 praetcrea
923 2219 1060 2248 virtutes
1085 2218 1117 2247 in

142 2261 315 2303 Decalogo
343 2263 561 2293 continentur.
620 2261 713 2292 lianc
746 2261 929 2291 doctrinam
961 2262 1116 2294 virtutum

141 2307 297 2346 cogitate,
321 2307 450 2346 quotics
476 2305 628 2345 cogitatis
653 2305 694 2335 dc
717 2303 802 2335 Deo.
849 2305 975 2335 Scitote
998 2304 1117 2333 doctri-

142 2360 215 2380 nam
248 2350 288 2379 de
315 2350 490 2379 wit-tutinus
514 2359 590 2379 esse
611 2348 893 2388 cognoscendam,
917 2354 951 2378 ut
975 2347 1117 2377 sciamus

141 2392 229 2434 qnod
254 2393 293 2422 sit
321 2391 424 2429 Deus,
444 2399 474 2422 ct
499 2390 607 2433 qualis
631 2393 682 2422 sit.
730 2390 805 2421 ldeo
829 2391 913 2422 enim
935 2389 1002 2421 vult
1026 2389 1116 2420 neus

141 2442 274 2466 exstare
299 2436 431 2466 notitias
456 2436 627 2468 virtutum.
650 2440 683 2466 ut
709 2445 769 2465 nos
794 2442 945 2465 moneant
969 2435 1009 2464 de
1033 2434 1117 2474 ipsu.

229 2479 353 2509 Suntne
384 2477 567 2518 ‹exetttplutn
605 2479 646 2508 ah
678 2488 742 2508 nna
777 2476 831 2507 illa
863 2478 997 2510 virtute.
1033 2487 1118 2517 quae

143 2528 192 2552 est
228 2521 388 2551 sastitas:
423 2522 498 2563 quia
534 2522 644 2552 siti-nn
680 2520 756 2552 huit·
792 2521 900 2552 111-11111
933 2521 1118 2561 oppositum

143 2563 259 2595 melius
290 2563 490 2603 intelligitur.
551 2564 713 2595 Diabolus
742 2565 807 2594 odit
837 2565 1038 2595 castitatem.
1068 2569 1116 2593 cst

143 2615 258 2639 auctor
295 2609 532 2639 teterrimarum
573 2614 604 2638 ct
639 2606 841 2639 horribilium
876 2606 1119 2642 confusionum,

773 152 887 186 PHlL.
910 152 1015 186 MEL.
1038 153 1227 186 SORtPTA
1249 154 1514 187 EXEGETICA.

2084 161 2148 192 912

1173 257 1232 278 eas
1255 248 1378 278 excitat
1400 253 1524 279 tantum
1546 249 1622 280 odio
1650 248 1725 281 Dei.
1770 250 1816 280 Es
1844 250 1949 291 kompt
1977 252 2037 282 ilum
2064 253 2150 283 nit-lte

1172 300 1206 318 zu
1229 294 1312 324 ηιιιτ,
1335 300 1368 319 er
1390 289 1492 320 maclat
1514 291 1710 322 seltemlliclte
1731 293 1878 332 unfletiye
1899 294 1963 324 und
1985 305 2148 334 yrun-mma

1173 331 1404 371 confusiones,
1435 338 1560 365 tantum
1582 340 1618 366 ut
1641 344 1741 376 aegre
1769 334 1869 367 iactat
1889 335 1976 368 Deo.
2021 337 2150 370 Deinde

1172 383 1230 405 cot·
1252 373 1427 406 humanum
1453 376 1548 407 etiam
1573 386 1639 408 non
1663 384 1715 409 est
1737 385 1883 417 castum,
1907 386 1957 410 est
1979 381 2149 422 vagabun-

1172 417 1265 455 dum,
1288 427 1320 447 es
1338 418 1479 456 fladdert
1499 418 1551 447 Ιιίη
1575 419 1638 449 und
1666 420 1777 450 wider:
1805 422 1866 453 sed
1893 421 1988 454 Deus
2016 429 2068 454 &t
2096 433 2147 455 ca-

1172 466 1261 497 stus,
1293 460 1370 491 sons
1400 461 1579 500 castitatis,
1612 460 1688 494 fons
1712 463 1855 501 ordinis3
1890 471 1921 496 et
1945 466 2022 506 quia
2046 464 2150 497 voluit

1172 501 1335 533 hominem
1358 504 1501 544 sibiipsi
1529 504 1668 536 similem
1699 516 1792 539 esse,
1823 507 1969 539 condidit
1997 517 2073 539 eum
2101 514 2149 539 ta-

1171 543 1252 583 lem,
1286 551 1321 576 ut
1351 545 1511 588 intelligat
1540 549 1743 585 castitatem,
1778 556 1810 580 et
1845 551 1954 581 sanxit
1982 549 2077 592 leges
2115 551 2149 582 in

1173 586 1349 619 Paradiso:
1383 588 1483 618 Erunt
1516 590 1580 619 cluo
1610 592 1643 620 iu
1677 601 1770 620 car-ne
1802 603 1873 623 una.
1929 593 2003 624 Non
2038 600 2149 625 errent

1171 640 1320 668 amoreS,
1343 641 1410 663 non
1432 640 1595 673 vagentur
1623 634 1740 672 corda,
1769 644 1835 666 non
1858 642 2022 677 vagentur
2043 635 2148 667 libidi-

1172 683 1250 721 nes,
1279 674 1340 705 sed
1369 675 1411 705 sit
1441 675 1522 706 ordo
1552 674 1625 714 ille,
1654 683 1685 708 ut
1712 687 1797 708 unus
1820 684 1908 709 amet
1930 689 2036 710 unam.
2083 679 2149 710 lste

1171 715 1289 747 fuisset
1312 717 1396 747 ordo
1420 718 1451 748 in
1476 724 1610 757 natura,
1641 720 1669 750 si
1691 720 1869 752 mansisset
1891 722 2030 762 integra.
2081 721 2148 753 Sed

1172 765 1280 790 tamen
1316 770 1404 791 nunc
1432 770 1565 801 quoquc
1595 763 1732 793 castitas
1760 769 1812 800 est
1841 760 1995 804 quiddam
2026 773 2148 795 conve-

1172 802 1268 852 niens
1292 813 1366 834 cum
1388 801 1559 835 voluntate
1580 803 1662 843 Dei,
1686 815 1758 837 cum
1783 807 1910 844 ordine,
1935 817 2032 848 quem
2055 806 2148 838 Deus

1173 850 1280 876 sanxit
1302 846 1334 876 in
1359 851 1486 877 natura.

1260 887 1400 923 Quando
1424 889 1522 930 igitur
1545 890 1698 931 cogitatis
1721 891 1763 922 de
1788 891 1879 929 Deo,
1909 899 1976 923 tum
2001 893 2148 930 cogitate

1173 931 1375 971 castitatem3
1389 932 1533 972 cogitate
1540 930 1647 963 Deum
1657 942 1734 964 esse
1746 940 1887 965 mentem
1895 942 2032 966 castam.
2056 934 2148 966 Deus

1173 979 1224 1005 est
1258 980 1389 1006 castus:
1423 974 1514 1016 Ergo
1543 980 1595 1005 est
1628 974 1750 1016 aliquid
1779 975 1867 1008 aliud
1896 987 1993 1018 quam
2024 976 2148 1009 Diabo-

1172 1015 1236 1048 lus.
1282 1015 1339 1048 Sic
1369 1017 1514 1058 cogitate
1544 1018 1586 1048 de
1614 1019 1733 1049 ceteris
1756 1019 1943 1050 virtutibus·
1987 1019 2076 1051 Talis
2097 1026 2150 1050 est

1172 1059 1282 1097 Deus,
1321 1058 1452 1100 qualem
1486 1070 1524 1091 se
1558 1061 1715 1092 describit
1747 1062 1780 1092 in
1814 1060 1998 1103 Decalogo.
2055 1061 2150 1094 Facit

1171 1110 1280 1135 autem
1311 1109 1343 1133 et
1373 1103 1517 1143 Spiritus
1545 1109 1682 1134 sanctus
1711 1102 1795 1135 tales
1824 1111 1953 1142 motusz,
1987 1104 2041 1145 qui
2072 1114 2150 1135 con-

1172 1151 1293 1187 gruunt
1329 1146 1402 1176 voci
1436 1153 1465 1176 et
1502 1145 1672 1177 doctrinae
1706 1146 1882 1189 Decalogi.
1940 1147 2016 1178 ldeo
2044 1147 2147 1189 inquit

1171 1194 1297 1219 textus:
1331 1187 1425 1217 Dabo
1454 1188 1549 1227 leyen:
1579 1198 1672 1218 meam
1699 1191 1732 1218 in
1761 1190 1860 1219 corda
1884 1200 2001 1220 eorum:
2030 1190 2063 1221 id
2086 1196 2150 1228 est,

1171 1231 1258 1262 dabo
1287 1230 1442 1271 Spiritum
1470 1237 1638 1269 sanctum,
1669 1232 1724 1273 qui
1754 1233 1910 1264 excitabit
1940 1239 2048 1265 motus
2071 1242 2150 1264 con-

1171 1279 1329 1315 gruentes
1353 1283 1427 1304 cum
1449 1271 1524 1315 lege
1546 1272 1621 1304 Dei.

1257 1315 1400 1357 Spiritus
1422 1322 1559 1347 sanctus
1583 1322 1633 1347 est
1656 1315 1800 1354 flamma,
1823 1327 1887 1358 qua
1907 1316 2006 1349 Pater
2027 1317 2149 1359 ample-

1172 1359 1268 1390 ctitur
1296 1357 1412 1389 Filium
1443 1359 1567 1400 ingenti
1595 1368 1727 1394 amore;
1760 1364 1792 1390 et
1824 1366 1875 1390 est
1903 1358 2052 1397 flamma,
2084 1370 2150 1401 qua

1170 1400 1272 1432 Filius
1295 1399 1508 1441 amplectitur
1532 1400 1663 1432 Patrem
1686 1401 1717 1432 in
1745 1402 1809 1432 enti
1831 1411 1958 1439 amore,
1981 1408 2013 1433 et
2036 1402 2150 1434 eadem

1171 1444 1302 1475 flamma
1331 1443 1430 1475 Pater
1460 1450 1491 1475 et
1521 1442 1623 1475 Filius
1649 1454 1723 1484 amp
1739 1450 1891 1476 ectuntur
1914 1443 2096 1482 hominem,
2119 1450 2151 1476 et

1171 1487 1317 1519 vicissim
1341 1486 1440 1517 homo
1461 1486 1602 1524 Patrem,
1620 1485 1746 1525 Filium,
1765 1494 1796 1518 et
1816 1487 1972 1528 Spiritum
1991 1494 2151 1519 sanctum.

1172 1529 1263 1561 llaec
1292 1528 1382 1561 nulla
1413 1536 1566 1561 creatura
1594 1536 1704 1570 potest
1728 1529 1794 1561 nlla
1818 1530 1970 1561 oratione
1992 1531 2074 1562 satis
2097 1540 2152 1561 ex-
2179 1535 2186 1541 '

1171 1574 1324 1615 primere.
1369 1571 1491 1604 Tamen
1511 1572 1668 1603 debemus
1693 1573 1822 1604 discere
1844 1571 1901 1604 illa
1923 1573 2028 1613 prima
2050 1573 2151 1610 initia,

1173 1627 1232 1647 seu
1255 1614 1436 1653 elementa,
1458 1625 1518 1646 seu
1542 1613 1753 1657 alphabetum
1777 1614 1865 1647 illius
1887 1616 2067 1647 immensae
2091 1616 2150 1648 do-

1173 1659 1315 1695 0111113ος
1349 1664 1466 1699 postea
1495 1659 1526 1689 itt
1556 1659 1750 1690 aeternitate
1783 1657 1839 1690 illa
1873 1657 1996 1690 clarius.
2027 1658 2150 1690 videbi-

1172 1712 1257 1733 mus.
1314 1701 1360 1733 lbi
1392 1707 1508 1733 natura
1537 1702 1597 1732 erit
1628 1702 1763 1743 perfusa
1792 1702 1916 1742 Spiritu
1946 1707 2085 1739 sancto,
2119 1707 2151 1732 et

1171 1745 1246 1776 ideo
1280 1743 1408 1786 plenius
1444 1750 1606 1785 agnoscet
1639 1743 1757 1776 Deum.
1814 1744 1848 1774 ln
1884 1744 1947 1775 hac
1977 1745 2044 1775 vita
2072 1750 2151 1775 sunt

1171 1798 1297 1830 parvae
1328 1786 1528 1818 scintillulae
1558 1787 1648 1824 fidei,
1682 1788 1767 1818 sicut
1803 1786 1956 1818 Christus
1989 1787 2080 1818 dicit:
2112 1786 2151 1816 Si

1171 1831 1341 1861 habueritis
1360 1830 1450 1870 fidem
1474 1834 1507 1859 ut
1528 1841 1658 1869 ymnum
1680 1832 1810 1869 sinapis.

1259 1875 1381 1916 Magna
1404 1880 1435 1904 et
1459 1873 1562 1904 tristis
1585 1880 1635 1903 est
1659 1873 1830 1904 infirmitas
1851 1880 1982 1907 nostra3
2005 1872 2064 1903 sed
2083 1871 2149 1904 hoc

1171 1918 1298 1949 tristius
1329 1923 1400 1954 est,
1428 1917 1514 1957 quod
1546 1915 1716 1957 indulgent
1745 1915 1895 1946 homines
1924 1914 2093 1947 furoribus
2116 1921 2149 1946 et

1171 1960 1414 2001 cupiditatibus.
1462 1959 1638 1990 Praeterea
1661 1958 1723 1996 1111,
1747 1959 1801 2000 qui
1825 1957 1978 1990 simulant
2002 1957 2149 1999 singula-

1171 2014 1240 2034 rem
1269 2004 1495 2039 sanctitatem,
1526 2001 1648 2033 habent
1677 2003 1804 2033 trabem
1835 2003 1867 2032 in
1899 2000 2022 2038 oculis,
2045 1998 2147 2032 indul-

1171 2053 1248 2088 gent
1281 2046 1342 2076 sibi
1374 2046 1404 2076 111
1435 2046 1564 2087 magnis
1593 2051 1625 2076 et
1654 2046 1808 2085 pessimis
1831 2043 2010 2075 furoribus.
2055 2042 2148 2074 Deus

1172 2089 1289 2120 libcrct
1312 2087 1508 2120 Ecclesiam.
1531 2095 1561 2119 et
1587 2095 1683 2119 sanet
1706 2098 1822 2119 omnes
1845 2088 2040 2118 {invocantes
2063 2097 2148 2118 eum.

1171 2133 1242 2163 Vos
1266 2133 1297 2163 in
1322 2133 1513 2172 pronomine
1542 2130 1598 2162 illo
1624 2131 1710 2163 Meo.
1741 2132 1939 2168 observate,
1968 2130 2057 2172 quod
2084 2130 2148 2170 pri-

1171 2186 1257 2207 mum
1292 2182 1423 2205 moneat
1458 2185 1520 2205 nos
1555 2174 1596 2205 de
1631 2174 1815 2205 substantia
1851 2174 1993 2214 Spiritus
2028 2173 2146 2204 sancti.

1172 2218 1220 2247 De
1239 2219 1360 2256 Spiritu
1384 2222 1472 2257 mem}
1497 2219 1527 2249 111
1547 2224 1610 2251 est.
1630 2218 1671 2248 tle
1690 2227 1763 2248 mea
1781 2217 1978 2248 substantia.
2015 2215 2149 2253 Postea,

1173 2262 1256 2292 Meu.
1281 2262 1310 2292 id
1336 2267 1404 2294 cst.
1430 2267 1636 2302 congruente
1659 2270 1732 2291 cum
1756 2270 1829 2291 mea
1853 2259 1983 2296 notitia,
2007 2257 2094 2300 lege.
2117 2265 2148 2289 et

1171 2303 1351 2335 voluntate.
1387 2303 1569 2345 Utrumque¹
1593 2304 1624 2333 in
1645 2302 1708 2334 hoc
1731 2302 2032 2343 comprehenditur.
2067 2301 2147 2331 Meo.

1171 2348 1200 2378 id
1226 2354 1294 2380 est.
1320 2345 1614 2379 consubstantializ
1638 2355 1682 2383 et,
1705 2357 1787 2377 nico.
1808 2346 1838 2376 id
1862 2351 1924 2382 est,
1943 2351 2148 2387 congruente

1172 2401 1244 2421 cnm
1274 2401 1345 2421 mea
1374 2389 1466 2431 lege.
1500 2390 1632 2427 notitia,
1667 2396 1698 2420 et
1723 2387 1903 2420 volumine.
1960 2388 2147 2423 Praeterea,

1172 2444 1250 2464 nmo.
1298 2435 1328 2464 111
1369 2440 1437 2466 est.
1477 2440 1632 2468 aeterno,
1678 2432 1749 2473 ipse
1787 2432 1931 2462 viviticat
1979 2440 2042 2462 nos
2083 2430 2147 2461 vita

1171 2484 1314 2507 ilelOl'nss-

1260 2519 1317 2551 Est
1342 2525 1448 2551 antem
1468 2517 1576 2550 dulcis
1595 2518 1782 2559 promissio,
1800 2528 1874 2549 cum
1894 2517 2026 2548 dicitur:
2049 2517 2149 2555 Super

1173 2574 1285 2591 ‹nmwm
1320 2573 1449 2593 rur-uem.
1508 2561 1616 2593 Utitur
1647 2559 1825 2593 universali
1856 2558 2033 2601 particula:
2063 2559 2148 2590 stem

1144 2609 1146 2614 '
1174 2613 1289 2647 postea
1321 2607 1418 2637 etiam
1450 2606 1567 2647 inquit:
1608 2605 1714 2634 Omnis
1742 2606 1796 2644 qui
1826 2605 2013 2633 mmmm-n
2043 2611 2148 2631 nom
