2324 2958
202 173 221 203 7
829 163 940 194 Ρηιι.
963 160 1065 193 111111.
1088 158 1274 192 SCRIPTA
1295 132 1559 186 enemim.

203 271 337 298 utuntur
365 274 405 296 ex
437 260 588 296 Psalmo,
623 264 750 290 retenta
784 263 836 288 est
869 257 900 287 in
934 260 1022 286 textu
1056 253 1199 301 Latipo]

207 319 270 340 vox
295 307 473 338 Hosianna.
518 303 577 333 Est
601 307 709 332 autem
733 304 799 330 vox
820 298 970 329 Hebraea
993 299 1173 343 composita
1195 302 1199 351 j

204 361 246 382 ex
270 348 330 381 boh
353 357 438 389 quae
458 352 506 376 est
526 343 710 375 interiectio
739 348 770 373 et
796 347 873 371 nota
901 338 1058 374 affectus,
1085 340 1172 385 sient
1195 353 1199 369 .

203 402 265 423 nos
299 389 449 422 Germani
486 387 624 418 dicimus
658 386 717 420 2112,
758 393 831 415 cum
864 381 1018 412 ardenter
1049 377 1172 426 aliquid

203 441 363 475 optamus.
418 430 585 461 Hosianna
608 435 658 459 est
690 426 916 468 imperativus,
947 421 1050 457 salva,
1084 429 1171 468 iuva,

203 478 252 508 ser
275 485 387 517 opem,
419 473 502 503 sicut
527 481 590 502 nos
620 470 774 501 Germani
799 467 933 498 dicimus
957 463 1042 501 Μιιῆ,
1064 462 1173 509 *radix

202 525 253 551 est
276 521 387 550 lma:
411 515 498 547 unde
516 520 567 545 est
589 513 686 544 etiam
708 511 798 542 lesus
821 517 851 540 et
877 509 973 539 losua
996 506 1171 554 εἰη-11111111,

202 568 266 594 orer
291 562 332 591 tin
356 559 494 594 beilum.
540 556 574 586 ln
598 554 724 596 vulgari
748 560 898 584 sermone
921 547 1173 598 pro-Hosiauna

202 605 351 634 dixerunt
376 600 550 635 tlosanna,
585 598 708 628 omissa
730 605 792 627 una
816 593 925 628 litera,
965 595 1047 621 sicut
1071 587 1173 620 multa

203 642 365 677 vocabula
388 641 577 674 mutilantur
600 641 630 670 in
655 637 783 680 vulgari
805 645 964 667 sermone.

287 695 423 735 Sumpta
442 698 493 724 est
517 698 623 722 autem
646 689 729 720 haec.
753 687 898 729 precatio
918 694 957 715 ex
986 681 1074 713 Psal.
1099 681 1171 714 118.

202 736 406 769 confitemini
427 735 578 771 Domino,
597 733 748 774 quoniam
771 731 894 761 bonus:
917 727 1000 757 Nam
1019 723 1172 775 psalmus

202 781 267 811 iste
290 785 341 810 est
365 775 557 818 triumphale
580 784 729 810 carmen,
760 780 789 803 et
824 769 964 812 populns
983 767 1102 798 solitus
1121 773 1174 799 est

203 833 275 853 eum
301 828 436 852 cantare
458 821 490 850 in
514 817 635 859 templo
660 822 689 848 et
710 814 904 857 synagowis,
929 811 1060 853 quando
1082 816 1173 851 pete-

202 866 280 896 bant
304 863 478 894 adventum
502 860 654 891 Messiae.
701 858 774 889 ldeo
805 867 846 888 vu
862 865 925 898 gus
953 862 1084 903 quoque
1107 863 1172 903 me-

201 907 335 937 moriter
363 915 436 936 eum
469 904 619 934 tenebat.
666 907 696 931 et
730 904 823 930 norat
856 899 896 929 de
933 896 1056 927 Messm
1092 905 1173 926 scri-

224 955 288 979 tum
313 957 400 979 esse.

200 959 221 990 p
287 998 399 1029 Verba
434 995 507 1034 illa,
551 995 740 1026 Benedictus
773 993 829 1033 qm·
867 991 951 1021 rem't
985 990 1017 1020 ιή
1050 988 1201 1023 nomine!

203 1041 344 1077 Domini,
364 1049 448 1081 quae
472 1045 546 1070 sunt
570 1047 609 1068 ex
632 1037 746 1068 eodem
773 1033 902 1065 Psalmo
925 1038 1066 1073 sumpta,
1091 1030 1172 1063 allu—
1195 1026 1200 1042 ¹

202 1085 281 1115 dunt
304 1083 345 1114 ad
369 1081 616 1122 promissionem
641 1079 790 1110 traditam
812 1077 977 1117 patribus:
1001 1077 1039 1107 In
1057 1075 1174 1107 semine

201 1131 254 1157 tuo
283 1126 502 1156 bcnedz'oentur
531 1132 634 1153 omues
654 1125 771 1162 yemes.
828 1119 951 1160 Estque
979 1116 1065 1149 haec
1097 1127 1172 1149 sen-

201 1169 299 1200 tentia
322 1169 458 1199 istorum
496 1167 682 1196 verhormn:
717 1163 940 1204 Agnoscimus
974 1159 1063 1192 1111110
1096 1170 1172 1192 esse

200 1210 368 1247 Messinm,
399 1219 457 1250 per
488 1219 581 1250 quem
605 1206 853 1243 benedicemur,
883 1205 958 1246 quia
982 1203 1054 1244 ipse
1078 1209 1130 1235 est
1152 1213 1173 1234 a
1195 1202 1200 1239 1

200 1253 274 1285 Deo
298 1252 502 1289 benedictus,
521 1257 555 1282 ut
579 1250 671 1281 nobis
693 1248 903 1280 benedicatur
922 1256 981 1288 per
996 1247 1117 1287 ipsum,
1140 1251 1172 1277 et

201 1303 335 1337 propter
357 1296 473 1336 ipsum.

285 1345 319 1376 ln
344 1345 496 1376 omnihus
515 1342 635 1385 linguis
667 1342 859 1374 benedicere
887 1347 938 1372 est
966 1341 1055 1371 bona
1078 1338 1173 1371 alteri

199 1395 314 1430 optare
337 1399 357 1419 a
381 1387 469 1424 Deo,
494 1386 641 1428 &ega-nen.
688 1385 751 1417 Sed
775 1395 848 1416 cum
878 1383 919 1414 de
947 1382 1020 1414 Deo
1044 1382 1173 1421 dicitur,

199 1431 370 1463 efficacem
407 1430 615 1460 donationem
650 1427 788 1460 alieuius
824 1426 968 1458 muneris
994 1425 1174 1468 significat,

198 1473 273 1515 quia
293 1472 384 1504 Deus
409 1472 634 1503 benedicendo
659 1469 833 1508 benefacit,
856 1470 945 1500 iuxta
968 1467 1063 1500 illud:
1082 1467 1175 1499 Dixit

198 1523 229 1548 et
253 1515 340 1546 sacta
358 1521 445 1545 sunt.
492 1513 584 1545 Deus
620 1519 710 1544 creat
743 1512 892 1544 dicendo.
944 1511 986 1543 Et
1009 1509 1173 1543 benefacit
1196 1482 1202 1590 Ι

197 1557 433 1589 benedicendo.

283 1607 481 1639 Maledicere
506 1614 556 1638 est
578 1606 674 1638 alicui
697 1606 784 1638 mala
807 1614 940 1647 optare,
977 1606 1011 1636 id
1033 1612 1098 1644 est,
1127 1606 1172 1637 in-

197 1661 320 1682 vocare
354 1649 479 1688 Deum,
518 1656 553 1681 ut
581 1648 681 1681 alicui
720 1656 850 1681 noceat.
907 1648 988 1680 Cum
1022 1647 1174 1680 homines

197 1694 295 1726 alicui
319 1693 528 1729 benedicunt,
552 1693 706 1724 invocant
723 1691 843 1730 Deum,
863 1699 897 1723 ut
922 1693 950 1723 ci
976 1690 1172 1723 benefaciat.

198 1736 323 1768 Contra
354 1746 427 1766 cum
463 1734 661 1766 maledicunt
699 1745 759 1767 seu
790 1742 987 1766 execrantur
1016 1733 1173 1776 aliquem,

197 1781 419 1820 imprecantur
442 1778 469 1808 ei
500 1777 584 1809 mala
609 1788 629 1809 a
656 1777 741 1809 Deo.
798 1777 832 1808 111
863 1778 1037 1818 Prophetis
1071 1788 1173 1818 saepe

197 1821 338 1863 legitur:
381 1821 473 1852 Deus
497 1822 659 1861 percussit
683 1828 801 1852 terram
824 1819 1042 1852 anathemate.
1081 1820 1173 1852 Haec

198 1872 249 1896 est
273 1861 437 1895 horribilis
458 1864 574 1901 oratio,
599 1873 663 1904 qua
686 1863 891 1905 signiticwur
914 1863 1020 1895 Deum
1039 1864 1083 1895 ita
1106 1874 1173 1895 ma-

198 1906 354 1938 ledixisse
373 1913 493 1943 terrae,
518 1913 550 1937 nt
573 1913 729 1946 perpetua
748 1907 790 1937 ibi
813 1907 856 1937 sit
884 1905 992 1938 futura
1021 1907 1173 1944 vastitas,

199 1956 233 1981 ut
255 1960 342 1981 nunc
365 1949 396 1979 in
421 1948 501 1978 Asia
524 1954 556 1979 et
581 1947 709 1986 Africa,
739 1959 802 1980 non
832 1948 939 1980 solum
963 1948 1073 1981 nullae
1095 1955 1174 1981 sunt

199 1991 358 2033 reliquiae
382 1990 572 2028 Ecclesiae,
606 1993 665 2022 sed
700 2002 740 2022 ne
774 1992 902 2033 quidem
930 1992 1072 2024 honesta
1107 1993 1173 2024 vita

198 2033 342 2076 politica.
379 2033 405 2064 E
429 2035 605 2072 contraiit),
626 2034 803 2065 curnDeus
827 2035 944 2066 dicitur
963 2036 1172 2067 benedixisse

198 2086 330 2114 terrae,
372 2077 576 2118 significatur
616 2076 739 2108 ssorens
777 2084 882 2108 status
924 2079 1171 2115 oeconomicus,

198 2119 368 2161 politicus,
401 2126 432 2149 et
455 2118 728 2157 Ecclesiasticus,
754 2120 784 2151 in
804 2131 869 2161 quo
897 2122 1028 2152 abunde
1053 2132 1172 2162 suppe-

198 2170 267 2194 tunt
290 2162 483 2193 necessaria
505 2162 546 2192 ad
577 2164 714 2200 vietum,
748 2164 801 2193 uni
827 2171 877 2194 est
907 2174 968 2204 pax
999 2170 1028 2195 et
1058 2164 1172 2203 virtus,

198 2212 229 2237 et
253 2205 306 2237 ubi
331 2211 383 2236 est
415 2215 495 2236 vera
519 2204 581 2235 Dei
605 2206 747 2246 agnitio,
781 2213 809 2236 et
841 2217 938 2238 verus
967 2205 1073 2239 cultus
1099 2206 1171 2239 Dei.

284 2257 349 2286 Sed
385 2257 551 2297 quomodo
580 2264 766 2298 congruunt
795 2257 895 2293 haec,
930 2260 1016 2299 quod
1043 2259 1095 2289 liic
1119 2269 1170 2289 ca-

197 2305 295 2331 nunt:
330 2298 527 2329 Benedictus
550 2299 604 2339 qui
636 2301 721 2330 venit
744 2300 774 2330 in
800 2301 928 2331 nomine
953 2300 1101 2339 Domini,
1137 2302 1170 2332 ln

199 2342 318 2384 quibus
350 2342 461 2371 verbis
492 2348 541 2372 est
565 2341 744 2378 consessio,
768 2344 853 2383 qnod
874 2342 929 2374 ille
952 2345 991 2374 sit
1017 2344 1171 2382 Messias,

199 2390 316 2416 unctus
339 2384 381 2414 ab
401 2391 535 2414 aeterno
571 2391 682 2425 patre,
716 2391 746 2415 et
776 2386 914 2424 missus,
947 2395 978 2418 111
1010 2398 1069 2428 per
1097 2399 1170 2419 eum

199 2427 382 2458 benedictio
416 2428 582 2468 contingat
613 2429 725 2467 generi
761 2429 915 2459 humano:
950 2436 981 2460 et
1011 2431 1098 2471 quod
1124 2437 1170 2462 ta-

199 2481 271 2501 men
308 2468 450 2499 clamant
494 2469 678 2508 llosinnna,
716 2472 746 2502 id
770 2478 838 2508 est,
873 2471 1013 2503 Domine
1040 2475 1169 2509 adesto,

198 2512 246 2544 fer
270 2523 364 2553 opem
390 2512 456 2541 lilio
483 2511 604 2543 David:
636 2512 682 2544 1111
706 2515 790 2546 0111111
815 2515 978 2546 nominant
1003 2515 1170 2553 Mens-iam,

220 2557 274 2587 ula
312 2565 351 2585 ex
388 2553 525 2585 Davielis
566 2558 758 2596 posteritate
797 2564 968 2589 venturum
1007 2559 1168 2591 sciebant:

197 2567 373 2633 Quomodo
398 2597 495 2636 igitur
528 2606 616 2629 nant
648 2599 708 2640 ipsi
737 2610 797 2641 pro
821 2599 975 2631 Christo?
1021 2600 1170 2643 Respon-
1193 2597 1198 2636 l

2183 154 2206 187 8

1224 250 1302 280 deo:
1327 254 1425 279 orant
1451 258 1512 289 pro
1542 254 1613 279 toto
1638 258 1742 290 regno
1766 247 1902 285 Christi,
1926 254 1958 280 et
1977 247 2203 291 complectun-

1224 297 1276 322 tur
1294 289 1432 322 salutem
1455 291 1555 322 totius
1578 290 1761 322 Ecclesiae.

1309 332 1464 365 Similiter
1486 343 1549 364 nos
1572 334 1732 365 debemus
1755 333 1911 375 gemitum
1933 334 2033 366 istum
2054 343 2115 366 seu
2138 335 2204 366 hoc

1195 370 1200 403 Ι
1223 380 1335 407 votum
1366 382 1526 417 perpetuo
1554 385 1731 417 usurpare:
1758 381 1795 407 ut
1822 374 1976 407 Psalmus
2007 376 2078 408 122.
2107 387 2204 419 prae·

1225 419 1319 460 cipit:
1347 417 1476 461 Rogate
1499 429 1583 461 quae
1614 419 1654 450 ad
1685 428 1801 459 pacem
1826 424 1904 450 sunt
1933 417 2129 457 lerusalem‚
2171 420 2205 452 id

1224 467 1297 496 est,
1332 460 1438 492 Petite
1459 468 1495 492 ut
1519 460 1612 493 Deus
1638 466 1817 492 conservet
1844 459 2048 500 Ecclesiam,
2082 467 2115 493 et
2149 462 2205 494 det

1223 503 1353 535 felicem
1377 505 1648 546 gubernationem
1673 502 1855 535 Ecclesiae.
1897 503 1969 535 Hoc
1990 510 2204 545 praeceptum

1225 545 1350 578 Psalmi
1373 556 1505 588 semper
1526 552 1623 578 sonet
1646 548 1677 577 in
1696 547 1820 577 nostris
1843 547 1992 585 auribus,
2009 548 2204 588 praesertim

1223 588 1275 620 his
1298 589 1462 620 luctuosis
1482 595 1515 621 et
1536 589 1668 620 miseris
1691 589 1906 630 temporibus,
1927 589 1960 620 in
1978 590 2098 631 quibus
2114 590 2204 622 vide·

1223 641 1308 670 111115,
1351 637 1451 662 uanta
1472 633 1539 663 sint
1554 631 1725 674 pen'cula,
1753 637 1908 673 quantum
1931 633 2148 671 miseriarum,
2172 640 2205 665 et

1224 684 1321 716 quam
1369 673 1516 705 orribilia
1538 674 1625 705 mala
1653 675 1876 716 impendeant,
1901 676 2107 706 vastationes
2130 685 2204 718 reg·

1224 727 1353 755 norum,
1377 722 1408 747 et
1429 717 1565 748 dissidia
1586 718 1619 748 in
1642 717 1805 748 Ecclesia.

1311 758 1402 790 Haec
1435 769 1557 801 magna
1589 759 1676 791 mala
1709 760 1925 791 considerare
1960 760 2138 799 debemus,
2172 768 2205 792 et

1224 802 1364 836 subinde
1384 811 1518 844 gemere
1537 812 1578 833 ac
1595 803 1766 844 suspirare
1789 803 1832 834 ad
1850 802 1974 834 Deum:
1997 802 2050 834 Ah
2063 802 2205 836 Domine

1224 855 1323 876 serva
1353 845 1449 876 nobis
1472 843 1677 882 Ecclesiam,
1708 855 1750 877 ne
1777 846 1868 877 sinas
1898 845 1968 877 fieri
2001 847 2204 878 vastationes

1224 888 1437 924 barbaricas,
1471 897 1513 918 ne
1532 887 1697 928 percutias
1723 894 1844 920 terram
1867 889 2087 920 anathemate.
2132 890 2206 921 Sint

1223 930 1355 972 aliquae
1378 929 1548 972 reliquiae,
1571 939 1656 972 quae
1679 935 1712 961 10
1735 929 1915 962 celebrent.
1950 931 2042 963 Haec
2060 933 2114 973 qui
2137 942 2205 964 non

1224 974 1388 1015 cogitant,
1422 973 1622 1013 stupidiores
1657 979 1734 1003 sunt
1762 971 1828 1004 illis
1850 974 1932 1014 ipsis
1963 975 2065 1006 asinis
2089 976 2206 1014 bmtis,

1224 1017 1278 1058 qui
1303 1015 1428 1058 alligati
1452 1022 1547 1047 erant
1566 1017 1601 1047 ir:
1624 1015 1832 1057 bethphage.

1310 1058 1422 1101 Aliqui
1454 1057 1597 1091 referunt
1632 1057 1719 1089 hanc
1748 1059 1973 1100 precationem
2002 1059 2044 1091 ad
2077 1062 2206 1102 passio·

1223 1111 1298 1133 nem
1322 1101 1462 1140 Christi,
1496 1103 1527 1132 111
1558 1112 1623 1143 qua
1646 1102 1732 1133 sicut
1761 1102 1833 1143 ipse¹
1866 1108 1941 1133 orat
1972 1112 2010 1134 se
2028 1104 2155 1134 servari
2173 1110 2207 1135 et

1225 1143 1371 1187 gloriose
1394 1143 1544 1177 liberari.
1581 1144 1670 1175 loan.
1699 1144 1747 1176 17.
1794 1144 1841 1175 lta
1864 1143 1935 1176 vult
1964 1145 2101 1177 eandem
2130 1155 2206 1177 esse

1223 1197 1317 1218 suam
1340 1194 1372 1218 et
1394 1187 1568 1220 Ecclesiae
1592 1198 1720 1219 vocem.
1765 1187 1836 1219 Nec
1865 1188 1998 1220 dubium
2027 1195 2085 1220 est·
2109 1189 2206 1220 etiam

1223 1229 1408 1262 Ecclesiam
1422 1230 1615 1268 coelestem,
1639 1230 1791 1273 Moysen,
1816 1229 1955 1268 Heliam,
1979 1240 2080 1272 (quos
2093 1230 2206 1263 Lucas

1223 1273 1340 1304 scribit
1372 1274 1404 1304 in
1429 1279 1539 1305 monte
1562 1272 1695 1304 locutos
1729 1284 1807 1305 esse
1838 1283 1911 1304 cum
1946 1272 2096 1312 Christo)
2131 1275 2207 1306 item

1224 1314 1375 1358 Angelos
1409 1326 1474 1347 una
1508 1326 1582 1347 cum
1616 1315 1750 1347 Christo
1789 1315 1961 1348 humiliato
1995 1323 2026 1348 et
2061 1317 2207 1358 patiente

1224 1365 1381 1400 precatos
1405 1368 1493 1390 esse.
1539 1357 1643 1389 Maria
1678 1364 1767 1390 certe
1798 1366 1933 1400 precata
1963 1366 2013 1391 est
2042 1370 2107 1391 una
2131 1370 2206 1392 cum

1225 1399 1303 1439 filio,
1323 1407 1357 1432 ut
1375 1401 1468 1432 Deus
1499 1400 1701 1442 glorificaret
1730 1412 1851 1433 nomen
1882 1411 1979 1433 suum
2009 1403 2041 1433 in
2069 1401 2127 1434 illa
2150 1403 2207 1434 mi-

1225 1445 1328 1475 randa
1361 1445 1530 1484 passione.
1587 1444 1640 1474 Ac
1678 1445 1775 1475 debet
1813 1450 1903 1475 totus
1945 1443 2100 1476 Psalmus
2135 1445 2208 1477 118.

1224 1496 1326 1527 saepe
1348 1485 1425 1528 legi,
1456 1493 1488 1517 et
1512 1486 1657 1518 conferri
1686 1497 1761 1518 cum
1789 1485 1853 1518 bac
1882 1496 2004 1529 pompa
2033 1488 2207 1530 ingressus

1225 1529 1348 1562 Christi
1370 1531 1402 1560 in
1420 1531 1535 1561 urbem
1555 1528 1805 1571 lerosolymam,
1830 1540 1914 1572 quae
1932 1531 2006 1561 ideo
2030 1529 2118 1563 sacta
2142 1537 2207 1569 est,

1224 1578 1259 1604 ut
1281 1579 1396 1613 postea
1421 1582 1538 1604 rursus
1562 1573 1701 1611 dicatur,
1724 1571 1807 1607 Quia
1837 1571 1941 1604 voluit
1964 1571 2129 1605 Dominus
2152 1583 2207 1605 ex·

1224 1622 1297 1646 tare
1319 1616 1416 1646 etiam
1440 1615 1504 1647 boe
1527 1616 1658 1657 signum
1682 1621 1713 1646 et
1737 1616 1971 1653 testimonium,
2001 1617 2091 1658 quod
2115 1623 2206 1648 esset

1224 1657 1367 1690 Messias
1402 1659 1586 1696 exhibitus,
1619 1658 1815 1700 praesertim
1855 1669 1930 1689 cum
1965 1659 2027 1690 iam
2067 1659 2206 1691 instaret

1224 1702 1350 1742 passio.
1397 1700 1477 1732 Vult
1511 1702 1597 1732 enim
1633 1702 1770 1744 agnosci
1805 1702 1837 1732 in
1869 1700 2045 1740 Ecclesia,
2079 1703 2207 1734 etiamsi

1224 1742 1424 1776 dissimiliter
1447 1745 1660 1785 conspicitur,
1683 1755 1779 1786 quam
1795 1743 1997 1782 Alexander,
2018 1750 2073 1776 aut
2087 1745 2208 1788 Cyru&

1224 1788 1279 1829 qui
1323 1787 1454 1830 magnis
1498 1788 1697 1819 exercitibus
1741 1787 1891 1818 instructi
1938 1794 2103 1829 vagantur
2148 1798 2207 1830 per

1224 1831 1358 1868 Asiam,
1387 1830 1474 1861 unde
1509 1837 1541 1861 et
1575 1840 1629 1861 res
1654 1837 1771 1872 gestae
1799 1831 1946 1871 ipsorum
1970 1831 2076 1874 magis
2099 1832 2206 1863 incur-

1224 1879 1300 1904 runt
1322 1874 1353 1904 in
1389 1871 1518 1905 oculos.
1575 1872 1678 1903 Facta
1712 1871 1854 1911 Christi,
1890 1874 1974 1904 sicut
2008 1880 2038 1905 et
2074 1880 2207 1906 caetera

1195 1938 1199 1955 ,
1225 1915 1382 1957 pleraque
1406 1926 1490 1957 qnae
1514 1917 1546 1947 111
1573 1915 1725 1947 Ecclesia
1749 1916 1846 1953 fiunt,
1890 1927 1955 1947 non
1978 1917 2021 1947 ita
2045 1925 2206 1958 geruntur

1223 1960 1256 1991 in
1277 1966 1458 2000 conspectu
1483 1960 1642 1990 omnium:
1673 1958 1713 1989 Et
1743 1965 1850 1991 tamen
1876 1958 1945 1991 vult
1969 1959 2124 1991 Chiistns
2146 1970 2205 1992 no-

1226 2009 1290 2033 tam
1315 2012 1391 2033 esse
1415 2001 1600 2033 Ecclesiam
1619 2012 1712 2033 suam
1735 2002 1767 2032 in
1791 2003 1930 2040 mundo,
1962 2001 2030 2034 vult
2058 2013 2095 2035 se
2124 2014 2204 2046 quo·

1225 2055 1289 2087 que
1310 2045 1398 2076 cerni
1423 2052 1453 2076 et
1477 2046 1622 2076 exaudiri
1647 2046 1678 2076 in
1704 2055 1824 2087 genere
1854 2046 2007 2077 humano.
2061 2045 2204 2078 Est-hibet

1225 2089 1324 2131 igitur
1348 2088 1433 2119 1111110
1458 2087 1622 2129 publicam
1647 2098 1810 2130 pompam,
1834 2095 1864 2119 et
1889 2086 1966 2119 sarit
1988 2087 2089 2120 multa
2108 2090 2203 2121 mira·

1225 2130 1300 2162 cula
1334 2132 1365 2161 in
1400 2138 1469 2162 toto
1504 2132 1682 2162 ministerio
1713 2142 1792 2166 suo.
1827 2138 1860 2163 ut
1894 2133 2034 2173 agnosci
2062 2138 2094 2163 et
2114 2133 2204 2164 cerni

1224 2175 1340 2215 possit.
1388 2175 1475 2205 lnter
1498 2174 1581 2206 haec
1604 2173 1760 2206 miracula
1795 2181 1844 2207 et.
1880 2175 1969 2216 qnod
2003 2174 2105 2215 paulo
2126 2181 2204 2207 ante

1226 2217 1436 2248 resuscitavit
1459 2217 1640 2249 Lazarum.
1670 2225 1701 2248 et
1726 2219 1814 2259 qnod
1844 2218 2019 2260 ingressus
2048 2216 2203 2259 templum

1224 2261 1342 2292 evertit
1387 2271 1521 2292 mensas
1567 2259 1868 2292 nummulariorum.
1936 2260 2032 2296 Quod
2078 2261 2202 2293 sactum

1223 2303 1343 2334 Christi
1358 2303 1578 2345 Hieronymus
1601 2304 1657 2339 cit,
1682 2314 1719 2335 se
1743 2315 1808 2335 non
1832 2304 1939 2335 minus
1961 2303 2083 2342 mirari,
2105 2314 2202 2346 quain

1223 2347 1510 2378 resuscitationem
1537 2346 1662 2379 Lazari.

1309 2389 1376 2421 Sed
1390 2390 1466 2431 quid
1479 2397 1554 2420 sunt
1579 2389 1805 2422 imnnnnlatii?
1837 2389 2047 2431 Respondet».
2084 2389 2201 2421 Vicina

1224 2433 1355 2464 nomina
1391 2438 1467 2464 sunt
1503 2432 1717 2473 Trapezitae,
1757 2433 1963 2475 Argentarii,
1990 2434 2201 2475 Κολλυβίσιω,

1224 2473 1440 2513 nummularii,
1461 2475 1615 2507 Germani
1638 2487 1702 2508 una
1723 2487 1806 2509 voce
1832 2476 1997 2507 nominant
2021 2478 2066 2508 rte
2083 2477 2202 2513 91311110·

1223 2522 1273 2550 let.
1328 2517 1368 2549 Et
1397 2519 1538 2558 κόλλυβος
1564 2520 1727 2562 significat
1763 2519 1954 2561 pecuniam.
2011 2529 2074 2550 unu
2106 2520 2203 2551 datur
2224 2554 2231 2561 ,

1222 2572 1282 2603 pro
1306 2562 1545 2603 permutatione
1569 2569 1733 2600 monetae,
1754 2564 1811 2594 bne
1825 2563 1968 2603 *numum
2026 2561 2202 2595 oeabulum

1223 2611 1275 2635 est
1298 2605 1385 2645 apud
1409 2604 1581 2637 Pollucem
1604 2611 1637 2637 et
1660 2607 1746 2647 apud
1770 2605 1968 2637 Ciceronem
1991 2606 2023 2637 in
2048 2605 2200 2637 Verrina-
