2324 2958
118 179 158 212 13
796 172 1012 205 PoS'rtLLA
1034 171 1405 236 MELANTHOMAQ
1414 195 1430 203 t.
2081 173 2120 204 14

1144 264 1287 303 humilis,
1310 273 1540 302 aerumnoso-0,
1563 263 1717 303 afflictus,
1740 265 1826 300 Quia
1849 263 1925 296 talis
1955 272 2007 298 est
2030 271 2120 299 totus

1146 317 1266 340 cursus
1289 308 1376 339 vitae
1399 312 1432 338 et
1455 307 1622 338 ministerii
1649 307 1731 344 eius,
1755 307 1848 339 Sicut
1866 308 1987 350 inquit:
2019 308 2119 342 Filius

1143 350 1284 383 hominis
1307 359 1372 382 non
1396 350 1509 387 habet,
1531 350 1586 381 ubi
1610 348 1745 381 reclinet
1769 356 1877 390 capnt.

1230 393 1308 425 ltem
1332 393 1451 424 dicitur
1473 402 1599 433 pauper
1617 393 1658 423 ad
1678 392 1889 424 differentiam
1909 393 2120 435 Imperiorum

1145 447 1206 468 seu
1240 445 1419 478 regnorum
1452 434 1550 466 huius
1585 435 1704 466 mundi.
1751 434 1943 467 Alexander
1976 436 2120 479 Magnus

115 273 226 306 divino
248 281 310 302 seu
331 269 472 311 Spiritu,
507 268 595 299 sicut
615 264 853 307 Evangelistae
882 266 983 296 citant
1011 263 1092 296 illud

115 314 253 347 Psalmi:
273 311 373 344 Zelus
397 312 514 343 domus
538 318 613 342 tuae
636 309 776 341 comedit
798 318 860 339 me.
905 307 966 338 Est
983 314 1091 339 autem

116 357 209 390 zelus
230 357 318 388 iusta
345 354 527 396 indignatio
550 358 688 394 propter
710 349 924 382 violationem
954 350 1090 381 honoris

115 407 148 433 et
165 399 291 442 gloriae
312 397 387 429 Dei.
431 397 480 428 lta
501 394 656 428 Christus
680 392 781 431 dolet,
801 393 891 435 quod
903 392 995 424 Deus
1014 403 1091 424 con·
1114 399 1118 404 “

115 441 249 476 tumelia
271 439 437 473 afficiatur
463 437 728 480 prophanatione
755 434 878 477 templi.
923 434 995 466 Tali
1018 434 1091 466 zelo

115 484 296 527 impulsus,
329 493 395 516 non
418 492 477 524 per
499 481 710 517 seditionem,
743 479 803 510 sed
833 477 1015 525 secundum
1038 488 1091 509 sa·
1144 479 1235 512 venit.
1257 489 1330 510 cum
1354 478 1523 516 exercitu,
1555 477 1736 508 instructus
1771 485 1822 509 est
1845 480 2003 520 pecunia,
2037 480 2122 521 gerit

115 528 268 571 pientiam
286 537 380 558 suam
405 531 437 556 et
448 525 602 556 iustitiam
621 523 706 554 eiicit
724 523 809 553 istos
827 519 1091 562 prophanator-es
1145 520 1233 554 bella
1255 521 1366 553 armis.
1412 519 1499 551 Nihil
1523 519 1639 551 horum
1663 519 1739 551 iacit
1765 520 1927 553 Christus.
1969 521 2065 553 Novo
2089 528 2122 554 et

115 570 238 612 templi.
278 569 325 600 lta
346 568 465 600 Petrus
488 565 649 599 interfecit
672 565 834 597 Ananiam
861 569 951 595 motu
970 563 1091 595 divino.
1115 579 1122 823 ι
1144 565 1336 596 admirando
1359 564 1458 595 modo
1481 563 1566 605 gerit
1589 561 1727 601 bellum,
1756 562 1907 595 videlicet
1936 563 2120 606 spirituale:

116 614 207 646 Haec
230 618 281 644 est
299 612 403 653 prima
425 609 558 648 solutio,
583 618 667 651 quae
686 613 737 639 est
761 608 848 638 bona
871 612 903 638 et
925 616 1014 638 vera.
1145 607 1186 638 Et
1220 608 1275 638 dat
1302 616 1421 648 pacem
1443 617 1509 637 non
1538 606 1703 647 quomodo
1736 607 1877 638 mundus
1913 608 1977 638 dat.
2022 606 2123 639 Tollit

201 655 357 688 Secundo
381 660 492 694 potest
514 659 546 684 et.
568 651 632 683 hoc
656 651 734 682 dici:
769 649 923 681 Christus
971 649 1031 680 erit
1055 659 1093 680 se
1145 651 1226 680 iram
1239 649 1302 681 Dei
1325 655 1357 681 et
1379 648 1633 686 «lamnationem,
1657 655 1687 679 et
1708 649 1813 680 reddit
1837 650 1931 680 nobis
1955 656 2123 681 aeternam

115 700 170 731 hic
191 704 227 730 ut
249 697 320 729 Rex
342 696 507 738 legitimus
531 695 624 726 istius
654 691 783 735 populi,
819 693 880 724 etsi
913 702 955 723 no
973 692 1018 724 uit
1047 692 1093 723 uti
1146 693 1314 730 iustitiam,
1338 702 1424 734 quae
1445 690 1619 722 inchoatur
1642 692 1673 722 in
1697 692 1759 722 hac
1784 692 1867 729 vita,
1896 698 1928 722 et
1951 700 2123 733 praetcrea

117 748 254 774 externa
277 740 526 782 gubernatione,
549 737 702 769 excussis
727 735 895 766 Romanis.
1061 739 1066 745 '

202 783 269 816 Sed
293 783 380 814 addo
408 788 440 813 et
464 782 590 812 tertiam
615 778 829 811 solutionem:
861 778 1009 818 Quisque
1037 776 1093 808 ha·

119 829 174 859 bet
192 827 243 858 ius
268 824 463 857 defendendi
496 834 534 855 se
569 830 599 854 et
631 833 703 860 sua,
726 822 757 852 in
782 821 880 851 domo
911 830 982 858 sua,
1007 820 1093 851 sicut

117 867 344 902 Iurisconsulti
363 868 491 899 dicunt:
526 867 595 898 Sua
619 866 737 906 cuique
761 864 878 895 domus
909 863 1094 894 tutissimus

117 920 269 953 receptus
293 917 356 943 est.
391 911 425 942 Si
450 909 535 941 latro
559 909 754 949 irrumperet
776 907 808 937 in
832 907 962 937 domum
982 912 1093 946 pasto-

116 955 162 986 ris
185 953 335 992 alicuius,
358 959 449 984 recte
472 952 596 984 faceret
618 956 750 993 pastor,
778 949 806 980 si
825 950 922 980 etiam
945 958 1006 989 per
1029 949 1093 979 vim

117 1008 190 1029 eum
225 997 368 1029 eiiceret.
415 996 551 1026 Faceret
586 995 671 1024 enim
701 991 766 1023 hoc
799 997 958 1032 tanquam
986 997 1093 1032 pater-

117 1038 268 1071 familias.
314 1040 362 1070 lta
387 1037 540 1069 Christus
563 1037 617 1068 hic
640 1041 692 1067 est
720 1035 751 1065 in
776 1044 837 1066 sua
861 1035 978 1072 domo,
1008 1034 1093 1065 sicut

117 1084 235 1124 inquit:
268 1081 397 1114 Domus
432 1091 504 1112 mea
538 1080 654 1111 domus
688 1077 858 1108 orationis-
904 1076 981 1107 Ideo
1012 1077 1094 1107 iuste

117 1124 287 1157 ulciscitur
308 1124 457 1156 iniuriam
478 1122 598 1154 tactam
621 1118 751 1161 templo.
1147 1118 1299 1160 publica,
1334 1119 1418 1154 Quia
1451 1117 1576 1150 nullutn
1601 1118 1772 1160 Imperium
1807 1119 1906 1150 habet
1936 1126 2058 1150 certam
2093 1125 2126 1152 et

204 1167 318 1199 Redeo
341 1174 448 1197 autem
472 1165 514 1196 ad
536 1164 644 1195 locum
669 1163 709 1194 de
732 1172 836 1204 regno
851 1160 985 1199 Christi,
1006 1162 1094 1203 quod
1148 1163 1333 1194 diuturnam
1368 1163 1520 1203 quietem.
1565 1161 1632 1192 Aut
1661 1167 1794 1192 externa
1829 1168 1907 1192 sunt
1939 1161 2125 1202 latrocinia,

119 1208 217 1251 quale
229 1210 282 1246 sit,
299 1208 438 1250 pulchre
461 1207 605 1249 pingitur
629 1206 659 1236 in
680 1206 768 1237 dicto
783 1203 980 1236 Zachariae:
1005 1204 1094 1236 Ecce
1118 1212 1203 1250 saut
1227 1205 1401 1236 domestici
1423 1203 1600 1242 tumultus,
1630 1205 1749 1246 quibus
1779 1205 1952 1235 turbantur
1976 1205 2125 1245 imperia.

118 1253 188 1284 Rex
212 1258 288 1284 tuus
301 1252 388 1283 veuit
410 1251 466 1281 tibi
490 1250 596 1281 iustus
620 1259 679 1279 seu
702 1247 910 1286 iustificatum
934 1253 965 1278 et
984 1247 1094 1278 salva·
1118 1253 1122 1266 ¹
1149 1248 1385 1288 Sedimpriznis
1405 1249 1647 1290 gubernatores
1668 1257 1833 1288 nunquam
1853 1253 1930 1278 sur-t
1943 1248 2053 1289 quieti,
2073 1258 2127 1279 su·

117 1303 180 1333 tor,
201 1301 262 1326 etc.
307 1294 367 1326 Hic
391 1299 540 1324 teneatur
563 1291 707 1322 definitio
731 1291 824 1332 regni
850 1289 984 1328 Christi,
1007 1291 1094 1331 quod
1148 1292 1268 1322 stinent
1293 1300 1432 1332 magnos
1457 1289 1590 1321 labores
1614 1296 1647 1321 et
1669 1289 1828 1331 pericula,
1853 1291 1981 1321 etiamsi
2005 1291 2125 1322 subditi

116 1343 179 1376 est,
204 1337 283 1369 mitti
307 1347 380 1368 euin
400 1337 442 1367 ab
466 1335 556 1367 initio
580 1335 621 1366 ad
651 1332 855 1372 Ecclesiam,
890 1340 923 1365 ut
948 1333 1094 1374 proferat
1147 1334 1310 1366 interdum
1333 1334 1479 1365 habeant
1498 1332 1639 1374 aliquam
1663 1331 1944 1374 tranquillitatem.

116 1379 209 1412 Evan
237 1379 333 1411 elium
363 1389 404 1411 ex
427 1379 502 1410 sinu
525 1378 650 1409 aeterni
675 1377 793 1417 patris,
824 1375 961 1417 colligat
989 1382 1094 1407 aeter·
1233 1377 1276 1408 At
1301 1378 1333 1407 in
1357 1376 1480 1408 Christi
1504 1386 1609 1418 regno
1634 1381 1686 1407 est
1706 1386 1781 1417 pax,
1806 1375 1934 1407 scilicet
1946 1375 2127 1417 spiritualis

118 1433 191 1454 nam
213 1390 401 1454 {eclesiam
425 1431 507 1451 voce
530 1418 715 1462 Evangelii,
738 1418 853 1450 liberet
879 1430 951 1450 eam
975 1430 994 1450 a
1019 1429 1094 1459 pec·
1147 1427 1179 1451 ct
1202 1425 1347 1451 aeterna.
1383 1419 1451 1451 Sed
1474 1417 1652 1461 quomodo,
1677 1419 1781 1456 dices,
1805 1419 1957 1460 congruit
1977 1420 2041 1451 hoc
2054 1429 2127 1451 cum

118 1471 194 1497 cato
218 1471 249 1495 et
272 1470 389 1500 morte,
413 1464 511 1494 donet
534 1463 688 1493 iustitiam
713 1468 742 1492 et
768 1462 994 1492 remissionem
1018 1472 1093 1502 pec·
1147 1469 1235 1494 statu
1258 1461 1430 1493 Ecclesiae
1453 1463 1485 1493 in
1508 1462 1571 1493 hac
1595 1463 1681 1493 vita?
1727 1461 1937 1502 Respondeo.
1984 1461 2128 1503 Prophe-

118 1514 278 1544 catorum,
302 1506 443 1538 vivificet
470 1516 539 1535 eam
564 1505 640 1536 dato
665 1504 786 1545 Spiritu
810 1510 946 1542 sancto,
979 1511 1009 1534 et
1042 1514 1094 1535 as—

117 1555 224 1581 sumat
246 1548 420 1580 humanam
442 1553 610 1585 naturam,
634 1554 669 1577 ut
697 1547 739 1577 sit
761 1546 950 1587 redemptor
973 1553 1003 1577 et
1028 1544 1093 1577 sal-

118 1598 224 1630 vator,
242 1597 274 1622 et
295 1596 468 1632 protegat,
493 1588 664 1626 defendat,
689 1595 801 1620 servet
823 1588 1028 1627 Ecclesiam,
1063 1595 1091 1620 ct

1147 736 1203 766 dat
1225 733 1488 767 consolationem
1518 740 1551 765 et
1579 732 1732 765 laetitiam
1763 734 1793 764 in
1818 736 1994 773 aerumnis,
2013 742 2045 766 et
2068 736 2122 768 de-

1145 777 1330 809 fensionem
1352 787 1415 809 suo
1438 775 1576 809 mirabili
1602 776 1753 808 consilio.

1232 821 1342 862 Atque
1365 820 1448 851 haec
1479 825 1530 851 est
1552 830 1634 860 pax,
1667 830 1763 860 quam
1788 819 1888 850 donat
1911 821 2008 851 nohis
2032 819 2123 851 Chri-

1147 869 1231 895 stus.
1277 863 1355 894 ldeo
1380 869 1497 903 postea
1521 863 1625 903 inquit
1648 862 1849 893 Zacharias:
1872 861 2026 894 Abclebo
2052 874 2124 894 cur·

1148 917 1232 943 rum,
1257 911 1290 937 et
1312 916 1419 947 equos
1442 904 1558 936 tollam
1582 915 1622 936 ex
1646 903 1814 945 Ephraim,
1840 905 1870 936 id
1895 911 1964 944 est,
1988 916 2124 947 regnum

1148 948 1269 980 Christi
1303 959 1369 981 non
1404 948 1463 979 erit
1498 958 1637 990 regnum
1671 946 1857 988 politicum,
1891 959 1956 979 non
1992 947 2125 980 habebit

1146 1002 1238 1023 arina
1271 998 1303 1022 et
1326 991 1493 1033 praesidia
1516 991 1676 1028 humana,
1712 992 1784 1021 sine
1816 991 1934 1032 quibus
1958 1001 2025 1022 non
2048 1001 2125 1033 pos—

1148 1041 1225 1066 sunt
1249 1044 1326 1065 esse
1350 1044 1453 1076 regna
1478 1033 1621 1074 politica.

1235 1076 1332 1108 Plato
1357 1082 1448 1108 recte
1471 1077 1562 1108 dicit:
1587 1076 1656 1107 Pax
1680 1082 1732 1106 est
1754 1076 1850 1107 inane
1874 1086 1992 1107 nomen
2016 1078 2048 1108 in
2064 1076 2124 1109 Re-

1147 1511 1200 1536 tae
1225 1505 1355 1545 qvando
1382 1505 1621 1536 concionantur
1644 1504 1684 1535 de
1708 1513 1812 1545 regno
1828 1503 1963 1542 Christi,
1989 1503 2127 1546 loquun-

1147 1554 1198 1579 tur
1217 1548 1258 1578 de
1279 1554 1507 1578 consummato
1522 1547 1694 1584 beneficio,
1718 1554 1748 1577 et
1763 1547 1941 1587 respiciunt
1953 1547 1993 1578 ad
2006 1554 2128 1580 statum

1147 1591 1233 1621 vitae
1248 1596 1414 1621 aeternae.
1439 1589 1485 1621 lbi
1498 1590 1644 1621 fruemur
1661 1588 1747 1627 luce,
1761 1590 1933 1629 sapientia,
1946 1591 2080 1629 iustitia,
2098 1597 2130 1622 et

115 1640 294 1666 conservet
317 1633 531 1664 ministerium
546 1630 731 1673 Evangelii,
755 1638 786 1662 et
810 1632 927 1662 deinde
951 1632 1095 1663 resusci·
1147 1632 1269 1664 laetitia
1291 1643 1456 1674 nunquam
1480 1633 1637 1664 desitura.
1672 1631 1718 1663 l'oi
1736 1637 1767 1663 et
1785 1638 1956 1672 peccatum
1968 1639 2001 1664 et
2014 1643 2129 1666 omnes

116 1683 161 1709 tet
183 1684 350 1711 mortuos,
385 1686 426 1707 ac
448 1675 568 1706 vestiat
597 1684 655 1705 eos
679 1684 767 1705 nova
790 1680 924 1712 natura,
954 1674 1095 1706 adducat
1148 1685 1276 1717 poenae
1301 1682 1511 1715 peccatorum
1537 1676 1725 1706 cessabunt.
1772 1675 1845 1706 Non
1881 1683 1976 1706 erunt
2007 1677 2128 1717 cupidi-

115 1718 300 1752 Ecclesiam
319 1719 359 1750 ad
384 1725 553 1750 aeternum
576 1725 715 1758 patrem,
733 1723 768 1748 ut
790 1723 909 1757 postea
936 1717 979 1748 sit
1001 1716 1095 1748 Deus
1148 1723 1232 1749 tates
1255 1718 1415 1758 privatae,
1440 1728 1480 1749 ex
1504 1719 1624 1759 quibus
1648 1717 1794 1748 oriuntur
1819 1718 1966 1748 dissidia.

118 1763 227 1795 omnia
249 1762 281 1793 in
305 1761 457 1794 omnihus
480 1760 595 1792 beatis,
1136 1795 1142 1800 ,
1236 1759 1364 1791 lnterea
1392 1766 1501 1792 tamen
1532 1761 1564 1791 in
1587 1760 1651 1791 hac
1673 1760 1740 1791 vita
1775 1759 1808 1791 fit
1831 1759 1995 1791 inchoatio
2024 1762 2126 1802 pacis,

202 1805 293 1837 Haec
334 1804 480 1836 definitio
527 1802 773 1844 comprehendit
819 1808 921 1833 totum
964 1811 1096 1835 cursum
1150 1802 1269 1834 Servat
1304 1802 1458 1834 Christus
1489 1813 1610 1845 corpus
1644 1801 1834 1841 Ecclesiae,
1864 1803 1990 1834 etiamsi
2020 1803 2130 1846 aliqua

117 1849 208 1891 regni
232 1847 372 1885 Christi,
394 1847 470 1878 inde
492 1856 597 1887 usque
629 1846 669 1876 ah
700 1845 789 1876 initio
813 1846 937 1886 primae
967 1846 1096 1877 missio-
1149 1847 1294 1877 membra
1316 1846 1563 1878 interficiantur.
1609 1846 1777 1878 sustentat
1798 1847 1872 1887 pios
1890 1847 1922 1877 in
1947 1847 2061 1878 mediis
2082 1846 2129 1879 af-

116 1892 178 1922 nis.
223 1891 283 1922 Est
301 1891 386 1921 enim
409 1895 567 1932 perpetua
590 1888 745 1921 collectio
770 1887 942 1919 Ecclesiae
962 1895 991 1919 et
1016 1887 1096 1920 libe-
1149 1889 1361 1927 ssictionibuS‚
1382 1888 1574 1921 consolatur
1598 1890 1711 1927 corda,
1734 1888 1836 1921 flectit
1859 1890 1986 1920 animos
2005 1890 2048 1921 ad
2061 1896 2129 1921 stu-

1150 1933 1237 1963 dium
1267 1933 1479 1970 concordiae,
1514 1931 1658 1964 defendit
1686 1942 1766 1963 suos
1802 1939 1918 1963 contra
1952 1931 2127 1964 diabolum.

1148 1974 1202 2006 De
1225 1974 1289 2006 hac
1308 1986 1391 2016 pace
1404 1976 1537 2006 dicitur:
1562 1975 1730 2006 iustificati
1751 1975 1815 2007 fide
1832 1986 1949 2016 pacem
1969 1976 2127 2007 habemus

1150 2028 1224 2049 cum
1260 2018 1343 2049 Deo.
1396 2018 1448 2057 Et,
1483 2028 1546 2060 pax
1579 2018 1641 2049 Dei
1677 2019 1836 2060 gubernet
1872 2018 1972 2049 corda
2003 2024 2128 2057 vestra,

1149 2071 1233 2103 quae
1256 2068 1390 2102 superat
1414 2071 1542 2092 omnem
1562 2070 1708 2092 sensum.

1235 2103 1295 2134 Est
1318 2111 1350 2135 et
1379 2104 1443 2135 hoc
1467 2105 1649 2135 membrum
1679 2104 1756 2135 dicti
1781 2103 1964 2135 Zachariae
1995 2105 2126 2146 opposi-

1148 2153 1216 2178 tum
1240 2147 1462 2189 imaginationi
1493 2147 1534 2178 de
1557 2157 1659 2189 regno
1688 2147 1838 2188 politico:
1877 2146 1924 2177 Τπ
1953 2147 2067 2179 educes
2093 2149 2128 2190 ίῃ

1149 2191 1304 2231 sanquine
1325 2189 1522 2221 'lbstamezm’
1542 2191 1590 2220 tm?
1610 2191 1733 2221 vinctos
1755 2191 1795 2221 de
1817 2191 1902 2227 lacu,
1926 2190 1956 2220 in
1980 2200 2042 2231 qno
2064 2199 2128 2223 mm

118 1935 201 1966 ratio
226 1933 426 1964 credentium
450 1943 470 1963 a
493 1939 634 1973 peccato
658 1938 688 1963 et
712 1937 828 1969 morte,
853 1938 885 1962 et
908 1932 1095 1963 sanctitica-

118 1977 163 2009 tio
187 1986 248 2018 per
271 1976 426 2017 Spiritum
457 1982 628 2013 sanctum,
660 1981 691 2006 et
719 1975 855 2005 assidua
884 1973 1035 2006 defensio
1064 1982 1095 2005 et

119 2020 313 2061 gubernatio
338 2017 526 2055 Ecclesiae,
556 2018 663 2049 donec
687 2019 817 2049 tandem
841 2017 898 2048 fiat
917 2018 1094 2049 resuscita-

118 2063 162 2093 tic
186 2060 397 2099 universalis,
421 2067 451 2092 et
475 2059 673 2102 glorificatio
693 2059 872 2093 electorum
895 2061 928 2091 in
952 2061 1019 2092 vita
1042 2071 1095 2091 ae-

119 2112 222 2136 terna.
285 2104 376 2135 llaec
419 2103 580 2134 beneficia
617 2105 781 2144 pertinent
826 2104 869 2135 ad
910 2102 1095 2134 Ecclesiam

119 2148 260 2179 omnium
283 2154 476 2187 temporum.
523 2146 588 2177 Sed
612 2147 793 2187 assumptio
816 2147 979 2177 humanae
1002 2153 1096 2178 natu-

119 2200 192 2228 rae,
225 2195 258 2221 et
291 2199 375 2230 opus
399 2189 648 2231 redemptionis,
677 2196 709 2221 et
736 2196 813 2232 post
840 2188 1096 2221 humiliationem

119 2231 272 2264 exaltatio
295 2232 338 2263 ad
362 2232 508 2263 dextram
533 2232 637 2272 patris
655 2233 686 2264 in
705 2239 821 2265 natura
834 2239 1005 2274 assumpta
1019 2238 1093 2264 sunt

119 2277 199 2308 certi
222 2275 390 2315 temporis.

203 2318 256 2349 De
278 2316 502 2349 humiliatione
531 2316 675 2358 loquitur
698 2318 889 2356 Zacharias,
914 2328 987 2350 cum
1007 2319 1096 2356 dicit,

118 2361 261 2393 futurum
283 2371 360 2392 esse
383 2370 573 2401 pauperem,
595 2361 683 2401 quod
706 2361 738 2392 in
761 2367 851 2393 textu
863 2360 1022 2392 Matthaei
1044 2368 1095 2392 est

118 2410 321 2442 mansuetus,
345 2413 402 2435 seu
426 2405 538 2448 πρᾷοςε
567 2402 650 2438 Quia
674 2405 805 2445 quando
830 2403 948 2445 aliquis
973 2410 1023 2436 est
1047 2402 1095 2435 as-

120 2447 230 2478 ssictus
254 2445 306 2478 vel
328 2456 465 2487 pauper,
488 2456 554 2477 non
578 2453 629 2477 est
651 2447 695 2477 ita
719 2445 843 2486 elutus,
867 2457 974 2489 neque
1005 2447 1094 2488 cupi·
1236 2447 1287 2479 De
1322 2448 1386 2479 l=0e
1421 2449 1582 2490 sanguine
1619 2446 1795 2488 loquuntur
1828 2447 1924 2477 etiam
1958 2446 2123 2487 Apostoli.

121 2490 277 2521 ditatibus
300 2490 369 2521 suis
392 2488 553 2531 indulget,
577 2490 850 2531 quemadmodum
865 2489 992 2522 faciunt
1014 2491 1094 2521 divi·
1147 2490 1313 2523 iustificati
1337 2491 1500 2532 sanguine
1525 2491 1612 2527 eius.
1643 2489 1743 2530 inquit
1768 2489 1912 2528 Paulus,
1936 2487 2124 2531 intelligens

120 2539 183 2564 (ὅ.
228 2531 262 2563 ln
287 2530 428 2563 Psalmis
451 2533 575 2573 passim
595 2532 725 2573 ponitur
751 2539 942 2565 mansuetus
965 2544 1025 2575 pro
1048 2531 1095 2564 af·
1148 2539 1251 2565 totam
1275 2535 1492 2566 obedientiam
1517 2534 1548 2563 in
1573 2533 1729 2573 passione
1752 2538 1784 2563 et
1804 2538 1928 2570 morte,
1958 2541 2042 2573 quae
2073 2537 2125 2564 est

121 2575 211 2607 ssicto
233 2584 293 2606 seu
315 2575 445 2606 misero.
490 2574 558 2606 sed
582 2574 734 2606 Hebraea
759 2586 828 2608 vox*
847 2576 926 2608 Abin·
945 2577 1097 2618 congruit
1149 2577 1276 2609 sancitu
1298 2577 1467 2619 sanguine.
1504 2576 1666 2606 lohannes
1689 2576 1808 2616 inquit:
1827 2575 1972 2617 Sanguis
1990 2574 2046 2606 filii
2059 2574 2123 2606 Dei

121 2619 164 2650 ad
186 2615 415 2649 afflictionem:
438 2616 479 2648 Et
502 2616 655 2650 Christus
681 2618 798 2650 dicitur
819 2629 959 2660 pauper,
982 2620 1014 2651 id
1033 2626 1098 2657 est,
1149 2619 1223 2652 lesu
1247 2619 1369 2652 Christi
1393 2619 1544 2661 purificat
1567 2627 1629 2649 nos
1659 2618 1702 2649 ab
1724 2616 1811 2649 omni
1834 2623 1983 2658 peccato.
2029 2615 2124 2649 intel-

1149 2237 1195 2264 est
1219 2243 1316 2274 aqua.
1361 2233 1515 2264 Nominat
1539 2234 1731 2274 sanguinem
1755 2232 1971 2271 Testamenti,
1995 2234 2126 2275 sangui·

1148 2286 1223 2307 nem
1247 2275 1405 2314 messiae,
1425 2277 1465 2307 de
1489 2286 1555 2317 quo
1579 2275 1679 2307 Pater
1702 2274 1779 2307 fecit
1804 2275 2047 2307 Testamentum
2066 2286 2126 2308 seu

1149 2317 1279 2356 foedus,
1304 2320 1391 2360 quod
1415 2325 1551 2360 propter
1581 2319 1652 2350 eius
1681 2318 1896 2349 obedientiam
1927 2324 1959 2349 et
1987 2324 2125 2351 mortem

1148 2361 1227 2393 velit
1250 2372 1311 2393 nos
1332 2363 1491 2404 recipere,
1511 2362 1676 2393 remittere
1699 2366 1850 2402 peccata,
1875 2361 2014 2393 reddere
2036 2363 2124 2393 iusti-

1147 2406 1231 2436 tiam·
1248 2412 1281 2436 et
1304 2406 1403 2436 vitam
1426 2412 1604 2436 aeternam.
