2324 2958
61 197 126 231 493

63 298 100 367 gt
120 293 163 324 ab
185 290 312 323 insidiis
339 287 474 322 Diaboli
502 295 564 320 nos
586 285 724 325 liberet,
752 291 905 329 protegat
926 291 959 318 et
981 296 1037 329 gu-

88 341 192 368 ernet-

246 498 365 541 Unde
398 504 460 539 est
487 510 636 539 nomen
665 493 858 537 Diaboli?

150 590 182 623 A
204 589 390 631 διαβάλλειν,
419 588 507 630 quod
529 586 696 630 significat
724 585 870 624 disiicio,
899 585 950 617 ich
971 595 1039 617 zer-

67 634 183 672 reisse,
205 639 239 664 et
262 631 453 664 calumnior.
487 629 622 671 διαβολῆ,
644 635 696 661 est
720 627 893 667 calumnia,
917 635 950 660 et
973 627 1038 660 διε-’-

65 678 165 718 βολος,
184 674 409 707 calumniator.
452 673 558 705 Recte
575 673 728 704 tribuitur
750 671 816 703 hoc
835 682 953 703 nomen
968 671 1040 713 Spi-

65 720 140 751 ritui
163 719 324 756 mendaci,
347 718 423 759 quia
445 717 517 748 eius
539 716 708 757 proprium
732 721 794 752 est,
817 719 889 746 arte
912 720 1039 756 pertur-

65 762 147 794 bare
169 768 260 793 recte
283 761 386 798 dicta,
411 765 442 791 et
466 759 695 791 contradicere
718 758 856 789 veritati.

152 803 213 836 Est
234 804 321 846 apud
344 801 611 843 Aristophanem,
633 799 829 833 vocabulum
852 798 1040 839 ᾰιτιλογικός,

67 848 108 879 de
130 857 170 879 eo
201 848 254 889 qui
284 855 414 886 semper
441 842 569 886 profert
596 843 736 885 aliquid,
769 849 804 875 ut
834 842 1040 875 contradicat

67 889 203 922 veritati.
249 888 291 920 Et
313 888 399 929 apud
428 887 568 919 eundem
597 887 674 918 dicit
698 886 844 928 quidam:
871 885 1041 924 ἐπεθύμουν

66 931 183 963 ἅπαντα
205 935 269 967 ταῖς
301 933 445 967 ἐναντίαις
478 930 611 970 γνώμαις
644 929 830 971 συνταράξαι.
887 929 960 969 Ayo
982 926 1042 959 hoc

65 984 207 1015 semper,
229 978 264 1006 ut
286 974 464 1005 contrariis
485 973 651 1005 sententiis
672 970 874 1012 labefactem,
896 981 979 1012 quae
1001 970 1042 1002 ab

65 1018 142 1050 aliis·
163 1018 324 1049 dicuntur.
375 1016 473 1048 Tales
503 1021 579 1047 sunt
601 1014 709 1053 multi,
739 1016 793 1056 qui
817 1019 932 1056 putant
954 1024 1042 1046 sum-

65 1071 151 1092 mam
174 1060 369 1102 sapientiam
392 1069 482 1097 esse,
500 1069 631 1100 semper
653 1058 893 1095 contradicere,
911 1062 944 1088 et
964 1066 1042 1087 con-

67 1104 200 1134 turbare
222 1109 312 1134 recte
327 1102 430 1140 dicta.
482 1102 547 1134 Sed
578 1101 643 1133 hoc
665 1107 715 1132 est
737 1100 906 1141 proprium
928 1099 1042 1130 vitium

66 1144 211 1177 Diaboli.
272 1145 342 1177 Nos
376 1146 509 1176 inventa
543 1144 682 1176 veritate
716 1143 874 1174 debemus
910 1142 1042 1184 acquie-

69 1198 180 1223 scere,
203 1199 269 1219 non
291 1198 478 1229 repugnare
501 1187 639 1218 veritati.

152 1229 284 1262 Diaboli
314 1236 366 1261 est
393 1230 640 1267 contradicere,
671 1233 707 1260 ut
734 1228 865 1270 quando
888 1227 985 1259 Deus
1007 1228 1041 1258 in

65 1274 222 1314 paradiso
246 1273 325 1304 dixit
347 1273 389 1304 ad
412 1273 537 1314 primos
559 1272 726 1303 homines:
772 1270 968 1312 Quocunque
990 1271 1043 1302 die

66 1316 269 1348 comederitis
301 1316 341 1347 de
376 1316 496 1347 arbore
523 1315 602 1353 hac,
637 1314 829 1346 moriemini:
864 1324 935 1345 mox
956 1315 1043 1345 venit

64 1358 225 1390 Diabolus
248 1363 278 1390 et
301 1359 510 1396 contradicit,
530 1357 743 1399 Nequaquam
766 1357 962 1394 moriemini,
984 1356 1042 1388 sed

65 1402 158 1433 aitis
175 1403 257 1433 sicut
275 1401 345 1432 Dii.
390 1401 532 1432 loannes
550 1401 668 1441 inquit:
697 1399 830 1430 Verbum
849 1403 923 1431 erat
939 1399 1042 1430 Deus.

66 1443 133 1476 Sed
167 1444 406 1476 samosatenus
446 1444 626 1484 corrumpit
658 1443 723 1474 hoc
757 1442 893 1473 dictum:
933 1442 1042 1483 Negat

66 1488 203 1518 verbum
237 1496 314 1518 esse
348 1496 535 1527 personam.
587 1484 738 1517 Christus
765 1485 885 1526 inquit:
935 1483 1044 1516 Venite

66 1530 112 1561 ad
133 1539 181 1561 me
203 1539 327 1566 omues,
351 1534 415 1560 etc.
460 1527 623 1560 Diabolus
647 1533 778 1559 contra:
809 1526 858 1558 Tu
881 1537 947 1559 non
969 1538 1041 1568 per-

65 1572 151 1603 tines
173 1572 215 1602 ad
238 1571 326 1602 hanc
348 1572 618 1612 promissionem,
648 1571 724 1613 quia
752 1581 818 1602 non
843 1580 879 1602 es
904 1569 1042 1608 electus,

65 1619 121 1646 aut
142 1624 209 1645 non
233 1624 269 1645 es
293 1614 423 1655 dignus,
447 1615 499 1646 cui
522 1615 728 1646 remittantur
746 1619 894 1655 peccata.
942 1613 1043 1644 Deni-

66 1667 129 1699 que
161 1655 242 1688 nihil
270 1667 336 1688 non
368 1655 583 1688 calumniatur
611 1655 794 1688 Diabolus:
826 1655 868 1687 Et
890 1656 946 1697 qui
970 1666 1043 1687 eum

66 1706 266 1741 sequuntur,
290 1697 439 1730 similiter
461 1705 654 1741 pervertunt
676 1699 848 1730 veritatem
872 1698 1024 1729 divinam.

152 1742 278 1773 Nomen
291 1741 537 1774 calumniatoris
557 1747 609 1773 est
628 1752 649 1774 a
666 1744 774 1780 καλεῖν,
787 1742 820 1772 id
836 1747 898 1779 est,
918 1751 1042 1773 vocare

67 1787 99 1816 in
127 1785 299 1823 iudicium,
331 1791 367 1816 ut
396 1786 437 1816 sit
461 1784 693 1823 calumniator,
729 1785 783 1826 qui
808 1784 848 1815 de
871 1784 973 1815 rebus
995 1784 1043 1815 ni-

66 1825 122 1858 hili
145 1826 286 1869 aliquem
314 1828 346 1859 in
378 1827 530 1859 iudicium
560 1834 670 1859 vocat.
727 1828 794 1859 Sed
829 1827 934 1869 magis
966 1826 1042 1859 mihi

66 1869 175 1912 placet
202 1869 306 1901 altera
339 1869 566 1913 Etymologia,
598 1881 662 1913 qua
697 1871 864 1902 derivatur
897 1871 1043 1902 vocabu-

66 1912 133 1945 lum
156 1923 176 1944 a
198 1913 304 1951 καλὸν,
326 1913 358 1944 id
382 1919 450 1950 est,
472 1914 601 1951 bonum,
630 1919 663 1944 et
682 1915 800 1952 μειοῦν,
829 1914 985 1951 minuere,
1009 1913 1041 1944 id

67 1962 138 1993 (m,
160 1967 244 1998 quae
267 1962 358 1987 recte
381 1956 468 1987 dicta
489 1963 523 1987 et
550 1956 638 1988 facta
661 1962 754 1995 sunt,
784 1957 907 1997 probro
931 1955 1040 1998 aliquo

67 1998 213 2031 afficere.
260 1998 418 2031 Salomon
442 1999 560 2040 inquit:
591 1999 759 2031 Calumm'a
787 1999 958 2031 conturbat
988 2009 1040 2030 sa-

63 2043 200 2083 pientem
229 2046 258 2073 et
284 2040 415 2083 franyz‘t
437 2043 540 2073 robur
562 2043 672 2073 cordis
693 2043 771 2074 eius.
815 2042 890 2073 Non
915 2043 1039 2074 dubite-

65 2096 150 2123 mus,
170 2085 246 2126 quin
269 2084 363 2116 Deus
387 2085 598 2116 vehementer
620 2086 724 2116 oderit
748 2085 943 2123 calumnias,
963 2085 1040 2126 quia

65 2134 117 2159 εἰ
134 2138 249 2159 ainans
268 2128 428 2166 veritatis,
447 2134 479 2159 et
499 2137 577 2159 osor
599 2128 776 2165 mendacii3
800 2133 833 2159 et
856 2127 1038 2159 calumniae

66 2176 154 2221 sunt.
171 2171 302 2211 peiores
331 2170 528 2209 mendaciis,
559 2171 633 2212 quia
661 2170 742 2202 fiunt
763 2171 903 2213 quadam
927 2169 1039 2202 fucata

64 2223 184 2255 specie.

149 2256 184 2288 ln
207 2257 271 2288 isto
295 2263 386 2288 textu
409 2262 459 2287 est
483 2256 580 2287 etiam
599 2255 796 2288 vocabulum
814 2256 1037 2297 blasphemiae.

65 2298 226 2331 Differunt
249 2305 357 2331 autem
382 2302 516 2340 λοιοορία
540 2305 572 2330 et
588 2298 769 2340 βλαςφημία.
814 2299 963 2342 Λοιδορία
986 2305 1038 2330 est

64 2341 263 2374 vocabulum
294 2341 471 2385 generale,
505 2341 698 2383 significans
728 2342 911 2374 convicium
935 2343 1037 2383 quod-

66 2395 213 2427 cunque,
247 2391 281 2417 ut
315 2396 387 2416 cnm
422 2384 572 2416 homines
605 2385 690 2416 inter
722 2395 759 2416 se
793 2385 1037 2417 conviciantur:

66 2428 126 2459 sed
157 2430 325 2469 βλαςφημία
359 2434 410 2459 est
441 2429 639 2465 convicium,
672 2429 804 2469 proprie
835 2435 951 2460 contra
981 2438 1036 2459 res

66 2479 200 2509 sacras,
224 2481 284 2504 seu
307 2469 502 2503 contumelia
526 2471 686 2502 adversus
710 2471 834 2508 Deum,
868 2472 936 2501 eine
958 2471 1036 2503 Got-

66 2513 283 2555 teslesteruny.
328 2514 477 2546 Latinum
500 2524 621 2545 nomen
644 2512 769 2546 nu=llum
789 2519 851 2552 est,
868 2514 931 2545 nisi
952 2513 1036 2545 velis

65 2555 191 2594 dicere,
215 2557 380 2597 imyn'etas,
412 2555 465 2588 vel
495 2558 708 2598 sacm‘leqium.
765 2557 832 2589 Sed
860 2555 922 2588 hae
957 2568 1036 2599 quo-

65 2609 129 2639 que
152 2609 253 2631 voces
276 2598 443 2642 aliquanto
468 2599 694 2642 generaliores
716 2605 802 2631 sunt.

151 2641 312 2683 Cynesias
350 2642 487 2674 Athenis
522 2642 709 2674 celebrabat
749 2641 836 2674 festa
870 2643 1035 2674 contraria

745 190 963 225 POS‘l'ILLA
985 189 1381 224 MELANTHONIANA.

1998 190 2062 223 494

1296 283 1379 316 Cum
1413 283 1468 316 alii
1500 283 1588 317 laeta
1620 283 1707 317 festa
1737 283 1962 323 celebrarent,
1990 285 2063 326 ime

1862 327 1975 359 Voluit
1997 327 2062 359 hoc

1086 283 1240 327 publicis.

1087 327 1174 360 festa
1197 333 1401 360 mortuorum
1416 327 1574 369 agitabat,
1593 334 1625 359 et
1642 339 1660 359 e
1689 335 1815 360 contra.

1087 371 1186 404 modo
1220 371 1371 403 deridere
1403 379 1512 402 sacra.
1567 369 1748 412 Dionysius
1777 371 1916 403 detraxit
1941 369 2064 413 pallam

1087 424 1219 446 auream
1243 419 1372 445 statuae
1401 412 1506 452 lovis,
1535 413 1704 455 inquiens,
1731 414 1810 446 Eam
1829 414 1922 445 oneri
1941 423 2010 445 esse
2030 415 2064 445 in

1088 461 1180 489 aestu
1207 461 1240 489 et
1262 452 1465 498 friyefacere
1492 457 1527 487 in
1555 456 1661 488 hieme.
1717 456 1786 487 Hae
1809 462 1886 488 sunt
1908 455 2063 498 blasphe-

1088 501 1188 538 miae,
1211 501 1244 531 id
1266 505 1336 537 est,
1368 499 1537 537 convicia,
1566 509 1650 540 quae
1679 499 1759 530 fiunt
1781 500 1965 531 iuunediate
1988 509 2064 531 con-

1089 549 1140 575 tra
1163 542 1271 574 Deum
1295 540 1348 573 vel
1371 549 1488 573 contra
1511 552 1618 573 sacra.

1176 584 1276 617 Tales
1306 591 1383 617 sunt
1411 585 1509 616 etiam
1538 594 1652 615 omnes
1683 583 1867 625 Epicureae
1890 590 1923 615 et
1945 583 2065 627 Cyclo-

1089 629 1185 671 picae
1207 638 1320 661 voces.
1376 627 1455 659 ltem
1478 627 1726 664 execrationes,
1745 628 1863 668 quibus
1892 627 2066 659 invocatur

1089 672 1183 704 Deus
1207 672 1248 702 ad
1272 669 1511 702 contumeliam.
1567 668 1776 701 Vocabulum
1805 670 1911 710 ipsum
1935 670 2066 701 deduci-

1091 722 1144 746 tur
1165 725 1186 746 a
1207 713 1300 755 βλάξ,
1323 713 1449 755 βλακὸς,
1473 713 1505 744 id
1529 719 1597 751 est,
1621 713 1790 753 stupidus,
1815 718 1847 743 et
1869 715 1956 752 φημὶ,
1979 713 2066 750 dico,

1091 758 1168 799 quia
1190 758 1222 788 in
1245 756 1301 788 tali
1325 755 1522 788 contumelia
1539 755 1633 787 Deus
1656 756 1778 796 probro
1800 753 1953 793 afficitur,
1972 755 2067 796 quasi

1092 801 1134 831 sit
1166 800 1337 840 stupidus,
1369 805 1426 830 aut
1454 797 1585 837 fatuus,
1619 804 1675 830 aut
1703 798 1798 839 quasi
1825 808 1965 839 prorsus
1987 796 2066 829 nihil

1093 843 1135 874 sit
1157 842 1261 874 Deus.
1670 855 1672 857 ’

1179 884 1374 927 Oppositum
1397 882 1595 916 vocabulum
1617 889 1668 915 est
1691 883 1841 924 εὐφημία,
1865 883 1897 914 id
1921 888 1984 921 est,
2007 883 2068 914 be-

1092 928 1255 967 nedictio,
1289 931 1387 959 etwas
1411 931 1486 969 yats
1513 927 1614 958 reden
1639 927 1706 957 und
1734 926 1923 957 wuntscleen.
1969 926 2067 967 Apud

1093 970 1266 1002 Platonem
1299 977 1352 1002 est
1385 971 1417 1001 in
1449 970 1516 1002 vita
1550 969 1699 1001 Socratis
1733 970 1774 1000 de
1808 969 1912 1009 ipsius
1946 974 2067 1000 morte:

1094 1013 1233 1054 Oportet
1255 1015 1340 1045 mori
1363 1024 1431 1044 cam
1454 1013 1537 1045 bona
1558 1013 1763 1054 precatione:
1796 1013 1853 1042 Δεῖ
1877 1015 1906 1043 ἐν
1935 1011 2068 1056 εὐφημίᾳ

1092 1058 1238 1088 τελευτᾶν.
1271 1057 1411 1088 Sinister
1422 1055 1508 1087 latro
1521 1057 1659 1088 moritur
1671 1066 1744 1086 cum
1758 1053 1886 1086 fremitu
1905 1055 2068 1086 adversus

1093 1099 1201 1131 Deum
1223 1106 1388 1141 tamquam
1416 1098 1640 1139 blasphemus,
1697 1097 1838 1135 Contra,
1872 1096 1957 1129 latro
1991 1107 2070 1129 con-

1094 1153 1213 1174 versus
1243 1143 1381 1174 moritur
1411 1153 1483 1173 cum
1506 1141 1658 1186 εὐφημίᾳς
1717 1142 1786 1178 uia,
1820 1141 1874 1172 ubi
1898 1140 1983 1172 fides
2006 1146 2070 1178 est,

1093 1186 1220 1217 ibi-cor
1237 1186 1371 1217 invocat
1394 1184 1522 1223 Deum,
1547 1191 1579 1215 et
1603 1195 1674 1216 eum
1693 1152 1820 1216 iaudat.
1866 1184 1963 1224 Apud
1991 1182 2069 1214 Eth-

1093 1229 1207 1267 nicos,
1242 1229 1373 1270 quando
1403 1227 1502 1259 fiebat
1527 1228 1650 1259 initium
1674 1226 1847 1265 sacrificii,
1881 1227 1983 1257 tiebat
2005 1226 2071 1257 hoc

1092 1272 1321 1313 praeconium:
2054 1275 2059 1278 “

1180 1313 1245 1355 ἱερά
1267 1317 1360 1353 λέγειν
1381 1316 1433 1344 καὶ
1455 1313 1521 1355 ἱεροὶ
1544 1313 1698 1354 nozizlav:
1722 1313 1787 1344 hoc
1810 1319 1880 1350 est,

1207 1357 1334 1388 Mando
1356 1357 1464 1388 dicere
1486 1361 1617 1394 sam-ta,
1641 1360 1670 1386 et
1689 1353 1804 1395 facere
1826 1358 1950 1386 sancta.

1411 1523 1508 1562 Loci
1541 1521 1757 1562 doctrinae.

1179 1612 1272 1645 Haec
1307 1612 1475 1645 sufficiant
1511 1613 1552 1644 de
1582 1611 1773 1650 vocabulis,
1830 1623 1944 1645 uorum
1967 1612 2068 1655 expli-

1094 1656 1179 1687 catio
1202 1655 1311 1688 multis
1334 1657 1481 1688 historiis
1505 1655 1613 1687 lucem
1642 1654 1760 1687 adfert.
1840 1662 1985 1688 aeterum
2012 1667 2068 1688 res

1094 1700 1254 1730 maximae
1279 1706 1311 1730 et
1341 1698 1562 1739 amplissimae
1585 1699 1793 1730 continentur
1814 1699 1847 1730 in
1870 1698 1934 1730 hac
1956 1709 2068 1731 narra-

1093 1742 1191 1773 tione.
1247 1742 1318 1773 Nos
1353 1741 1506 1773 volumus
1543 1751 1600 1772 eas
1631 1742 1744 1782 partiri
1780 1741 1811 1772 in
1847 1748 1989 1783 quatuor
2021 1741 2068 1775 lo-

1094 1795 1154 1816 cos
1177 1785 1384 1826 insigniores
1429 1785 1452 1816 l.
1477 1790 1531 1816 est.
1551 1785 1591 1816 de
1614 1784 1795 1816 differentia
1824 1784 2066 1817 miraculorum.

1093 1827 1130 1858 11.
1161 1827 1212 1858 De
1236 1830 1359 1859 unitate
1378 1827 1561 1860 Ecclesiae.
1607 1829 1652 1859 111.
1678 1828 1718 1858 de
1737 1828 1923 1860 discrimine
1942 1835 1974 1859 et
1992 1839 2067 1871 gra-

1093 1871 1188 1902 dibus
1213 1877 1436 1912 peccatorum.
1484 1870 1538 1901 lv.
1563 1871 1604 1902 de
1627 1869 1777 1911 lapsibus
1801 1880 2048 1903 conversorum.

1179 1913 1249 1945 Hae
1283 1920 1359 1945 sunt
1393 1915 1549 1945 materiae
1578 1912 1776 1955 principales
1804 1914 1836 1945 in
1866 1915 1930 1945 isto
1962 1920 2066 1947 textu:

1093 1967 1290 1998 quamquam
1313 1956 1398 1988 aliae
1422 1958 1517 1988 etiam
1541 1955 1700 1997 plurimae
1729 1955 1824 1987 simul
1853 1958 2067 1999 comprehen-

1092 2000 1229 2037 duntur,
1270 2001 1355 2031 sicut
1395 2010 1495 2041 saepe
1530 1998 1626 2030 soleo
1661 1999 1791 2037 dicere,
1832 2006 1954 2032 tantam
1989 2011 2066 2032 esse

1091 2041 1334 2083 amplitudinem
1370 2044 1402 2074 in
1437 2041 1576 2083 singulis
1611 2041 1809 2074 lectionibus
1842 2042 2064 2085 Evangelicis,

1091 2092 1125 2116 ut
1149 2096 1244 2117 nemo
1267 2087 1375 2127 possit
1397 2084 1641 2127 amplitudinem
1666 2084 1754 2116 illam
1774 2085 1958 2117 exhaurire.
1997 2086 2065 2118 Ma-

1089 2129 1190 2160 teriae
1213 2129 1309 2160 etiam
1333 2130 1425 2170 ipsae
1448 2136 1513 2160 tam
1536 2134 1612 2160 sunt
1636 2139 1774 2170 magnae
1802 2138 1832 2160 ct
1858 2140 1997 2171 graves,
2030 2135 2066 2161 ut

1090 2182 1155 2202 non
1180 2173 1285 2212 possit
1309 2172 1391 2203 satis
1415 2172 1480 2204 dici
1503 2172 1544 2203 de
1568 2171 1608 2203 iis
1631 2182 1710 2212 prae
1734 2172 1967 2213 magnitudine.

1253 2338 1316 2379 De
1348 2338 1573 2379 discrimine
1605 2337 1894 2378 miraculorum.

1174 2427 1316 2460 Primum
1340 2429 1455 2471 igitur,
1478 2429 1565 2470 quod
1590 2428 1630 2459 ad
1655 2427 1867 2459 differentiam
1890 2427 2061 2460 miraculo-

1087 2482 1160 2503 rum
1191 2473 1324 2511 attinet,
1359 2473 1523 2509 sciamus,
1559 2471 1646 2512 quod
1679 2470 1771 2502 Deus
1795 2471 1870 2503 inde
1891 2482 1998 2513 usque
2019 2474 2061 2504 ab

1087 2515 1177 2548 initio
1203 2515 1395 2556 pateiecerit
1418 2526 1455 2545 se
1479 2521 1570 2545 certo
1595 2514 1713 2552 verbo,
1742 2520 1770 2545 et
1795 2515 1957 2546 addiderit
1986 2514 2062 2547 huic

1088 2556 1301 2598 patefactioni
1329 2557 1470 2589 illustria
1500 2557 1702 2595 testimonia,
1738 2556 1848 2599 qualia
1876 2556 1977 2589 multa
2004 2558 2061 2590 ha-

1088 2601 1228 2632 buerunt
1250 2608 1383 2641 patres,
1407 2600 1501 2632 etiam
1526 2605 1602 2630 ante
1622 2598 1792 2631 diluvium.
1843 2600 1879 2632 ln
1908 2601 1981 2643 ipso
2004 2611 2061 2633 au-

1088 2650 1152 2674 tem
1186 2643 1308 2675 diluvio
1343 2643 1552 2674 conservatio
1580 2641 1654 2673 Noe
1684 2640 1742 2674 suit
1765 2642 1894 2675 illustre
1915 2644 2061 2675 testimo-
