<?xml version="1.0" encoding="UTF-8"?>
<!DOCTYPE html PUBLIC "-//W3C//DTD XHTML 1.0 Transitional//EN"
    "http://www.w3.org/TR/xhtml1/DTD/xhtml1-transitional.dtd">
<html xmlns="http://www.w3.org/1999/xhtml" xml:lang="en" lang="en">
 <head>
  <title>
</title>
<meta http-equiv="Content-Type" content="text/html;charset=utf-8" />
  <meta name='ocr-system' content='tesseract 3.04.00' />
  <meta name='ocr-capabilities' content='ocr_page ocr_carea ocr_par ocr_line ocrx_word'/>
</head>
<body>
  <div class='ocr_page' id='page_1' title='image "./operaquaesupersu24melauoft/operaquaesupersu24melauoft_0262.png"; bbox 0 0 2324 2958; ppageno 0'>
   <div class='ocr_carea' id='block_1_1' title="bbox 151 165 212 197">
    <p class='ocr_par' dir='ltr' id='par_1_1' title="bbox 151 165 212 197">
     <span class='ocr_line' id='line_1_1' title="bbox 151 165 212 197; baseline 0 0"><span class='ocrx_word' id='word_1_1' title='bbox 151 165 212 197; x_wconf 79' lang='lat'><strong>471</strong></span> 
     </span>
    </p>
   </div>
   <div class='ocr_carea' id='block_1_2' title="bbox 141 259 1123 1625">
    <p class='ocr_par' dir='ltr' id='par_1_2' title="bbox 150 259 1122 333">
     <span class='ocr_line' id='line_1_2' title="bbox 152 259 1122 300; baseline 0.001 -8"><span class='ocrx_word' id='word_1_2' title='bbox 152 259 403 297; x_wconf 86' lang='lat' dir='ltr'><strong>cumcisionem‚</strong></span> <span class='ocrx_word' id='word_1_3' title='bbox 438 266 468 291; x_wconf 92' lang='lat' dir='ltr'><strong>et</strong></span> <span class='ocrx_word' id='word_1_4' title='bbox 494 265 645 292; x_wconf 79' lang='lat' dir='ltr'><strong>caeteras</strong></span> <span class='ocrx_word' id='word_1_5' title='bbox 668 262 892 300; x_wconf 84' lang='lat' dir='ltr'>ceremonias,</span> <span class='ocrx_word' id='word_1_6' title='bbox 921 273 940 293; x_wconf 84' lang='lat' dir='ltr'><strong>a</strong></span> <span class='ocrx_word' id='word_1_7' title='bbox 961 262 1058 293; x_wconf 83' lang='lat' dir='ltr'><strong>Mose</strong></span> <span class='ocrx_word' id='word_1_8' title='bbox 1076 263 1122 293; x_wconf 83' lang='lat' dir='ltr'><strong>in·</strong></span> 
     </span>
     <span class='ocr_line' id='line_1_3' title="bbox 150 302 291 333; baseline -0.007 0"><span class='ocrx_word' id='word_1_9' title='bbox 150 302 291 333; x_wconf 70' lang='lat' dir='ltr'><strong>stitutas.</strong></span> 
     </span>
    </p>

    <p class='ocr_par' dir='ltr' id='par_1_3' title="bbox 149 342 1123 505">
     <span class='ocr_line' id='line_1_4' title="bbox 237 342 1123 386; baseline 0.005 -12"><span class='ocrx_word' id='word_1_10' title='bbox 237 342 422 386; x_wconf 79' lang='lat' dir='ltr'>Proselyti,</span> <span class='ocrx_word' id='word_1_11' title='bbox 456 345 489 376; x_wconf 89' lang='lat' dir='ltr'><strong>id</strong></span> <span class='ocrx_word' id='word_1_12' title='bbox 522 351 591 384; x_wconf 88' lang='lat' dir='ltr'><strong>est,</strong></span> <span class='ocrx_word' id='word_1_13' title='bbox 629 345 795 384; x_wconf 83' lang='lat' dir='ltr'><strong>advenae,</strong></span> <span class='ocrx_word' id='word_1_14' title='bbox 836 356 894 377; x_wconf 89' lang='lat' dir='ltr'><strong>seu</strong></span> <span class='ocrx_word' id='word_1_15' title='bbox 929 347 1123 385; x_wconf 69' lang='lat' dir='ltr'><strong>accessum,</strong></span> 
     </span>
     <span class='ocr_line' id='line_1_5' title="bbox 149 388 1123 430; baseline 0.001 -11"><span class='ocrx_word' id='word_1_16' title='bbox 149 392 243 419; x_wconf 83' lang='lat' dir='ltr'><strong>erant</strong></span> <span class='ocrx_word' id='word_1_17' title='bbox 272 388 425 418; x_wconf 84' lang='lat' dir='ltr'><strong>conversi</strong></span> <span class='ocrx_word' id='word_1_18' title='bbox 455 396 497 418; x_wconf 82' lang='lat' dir='ltr'><strong>ex</strong></span> <span class='ocrx_word' id='word_1_19' title='bbox 519 388 692 430; x_wconf 84' lang='lat' dir='ltr'><strong>gentibus,</strong></span> <span class='ocrx_word' id='word_1_20' title='bbox 726 390 781 430; x_wconf 88' lang='lat' dir='ltr'><strong>qui</strong></span> <span class='ocrx_word' id='word_1_21' title='bbox 804 391 845 421; x_wconf 87' lang='lat' dir='ltr'><strong>ad</strong></span> <span class='ocrx_word' id='word_1_22' title='bbox 870 390 1050 420; x_wconf 79' lang='lat' dir='ltr'>doctrinam</span> <span class='ocrx_word' id='word_1_23' title='bbox 1074 388 1123 420; x_wconf 89' lang='lat' dir='ltr'><strong>lu-</strong></span> 
     </span>
     <span class='ocr_line' id='line_1_6' title="bbox 149 429 1123 473; baseline 0.003 -13"><span class='ocrx_word' id='word_1_24' title='bbox 149 429 306 461; x_wconf 84' lang='lat' dir='ltr'><strong>daeorum</strong></span> <span class='ocrx_word' id='word_1_25' title='bbox 324 430 374 461; x_wconf 88' lang='lat' dir='ltr'><strong>sic</strong></span> <span class='ocrx_word' id='word_1_26' title='bbox 390 430 609 469; x_wconf 77' lang='lat' dir='ltr'><strong>accedebant,</strong></span> <span class='ocrx_word' id='word_1_27' title='bbox 625 437 661 462; x_wconf 85' lang='lat' dir='ltr'><strong>ut</strong></span> <span class='ocrx_word' id='word_1_28' title='bbox 679 429 775 463; x_wconf 81' lang='lat' dir='ltr'><strong>simul</strong></span> <span class='ocrx_word' id='word_1_29' title='bbox 798 433 982 473; x_wconf 81' lang='lat' dir='ltr'><strong>reciperent</strong></span> <span class='ocrx_word' id='word_1_30' title='bbox 1004 438 1123 473; x_wconf 80' lang='lat' dir='ltr'><strong>sponte</strong></span> 
     </span>
     <span class='ocr_line' id='line_1_7' title="bbox 150 472 557 505; baseline -0.002 -1"><span class='ocrx_word' id='word_1_31' title='bbox 150 472 353 504; x_wconf 86' lang='lat' dir='ltr'><strong>ceremonias</strong></span> <span class='ocrx_word' id='word_1_32' title='bbox 376 472 557 505; x_wconf 83' lang='lat' dir='ltr'><strong>Mosaicas.</strong></span> 
     </span>
    </p>

    <p class='ocr_par' dir='ltr' id='par_1_4' title="bbox 147 513 1122 729">
     <span class='ocr_line' id='line_1_8' title="bbox 235 513 1122 558; baseline 0 -11"><span class='ocrx_word' id='word_1_33' title='bbox 235 513 394 556; x_wconf 82' lang='lat' dir='ltr'><strong>Religiosi</strong></span> <span class='ocrx_word' id='word_1_34' title='bbox 426 522 521 547; x_wconf 83' lang='lat' dir='ltr'><strong>erant</strong></span> <span class='ocrx_word' id='word_1_35' title='bbox 556 515 705 555; x_wconf 87' lang='lat' dir='ltr'><strong>Ethnici,</strong></span> <span class='ocrx_word' id='word_1_36' title='bbox 745 517 962 558; x_wconf 85' lang='lat' dir='ltr'><strong>adiungentes</strong></span> <span class='ocrx_word' id='word_1_37' title='bbox 995 526 1033 547; x_wconf 84' lang='lat' dir='ltr'><strong>se</strong></span> <span class='ocrx_word' id='word_1_38' title='bbox 1068 517 1122 548; x_wconf 91' lang='lat' dir='ltr'><strong>isti</strong></span> 
     </span>
     <span class='ocr_line' id='line_1_9' title="bbox 148 556 1121 600; baseline 0.001 -11"><span class='ocrx_word' id='word_1_39' title='bbox 148 556 271 600; x_wconf 89' lang='lat' dir='ltr'><strong>populo</strong></span> <span class='ocrx_word' id='word_1_40' title='bbox 289 558 361 589; x_wconf 88' lang='lat' dir='ltr'><strong>sine</strong></span> <span class='ocrx_word' id='word_1_41' title='bbox 378 559 614 590; x_wconf 86' lang='lat' dir='ltr'><strong>observatione</strong></span> <span class='ocrx_word' id='word_1_42' title='bbox 633 559 892 591; x_wconf 78' lang='lat' dir='ltr'><strong>ceremoniarum</strong></span> <span class='ocrx_word' id='word_1_43' title='bbox 905 559 1121 598; x_wconf 84' lang='lat' dir='ltr'><strong>Iudaicarum,</strong></span> 
     </span>
     <span class='ocr_line' id='line_1_10' title="bbox 148 601 1122 643; baseline 0.002 -11"><span class='ocrx_word' id='word_1_44' title='bbox 148 601 302 633; x_wconf 83' lang='lat' dir='ltr'><strong>conversi</strong></span> <span class='ocrx_word' id='word_1_45' title='bbox 330 601 373 632; x_wconf 84' lang='lat' dir='ltr'><strong>ad</strong></span> <span class='ocrx_word' id='word_1_46' title='bbox 395 601 594 643; x_wconf 81' lang='lat' dir='ltr'><strong>agnitionem</strong></span> <span class='ocrx_word' id='word_1_47' title='bbox 625 602 693 632; x_wconf 83' lang='lat' dir='ltr'><strong>veri</strong></span> <span class='ocrx_word' id='word_1_48' title='bbox 717 601 800 638; x_wconf 90' lang='lat' dir='ltr'><strong>Dei,</strong></span> <span class='ocrx_word' id='word_1_49' title='bbox 829 601 1067 642; x_wconf 80' lang='lat' dir='ltr'><strong>amplectentes</strong></span> <span class='ocrx_word' id='word_1_50' title='bbox 1090 608 1122 634; x_wconf 93' lang='lat' dir='ltr'><strong>et</strong></span> 
     </span>
     <span class='ocr_line' id='line_1_11' title="bbox 147 642 1122 685; baseline 0.002 -11"><span class='ocrx_word' id='word_1_51' title='bbox 147 642 340 684; x_wconf 78' lang='lat' dir='ltr'><strong>profitentes</strong></span> <span class='ocrx_word' id='word_1_52' title='bbox 358 644 610 685; x_wconf 83' lang='lat' dir='ltr'><strong>promissionem</strong></span> <span class='ocrx_word' id='word_1_53' title='bbox 630 644 670 675; x_wconf 91' lang='lat' dir='ltr'><strong>de</strong></span> <span class='ocrx_word' id='word_1_54' title='bbox 687 643 823 682; x_wconf 73' lang='lat' dir='ltr'><strong>messia,</strong></span> <span class='ocrx_word' id='word_1_55' title='bbox 844 645 937 676; x_wconf 91' lang='lat' dir='ltr'><strong>cuius</strong></span> <span class='ocrx_word' id='word_1_56' title='bbox 961 644 1122 677; x_wconf 86' lang='lat' dir='ltr'><strong>beneficia</strong></span> 
     </span>
     <span class='ocr_line' id='line_1_12' title="bbox 149 686 872 729; baseline 0.001 -12"><span class='ocrx_word' id='word_1_57' title='bbox 149 686 331 718; x_wconf 86' lang='lat' dir='ltr'><strong>eredebant</strong></span> <span class='ocrx_word' id='word_1_58' title='bbox 352 687 518 727; x_wconf 78' lang='lat' dir='ltr'><strong>pertinere</strong></span> <span class='ocrx_word' id='word_1_59' title='bbox 542 687 583 718; x_wconf 91' lang='lat' dir='ltr'><strong>ad</strong></span> <span class='ocrx_word' id='word_1_60' title='bbox 607 697 721 718; x_wconf 88' lang='lat' dir='ltr'><strong>omnes</strong></span> <span class='ocrx_word' id='word_1_61' title='bbox 744 693 872 729; x_wconf 83' lang='lat' dir='ltr'><strong>gentes.</strong></span> 
     </span>
    </p>

    <p class='ocr_par' dir='ltr' id='par_1_5' title="bbox 146 727 1121 984">
     <span class='ocr_line' id='line_1_13' title="bbox 231 727 1120 768; baseline 0.001 -8"><span class='ocrx_word' id='word_1_62' title='bbox 231 727 332 761; x_wconf 85' lang='lat' dir='ltr'><strong>Tales</strong></span> <span class='ocrx_word' id='word_1_63' title='bbox 362 739 442 760; x_wconf 87' lang='lat' dir='ltr'><strong>vere</strong></span> <span class='ocrx_word' id='word_1_64' title='bbox 470 736 563 761; x_wconf 88' lang='lat' dir='ltr'><strong>erant</strong></span> <span class='ocrx_word' id='word_1_65' title='bbox 594 730 675 761; x_wconf 90' lang='lat' dir='ltr'><strong>socii</strong></span> <span class='ocrx_word' id='word_1_66' title='bbox 705 736 737 761; x_wconf 88' lang='lat' dir='ltr'><strong>et</strong></span> <span class='ocrx_word' id='word_1_67' title='bbox 766 731 913 761; x_wconf 86' lang='lat' dir='ltr'><strong>membra</strong></span> <span class='ocrx_word' id='word_1_68' title='bbox 935 728 1120 768; x_wconf 85' lang='lat' dir='ltr'><strong>Ecclesiae,</strong></span> 
     </span>
     <span class='ocr_line' id='line_1_14' title="bbox 146 770 1121 804; baseline 0.001 -1"><span class='ocrx_word' id='word_1_69' title='bbox 146 770 213 803; x_wconf 87' lang='lat' dir='ltr'><strong>fide</strong></span> <span class='ocrx_word' id='word_1_70' title='bbox 234 777 267 803; x_wconf 87' lang='lat' dir='ltr'><strong>et</strong></span> <span class='ocrx_word' id='word_1_71' title='bbox 293 772 501 804; x_wconf 88' lang='lat' dir='ltr'><strong>invocatione</strong></span> <span class='ocrx_word' id='word_1_72' title='bbox 529 782 619 803; x_wconf 85' lang='lat' dir='ltr'><strong>vera.</strong></span> <span class='ocrx_word' id='word_1_73' title='bbox 675 771 715 803; x_wconf 90' lang='lat' dir='ltr'><strong>Et</strong></span> <span class='ocrx_word' id='word_1_74' title='bbox 738 772 854 804; x_wconf 90' lang='lat' dir='ltr'><strong>horum</strong></span> <span class='ocrx_word' id='word_1_75' title='bbox 877 771 966 804; x_wconf 92' lang='lat' dir='ltr'><strong>multi</strong></span> <span class='ocrx_word' id='word_1_76' title='bbox 991 771 1121 804; x_wconf 80' lang='lat' dir='ltr'><strong>suerunt</strong></span> 
     </span>
     <span class='ocr_line' id='line_1_15' title="bbox 147 814 1121 858; baseline 0.002 -13"><span class='ocrx_word' id='word_1_77' title='bbox 147 815 242 846; x_wconf 80' lang='lat' dir='ltr'><strong>etiam</strong></span> <span class='ocrx_word' id='word_1_78' title='bbox 265 814 499 856; x_wconf 84' lang='lat' dir='ltr'><strong>prophetarum</strong></span> <span class='ocrx_word' id='word_1_79' title='bbox 524 821 688 857; x_wconf 88' lang='lat' dir='ltr'><strong>tempore,</strong></span> <span class='ocrx_word' id='word_1_80' title='bbox 721 823 755 847; x_wconf 91' lang='lat' dir='ltr'><strong>ut</strong></span> <span class='ocrx_word' id='word_1_81' title='bbox 783 814 910 857; x_wconf 67' lang='lat' dir='ltr'><strong>Cyrus,</strong></span> <span class='ocrx_word' id='word_1_82' title='bbox 942 815 1121 858; x_wconf 84' lang='lat' dir='ltr'><strong>Nabugdo-</strong></span> 
     </span>
     <span class='ocr_line' id='line_1_16' title="bbox 146 856 1120 900; baseline 0.002 -12"><span class='ocrx_word' id='word_1_83' title='bbox 146 867 268 895; x_wconf 86' lang='lat' dir='ltr'><strong>nosor,</strong></span> <span class='ocrx_word' id='word_1_84' title='bbox 302 856 450 889; x_wconf 84' lang='lat' dir='ltr'><strong>Naeman</strong></span> <span class='ocrx_word' id='word_1_85' title='bbox 481 857 603 899; x_wconf 74' lang='lat' dir='ltr'><strong>SyruS,</strong></span> <span class='ocrx_word' id='word_1_86' title='bbox 637 864 668 888; x_wconf 92' lang='lat' dir='ltr'><strong>et</strong></span> <span class='ocrx_word' id='word_1_87' title='bbox 689 856 742 889; x_wconf 89' lang='lat' dir='ltr'><strong>alii</strong></span> <span class='ocrx_word' id='word_1_88' title='bbox 767 859 942 896; x_wconf 82' lang='lat' dir='ltr'><strong>innumeri,</strong></span> <span class='ocrx_word' id='word_1_89' title='bbox 976 859 1029 900; x_wconf 90' lang='lat' dir='ltr'><strong>qui</strong></span> <span class='ocrx_word' id='word_1_90' title='bbox 1055 869 1120 890; x_wconf 93' lang='lat' dir='ltr'><strong>non</strong></span> 
     </span>
     <span class='ocr_line' id='line_1_17' title="bbox 146 900 1120 938; baseline 0.001 -7"><span class='ocrx_word' id='word_1_91' title='bbox 146 905 323 932; x_wconf 80' lang='lat' dir='ltr'><strong>servarunt</strong></span> <span class='ocrx_word' id='word_1_92' title='bbox 346 901 550 932; x_wconf 86' lang='lat' dir='ltr'><strong>ceremonias</strong></span> <span class='ocrx_word' id='word_1_93' title='bbox 575 900 735 938; x_wconf 81' lang='lat' dir='ltr'><strong>Iudaicas,</strong></span> <span class='ocrx_word' id='word_1_94' title='bbox 758 907 789 932; x_wconf 90' lang='lat' dir='ltr'><strong>et</strong></span> <span class='ocrx_word' id='word_1_95' title='bbox 813 907 920 932; x_wconf 88' lang='lat' dir='ltr'><strong>tamen</strong></span> <span class='ocrx_word' id='word_1_96' title='bbox 937 901 1120 933; x_wconf 84' lang='lat' dir='ltr'><strong>doctrinam</strong></span> 
     </span>
     <span class='ocr_line' id='line_1_18' title="bbox 146 941 1054 984; baseline 0.001 -10"><span class='ocrx_word' id='word_1_97' title='bbox 146 943 187 974; x_wconf 85' lang='lat' dir='ltr'><strong>de</strong></span> <span class='ocrx_word' id='word_1_98' title='bbox 209 941 302 980; x_wconf 79' lang='lat' dir='ltr'><strong>Deo,</strong></span> <span class='ocrx_word' id='word_1_99' title='bbox 325 949 356 973; x_wconf 87' lang='lat' dir='ltr'><strong>et</strong></span> <span class='ocrx_word' id='word_1_100' title='bbox 378 944 630 984; x_wconf 71' lang='lat' dir='ltr'><strong>prom’ssionem</strong></span> <span class='ocrx_word' id='word_1_101' title='bbox 653 943 694 974; x_wconf 84' lang='lat' dir='ltr'><strong>de</strong></span> <span class='ocrx_word' id='word_1_102' title='bbox 717 943 841 974; x_wconf 62' lang='lat' dir='ltr'><strong>Mcssia</strong></span> <span class='ocrx_word' id='word_1_103' title='bbox 863 944 1054 975; x_wconf 81' lang='lat' dir='ltr'><strong>didicerant.</strong></span> 
     </span>
    </p>

    <p class='ocr_par' dir='ltr' id='par_1_6' title="bbox 143 985 1120 1145">
     <span class='ocr_line' id='line_1_19' title="bbox 231 985 1120 1028; baseline 0.002 -12"><span class='ocrx_word' id='word_1_104' title='bbox 231 985 336 1017; x_wconf 89' lang='lat' dir='ltr'><strong>Nemo</strong></span> <span class='ocrx_word' id='word_1_105' title='bbox 359 986 458 1028; x_wconf 84' lang='lat' dir='ltr'><strong>igitur</strong></span> <span class='ocrx_word' id='word_1_106' title='bbox 480 991 558 1017; x_wconf 90' lang='lat' dir='ltr'><strong>tunc</strong></span> <span class='ocrx_word' id='word_1_107' title='bbox 575 985 633 1017; x_wconf 84' lang='lat' dir='ltr'><strong>fuit</strong></span> <span class='ocrx_word' id='word_1_108' title='bbox 652 987 832 1017; x_wconf 89' lang='lat' dir='ltr'><strong>membrum</strong></span> <span class='ocrx_word' id='word_1_109' title='bbox 850 985 1034 1025; x_wconf 78' lang='lat' dir='ltr'><strong>Ecclesiae,</strong></span> <span class='ocrx_word' id='word_1_110' title='bbox 1058 988 1120 1019; x_wconf 89' lang='lat' dir='ltr'><strong>nisi</strong></span> 
     </span>
     <span class='ocr_line' id='line_1_20' title="bbox 144 1027 1120 1070; baseline 0.002 -11"><span class='ocrx_word' id='word_1_111' title='bbox 144 1027 289 1060; x_wconf 84' lang='lat' dir='ltr'><strong>insertus</strong></span> <span class='ocrx_word' id='word_1_112' title='bbox 313 1034 403 1059; x_wconf 85' lang='lat' dir='ltr'><strong>esset</strong></span> <span class='ocrx_word' id='word_1_113' title='bbox 427 1029 480 1059; x_wconf 91' lang='lat' dir='ltr'><strong>isti</strong></span> <span class='ocrx_word' id='word_1_114' title='bbox 504 1027 638 1070; x_wconf 88' lang='lat' dir='ltr'><strong>populo,</strong></span> <span class='ocrx_word' id='word_1_115' title='bbox 662 1028 802 1068; x_wconf 88' lang='lat' dir='ltr'><strong>scilicet,</strong></span> <span class='ocrx_word' id='word_1_116' title='bbox 825 1029 879 1060; x_wconf 80' lang='lat' dir='ltr'><strong>vel</strong></span> <span class='ocrx_word' id='word_1_117' title='bbox 903 1036 938 1061; x_wconf 93' lang='lat' dir='ltr'><strong>ut</strong></span> <span class='ocrx_word' id='word_1_118' title='bbox 960 1029 1120 1069; x_wconf 82' lang='lat' dir='ltr'><strong>Israelita,</strong></span> 
     </span>
     <span class='ocr_line' id='line_1_21' title="bbox 143 1069 1120 1145; baseline 0.002 -43"><span class='ocrx_word' id='word_1_119' title='bbox 143 1069 199 1145; x_wconf 60' lang='lat' dir='ltr'><strong>Bel</strong></span> <span class='ocrx_word' id='word_1_120' title='bbox 233 1077 267 1103; x_wconf 90' lang='lat' dir='ltr'><strong>ut</strong></span> <span class='ocrx_word' id='word_1_121' title='bbox 298 1069 508 1113; x_wconf 78' lang='lat' dir='ltr'><strong>proselytus,</strong></span> <span class='ocrx_word' id='word_1_122' title='bbox 541 1070 594 1103; x_wconf 80' lang='lat' dir='ltr'><strong>vel</strong></span> <span class='ocrx_word' id='word_1_123' title='bbox 623 1077 657 1103; x_wconf 92' lang='lat' dir='ltr'><strong>ut</strong></span> <span class='ocrx_word' id='word_1_124' title='bbox 686 1071 881 1114; x_wconf 90' lang='lat' dir='ltr'><strong>religiosus,</strong></span> <span class='ocrx_word' id='word_1_125' title='bbox 915 1082 974 1104; x_wconf 89' lang='lat' dir='ltr'><strong>seu</strong></span> <span class='ocrx_word' id='word_1_126' title='bbox 1003 1073 1120 1104; x_wconf 88' lang='lat' dir='ltr'><strong>timens</strong></span> 
     </span>
    </p>

    <p class='ocr_par' dir='ltr' id='par_1_7' title="bbox 178 1124 262 1146">
     <span class='ocr_line' id='line_1_22' title="bbox 178 1124 262 1146; baseline -0.024 0"><span class='ocrx_word' id='word_1_127' title='bbox 178 1124 262 1146; x_wconf 86' lang='lat' dir='ltr'><strong>eum.</strong></span> 
     </span>
    </p>

    <p class='ocr_par' dir='ltr' id='par_1_8' title="bbox 142 1155 1119 1487">
     <span class='ocr_line' id='line_1_23' title="bbox 230 1155 1119 1199; baseline 0.002 -12"><span class='ocrx_word' id='word_1_128' title='bbox 230 1155 298 1187; x_wconf 88' lang='lat' dir='ltr'><strong>lam</strong></span> <span class='ocrx_word' id='word_1_129' title='bbox 331 1156 375 1187; x_wconf 89' lang='lat' dir='ltr'><strong>ad</strong></span> <span class='ocrx_word' id='word_1_130' title='bbox 403 1155 563 1188; x_wconf 84' lang='lat' dir='ltr'><strong>Minorem</strong></span> <span class='ocrx_word' id='word_1_131' title='bbox 591 1159 788 1199; x_wconf 80' lang='lat' dir='ltr'><strong>argumenti:</strong></span> <span class='ocrx_word' id='word_1_132' title='bbox 822 1157 888 1188; x_wconf 84' lang='lat' dir='ltr'><strong>lsta</strong></span> <span class='ocrx_word' id='word_1_133' title='bbox 917 1155 1034 1189; x_wconf 89' lang='lat' dir='ltr'><strong>mulier</strong></span> <span class='ocrx_word' id='word_1_134' title='bbox 1060 1157 1119 1189; x_wconf 87' lang='lat' dir='ltr'><strong>fuit</strong></span> 
     </span>
     <span class='ocr_line' id='line_1_24' title="bbox 144 1198 1119 1241; baseline 0.002 -11"><span class='ocrx_word' id='word_1_135' title='bbox 144 1199 269 1230; x_wconf 83' lang='lat' dir='ltr'><strong>inserta</strong></span> <span class='ocrx_word' id='word_1_136' title='bbox 302 1198 426 1240; x_wconf 85' lang='lat' dir='ltr'><strong>populo</strong></span> <span class='ocrx_word' id='word_1_137' title='bbox 461 1198 584 1237; x_wconf 86' lang='lat' dir='ltr'><strong>lsrael,</strong></span> <span class='ocrx_word' id='word_1_138' title='bbox 618 1201 727 1241; x_wconf 89' lang='lat' dir='ltr'><strong>quoad</strong></span> <span class='ocrx_word' id='word_1_139' title='bbox 752 1200 899 1231; x_wconf 80' lang='lat' dir='ltr'><strong>notitiam</strong></span> <span class='ocrx_word' id='word_1_140' title='bbox 928 1201 1119 1241; x_wconf 83' lang='lat' dir='ltr'><strong>promissio-</strong></span> 
     </span>
     <span class='ocr_line' id='line_1_25' title="bbox 143 1240 1119 1283; baseline 0.002 -10"><span class='ocrx_word' id='word_1_141' title='bbox 143 1251 237 1279; x_wconf 84' lang='lat' dir='ltr'><strong>num,</strong></span> <span class='ocrx_word' id='word_1_142' title='bbox 271 1242 399 1273; x_wconf 83' lang='lat' dir='ltr'><strong>etiamsi</strong></span> <span class='ocrx_word' id='word_1_143' title='bbox 427 1252 493 1273; x_wconf 88' lang='lat' dir='ltr'><strong>non</strong></span> <span class='ocrx_word' id='word_1_144' title='bbox 522 1240 581 1274; x_wconf 84' lang='lat' dir='ltr'><strong>fuit</strong></span> <span class='ocrx_word' id='word_1_145' title='bbox 604 1243 726 1273; x_wconf 82' lang='lat' dir='ltr'><strong>inserta</strong></span> <span class='ocrx_word' id='word_1_146' title='bbox 751 1253 810 1283; x_wconf 85' lang='lat' dir='ltr'><strong>per</strong></span> <span class='ocrx_word' id='word_1_147' title='bbox 832 1243 913 1273; x_wconf 88' lang='lat' dir='ltr'><strong>ritus</strong></span> <span class='ocrx_word' id='word_1_148' title='bbox 936 1242 1119 1281; x_wconf 74' lang='lat' dir='ltr'><strong>MosaicOS,</strong></span> 
     </span>
     <span class='ocr_line' id='line_1_26' title="bbox 144 1283 1119 1326; baseline 0.002 -11"><span class='ocrx_word' id='word_1_149' title='bbox 144 1293 228 1326; x_wconf 90' lang='lat' dir='ltr'><strong>quos</strong></span> <span class='ocrx_word' id='word_1_150' title='bbox 251 1294 318 1315; x_wconf 92' lang='lat' dir='ltr'><strong>non</strong></span> <span class='ocrx_word' id='word_1_151' title='bbox 342 1294 483 1316; x_wconf 79' lang='lat' dir='ltr'><strong>necesse</strong></span> <span class='ocrx_word' id='word_1_152' title='bbox 505 1283 563 1316; x_wconf 87' lang='lat' dir='ltr'><strong>fuit</strong></span> <span class='ocrx_word' id='word_1_153' title='bbox 588 1295 702 1316; x_wconf 84' lang='lat' dir='ltr'><strong>omnes</strong></span> <span class='ocrx_word' id='word_1_154' title='bbox 725 1286 885 1326; x_wconf 88' lang='lat' dir='ltr'><strong>recipcre,</strong></span> <span class='ocrx_word' id='word_1_155' title='bbox 905 1287 958 1326; x_wconf 88' lang='lat' dir='ltr'><strong>qui</strong></span> <span class='ocrx_word' id='word_1_156' title='bbox 982 1296 1119 1317; x_wconf 76' lang='lat' dir='ltr'><strong>conver-</strong></span> 
     </span>
     <span class='ocr_line' id='line_1_27' title="bbox 144 1326 1118 1370; baseline 0.001 -12"><span class='ocrx_word' id='word_1_157' title='bbox 144 1327 315 1364; x_wconf 84' lang='lat' dir='ltr'><strong>tebantur‚</strong></span> <span class='ocrx_word' id='word_1_158' title='bbox 349 1328 447 1358; x_wconf 88' lang='lat' dir='ltr'><strong>modo</strong></span> <span class='ocrx_word' id='word_1_159' title='bbox 481 1327 661 1358; x_wconf 85' lang='lat' dir='ltr'><strong>doctrinam</strong></span> <span class='ocrx_word' id='word_1_160' title='bbox 690 1326 987 1369; x_wconf 81' lang='lat' dir='ltr'><strong>amplecterentur,</strong></span> <span class='ocrx_word' id='word_1_161' title='bbox 1022 1340 1118 1370; x_wconf 85' lang='lat' dir='ltr'><strong>quam</strong></span> 
     </span>
     <span class='ocr_line' id='line_1_28' title="bbox 143 1368 1118 1412; baseline 0.001 -11"><span class='ocrx_word' id='word_1_162' title='bbox 143 1368 228 1401; x_wconf 82' lang='lat' dir='ltr'><strong>haec</strong></span> <span class='ocrx_word' id='word_1_163' title='bbox 251 1368 368 1401; x_wconf 86' lang='lat' dir='ltr'><strong>mulier</strong></span> <span class='ocrx_word' id='word_1_164' title='bbox 390 1370 512 1401; x_wconf 84' lang='lat' dir='ltr'><strong>rectius</strong></span> <span class='ocrx_word' id='word_1_165' title='bbox 530 1369 709 1407; x_wconf 79' lang='lat' dir='ltr'><strong>intellexit,</strong></span> <span class='ocrx_word' id='word_1_166' title='bbox 732 1381 829 1411; x_wconf 87' lang='lat' dir='ltr'><strong>quam</strong></span> <span class='ocrx_word' id='word_1_167' title='bbox 853 1370 1041 1409; x_wconf 81' lang='lat' dir='ltr'><strong>Pharisaei,</strong></span> <span class='ocrx_word' id='word_1_168' title='bbox 1065 1372 1118 1412; x_wconf 89' lang='lat' dir='ltr'><strong>qui</strong></span> 
     </span>
     <span class='ocr_line' id='line_1_29' title="bbox 143 1412 1118 1455; baseline 0 -10"><span class='ocrx_word' id='word_1_169' title='bbox 143 1422 206 1445; x_wconf 85' lang='lat' dir='ltr'><strong>sua</strong></span> <span class='ocrx_word' id='word_1_170' title='bbox 233 1413 360 1443; x_wconf 88' lang='lat' dir='ltr'><strong>somnia</strong></span> <span class='ocrx_word' id='word_1_171' title='bbox 388 1412 555 1444; x_wconf 77' lang='lat' dir='ltr'><strong>habebant</strong></span> <span class='ocrx_word' id='word_1_172' title='bbox 584 1413 624 1443; x_wconf 88' lang='lat' dir='ltr'><strong>de</strong></span> <span class='ocrx_word' id='word_1_173' title='bbox 646 1423 750 1455; x_wconf 86' lang='lat' dir='ltr'><strong>regno</strong></span> <span class='ocrx_word' id='word_1_174' title='bbox 773 1413 938 1445; x_wconf 87' lang='lat' dir='ltr'><strong>mundano</strong></span> <span class='ocrx_word' id='word_1_175' title='bbox 961 1413 1118 1453; x_wconf 76' lang='lat' dir='ltr'><strong>Messiae,</strong></span> 
     </span>
     <span class='ocr_line' id='line_1_30' title="bbox 142 1455 810 1487; baseline 0 -1"><span class='ocrx_word' id='word_1_176' title='bbox 142 1461 174 1487; x_wconf 90' lang='lat' dir='ltr'><strong>et</strong></span> <span class='ocrx_word' id='word_1_177' title='bbox 197 1455 240 1486; x_wconf 90' lang='lat' dir='ltr'><strong>de</strong></span> <span class='ocrx_word' id='word_1_178' title='bbox 262 1455 377 1486; x_wconf 92' lang='lat' dir='ltr'><strong>merito</strong></span> <span class='ocrx_word' id='word_1_179' title='bbox 401 1455 640 1487; x_wconf 85' lang='lat' dir='ltr'><strong>sacrificiorum</strong></span> <span class='ocrx_word' id='word_1_180' title='bbox 663 1466 810 1487; x_wconf 88' lang='lat' dir='ltr'><strong>suorum.</strong></span> 
     </span>
    </p>

    <p class='ocr_par' dir='ltr' id='par_1_9' title="bbox 141 1496 1117 1625">
     <span class='ocr_line' id='line_1_31' title="bbox 228 1496 1117 1539; baseline 0.003 -11"><span class='ocrx_word' id='word_1_181' title='bbox 228 1496 408 1539; x_wconf 80' lang='lat' dir='ltr'><strong>impellitur</strong></span> <span class='ocrx_word' id='word_1_182' title='bbox 437 1504 546 1530; x_wconf 84' lang='lat' dir='ltr'><strong>autem</strong></span> <span class='ocrx_word' id='word_1_183' title='bbox 577 1497 694 1529; x_wconf 89' lang='lat' dir='ltr'><strong>mulier</strong></span> <span class='ocrx_word' id='word_1_184' title='bbox 725 1498 789 1529; x_wconf 85' lang='lat' dir='ltr'><strong>ista</strong></span> <span class='ocrx_word' id='word_1_185' title='bbox 811 1498 852 1530; x_wconf 80' lang='lat' dir='ltr'><strong>ad</strong></span> <span class='ocrx_word' id='word_1_186' title='bbox 876 1499 1117 1531; x_wconf 81' lang='lat' dir='ltr'><strong>invocationem</strong></span> 
     </span>
     <span class='ocr_line' id='line_1_32' title="bbox 141 1540 1117 1583; baseline 0.002 -11"><span class='ocrx_word' id='word_1_187' title='bbox 141 1540 300 1578; x_wconf 79' lang='lat' dir='ltr'><strong>Messiae,</strong></span> <span class='ocrx_word' id='word_1_188' title='bbox 323 1542 401 1583; x_wconf 84' lang='lat' dir='ltr'><strong>quia</strong></span> <span class='ocrx_word' id='word_1_189' title='bbox 422 1542 629 1573; x_wconf 80' lang='lat' dir='ltr'><strong>excruciatur</strong></span> <span class='ocrx_word' id='word_1_190' title='bbox 652 1542 772 1582; x_wconf 73' lang='lat' dir='ltr'><strong>ingenti</strong></span> <span class='ocrx_word' id='word_1_191' title='bbox 796 1541 924 1579; x_wconf 84' lang='lat' dir='ltr'><strong>dolore,</strong></span> <span class='ocrx_word' id='word_1_192' title='bbox 947 1553 1042 1583; x_wconf 88' lang='lat' dir='ltr'><strong>quem</strong></span> <span class='ocrx_word' id='word_1_193' title='bbox 1066 1543 1117 1574; x_wconf 87' lang='lat' dir='ltr'><strong>his</strong></span> 
     </span>
     <span class='ocr_line' id='line_1_33' title="bbox 141 1584 1116 1625; baseline 0 -11"><span class='ocrx_word' id='word_1_194' title='bbox 141 1584 252 1615; x_wconf 82' lang='lat' dir='ltr'><strong>verbis</strong></span> <span class='ocrx_word' id='word_1_195' title='bbox 271 1584 420 1625; x_wconf 80' lang='lat' dir='ltr'><strong>exponit:</strong></span> <span class='ocrx_word' id='word_1_196' title='bbox 444 1584 530 1614; x_wconf 75' lang='lat' dir='ltr'><strong>Filia</strong></span> <span class='ocrx_word' id='word_1_197' title='bbox 546 1594 611 1614; x_wconf 84' lang='lat' dir='ltr'><strong>mea</strong></span> <span class='ocrx_word' id='word_1_198' title='bbox 630 1585 708 1615; x_wconf 82' lang='lat' dir='ltr'><strong>male</strong></span> <span class='ocrx_word' id='word_1_199' title='bbox 726 1584 882 1624; x_wconf 62' lang='lat' dir='ltr'><strong>affligitur</strong></span> <span class='ocrx_word' id='word_1_200' title='bbox 900 1596 918 1613; x_wconf 86' lang='lat' dir='ltr'><strong>a</strong></span> <span class='ocrx_word' id='word_1_201' title='bbox 934 1585 1116 1616; x_wconf 77' lang='lat' dir='ltr'><strong>Daemouio.</strong></span> 
     </span>
    </p>
   </div>
   <div class='ocr_carea' id='block_1_3' title="bbox 1142 1087 1150 1251">
    <p class='ocr_par' dir='ltr' id='par_1_10' title="bbox 1142 1087 1150 1251">
     <span class='ocr_line' id='line_1_34' title="bbox 1142 1087 1150 1251; baseline 0 1707"><span class='ocrx_word' id='word_1_202' title='bbox 1142 1087 1150 1251; x_wconf 95' lang='lat' dir='ltr'><strong> </strong></span> 
     </span>
    </p>
   </div>
   <div class='ocr_carea' id='block_1_4' title="bbox 498 1750 755 1805">
    <p class='ocr_par' dir='ltr' id='par_1_11' title="bbox 498 1750 755 1805">
     <span class='ocr_line' id='line_1_35' title="bbox 498 1750 755 1805; baseline -0.004 -15"><span class='ocrx_word' id='word_1_203' title='bbox 498 1750 559 1790; x_wconf 87' lang='lat' dir='ltr'><strong>De</strong></span> <span class='ocrx_word' id='word_1_204' title='bbox 593 1750 755 1805; x_wconf 78' lang='lat' dir='ltr'><strong>Storgis.</strong></span> 
     </span>
    </p>
   </div>
   <div class='ocr_carea' id='block_1_5' title="bbox 784 167 1512 202">
    <p class='ocr_par' dir='ltr' id='par_1_12' title="bbox 784 167 1512 202">
     <span class='ocr_line' id='line_1_36' title="bbox 784 167 1512 202; baseline 0.004 -3"><span class='ocrx_word' id='word_1_205' title='bbox 784 167 893 199; x_wconf 85' lang='lat' dir='ltr'><strong>PHlL.</strong></span> <span class='ocrx_word' id='word_1_206' title='bbox 916 167 1018 200; x_wconf 87' lang='lat' dir='ltr'><strong>MEL.</strong></span> <span class='ocrx_word' id='word_1_207' title='bbox 1042 167 1225 201; x_wconf 83' lang='lat' dir='ltr'><strong>SCRIPTA</strong></span> <span class='ocrx_word' id='word_1_208' title='bbox 1250 167 1512 202; x_wconf 84' lang='lat' dir='ltr'>EXEGETICA.</span> 
     </span>
    </p>
   </div>
   <div class='ocr_carea' id='block_1_6' title="bbox 2084 176 2147 207">
    <p class='ocr_par' dir='ltr' id='par_1_13' title="bbox 2084 176 2147 207">
     <span class='ocr_line' id='line_1_37' title="bbox 2084 176 2147 207; baseline 0 0"><span class='ocrx_word' id='word_1_209' title='bbox 2084 176 2147 207; x_wconf 75' lang='lat'><strong>4⁷2</strong></span> 
     </span>
    </p>
   </div>
   <div class='ocr_carea' id='block_1_7' title="bbox 1170 262 2148 1799">
    <p class='ocr_par' dir='ltr' id='par_1_14' title="bbox 1172 262 2148 806">
     <span class='ocr_line' id='line_1_38' title="bbox 1174 262 2147 301; baseline 0.007 -8"><span class='ocrx_word' id='word_1_210' title='bbox 1174 268 1240 301; x_wconf 90' lang='lat' dir='ltr'><strong>est,</strong></span> <span class='ocrx_word' id='word_1_211' title='bbox 1276 262 1436 295; x_wconf 83' lang='lat' dir='ltr'><strong>naturalis</strong></span> <span class='ocrx_word' id='word_1_212' title='bbox 1467 262 1697 296; x_wconf 86' lang='lat' dir='ltr'><strong>benevolentia</strong></span> <span class='ocrx_word' id='word_1_213' title='bbox 1726 265 1857 298; x_wconf 83' lang='lat' dir='ltr'><strong>condita</strong></span> <span class='ocrx_word' id='word_1_214' title='bbox 1885 265 1920 298; x_wconf 91' lang='lat' dir='ltr'><strong>in</strong></span> <span class='ocrx_word' id='word_1_215' title='bbox 1945 270 2064 299; x_wconf 80' lang='lat' dir='ltr'><strong>natura</strong></span> <span class='ocrx_word' id='word_1_216' title='bbox 2090 267 2147 301; x_wconf 85' lang='lat' dir='ltr'><strong>ho·</strong></span> 
     </span>
     <span class='ocr_line' id='line_1_39' title="bbox 1173 305 2148 345; baseline 0.006 -9"><span class='ocrx_word' id='word_1_217' title='bbox 1173 305 1268 337; x_wconf 90' lang='lat' dir='ltr'><strong>minis</strong></span> <span class='ocrx_word' id='word_1_218' title='bbox 1302 315 1322 337; x_wconf 89' lang='lat' dir='ltr'><strong>a</strong></span> <span class='ocrx_word' id='word_1_219' title='bbox 1354 305 1446 345; x_wconf 92' lang='lat' dir='ltr'><strong>Deo,</strong></span> <span class='ocrx_word' id='word_1_220' title='bbox 1481 312 1516 338; x_wconf 87' lang='lat' dir='ltr'><strong>ut</strong></span> <span class='ocrx_word' id='word_1_221' title='bbox 1549 307 1592 338; x_wconf 90' lang='lat' dir='ltr'><strong>sit</strong></span> <span class='ocrx_word' id='word_1_222' title='bbox 1625 307 1846 345; x_wconf 79' lang='lat' dir='ltr'><strong>testimonium</strong></span> <span class='ocrx_word' id='word_1_223' title='bbox 1875 309 1916 340; x_wconf 89' lang='lat' dir='ltr'><strong>de</strong></span> <span class='ocrx_word' id='word_1_224' title='bbox 1944 319 2056 342; x_wconf 85' lang='lat' dir='ltr'><strong>amore</strong></span> <span class='ocrx_word' id='word_1_225' title='bbox 2084 309 2148 342; x_wconf 89' lang='lat' dir='ltr'><strong>Dei</strong></span> 
     </span>
     <span class='ocr_line' id='line_1_40' title="bbox 1174 347 2148 392; baseline 0.007 -14"><span class='ocrx_word' id='word_1_226' title='bbox 1174 357 1254 390; x_wconf 85' lang='lat' dir='ltr'><strong>erga</strong></span> <span class='ocrx_word' id='word_1_227' title='bbox 1293 347 1392 380; x_wconf 82' lang='lat' dir='ltr'><strong>fllium</strong></span> <span class='ocrx_word' id='word_1_228' title='bbox 1427 356 1457 380; x_wconf 87' lang='lat' dir='ltr'><strong>et</strong></span> <span class='ocrx_word' id='word_1_229' title='bbox 1498 359 1579 391; x_wconf 81' lang='lat' dir='ltr'><strong>erga</strong></span> <span class='ocrx_word' id='word_1_230' title='bbox 1612 356 1688 381; x_wconf 78' lang='lat' dir='ltr'><strong>nos:</strong></span> <span class='ocrx_word' id='word_1_231' title='bbox 1741 349 1834 382; x_wconf 89' lang='lat' dir='ltr'><strong>Sicut</strong></span> <span class='ocrx_word' id='word_1_232' title='bbox 1865 358 1960 392; x_wconf 80' lang='lat' dir='ltr'><strong>pater</strong></span> <span class='ocrx_word' id='word_1_233' title='bbox 1993 358 2148 385; x_wconf 79' lang='lat' dir='ltr'><strong>aeternus</strong></span> 
     </span>
     <span class='ocr_line' id='line_1_41' title="bbox 1174 389 2148 436; baseline 0.005 -16"><span class='ocrx_word' id='word_1_234' title='bbox 1174 389 1295 422; x_wconf 90' lang='lat' dir='ltr'><strong>clamat</strong></span> <span class='ocrx_word' id='word_1_235' title='bbox 1317 391 1358 423; x_wconf 90' lang='lat' dir='ltr'><strong>de</strong></span> <span class='ocrx_word' id='word_1_236' title='bbox 1381 390 1494 422; x_wconf 86' lang='lat' dir='ltr'><strong>coelo:</strong></span> <span class='ocrx_word' id='word_1_237' title='bbox 1540 392 1604 421; x_wconf 84' lang='lat' dir='ltr'><strong>Hic</strong></span> <span class='ocrx_word' id='word_1_238' title='bbox 1632 396 1677 421; x_wconf 80' lang='lat' dir='ltr'><strong>est</strong></span> <span class='ocrx_word' id='word_1_239' title='bbox 1700 393 1783 431; x_wconf 78' lang='lat' dir='ltr'><strong>filins</strong></span> <span class='ocrx_word' id='word_1_240' title='bbox 1811 403 1893 423; x_wconf 79' lang='lat' dir='ltr'><strong>meus</strong></span> <span class='ocrx_word' id='word_1_241' title='bbox 1915 394 2064 430; x_wconf 73' lang='lat' dir='ltr'><strong>dilectus,</strong></span> <span class='ocrx_word' id='word_1_242' title='bbox 2087 405 2148 436; x_wconf 77' lang='lat' dir='ltr'><strong>quo</strong></span> 
     </span>
     <span class='ocr_line' id='line_1_42' title="bbox 1174 433 2148 476; baseline 0.007 -14"><span class='ocrx_word' id='word_1_243' title='bbox 1174 433 1321 464; x_wconf 67' lang='lat' dir='ltr'><strong>delet-tor.</strong></span> <span class='ocrx_word' id='word_1_244' title='bbox 1366 434 1440 466; x_wconf 89' lang='lat' dir='ltr'><strong>Non</strong></span> <span class='ocrx_word' id='word_1_245' title='bbox 1471 435 1554 465; x_wconf 85' lang='lat' dir='ltr'><strong>satis</strong></span> <span class='ocrx_word' id='word_1_246' title='bbox 1583 435 1772 476; x_wconf 82' lang='lat' dir='ltr'><strong>exprimitur</strong></span> <span class='ocrx_word' id='word_1_247' title='bbox 1801 436 1852 468; x_wconf 90' lang='lat' dir='ltr'><strong>vis</strong></span> <span class='ocrx_word' id='word_1_248' title='bbox 1875 436 2027 469; x_wconf 80' lang='lat' dir='ltr'><strong>Graecae</strong></span> <span class='ocrx_word' id='word_1_249' title='bbox 2052 438 2148 470; x_wconf 86' lang='lat' dir='ltr'><strong>vocis</strong></span> 
     </span>
     <span class='ocr_line' id='line_1_43' title="bbox 1175 475 2148 519; baseline 0.003 -12"><span class='ocrx_word' id='word_1_250' title='bbox 1175 475 1374 508; x_wconf 82' lang='lat' dir='ltr'><strong>Germanica</strong></span> <span class='ocrx_word' id='word_1_251' title='bbox 1407 477 1576 509; x_wconf 87' lang='lat' dir='ltr'><strong>versione:</strong></span> <span class='ocrx_word' id='word_1_252' title='bbox 1610 479 1659 507; x_wconf 82' lang='lat' dir='ltr'><strong>An</strong></span> <span class='ocrx_word' id='word_1_253' title='bbox 1694 477 1761 507; x_wconf 78' lang='lat' dir='ltr'><strong>dem</strong></span> <span class='ocrx_word' id='word_1_254' title='bbox 1795 478 1844 508; x_wconf 75' lang='lat' dir='ltr'><strong>iclt</strong></span> <span class='ocrx_word' id='word_1_255' title='bbox 1875 481 1925 508; x_wconf 77' lang='lat' dir='ltr'><strong>ein</strong></span> <span class='ocrx_word' id='word_1_256' title='bbox 1954 479 2148 519; x_wconf 73' lang='lat' dir='ltr'><strong>wolyefallen</strong></span> 
     </span>
     <span class='ocr_line' id='line_1_44' title="bbox 1173 517 2148 563; baseline 0.008 -17"><span class='ocrx_word' id='word_1_257' title='bbox 1173 517 1260 550; x_wconf 77' lang='lat' dir='ltr'><strong>habe.</strong></span> <span class='ocrx_word' id='word_1_258' title='bbox 1305 519 1370 551; x_wconf 89' lang='lat' dir='ltr'><strong>Sed</strong></span> <span class='ocrx_word' id='word_1_259' title='bbox 1393 526 1470 551; x_wconf 87' lang='lat' dir='ltr'><strong>sunt</strong></span> <span class='ocrx_word' id='word_1_260' title='bbox 1491 518 1557 551; x_wconf 82' lang='lat' dir='ltr'><strong>alia</strong></span> <span class='ocrx_word' id='word_1_261' title='bbox 1581 520 1645 551; x_wconf 90' lang='lat' dir='ltr'><strong>duo</strong></span> <span class='ocrx_word' id='word_1_262' title='bbox 1669 519 1849 559; x_wconf 84' lang='lat' dir='ltr'><strong>vocabula,</strong></span> <span class='ocrx_word' id='word_1_263' title='bbox 1879 532 1964 563; x_wconf 88' lang='lat' dir='ltr'><strong>quae</strong></span> <span class='ocrx_word' id='word_1_264' title='bbox 1992 523 2148 554; x_wconf 87' lang='lat' dir='ltr'><strong>Germani</strong></span> 
     </span>
     <span class='ocr_line' id='line_1_45' title="bbox 1174 561 2146 604; baseline 0.006 -12"><span class='ocrx_word' id='word_1_265' title='bbox 1174 561 1390 604; x_wconf 82' lang='lat' dir='ltr'><strong>coniungunt,</strong></span> <span class='ocrx_word' id='word_1_266' title='bbox 1413 572 1497 604; x_wconf 87' lang='lat' dir='ltr'><strong>quae</strong></span> <span class='ocrx_word' id='word_1_267' title='bbox 1516 563 1648 604; x_wconf 88' lang='lat' dir='ltr'><strong>proprie</strong></span> <span class='ocrx_word' id='word_1_268' title='bbox 1667 563 1869 604; x_wconf 85' lang='lat' dir='ltr'><strong>respondent</strong></span> <span class='ocrx_word' id='word_1_269' title='bbox 1885 565 2036 596; x_wconf 84' lang='lat' dir='ltr'><strong>Graecae</strong></span> <span class='ocrx_word' id='word_1_270' title='bbox 2055 566 2146 598; x_wconf 77' lang='lat' dir='ltr'><strong>voci:</strong></span> 
     </span>
     <span class='ocr_line' id='line_1_46' title="bbox 1173 603 2148 645; baseline 0.005 -12"><span class='ocrx_word' id='word_1_271' title='bbox 1173 603 1222 633; x_wconf 80' lang='lat' dir='ltr'><strong>An</strong></span> <span class='ocrx_word' id='word_1_272' title='bbox 1245 603 1314 633; x_wconf 73' lang='lat' dir='ltr'><strong>dem</strong></span> <span class='ocrx_word' id='word_1_273' title='bbox 1330 604 1380 634; x_wconf 77' lang='lat' dir='ltr'><strong>ich</strong></span> <span class='ocrx_word' id='word_1_274' title='bbox 1405 615 1508 635; x_wconf 58' lang='lat' dir='ltr'><strong>worma·</strong></span> <span class='ocrx_word' id='word_1_275' title='bbox 1531 605 1594 634; x_wconf 82' lang='lat' dir='ltr'><strong>und</strong></span> <span class='ocrx_word' id='word_1_276' title='bbox 1612 606 1724 643; x_wconf 75' lang='lat' dir='ltr'><strong>frende</strong></span> <span class='ocrx_word' id='word_1_277' title='bbox 1745 605 1838 635; x_wconf 70' lang='lat' dir='ltr'><strong>leuba:</strong></span> <span class='ocrx_word' id='word_1_278' title='bbox 1863 605 1928 645; x_wconf 81' lang='lat' dir='ltr'><strong>vel,</strong></span> <span class='ocrx_word' id='word_1_279' title='bbox 1952 618 1985 637; x_wconf 75' lang='lat' dir='ltr'><strong>zu</strong></span> <span class='ocrx_word' id='word_1_280' title='bbox 2007 608 2075 637; x_wconf 84' lang='lat' dir='ltr'><strong>dem</strong></span> <span class='ocrx_word' id='word_1_281' title='bbox 2097 607 2148 638; x_wconf 75' lang='lat' dir='ltr'><strong>ich</strong></span> 
     </span>
     <span class='ocr_line' id='line_1_47' title="bbox 1172 645 2148 692; baseline 0.006 -17"><span class='ocrx_word' id='word_1_282' title='bbox 1172 645 1336 677; x_wconf 76' lang='lat' dir='ltr'><strong>hertzliclne</strong></span> <span class='ocrx_word' id='word_1_283' title='bbox 1364 646 1441 677; x_wconf 81' lang='lat' dir='ltr'><strong>Iiebe</strong></span> <span class='ocrx_word' id='word_1_284' title='bbox 1471 647 1535 677; x_wconf 80' lang='lat' dir='ltr'><strong>mul</strong></span> <span class='ocrx_word' id='word_1_285' title='bbox 1554 648 1666 686; x_wconf 78' lang='lat' dir='ltr'><strong>frende</strong></span> <span class='ocrx_word' id='word_1_286' title='bbox 1687 648 1781 680; x_wconf 74' lang='lat' dir='ltr'><strong>habe:</strong></span> <span class='ocrx_word' id='word_1_287' title='bbox 1813 659 1910 690; x_wconf 89' lang='lat' dir='ltr'><strong>quem</strong></span> <span class='ocrx_word' id='word_1_288' title='bbox 1932 649 2091 692; x_wconf 85' lang='lat' dir='ltr'><strong>singulari</strong></span> <span class='ocrx_word' id='word_1_289' title='bbox 2115 656 2148 682; x_wconf 85' lang='lat' dir='ltr'><strong>et</strong></span> 
     </span>
     <span class='ocr_line' id='line_1_48' title="bbox 1172 689 2147 733; baseline 0.006 -14"><span class='ocrx_word' id='word_1_290' title='bbox 1172 689 1296 730; x_wconf 81' lang='lat' dir='ltr'><strong>ingenti</strong></span> <span class='ocrx_word' id='word_1_291' title='bbox 1320 689 1438 722; x_wconf 78' lang='lat' dir='ltr'><strong>affectu</strong></span> <span class='ocrx_word' id='word_1_292' title='bbox 1461 689 1664 732; x_wconf 89' lang='lat' dir='ltr'><strong>complector</strong></span> <span class='ocrx_word' id='word_1_293' title='bbox 1687 698 1717 722; x_wconf 90' lang='lat' dir='ltr'><strong>et</strong></span> <span class='ocrx_word' id='word_1_294' title='bbox 1738 689 1847 733; x_wconf 88' lang='lat' dir='ltr'><strong>diligo.</strong></span> <span class='ocrx_word' id='word_1_295' title='bbox 1892 691 2052 725; x_wconf 87' lang='lat' dir='ltr'><strong>Homines</strong></span> <span class='ocrx_word' id='word_1_296' title='bbox 2075 693 2147 725; x_wconf 80' lang='lat' dir='ltr'><strong>duri</strong></span> 
     </span>
     <span class='ocr_line' id='line_1_49' title="bbox 1173 730 2148 781; baseline 0.005 -19"><span class='ocrx_word' id='word_1_297' title='bbox 1173 738 1206 781; x_wconf 78' lang='lat' dir='ltr'><strong>et</strong></span> <span class='ocrx_word' id='word_1_298' title='bbox 1239 730 1363 763; x_wconf 88' lang='lat' dir='ltr'><strong>horridi</strong></span> <span class='ocrx_word' id='word_1_299' title='bbox 1396 742 1462 763; x_wconf 91' lang='lat' dir='ltr'><strong>non</strong></span> <span class='ocrx_word' id='word_1_300' title='bbox 1491 732 1677 775; x_wconf 81' lang='lat' dir='ltr'><strong>intelligunt</strong></span> <span class='ocrx_word' id='word_1_301' title='bbox 1705 735 1779 765; x_wconf 81' lang='lat' dir='ltr'><strong>ista.</strong></span> <span class='ocrx_word' id='word_1_302' title='bbox 1836 735 1889 766; x_wconf 87' lang='lat' dir='ltr'><strong>Ad</strong></span> <span class='ocrx_word' id='word_1_303' title='bbox 1916 735 1979 767; x_wconf 87' lang='lat' dir='ltr'><strong>hos</strong></span> <span class='ocrx_word' id='word_1_304' title='bbox 2006 736 2148 777; x_wconf 83' lang='lat' dir='ltr'><strong>pertinet</strong></span> 
     </span>
     <span class='ocr_line' id='line_1_50' title="bbox 1172 780 1393 806; baseline -0.005 -1"><span class='ocrx_word' id='word_1_305' title='bbox 1172 780 1237 805; x_wconf 77' lang='lat' dir='ltr'><strong>iste</strong></span> <span class='ocrx_word' id='word_1_306' title='bbox 1260 784 1393 806; x_wconf 87' lang='lat' dir='ltr'><strong>versus:</strong></span> 
     </span>
    </p>

    <p class='ocr_par' dir='ltr' id='par_1_15' title="bbox 1259 816 2051 857">
     <span class='ocr_line' id='line_1_51' title="bbox 1259 816 2051 857; baseline 0.006 -12"><span class='ocrx_word' id='word_1_307' title='bbox 1259 816 1384 851; x_wconf 72' lang='lat' dir='ltr'><strong>Nescio,</strong></span> <span class='ocrx_word' id='word_1_308' title='bbox 1407 817 1484 857; x_wconf 83' lang='lat' dir='ltr'><strong>quid</strong></span> <span class='ocrx_word' id='word_1_309' title='bbox 1505 819 1547 848; x_wconf 77' lang='lat' dir='ltr'><strong>sit</strong></span> <span class='ocrx_word' id='word_1_310' title='bbox 1569 829 1671 853; x_wconf 82' lang='lat' dir='ltr'><strong>amor,</strong></span> <span class='ocrx_word' id='word_1_311' title='bbox 1695 829 1750 850; x_wconf 84' lang='lat' dir='ltr'><strong>nec</strong></span> <span class='ocrx_word' id='word_1_312' title='bbox 1769 830 1853 854; x_wconf 78' lang='lat' dir='ltr'><strong>amo,</strong></span> <span class='ocrx_word' id='word_1_313' title='bbox 1877 831 1933 851; x_wconf 75' lang='lat' dir='ltr'><strong>nec</strong></span> <span class='ocrx_word' id='word_1_314' title='bbox 1955 831 2051 855; x_wconf 81' lang='lat' dir='ltr'><strong>amor,</strong></span> 
     </span>
    </p>

    <p class='ocr_par' dir='ltr' id='par_1_16' title="bbox 1173 859 1931 1070">
     <span class='ocr_line' id='line_1_52' title="bbox 1302 859 1497 889; baseline 0.005 -1"><span class='ocrx_word' id='word_1_315' title='bbox 1302 870 1358 889; x_wconf 79' lang='lat' dir='ltr'><strong>nec</strong></span> <span class='ocrx_word' id='word_1_316' title='bbox 1380 859 1497 889; x_wconf 82' lang='lat' dir='ltr'><strong>amabo.</strong></span> 
     </span>
     <span class='ocr_line' id='line_1_53' title="bbox 1173 901 1730 944; baseline -0.002 -10"><span class='ocrx_word' id='word_1_317' title='bbox 1173 901 1272 934; x_wconf 88' lang='lat' dir='ltr'><strong>Tales</strong></span> <span class='ocrx_word' id='word_1_318' title='bbox 1295 903 1462 944; x_wconf 80' lang='lat' dir='ltr'><strong>disputant</strong></span> <span class='ocrx_word' id='word_1_319' title='bbox 1486 902 1600 934; x_wconf 90' lang='lat' dir='ltr'><strong>Stoico</strong></span> <span class='ocrx_word' id='word_1_320' title='bbox 1623 913 1730 936; x_wconf 85' lang='lat' dir='ltr'><strong>more:</strong></span> 
     </span>
     <span class='ocr_line' id='line_1_54' title="bbox 1421 945 1876 977; baseline 0.004 -3"><span class='ocrx_word' id='word_1_321' title='bbox 1421 945 1460 974; x_wconf 86' lang='lat' dir='ltr'><strong>In</strong></span> <span class='ocrx_word' id='word_1_322' title='bbox 1482 945 1551 974; x_wconf 82' lang='lat' dir='ltr'><strong>Deo</strong></span> <span class='ocrx_word' id='word_1_323' title='bbox 1573 955 1634 975; x_wconf 80' lang='lat' dir='ltr'><strong>non</strong></span> <span class='ocrx_word' id='word_1_324' title='bbox 1657 950 1702 976; x_wconf 82' lang='lat' dir='ltr'><strong>est</strong></span> <span class='ocrx_word' id='word_1_325' title='bbox 1725 947 1876 977; x_wconf 69' lang='lat' dir='ltr'><strong>stultitia:</strong></span> 
     </span>
     <span class='ocr_line' id='line_1_55' title="bbox 1422 988 1931 1019; baseline 0.004 -2"><span class='ocrx_word' id='word_1_326' title='bbox 1422 988 1460 1017; x_wconf 86' lang='lat' dir='ltr'><strong>In</strong></span> <span class='ocrx_word' id='word_1_327' title='bbox 1484 989 1566 1017; x_wconf 84' lang='lat' dir='ltr'><strong>omm&#39;</strong></span> <span class='ocrx_word' id='word_1_328' title='bbox 1587 998 1690 1018; x_wconf 83' lang='lat' dir='ltr'><strong>amor-e</strong></span> <span class='ocrx_word' id='word_1_329' title='bbox 1711 993 1756 1018; x_wconf 77' lang='lat' dir='ltr'><strong>est</strong></span> <span class='ocrx_word' id='word_1_330' title='bbox 1779 989 1931 1019; x_wconf 71' lang='lat' dir='ltr'><strong>stultitia:</strong></span> 
     </span>
     <span class='ocr_line' id='line_1_56' title="bbox 1422 1030 1924 1070; baseline 0.002 -10"><span class='ocrx_word' id='word_1_331' title='bbox 1422 1030 1511 1070; x_wconf 71' lang='lat' dir='ltr'><strong>Eryo</strong></span> <span class='ocrx_word' id='word_1_332' title='bbox 1529 1032 1561 1060; x_wconf 85' lang='lat' dir='ltr'><strong>in</strong></span> <span class='ocrx_word' id='word_1_333' title='bbox 1585 1030 1654 1061; x_wconf 87' lang='lat' dir='ltr'><strong>Deo</strong></span> <span class='ocrx_word' id='word_1_334' title='bbox 1678 1041 1738 1060; x_wconf 83' lang='lat' dir='ltr'><strong>non</strong></span> <span class='ocrx_word' id='word_1_335' title='bbox 1760 1035 1807 1061; x_wconf 81' lang='lat' dir='ltr'><strong>est</strong></span> <span class='ocrx_word' id='word_1_336' title='bbox 1829 1041 1924 1061; x_wconf 81' lang='lat' dir='ltr'><strong>amor.</strong></span> 
     </span>
    </p>

    <p class='ocr_par' dir='ltr' id='par_1_17' title="bbox 1173 1072 2147 1200">
     <span class='ocr_line' id='line_1_57' title="bbox 1259 1072 2147 1113; baseline 0.003 -9"><span class='ocrx_word' id='word_1_337' title='bbox 1259 1072 1459 1113; x_wconf 85' lang='lat' dir='ltr'><strong>Respondeo</strong></span> <span class='ocrx_word' id='word_1_338' title='bbox 1481 1073 1523 1104; x_wconf 90' lang='lat' dir='ltr'><strong>ad</strong></span> <span class='ocrx_word' id='word_1_339' title='bbox 1547 1072 1719 1105; x_wconf 83' lang='lat' dir='ltr'><strong>Minorem.</strong></span> <span class='ocrx_word' id='word_1_340' title='bbox 1759 1073 1864 1105; x_wconf 86' lang='lat' dir='ltr'><strong>Amor</strong></span> <span class='ocrx_word' id='word_1_341' title='bbox 1889 1074 2058 1106; x_wconf 81' lang='lat' dir='ltr'><strong>ordinatus</strong></span> <span class='ocrx_word' id='word_1_342' title='bbox 2081 1085 2147 1107; x_wconf 88' lang='lat' dir='ltr'><strong>non</strong></span> 
     </span>
     <span class='ocr_line' id='line_1_58' title="bbox 1174 1115 2147 1150; baseline 0.005 -5"><span class='ocrx_word' id='word_1_343' title='bbox 1174 1121 1224 1146; x_wconf 85' lang='lat' dir='ltr'><strong>est</strong></span> <span class='ocrx_word' id='word_1_344' title='bbox 1253 1115 1404 1147; x_wconf 82' lang='lat' dir='ltr'><strong>stultitia:</strong></span> <span class='ocrx_word' id='word_1_345' title='bbox 1440 1117 1567 1148; x_wconf 88' lang='lat' dir='ltr'><strong>etiamsi</strong></span> <span class='ocrx_word' id='word_1_346' title='bbox 1597 1117 1628 1147; x_wconf 90' lang='lat' dir='ltr'><strong>in</strong></span> <span class='ocrx_word' id='word_1_347' title='bbox 1660 1116 1724 1148; x_wconf 85' lang='lat' dir='ltr'><strong>hac</strong></span> <span class='ocrx_word' id='word_1_348' title='bbox 1747 1123 1864 1148; x_wconf 86' lang='lat' dir='ltr'><strong>natura</strong></span> <span class='ocrx_word' id='word_1_349' title='bbox 1886 1117 2050 1150; x_wconf 85' lang='lat' dir='ltr'><strong>hominum</strong></span> <span class='ocrx_word' id='word_1_350' title='bbox 2074 1128 2147 1150; x_wconf 90' lang='lat' dir='ltr'><strong>cor·</strong></span> 
     </span>
     <span class='ocr_line' id='line_1_59' title="bbox 1173 1157 2009 1200; baseline 0.004 -11"><span class='ocrx_word' id='word_1_351' title='bbox 1173 1165 1267 1200; x_wconf 88' lang='lat' dir='ltr'><strong>rupta</strong></span> <span class='ocrx_word' id='word_1_352' title='bbox 1292 1159 1450 1190; x_wconf 82' lang='lat' dir='ltr'><strong>miscetur</strong></span> <span class='ocrx_word' id='word_1_353' title='bbox 1471 1157 1593 1200; x_wconf 84' lang='lat' dir='ltr'><strong>aliquid</strong></span> <span class='ocrx_word' id='word_1_354' title='bbox 1617 1159 1795 1197; x_wconf 84' lang='lat' dir='ltr'><strong>stultitiae,</strong></span> <span class='ocrx_word' id='word_1_355' title='bbox 1817 1166 1852 1190; x_wconf 92' lang='lat' dir='ltr'><strong>ut</strong></span> <span class='ocrx_word' id='word_1_356' title='bbox 1876 1160 2009 1192; x_wconf 82' lang='lat' dir='ltr'><strong>dicitur:</strong></span> 
     </span>
    </p>

    <p class='ocr_par' dir='ltr' id='par_1_18' title="bbox 1288 1201 2031 1243">
     <span class='ocr_line' id='line_1_60' title="bbox 1288 1201 2031 1243; baseline 0 -12"><span class='ocrx_word' id='word_1_357' title='bbox 1288 1202 1389 1232; x_wconf 83' lang='lat' dir='ltr'><strong>Crede</strong></span> <span class='ocrx_word' id='word_1_358' title='bbox 1410 1201 1484 1231; x_wconf 81' lang='lat' dir='ltr'><strong>mihi</strong></span> <span class='ocrx_word' id='word_1_359' title='bbox 1506 1201 1618 1237; x_wconf 63' lang='lat' dir='ltr'><strong>stulto,</strong></span> <span class='ocrx_word' id='word_1_360' title='bbox 1642 1212 1727 1231; x_wconf 81' lang='lat' dir='ltr'><strong>nemo</strong></span> <span class='ocrx_word' id='word_1_361' title='bbox 1750 1204 1782 1231; x_wconf 83' lang='grc' dir='ltr'><strong>ιἰι</strong></span> <span class='ocrx_word' id='word_1_362' title='bbox 1806 1213 1909 1232; x_wconf 77' lang='grc' dir='ltr'><em>ιιηιονε</em></span> <span class='ocrx_word' id='word_1_363' title='bbox 1930 1205 2031 1243; x_wconf 73' lang='lat' dir='ltr'><strong>sapit:</strong></span> 
     </span>
    </p>

    <p class='ocr_par' dir='ltr' id='par_1_19' title="bbox 1171 1243 2145 1448">
     <span class='ocr_line' id='line_1_61' title="bbox 1258 1243 2144 1286; baseline 0.002 -11"><span class='ocrx_word' id='word_1_364' title='bbox 1258 1243 1300 1275; x_wconf 89' lang='lat' dir='ltr'><strong>Et</strong></span> <span class='ocrx_word' id='word_1_365' title='bbox 1329 1245 1477 1276; x_wconf 77' lang='lat' dir='ltr'><strong>videmus</strong></span> <span class='ocrx_word' id='word_1_366' title='bbox 1507 1243 1609 1276; x_wconf 91' lang='lat' dir='ltr'><strong>multa</strong></span> <span class='ocrx_word' id='word_1_367' title='bbox 1631 1245 1739 1286; x_wconf 89' lang='lat' dir='ltr'><strong>inepte</strong></span> <span class='ocrx_word' id='word_1_368' title='bbox 1763 1244 1874 1276; x_wconf 84' lang='lat' dir='ltr'><strong>facere</strong></span> <span class='ocrx_word' id='word_1_369' title='bbox 1898 1256 2013 1278; x_wconf 84' lang='lat' dir='ltr'><strong>omnes</strong></span> <span class='ocrx_word' id='word_1_370' title='bbox 2035 1256 2144 1277; x_wconf 79' lang='lat' dir='ltr'><strong>aman·</strong></span> 
     </span>
     <span class='ocr_line' id='line_1_62' title="bbox 1172 1287 2144 1329; baseline 0.003 -12"><span class='ocrx_word' id='word_1_371' title='bbox 1172 1293 1234 1324; x_wconf 64' lang='lat' dir='ltr'><strong>teS,</strong></span> <span class='ocrx_word' id='word_1_372' title='bbox 1253 1287 1318 1317; x_wconf 90' lang='lat' dir='ltr'><strong>imo</strong></span> <span class='ocrx_word' id='word_1_373' title='bbox 1338 1287 1432 1318; x_wconf 85' lang='lat' dir='ltr'><strong>etiam</strong></span> <span class='ocrx_word' id='word_1_374' title='bbox 1450 1294 1605 1328; x_wconf 82' lang='lat' dir='ltr'><strong>parentes</strong></span> <span class='ocrx_word' id='word_1_375' title='bbox 1628 1297 1708 1329; x_wconf 85' lang='lat' dir='ltr'><strong>erga</strong></span> <span class='ocrx_word' id='word_1_376' title='bbox 1733 1287 1857 1319; x_wconf 85' lang='lat' dir='ltr'><strong>liberos</strong></span> <span class='ocrx_word' id='word_1_377' title='bbox 1879 1289 2030 1320; x_wconf 83' lang='lat' dir='ltr'><strong>videmus</strong></span> <span class='ocrx_word' id='word_1_378' title='bbox 2053 1299 2144 1320; x_wconf 78' lang='lat' dir='ltr'><strong>exer·</strong></span> 
     </span>
     <span class='ocr_line' id='line_1_63' title="bbox 1172 1329 2145 1372; baseline 0.003 -12"><span class='ocrx_word' id='word_1_379' title='bbox 1172 1339 1249 1361; x_wconf 86' lang='lat' dir='ltr'><strong>cere</strong></span> <span class='ocrx_word' id='word_1_380' title='bbox 1272 1329 1392 1360; x_wconf 89' lang='lat' dir='ltr'><strong>multas</strong></span> <span class='ocrx_word' id='word_1_381' title='bbox 1416 1331 1569 1370; x_wconf 71' lang='lat' dir='ltr'><strong>ineptias:</strong></span> <span class='ocrx_word' id='word_1_382' title='bbox 1593 1337 1701 1361; x_wconf 84' lang='lat' dir='ltr'><strong>tamen</strong></span> <span class='ocrx_word' id='word_1_383' title='bbox 1725 1341 1818 1361; x_wconf 68' lang='lat' dir='ltr'><strong>artior</strong></span> <span class='ocrx_word' id='word_1_384' title='bbox 1837 1331 1908 1371; x_wconf 69' lang='lat' dir='ltr'><strong>ipse</strong></span> <span class='ocrx_word' id='word_1_385' title='bbox 1925 1337 1975 1362; x_wconf 76' lang='lat' dir='ltr'><strong>est</strong></span> <span class='ocrx_word' id='word_1_386' title='bbox 1993 1331 2145 1372; x_wconf 84' lang='lat' dir='ltr'><strong>quiddam</strong></span> 
     </span>
     <span class='ocr_line' id='line_1_64' title="bbox 1172 1371 2144 1410; baseline 0.003 -8"><span class='ocrx_word' id='word_1_387' title='bbox 1172 1372 1339 1403; x_wconf 89' lang='lat' dir='ltr'><strong>conditum</strong></span> <span class='ocrx_word' id='word_1_388' title='bbox 1370 1382 1389 1403; x_wconf 89' lang='lat' dir='ltr'><strong>a</strong></span> <span class='ocrx_word' id='word_1_389' title='bbox 1420 1371 1494 1403; x_wconf 91' lang='lat' dir='ltr'><strong>Deo</strong></span> <span class='ocrx_word' id='word_1_390' title='bbox 1526 1378 1557 1403; x_wconf 90' lang='lat' dir='ltr'><strong>et</strong></span> <span class='ocrx_word' id='word_1_391' title='bbox 1586 1372 1788 1410; x_wconf 84' lang='lat' dir='ltr'><strong>ordinatum,</strong></span> <span class='ocrx_word' id='word_1_392' title='bbox 1824 1379 1857 1404; x_wconf 90' lang='lat' dir='ltr'><strong>et</strong></span> <span class='ocrx_word' id='word_1_393' title='bbox 1887 1379 1939 1404; x_wconf 83' lang='lat' dir='ltr'><strong>est</strong></span> <span class='ocrx_word' id='word_1_394' title='bbox 1968 1383 2025 1405; x_wconf 88' lang='lat' dir='ltr'><strong>res</strong></span> <span class='ocrx_word' id='word_1_395' title='bbox 2048 1375 2144 1405; x_wconf 86' lang='lat' dir='ltr'><strong>bona.</strong></span> 
     </span>
     <span class='ocr_line' id='line_1_65' title="bbox 1171 1413 1994 1448; baseline 0.002 -3"><span class='ocrx_word' id='word_1_396' title='bbox 1171 1413 1205 1445; x_wconf 88' lang='lat' dir='ltr'><strong>ln</strong></span> <span class='ocrx_word' id='word_1_397' title='bbox 1229 1413 1304 1445; x_wconf 80' lang='lat' dir='ltr'><strong>Deo</strong></span> <span class='ocrx_word' id='word_1_398' title='bbox 1327 1421 1357 1446; x_wconf 88' lang='lat' dir='ltr'><strong>et</strong></span> <span class='ocrx_word' id='word_1_399' title='bbox 1382 1415 1413 1445; x_wconf 92' lang='lat' dir='ltr'><strong>in</strong></span> <span class='ocrx_word' id='word_1_400' title='bbox 1438 1415 1543 1446; x_wconf 82' lang='lat' dir='ltr'><strong>beatis</strong></span> <span class='ocrx_word' id='word_1_401' title='bbox 1566 1425 1660 1445; x_wconf 92' lang='lat' dir='ltr'><strong>amor</strong></span> <span class='ocrx_word' id='word_1_402' title='bbox 1682 1421 1732 1445; x_wconf 90' lang='lat' dir='ltr'><strong>est</strong></span> <span class='ocrx_word' id='word_1_403' title='bbox 1756 1416 1827 1446; x_wconf 88' lang='lat' dir='ltr'><strong>sine</strong></span> <span class='ocrx_word' id='word_1_404' title='bbox 1849 1414 1994 1448; x_wconf 83' lang='lat' dir='ltr'><strong>stultitia.</strong></span> 
     </span>
    </p>

    <p class='ocr_par' dir='ltr' id='par_1_20' title="bbox 1171 1456 2146 1585">
     <span class='ocr_line' id='line_1_66' title="bbox 1258 1456 2145 1499; baseline 0.005 -11"><span class='ocrx_word' id='word_1_405' title='bbox 1258 1457 1329 1489; x_wconf 89' lang='lat' dir='ltr'><strong>Nec</strong></span> <span class='ocrx_word' id='word_1_406' title='bbox 1364 1463 1414 1489; x_wconf 88' lang='lat' dir='ltr'><strong>est</strong></span> <span class='ocrx_word' id='word_1_407' title='bbox 1448 1467 1562 1489; x_wconf 77' lang='lat' dir='ltr'><strong>verum</strong></span> <span class='ocrx_word' id='word_1_408' title='bbox 1596 1456 1676 1489; x_wconf 84' lang='lat' dir='ltr'><strong>illud</strong></span> <span class='ocrx_word' id='word_1_409' title='bbox 1705 1457 1853 1490; x_wconf 82' lang='lat' dir='ltr'><strong>Stoicum</strong></span> <span class='ocrx_word' id='word_1_410' title='bbox 1883 1457 2145 1499; x_wconf 83' lang='lat' dir='ltr'><strong>deliramentum,</strong></span> 
     </span>
     <span class='ocr_line' id='line_1_67' title="bbox 1171 1500 2146 1542; baseline 0.004 -11"><span class='ocrx_word' id='word_1_411' title='bbox 1171 1501 1260 1542; x_wconf 88' lang='lat' dir='ltr'><strong>quod</strong></span> <span class='ocrx_word' id='word_1_412' title='bbox 1279 1510 1394 1531; x_wconf 88' lang='lat' dir='ltr'><strong>omnes</strong></span> <span class='ocrx_word' id='word_1_413' title='bbox 1411 1500 1551 1532; x_wconf 71' lang='lat' dir='ltr'><strong>affectus</strong></span> <span class='ocrx_word' id='word_1_414' title='bbox 1573 1500 1639 1532; x_wconf 82' lang='lat' dir='ltr'><strong>sint</strong></span> <span class='ocrx_word' id='word_1_415' title='bbox 1662 1510 1717 1532; x_wconf 89' lang='lat' dir='ltr'><strong>res</strong></span> <span class='ocrx_word' id='word_1_416' title='bbox 1740 1500 1846 1532; x_wconf 86' lang='lat' dir='ltr'><strong>malac</strong></span> <span class='ocrx_word' id='word_1_417' title='bbox 1868 1507 1900 1533; x_wconf 86' lang='lat' dir='ltr'><strong>et</strong></span> <span class='ocrx_word' id='word_1_418' title='bbox 1921 1502 2062 1534; x_wconf 83' lang='lat' dir='ltr'><strong>vitiosae</strong></span> <span class='ocrx_word' id='word_1_419' title='bbox 2083 1513 2146 1535; x_wconf 85' lang='lat' dir='ltr'><strong>suo</strong></span> 
     </span>
     <span class='ocr_line' id='line_1_68' title="bbox 1172 1551 1631 1585; baseline 0 -11"><span class='ocrx_word' id='word_1_420' title='bbox 1172 1552 1314 1585; x_wconf 79' lang='lat' dir='ltr'><strong>genere,</strong></span> <span class='ocrx_word' id='word_1_421' title='bbox 1337 1553 1397 1575; x_wconf 78' lang='lat' dir='ltr'><strong>seu</strong></span> <span class='ocrx_word' id='word_1_422' title='bbox 1420 1551 1537 1575; x_wconf 88' lang='lat' dir='ltr'><strong>natura</strong></span> <span class='ocrx_word' id='word_1_423' title='bbox 1560 1554 1631 1575; x_wconf 87' lang='lat' dir='ltr'><strong>sua.</strong></span> 
     </span>
    </p>

    <p class='ocr_par' dir='ltr' id='par_1_21' title="bbox 1170 1585 2144 1672">
     <span class='ocr_line' id='line_1_69' title="bbox 1257 1585 2144 1628; baseline 0.002 -11"><span class='ocrx_word' id='word_1_424' title='bbox 1257 1585 1351 1617; x_wconf 88' lang='lat' dir='ltr'><strong>Deus</strong></span> <span class='ocrx_word' id='word_1_425' title='bbox 1381 1587 1477 1617; x_wconf 84' lang='lat' dir='ltr'><strong>etiam</strong></span> <span class='ocrx_word' id='word_1_426' title='bbox 1500 1587 1531 1617; x_wconf 90' lang='lat' dir='ltr'><strong>in</strong></span> <span class='ocrx_word' id='word_1_427' title='bbox 1562 1585 1637 1628; x_wconf 80' lang='lat' dir='ltr'><strong>lege</strong></span> <span class='ocrx_word' id='word_1_428' title='bbox 1665 1596 1726 1617; x_wconf 85' lang='lat' dir='ltr'><strong>sua</strong></span> <span class='ocrx_word' id='word_1_429' title='bbox 1754 1587 1911 1627; x_wconf 81' lang='lat' dir='ltr'><strong>praecipit</strong></span> <span class='ocrx_word' id='word_1_430' title='bbox 1935 1585 2144 1619; x_wconf 81' lang='lat' dir='ltr'><strong>dilectionem</strong></span> 
     </span>
     <span class='ocr_line' id='line_1_70' title="bbox 1170 1627 2144 1672; baseline 0.001 -12"><span class='ocrx_word' id='word_1_431' title='bbox 1170 1627 1246 1667; x_wconf 88' lang='lat' dir='ltr'><strong>Dei,</strong></span> <span class='ocrx_word' id='word_1_432' title='bbox 1264 1635 1295 1660; x_wconf 88' lang='lat' dir='ltr'><strong>et</strong></span> <span class='ocrx_word' id='word_1_433' title='bbox 1311 1630 1460 1670; x_wconf 77' lang='lat' dir='ltr'><strong>proximi,</strong></span> <span class='ocrx_word' id='word_1_434' title='bbox 1479 1630 1554 1661; x_wconf 86' lang='lat' dir='ltr'><strong>item</strong></span> <span class='ocrx_word' id='word_1_435' title='bbox 1573 1630 1604 1660; x_wconf 92' lang='lat' dir='ltr'><strong>in</strong></span> <span class='ocrx_word' id='word_1_436' title='bbox 1623 1629 1694 1669; x_wconf 84' lang='lat' dir='ltr'><strong>ipsa</strong></span> <span class='ocrx_word' id='word_1_437' title='bbox 1711 1635 1828 1660; x_wconf 87' lang='lat' dir='ltr'><strong>natura</strong></span> <span class='ocrx_word' id='word_1_438' title='bbox 1841 1630 1985 1661; x_wconf 85' lang='lat' dir='ltr'><strong>condidit</strong></span> <span class='ocrx_word' id='word_1_439' title='bbox 1998 1635 2144 1672; x_wconf 74' lang='lat' dir='ltr'><strong>stur-gas.</strong></span> 
     </span>
    </p>

    <p class='ocr_par' dir='ltr' id='par_1_22' title="bbox 1171 1670 2145 1799">
     <span class='ocr_line' id='line_1_71' title="bbox 1258 1670 2145 1714; baseline 0.001 -11"><span class='ocrx_word' id='word_1_440' title='bbox 1258 1671 1314 1703; x_wconf 88' lang='lat' dir='ltr'><strong>Sic</strong></span> <span class='ocrx_word' id='word_1_441' title='bbox 1348 1670 1467 1703; x_wconf 85' lang='lat' dir='ltr'><strong>salsum</strong></span> <span class='ocrx_word' id='word_1_442' title='bbox 1501 1678 1571 1709; x_wconf 69' lang='lat' dir='ltr'><strong>est,</strong></span> <span class='ocrx_word' id='word_1_443' title='bbox 1611 1671 1700 1713; x_wconf 86' lang='lat' dir='ltr'><strong>quod</strong></span> <span class='ocrx_word' id='word_1_444' title='bbox 1734 1672 1833 1703; x_wconf 87' lang='lat' dir='ltr'><strong>Stoici</strong></span> <span class='ocrx_word' id='word_1_445' title='bbox 1867 1673 2034 1714; x_wconf 84' lang='lat' dir='ltr'><strong>imaginati</strong></span> <span class='ocrx_word' id='word_1_446' title='bbox 2068 1679 2145 1704; x_wconf 87' lang='lat' dir='ltr'><strong>sunt</strong></span> 
     </span>
     <span class='ocr_line' id='line_1_72' title="bbox 1171 1713 2144 1757; baseline 0.001 -11"><span class='ocrx_word' id='word_1_447' title='bbox 1171 1724 1315 1746; x_wconf 87' lang='lat' dir='ltr'><strong>amorem</strong></span> <span class='ocrx_word' id='word_1_448' title='bbox 1339 1724 1416 1746; x_wconf 76' lang='lat' dir='ltr'><strong>esse</strong></span> <span class='ocrx_word' id='word_1_449' title='bbox 1439 1715 1642 1755; x_wconf 84' lang='lat' dir='ltr'><strong>opinionem,</strong></span> <span class='ocrx_word' id='word_1_450' title='bbox 1666 1724 1729 1755; x_wconf 84' lang='lat' dir='ltr'><strong>qua</strong></span> <span class='ocrx_word' id='word_1_451' title='bbox 1754 1721 1928 1746; x_wconf 79' lang='lat' dir='ltr'><strong>moveatur</strong></span> <span class='ocrx_word' id='word_1_452' title='bbox 1949 1713 2085 1757; x_wconf 81' lang='lat' dir='ltr'><strong>aliquis,</strong></span> <span class='ocrx_word' id='word_1_453' title='bbox 2108 1722 2144 1747; x_wconf 83' lang='lat' dir='ltr'><strong>ut</strong></span> 
     </span>
     <span class='ocr_line' id='line_1_73' title="bbox 1171 1755 2144 1799; baseline 0.002 -11"><span class='ocrx_word' id='word_1_454' title='bbox 1171 1768 1310 1799; x_wconf 69' lang='lat' dir='ltr'><strong>magnos</strong></span> <span class='ocrx_word' id='word_1_455' title='bbox 1351 1755 1484 1788; x_wconf 71' lang='lat' dir='ltr'><strong>labores</strong></span> <span class='ocrx_word' id='word_1_456' title='bbox 1525 1757 1680 1797; x_wconf 71' lang='lat' dir='ltr'><strong>suscipiat</strong></span> <span class='ocrx_word' id='word_1_457' title='bbox 1722 1755 1857 1787; x_wconf 71' lang='lat' dir='ltr'><strong>alterius</strong></span> <span class='ocrx_word' id='word_1_458' title='bbox 1899 1767 2000 1789; x_wconf 73' lang='lat' dir='ltr'><strong>causa</strong></span> <span class='ocrx_word' id='word_1_459' title='bbox 2075 1758 2144 1790; x_wconf 84' lang='lat' dir='ltr'><strong>Sed</strong></span> 
     </span>
    </p>
   </div>
   <div class='ocr_carea' id='block_1_8' title="bbox 1141 1799 2143 1841">
    <p class='ocr_par' dir='ltr' id='par_1_23' title="bbox 1141 1799 2143 1841">
     <span class='ocr_line' id='line_1_74' title="bbox 1141 1799 2143 1841; baseline 0.003 -11"><span class='ocrx_word' id='word_1_460' title='bbox 1141 1806 1144 1827; x_wconf 63' lang='grc' dir='ltr'><strong>ῖ</strong></span> <span class='ocrx_word' id='word_1_461' title='bbox 1171 1811 1264 1830; x_wconf 83' lang='lat' dir='ltr'><strong>amor</strong></span> <span class='ocrx_word' id='word_1_462' title='bbox 1286 1810 1350 1830; x_wconf 90' lang='lat' dir='ltr'><strong>non</strong></span> <span class='ocrx_word' id='word_1_463' title='bbox 1374 1807 1423 1830; x_wconf 74' lang='lat' dir='ltr'><strong>ost</strong></span> <span class='ocrx_word' id='word_1_464' title='bbox 1448 1801 1568 1841; x_wconf 85' lang='lat' dir='ltr'><strong>opinio.</strong></span> <span class='ocrx_word' id='word_1_465' title='bbox 1593 1801 1679 1841; x_wconf 82' lang='lat' dir='ltr'><strong>quia,</strong></span> <span class='ocrx_word' id='word_1_466' title='bbox 1700 1809 1783 1840; x_wconf 84' lang='lat' dir='ltr'><strong>quae</strong></span> <span class='ocrx_word' id='word_1_467' title='bbox 1802 1799 1952 1831; x_wconf 79' lang='lat' dir='ltr'><strong>differunt</strong></span> <span class='ocrx_word' id='word_1_468' title='bbox 1972 1801 2143 1834; x_wconf 79' lang='lat' dir='ltr'><strong>subiectis.</strong></span> 
     </span>
    </p>
   </div>
   <div class='ocr_carea' id='block_1_9' title="bbox 139 1840 1143 2656">
    <p class='ocr_par' dir='ltr' id='par_1_24' title="bbox 141 1840 1143 1968">
     <span class='ocr_line' id='line_1_75' title="bbox 229 1840 1118 1882; baseline 0.002 -10"><span class='ocrx_word' id='word_1_469' title='bbox 229 1840 290 1872; x_wconf 81' lang='lat' dir='ltr'><strong>nic</strong></span> <span class='ocrx_word' id='word_1_470' title='bbox 319 1841 502 1882; x_wconf 74' lang='lat' dir='ltr'><strong>cogitemus</strong></span> <span class='ocrx_word' id='word_1_471' title='bbox 531 1841 571 1872; x_wconf 88' lang='lat' dir='ltr'><strong>de</strong></span> <span class='ocrx_word' id='word_1_472' title='bbox 594 1841 712 1873; x_wconf 86' lang='lat' dir='ltr'><strong>affectu</strong></span> <span class='ocrx_word' id='word_1_473' title='bbox 737 1849 900 1879; x_wconf 61' lang='lat' dir='ltr'><strong>materno,</strong></span> <span class='ocrx_word' id='word_1_474' title='bbox 935 1843 1029 1874; x_wconf 81' lang='lat' dir='ltr'><strong>cuius</strong></span> <span class='ocrx_word' id='word_1_475' title='bbox 1052 1853 1118 1874; x_wconf 83' lang='lat' dir='ltr'><strong>ma-</strong></span> 
     </span>
     <span class='ocr_line' id='line_1_76' title="bbox 142 1883 1117 1927; baseline 0.003 -13"><span class='ocrx_word' id='word_1_476' title='bbox 142 1883 254 1915; x_wconf 87' lang='lat' dir='ltr'><strong>nitudo</strong></span> <span class='ocrx_word' id='word_1_477' title='bbox 278 1893 342 1915; x_wconf 88' lang='lat' dir='ltr'><strong>non</strong></span> <span class='ocrx_word' id='word_1_478' title='bbox 367 1885 452 1914; x_wconf 53' lang='lat' dir='ltr'><strong>subit</strong></span> <span class='ocrx_word' id='word_1_479' title='bbox 471 1885 599 1915; x_wconf 78' lang='lat' dir='ltr'><strong>animos</strong></span> <span class='ocrx_word' id='word_1_480' title='bbox 629 1884 789 1916; x_wconf 62' lang='lat' dir='ltr'><strong>iuvenile&lt;</strong></span> <span class='ocrx_word' id='word_1_481' title='bbox 819 1891 850 1915; x_wconf 82' lang='lat' dir='ltr'><strong>et</strong></span> <span class='ocrx_word' id='word_1_482' title='bbox 876 1886 985 1915; x_wconf 80' lang='lat' dir='ltr'><strong>rudes.</strong></span> <span class='ocrx_word' id='word_1_483' title='bbox 1043 1886 1117 1927; x_wconf 79' lang='lat' dir='ltr'><strong>lpsa</strong></span> 
     </span>
     <span class='ocr_line' id='line_1_77' title="bbox 141 1925 1143 1968; baseline 0 -10"><span class='ocrx_word' id='word_1_484' title='bbox 141 1933 176 1958; x_wconf 87' lang='lat' dir='ltr'><strong>ut</strong></span> <span class='ocrx_word' id='word_1_485' title='bbox 199 1932 315 1964; x_wconf 64' lang='lat' dir='ltr'><strong>mater,</strong></span> <span class='ocrx_word' id='word_1_486' title='bbox 339 1927 442 1958; x_wconf 77' lang='lat' dir='ltr'><strong>sensit</strong></span> <span class='ocrx_word' id='word_1_487' title='bbox 467 1927 722 1968; x_wconf 73' lang='lat' dir='ltr'><strong>magnitudinem</strong></span> <span class='ocrx_word' id='word_1_488' title='bbox 748 1926 841 1958; x_wconf 71' lang='lat' dir='ltr'><strong>huius</strong></span> <span class='ocrx_word' id='word_1_489' title='bbox 866 1925 1002 1959; x_wconf 84' lang='lat' dir='ltr'><strong>doloris.</strong></span> <span class='ocrx_word' id='word_1_490' title='bbox 1141 1925 1143 1967; x_wconf 49' lang='grc'><strong>1,</strong></span> 
     </span>
    </p>

    <p class='ocr_par' dir='ltr' id='par_1_25' title="bbox 139 1968 1143 2354">
     <span class='ocr_line' id='line_1_78' title="bbox 227 1968 1143 2009; baseline 0.002 -9"><span class='ocrx_word' id='word_1_491' title='bbox 227 1968 370 2000; x_wconf 85' lang='lat' dir='ltr'><strong>Memini.</strong></span> <span class='ocrx_word' id='word_1_492' title='bbox 391 1980 463 2000; x_wconf 91' lang='lat' dir='ltr'><strong>cum</strong></span> <span class='ocrx_word' id='word_1_493' title='bbox 489 1980 552 2000; x_wconf 86' lang='lat' dir='ltr'><strong>una</strong></span> <span class='ocrx_word' id='word_1_494' title='bbox 576 1970 769 2001; x_wconf 60' lang='lat' dir='ltr'><strong>sederemus</strong></span> <span class='ocrx_word' id='word_1_495' title='bbox 796 1969 921 2001; x_wconf 76' lang='lat' dir='ltr'><strong>Ductor</strong></span> <span class='ocrx_word' id='word_1_496' title='bbox 945 1970 1117 2009; x_wconf 80' lang='lat' dir='ltr'><strong>Martinus,</strong></span> <span class='ocrx_word' id='word_1_497' title='bbox 1141 1970 1143 2005; x_wconf 67' lang='lat'><em>]</em></span> 
     </span>
     <span class='ocr_line' id='line_1_79' title="bbox 141 2011 1143 2051; baseline 0 -8"><span class='ocrx_word' id='word_1_498' title='bbox 141 2011 183 2043; x_wconf 89' lang='lat' dir='ltr'><strong>D.</strong></span> <span class='ocrx_word' id='word_1_499' title='bbox 209 2011 329 2043; x_wconf 81' lang='lat' dir='ltr'><strong>Pastor</strong></span> <span class='ocrx_word' id='word_1_500' title='bbox 354 2012 572 2050; x_wconf 65' lang='lat' dir='ltr'><strong>l’omernnuS,</strong></span> <span class='ocrx_word' id='word_1_501' title='bbox 604 2013 831 2051; x_wconf 56' lang='lat' dir='ltr'><strong>Ammoi-lim,</strong></span> <span class='ocrx_word' id='word_1_502' title='bbox 868 2013 996 2044; x_wconf 86' lang='lat' dir='ltr'><strong>Doctor</strong></span> <span class='ocrx_word' id='word_1_503' title='bbox 1021 2014 1116 2045; x_wconf 63' lang='lat' dir='ltr'><strong>lonas</strong></span> <span class='ocrx_word' id='word_1_504' title='bbox 1142 2019 1143 2030; x_wconf 66' lang='lat'>¹</span> 
     </span>
     <span class='ocr_line' id='line_1_80' title="bbox 140 2053 1118 2097; baseline 0.001 -11"><span class='ocrx_word' id='word_1_505' title='bbox 140 2061 171 2086; x_wconf 87' lang='lat' dir='ltr'><strong>et</strong></span> <span class='ocrx_word' id='word_1_506' title='bbox 196 2065 273 2097; x_wconf 84' lang='lat' dir='ltr'><strong>ego,</strong></span> <span class='ocrx_word' id='word_1_507' title='bbox 291 2061 323 2086; x_wconf 91' lang='lat' dir='ltr'><strong>et</strong></span> <span class='ocrx_word' id='word_1_508' title='bbox 345 2053 445 2086; x_wconf 87' lang='lat' dir='ltr'><strong>multa</strong></span> <span class='ocrx_word' id='word_1_509' title='bbox 465 2055 506 2085; x_wconf 85' lang='lat' dir='ltr'><strong>ibi</strong></span> <span class='ocrx_word' id='word_1_510' title='bbox 527 2066 857 2087; x_wconf 78' lang='lat' dir='ltr'><strong>commemoraremus</strong></span> <span class='ocrx_word' id='word_1_511' title='bbox 881 2057 922 2087; x_wconf 87' lang='lat' dir='ltr'><strong>dc</strong></span> <span class='ocrx_word' id='word_1_512' title='bbox 945 2056 1118 2089; x_wconf 75' lang='lat' dir='ltr'><strong>affectibus</strong></span> 
     </span>
     <span class='ocr_line' id='line_1_81' title="bbox 140 2098 1143 2140; baseline 0 -11"><span class='ocrx_word' id='word_1_513' title='bbox 140 2104 324 2139; x_wconf 86' lang='lat' dir='ltr'><strong>parentum,</strong></span> <span class='ocrx_word' id='word_1_514' title='bbox 347 2098 548 2129; x_wconf 76' lang='lat' dir='ltr'><strong>Amstorfius</strong></span> <span class='ocrx_word' id='word_1_515' title='bbox 571 2098 715 2129; x_wconf 71' lang='lat' dir='ltr'><strong>dicebat:</strong></span> <span class='ocrx_word' id='word_1_516' title='bbox 738 2098 811 2140; x_wconf 84' lang='lat' dir='ltr'><strong>Ego</strong></span> <span class='ocrx_word' id='word_1_517' title='bbox 835 2100 922 2137; x_wconf 86' lang='lat' dir='ltr'><strong>scio,</strong></span> <span class='ocrx_word' id='word_1_518' title='bbox 948 2110 1010 2139; x_wconf 70' lang='lat' dir='ltr'><strong>ego</strong></span> <span class='ocrx_word' id='word_1_519' title='bbox 1034 2102 1116 2134; x_wconf 73' lang='lat' dir='ltr'><strong>scio,</strong></span> <span class='ocrx_word' id='word_1_520' title='bbox 1141 2102 1143 2138; x_wconf 60' lang='grc' dir='ltr'>ξ</span> 
     </span>
     <span class='ocr_line' id='line_1_82' title="bbox 141 2139 1143 2183; baseline 0 -11"><span class='ocrx_word' id='word_1_521' title='bbox 141 2141 218 2183; x_wconf 89' lang='lat' dir='ltr'><strong>quid</strong></span> <span class='ocrx_word' id='word_1_522' title='bbox 253 2140 307 2172; x_wconf 78' lang='lat' dir='ltr'><strong>stt.</strong></span> <span class='ocrx_word' id='word_1_523' title='bbox 363 2140 429 2172; x_wconf 89' lang='lat' dir='ltr'><strong>Sed</strong></span> <span class='ocrx_word' id='word_1_524' title='bbox 466 2139 692 2182; x_wconf 83' lang='lat' dir='ltr'><strong>interpellabat</strong></span> <span class='ocrx_word' id='word_1_525' title='bbox 725 2152 797 2172; x_wconf 89' lang='lat' dir='ltr'><strong>eum</strong></span> <span class='ocrx_word' id='word_1_526' title='bbox 822 2141 918 2173; x_wconf 87' lang='lat' dir='ltr'><strong>Doct.</strong></span> <span class='ocrx_word' id='word_1_527' title='bbox 945 2142 1143 2181; x_wconf 45' lang='lat' dir='ltr'><strong>Martinus,¹</strong></span> 
     </span>
     <span class='ocr_line' id='line_1_83' title="bbox 140 2182 1117 2226; baseline 0.002 -11"><span class='ocrx_word' id='word_1_528' title='bbox 140 2184 308 2226; x_wconf 73' lang='lat' dir='ltr'><strong>inquiensz</strong></span> <span class='ocrx_word' id='word_1_529' title='bbox 338 2182 410 2215; x_wconf 80' lang='lat' dir='ltr'><strong>vos</strong></span> <span class='ocrx_word' id='word_1_530' title='bbox 434 2182 512 2215; x_wconf 81' lang='lat' dir='ltr'><strong>nihil</strong></span> <span class='ocrx_word' id='word_1_531' title='bbox 537 2184 628 2215; x_wconf 78' lang='lat' dir='ltr'><strong>scitis</strong></span> <span class='ocrx_word' id='word_1_532' title='bbox 652 2185 692 2216; x_wconf 90' lang='lat' dir='ltr'><strong>dc</strong></span> <span class='ocrx_word' id='word_1_533' title='bbox 715 2183 767 2215; x_wconf 78' lang='lat' dir='ltr'><strong>liis</strong></span> <span class='ocrx_word' id='word_1_534' title='bbox 791 2185 906 2215; x_wconf 69' lang='lat' dir='ltr'><strong>rebus:</strong></span> <span class='ocrx_word' id='word_1_535' title='bbox 930 2184 1004 2216; x_wconf 85' lang='lat' dir='ltr'><strong>Non</strong></span> <span class='ocrx_word' id='word_1_536' title='bbox 1030 2187 1117 2217; x_wconf 57' lang='lat' dir='ltr'><strong>vixe-</strong></span> 
     </span>
     <span class='ocr_line' id='line_1_84' title="bbox 140 2225 1115 2268; baseline 0.001 -11"><span class='ocrx_word' id='word_1_537' title='bbox 140 2234 189 2258; x_wconf 84' lang='lat' dir='ltr'><strong>rat</strong></span> <span class='ocrx_word' id='word_1_538' title='bbox 218 2225 273 2258; x_wconf 88' lang='lat' dir='ltr'><strong>ille</strong></span> <span class='ocrx_word' id='word_1_539' title='bbox 301 2228 333 2258; x_wconf 90' lang='lat' dir='ltr'><strong>in</strong></span> <span class='ocrx_word' id='word_1_540' title='bbox 363 2227 535 2267; x_wconf 76' lang='lat' dir='ltr'><strong>coniugio:</strong></span> <span class='ocrx_word' id='word_1_541' title='bbox 570 2227 643 2258; x_wconf 87' lang='lat' dir='ltr'><strong>Non</strong></span> <span class='ocrx_word' id='word_1_542' title='bbox 674 2226 780 2258; x_wconf 75' lang='lat' dir='ltr'><strong>iuer-nt</strong></span> <span class='ocrx_word' id='word_1_543' title='bbox 808 2233 918 2268; x_wconf 79' lang='lat' dir='ltr'><strong>pater,</strong></span> <span class='ocrx_word' id='word_1_544' title='bbox 954 2229 1027 2260; x_wconf 84' lang='lat' dir='ltr'><strong>ideo</strong></span> <span class='ocrx_word' id='word_1_545' title='bbox 1051 2239 1115 2260; x_wconf 89' lang='lat' dir='ltr'><strong>non</strong></span> 
     </span>
     <span class='ocr_line' id='line_1_85' title="bbox 139 2263 1143 2311; baseline 0.005 -12"><span class='ocrx_word' id='word_1_546' title='bbox 139 2276 268 2311; x_wconf 84' lang='lat' dir='ltr'><strong>poterat</strong></span> <span class='ocrx_word' id='word_1_547' title='bbox 298 2280 399 2301; x_wconf 74' lang='lat' dir='ltr'><strong>nosse</strong></span> <span class='ocrx_word' id='word_1_548' title='bbox 428 2270 567 2301; x_wconf 75' lang='lat' dir='ltr'><strong>affectus·</strong></span> <span class='ocrx_word' id='word_1_549' title='bbox 596 2277 774 2311; x_wconf 77' lang='lat' dir='ltr'><strong>paternos:</strong></span> <span class='ocrx_word' id='word_1_550' title='bbox 809 2269 910 2301; x_wconf 77' lang='lat' dir='ltr'><strong>inulto</strong></span> <span class='ocrx_word' id='word_1_551' title='bbox 940 2272 1048 2303; x_wconf 78' lang='lat' dir='ltr'><strong>minus</strong></span> <span class='ocrx_word' id='word_1_552' title='bbox 1072 2273 1116 2304; x_wconf 88' lang='lat' dir='ltr'><strong>iu·</strong></span> <span class='ocrx_word' id='word_1_553' title='bbox 1142 2263 1143 2282; x_wconf 52' lang='lat'>¹</span> 
     </span>
     <span class='ocr_line' id='line_1_86' title="bbox 140 2311 1001 2354; baseline 0 -10"><span class='ocrx_word' id='word_1_554' title='bbox 140 2322 244 2344; x_wconf 74' lang='lat' dir='ltr'><strong>venes</strong></span> <span class='ocrx_word' id='word_1_555' title='bbox 270 2313 400 2353; x_wconf 80' lang='lat' dir='ltr'><strong>capiunt</strong></span> <span class='ocrx_word' id='word_1_556' title='bbox 423 2313 680 2354; x_wconf 82' lang='lat' dir='ltr'><strong>magnitudinem</strong></span> <span class='ocrx_word' id='word_1_557' title='bbox 703 2311 828 2345; x_wconf 79' lang='lat' dir='ltr'><strong>doloris</strong></span> <span class='ocrx_word' id='word_1_558' title='bbox 852 2315 1001 2345; x_wconf 83' lang='lat' dir='ltr'><strong>materni.</strong></span> 
     </span>
    </p>

    <p class='ocr_par' dir='ltr' id='par_1_26' title="bbox 140 2355 1142 2600">
     <span class='ocr_line' id='line_1_87' title="bbox 226 2355 1116 2399; baseline 0.003 -13"><span class='ocrx_word' id='word_1_559' title='bbox 226 2355 273 2386; x_wconf 86' lang='lat' dir='ltr'><strong>Tu</strong></span> <span class='ocrx_word' id='word_1_560' title='bbox 309 2356 454 2386; x_wconf 75' lang='lat' dir='ltr'><strong>debebas</strong></span> <span class='ocrx_word' id='word_1_561' title='bbox 489 2362 563 2396; x_wconf 73' lang='lat' dir='ltr'><strong>post</strong></span> <span class='ocrx_word' id='word_1_562' title='bbox 595 2355 702 2387; x_wconf 79' lang='lat' dir='ltr'><strong>Deum</strong></span> <span class='ocrx_word' id='word_1_563' title='bbox 732 2357 872 2387; x_wconf 73' lang='lat' dir='ltr'><strong>maxime</strong></span> <span class='ocrx_word' id='word_1_564' title='bbox 902 2356 1038 2397; x_wconf 74' lang='lat' dir='ltr'><strong>diligere</strong></span> <span class='ocrx_word' id='word_1_565' title='bbox 1061 2369 1116 2399; x_wconf 88' lang='lat' dir='ltr'><strong>pa-</strong></span> 
     </span>
     <span class='ocr_line' id='line_1_88' title="bbox 140 2397 1114 2435; baseline 0.003 -6"><span class='ocrx_word' id='word_1_566' title='bbox 140 2405 253 2430; x_wconf 70' lang='lat' dir='ltr'><strong>rentes</strong></span> <span class='ocrx_word' id='word_1_567' title='bbox 276 2404 370 2435; x_wconf 61' lang='lat' dir='ltr'><strong>tuos,</strong></span> <span class='ocrx_word' id='word_1_568' title='bbox 399 2399 458 2429; x_wconf 54' lang='lat' dir='ltr'><strong>‚ed</strong></span> <span class='ocrx_word' id='word_1_569' title='bbox 483 2397 584 2430; x_wconf 86' lang='lat' dir='ltr'><strong>multo</strong></span> <span class='ocrx_word' id='word_1_570' title='bbox 604 2400 771 2431; x_wconf 85' lang='lat' dir='ltr'><strong>ardentior</strong></span> <span class='ocrx_word' id='word_1_571' title='bbox 794 2406 843 2430; x_wconf 68' lang='lat' dir='ltr'><strong>est</strong></span> <span class='ocrx_word' id='word_1_572' title='bbox 871 2410 962 2430; x_wconf 82' lang='lat' dir='ltr'><strong>amor</strong></span> <span class='ocrx_word' id='word_1_573' title='bbox 987 2407 1114 2432; x_wconf 83' lang='lat' dir='ltr'><strong>tuorum</strong></span> 
     </span>
     <span class='ocr_line' id='line_1_89' title="bbox 140 2437 1142 2483; baseline 0.001 -11"><span class='ocrx_word' id='word_1_574' title='bbox 140 2448 310 2482; x_wconf 67' lang='lat' dir='ltr'><strong>parentum</strong></span> <span class='ocrx_word' id='word_1_575' title='bbox 345 2452 424 2481; x_wconf 74' lang='lat' dir='ltr'><strong>erg-&#39;1</strong></span> <span class='ocrx_word' id='word_1_576' title='bbox 460 2449 501 2473; x_wconf 82' lang='lat' dir='ltr'><strong>tc.</strong></span> <span class='ocrx_word' id='word_1_577' title='bbox 564 2441 712 2483; x_wconf 74' lang='lat' dir='ltr'><strong>inprimis</strong></span> <span class='ocrx_word' id='word_1_578' title='bbox 748 2453 826 2473; x_wconf 72' lang='lat' dir='ltr'><strong>voro</strong></span> <span class='ocrx_word' id='word_1_579' title='bbox 861 2444 892 2474; x_wconf 89' lang='lat' dir='ltr'><strong>in</strong></span> <span class='ocrx_word' id='word_1_580' title='bbox 927 2450 1030 2473; x_wconf 79' lang='lat' dir='ltr'><strong>matre</strong></span> <span class='ocrx_word' id='word_1_581' title='bbox 1064 2437 1142 2474; x_wconf 79' lang='lat' dir='ltr'><strong>est¹</strong></span> 
     </span>
     <span class='ocr_line' id='line_1_90' title="bbox 141 2483 1141 2525; baseline 0.004 -11"><span class='ocrx_word' id='word_1_582' title='bbox 141 2495 233 2514; x_wconf 84' lang='lat' dir='ltr'><strong>amor</strong></span> <span class='ocrx_word' id='word_1_583' title='bbox 256 2483 532 2524; x_wconf 58' lang='lat' dir='ltr'><strong>flagrantis-simus</strong></span> <span class='ocrx_word' id='word_1_584' title='bbox 564 2496 643 2525; x_wconf 74' lang='lat' dir='ltr'><strong>erga</strong></span> <span class='ocrx_word' id='word_1_585' title='bbox 667 2485 829 2517; x_wconf 73' lang='lat' dir='ltr'><strong>sobolem.</strong></span> <span class='ocrx_word' id='word_1_586' title='bbox 875 2485 952 2517; x_wconf 77' lang='lat' dir='ltr'><strong>ideo</strong></span> <span class='ocrx_word' id='word_1_587' title='bbox 978 2487 1114 2517; x_wconf 66' lang='lat' dir='ltr'><strong>(Germa-</strong></span> <span class='ocrx_word' id='word_1_588' title='bbox 1140 2490 1141 2518; x_wconf 49' lang='lat' dir='ltr'><strong>i</strong></span> 
     </span>
     <span class='ocr_line' id='line_1_91' title="bbox 141 2522 1141 2591; baseline 0.001 -34"><span class='ocrx_word' id='word_1_589' title='bbox 141 2528 215 2558; x_wconf 77' lang='lat' dir='ltr'><strong>nico</strong></span> <span class='ocrx_word' id='word_1_590' title='bbox 238 2528 414 2568; x_wconf 77' lang='lat' dir='ltr'><strong>proverbio</strong></span> <span class='ocrx_word' id='word_1_591' title='bbox 446 2539 509 2558; x_wconf 87' lang='lat' dir='ltr'><strong>non</strong></span> <span class='ocrx_word' id='word_1_592' title='bbox 541 2527 663 2560; x_wconf 68' lang='lat' dir='ltr'><strong>frustra</strong></span> <span class='ocrx_word' id='word_1_593' title='bbox 688 2529 818 2560; x_wconf 84' lang='lat' dir='ltr'><strong>dicitur:</strong></span> <span class='ocrx_word' id='word_1_594' title='bbox 870 2528 942 2558; x_wconf 77' lang='lat' dir='ltr'><strong>Wer</strong></span> <span class='ocrx_word' id='word_1_595' title='bbox 963 2529 1016 2558; x_wconf 77' lang='lat' dir='ltr'><strong>lm!</strong></span> <span class='ocrx_word' id='word_1_596' title='bbox 1042 2529 1112 2558; x_wconf 72' lang='lat' dir='ltr'><strong>alirh</strong></span> <span class='ocrx_word' id='word_1_597' title='bbox 1138 2522 1141 2591; x_wconf 64' lang='lat' dir='ltr'><strong>i</strong></span> 
     </span>
     <span class='ocr_line' id='line_1_92' title="bbox 142 2570 613 2600; baseline 0.004 -2"><span class='ocrx_word' id='word_1_598' title='bbox 142 2581 188 2598; x_wconf 79' lang='lat' dir='ltr'><strong>nm</strong></span> <span class='ocrx_word' id='word_1_599' title='bbox 212 2570 360 2599; x_wconf 63' lang='lat' dir='ltr'><strong>Helenen?</strong></span> <span class='ocrx_word' id='word_1_600' title='bbox 405 2570 466 2599; x_wconf 67' lang='lat' dir='ltr'><strong>Die</strong></span> <span class='ocrx_word' id='word_1_601' title='bbox 489 2572 613 2600; x_wconf 69' lang='lat' dir='ltr'><strong>Mutum·-</strong></span> 
     </span>
    </p>

    <p class='ocr_par' dir='ltr' id='par_1_27' title="bbox 227 2601 1141 2656">
     <span class='ocr_line' id='line_1_93' title="bbox 227 2601 1141 2656; baseline 0.002 -13"><span class='ocrx_word' id='word_1_602' title='bbox 227 2613 291 2644; x_wconf 77' lang='lat' dir='ltr'><strong>lste</strong></span> <span class='ocrx_word' id='word_1_603' title='bbox 329 2612 467 2645; x_wconf 73' lang='lat' dir='ltr'><strong>affectus</strong></span> <span class='ocrx_word' id='word_1_604' title='bbox 502 2622 668 2646; x_wconf 71' lang='lat' dir='ltr'><strong>maternus</strong></span> <span class='ocrx_word' id='word_1_605' title='bbox 702 2615 887 2646; x_wconf 79' lang='lat' dir='ltr'><strong>nominatur</strong></span> <span class='ocrx_word' id='word_1_606' title='bbox 921 2615 1048 2656; x_wconf 68' lang='grc' dir='ltr'><em>στοργή,</em></span> <span class='ocrx_word' id='word_1_607' title='bbox 1083 2601 1141 2654; x_wconf 66' lang='lat' dir='ltr'><strong>td!</strong></span> 
     </span>
    </p>
   </div>
   <div class='ocr_carea' id='block_1_10' title="bbox 1142 2315 1275 2346">
    <p class='ocr_par' dir='ltr' id='par_1_28' title="bbox 1142 2315 1275 2346">
     <span class='ocr_line' id='line_1_94' title="bbox 1142 2315 1275 2346; baseline -0.008 -1"><span class='ocrx_word' id='word_1_608' title='bbox 1142 2321 1143 2333; x_wconf 65' lang='lat'>¹</span> <span class='ocrx_word' id='word_1_609' title='bbox 1169 2315 1275 2346; x_wconf 85' lang='lat' dir='ltr'><strong>ctitur.</strong></span> 
     </span>
    </p>
   </div>
   <div class='ocr_carea' id='block_1_11' title="bbox 1167 1841 2154 2657">
    <p class='ocr_par' dir='ltr' id='par_1_29' title="bbox 1169 1841 2143 2012">
     <span class='ocr_line' id='line_1_95' title="bbox 1172 1841 2142 1884; baseline 0.002 -11"><span class='ocrx_word' id='word_1_610' title='bbox 1172 1842 1321 1874; x_wconf 79' lang='lat' dir='ltr'><strong>differunt</strong></span> <span class='ocrx_word' id='word_1_611' title='bbox 1346 1841 1492 1874; x_wconf 83' lang='lat' dir='ltr'><strong>realiter:</strong></span> <span class='ocrx_word' id='word_1_612' title='bbox 1539 1844 1657 1884; x_wconf 76' lang='lat' dir='ltr'><strong>Opinio</strong></span> <span class='ocrx_word' id='word_1_613' title='bbox 1682 1850 1730 1872; x_wconf 77' lang='lat' dir='ltr'><strong>est</strong></span> <span class='ocrx_word' id='word_1_614' title='bbox 1755 1843 1785 1872; x_wconf 91' lang='lat' dir='ltr'><strong>in</strong></span> <span class='ocrx_word' id='word_1_615' title='bbox 1810 1843 1961 1881; x_wconf 79' lang='lat' dir='ltr'><strong>cerebro,</strong></span> <span class='ocrx_word' id='word_1_616' title='bbox 1984 1843 2089 1875; x_wconf 76' lang='lat' dir='ltr'><strong>Amor</strong></span> <span class='ocrx_word' id='word_1_617' title='bbox 2110 1845 2142 1876; x_wconf 92' lang='lat' dir='ltr'><strong>in</strong></span> 
     </span>
     <span class='ocr_line' id='line_1_96' title="bbox 1170 1884 2142 1927; baseline 0.001 -10"><span class='ocrx_word' id='word_1_618' title='bbox 1170 1886 1283 1917; x_wconf 68' lang='lat' dir='ltr'><strong>corde:</strong></span> <span class='ocrx_word' id='word_1_619' title='bbox 1320 1885 1409 1925; x_wconf 79' lang='lat' dir='ltr'><strong>Ergo</strong></span> <span class='ocrx_word' id='word_1_620' title='bbox 1440 1886 1590 1917; x_wconf 73' lang='lat' dir='ltr'><strong>differunt</strong></span> <span class='ocrx_word' id='word_1_621' title='bbox 1623 1884 1762 1916; x_wconf 69' lang='lat' dir='ltr'><strong>realiter.</strong></span> <span class='ocrx_word' id='word_1_622' title='bbox 1817 1885 1851 1916; x_wconf 87' lang='lat' dir='ltr'><strong>ln</strong></span> <span class='ocrx_word' id='word_1_623' title='bbox 1874 1887 2066 1927; x_wconf 77' lang='lat' dir='ltr'><strong>parentibus</strong></span> <span class='ocrx_word' id='word_1_624' title='bbox 2092 1894 2142 1918; x_wconf 81' lang='lat' dir='ltr'><strong>est</strong></span> 
     </span>
     <span class='ocr_line' id='line_1_97' title="bbox 1169 1927 2143 1971; baseline 0.002 -12"><span class='ocrx_word' id='word_1_625' title='bbox 1169 1929 1287 1969; x_wconf 79' lang='lat' dir='ltr'><strong>ingens</strong></span> <span class='ocrx_word' id='word_1_626' title='bbox 1310 1935 1340 1959; x_wconf 83' lang='lat' dir='ltr'><strong>et</strong></span> <span class='ocrx_word' id='word_1_627' title='bbox 1365 1927 1591 1959; x_wconf 63' lang='lat' dir='ltr'><strong>inenarrabilis</strong></span> <span class='ocrx_word' id='word_1_628' title='bbox 1616 1938 1708 1958; x_wconf 72' lang='lat' dir='ltr'><strong>arnor</strong></span> <span class='ocrx_word' id='word_1_629' title='bbox 1731 1937 1812 1969; x_wconf 84' lang='lat' dir='ltr'><strong>erga</strong></span> <span class='ocrx_word' id='word_1_630' title='bbox 1831 1935 1940 1966; x_wconf 81' lang='lat' dir='ltr'><strong>natos,</strong></span> <span class='ocrx_word' id='word_1_631' title='bbox 1958 1935 1988 1960; x_wconf 90' lang='lat' dir='ltr'><strong>et</strong></span> <span class='ocrx_word' id='word_1_632' title='bbox 2013 1930 2143 1971; x_wconf 88' lang='lat' dir='ltr'><strong>quidem</strong></span> 
     </span>
     <span class='ocr_line' id='line_1_98' title="bbox 1170 1969 2012 2012; baseline -0.001 -10"><span class='ocrx_word' id='word_1_633' title='bbox 1170 1969 1272 2002; x_wconf 86' lang='lat' dir='ltr'><strong>multo</strong></span> <span class='ocrx_word' id='word_1_634' title='bbox 1296 1972 1410 2003; x_wconf 78' lang='lat' dir='ltr'><strong>maior.</strong></span> <span class='ocrx_word' id='word_1_635' title='bbox 1436 1983 1530 2012; x_wconf 55' lang='lat' dir='ltr'><strong>«sunm</strong></span> <span class='ocrx_word' id='word_1_636' title='bbox 1556 1973 1585 2002; x_wconf 86' lang='lat' dir='ltr'><strong>in</strong></span> <span class='ocrx_word' id='word_1_637' title='bbox 1610 1969 1721 2001; x_wconf 74' lang='lat' dir='ltr'><strong>liberis</strong></span> <span class='ocrx_word' id='word_1_638' title='bbox 1746 1982 1825 2012; x_wconf 75' lang='lat' dir='ltr'><strong>erga</strong></span> <span class='ocrx_word' id='word_1_639' title='bbox 1848 1978 2012 2012; x_wconf 67' lang='lat' dir='ltr'><strong>perentes.</strong></span> 
     </span>
    </p>

    <p class='ocr_par' dir='ltr' id='par_1_30' title="bbox 1169 2013 2154 2440">
     <span class='ocr_line' id='line_1_99' title="bbox 1256 2013 2142 2058; baseline 0.002 -13"><span class='ocrx_word' id='word_1_640' title='bbox 1256 2013 1336 2045; x_wconf 81' lang='lat' dir='ltr'><strong>Cum</strong></span> <span class='ocrx_word' id='word_1_641' title='bbox 1361 2022 1467 2045; x_wconf 77' lang='lat' dir='ltr'><strong>autem</strong></span> <span class='ocrx_word' id='word_1_642' title='bbox 1493 2022 1580 2045; x_wconf 67' lang='lat' dir='ltr'><strong>tanta</strong></span> <span class='ocrx_word' id='word_1_643' title='bbox 1605 2015 1644 2044; x_wconf 75' lang='lat' dir='ltr'><strong>sit</strong></span> <span class='ocrx_word' id='word_1_644' title='bbox 1670 2013 1776 2055; x_wconf 64' lang='lat' dir='ltr'><strong>empye}</strong></span> <span class='ocrx_word' id='word_1_645' title='bbox 1799 2015 1831 2045; x_wconf 91' lang='lat' dir='ltr'><strong>in</strong></span> <span class='ocrx_word' id='word_1_646' title='bbox 1854 2015 2044 2055; x_wconf 83' lang='lat' dir='ltr'><strong>parentibus</strong></span> <span class='ocrx_word' id='word_1_647' title='bbox 2061 2025 2142 2058; x_wconf 75' lang='lat' dir='ltr'><strong>erga</strong></span> 
     </span>
     <span class='ocr_line' id='line_1_100' title="bbox 1171 2055 2154 2098; baseline 0.004 -12"><span class='ocrx_word' id='word_1_648' title='bbox 1171 2055 1257 2087; x_wconf 68' lang='lat' dir='ltr'><strong>tilios</strong></span> <span class='ocrx_word' id='word_1_649' title='bbox 1287 2063 1316 2087; x_wconf 79' lang='lat' dir='ltr'><strong>ct</strong></span> <span class='ocrx_word' id='word_1_650' title='bbox 1348 2056 1451 2088; x_wconf 48' lang='lat' dir='ltr'><strong>filins.</strong></span> <span class='ocrx_word' id='word_1_651' title='bbox 1488 2067 1589 2098; x_wconf 71' lang='lat' dir='ltr'><strong>saepe</strong></span> <span class='ocrx_word' id='word_1_652' title='bbox 1619 2058 1822 2098; x_wconf 73' lang='lat' dir='ltr'><strong>cogitemus,</strong></span> <span class='ocrx_word' id='word_1_653' title='bbox 1857 2055 1957 2088; x_wconf 85' lang='lat' dir='ltr'><strong>multo</strong></span> <span class='ocrx_word' id='word_1_654' title='bbox 1987 2058 2154 2098; x_wconf 73' lang='lat' dir='ltr'><strong>maiorem=</strong></span> 
     </span>
     <span class='ocr_line' id='line_1_101' title="bbox 1170 2099 2143 2143; baseline 0.002 -13"><span class='ocrx_word' id='word_1_655' title='bbox 1170 2099 1292 2140; x_wconf 63' lang='grc' dir='ltr'>στοργηῖν</span> <span class='ocrx_word' id='word_1_656' title='bbox 1320 2110 1395 2131; x_wconf 75' lang='lat' dir='ltr'><strong>esso</strong></span> <span class='ocrx_word' id='word_1_657' title='bbox 1426 2101 1455 2130; x_wconf 90' lang='lat' dir='ltr'><strong>in</strong></span> <span class='ocrx_word' id='word_1_658' title='bbox 1486 2099 1557 2131; x_wconf 79' lang='lat' dir='ltr'><strong>Dco</strong></span> <span class='ocrx_word' id='word_1_659' title='bbox 1582 2110 1661 2141; x_wconf 74' lang='lat' dir='ltr'><strong>erga</strong></span> <span class='ocrx_word' id='word_1_660' title='bbox 1685 2110 1765 2138; x_wconf 78' lang='lat' dir='ltr'><strong>nos,</strong></span> <span class='ocrx_word' id='word_1_661' title='bbox 1798 2108 1832 2131; x_wconf 86' lang='lat' dir='ltr'><strong>ut</strong></span> <span class='ocrx_word' id='word_1_662' title='bbox 1858 2099 2018 2132; x_wconf 85' lang='lat' dir='ltr'><strong>Dominus</strong></span> <span class='ocrx_word' id='word_1_663' title='bbox 2042 2101 2143 2143; x_wconf 84' lang='lat' dir='ltr'><strong>inquit</strong></span> 
     </span>
     <span class='ocr_line' id='line_1_102' title="bbox 1171 2142 2141 2184; baseline 0.001 -12"><span class='ocrx_word' id='word_1_664' title='bbox 1171 2142 1252 2179; x_wconf 72' lang='lat' dir='ltr'><strong>ssoh.</strong></span> <span class='ocrx_word' id='word_1_665' title='bbox 1271 2143 1416 2180; x_wconf 56' lang='lat'><strong>12264:</strong></span> <span class='ocrx_word' id='word_1_666' title='bbox 1448 2144 1496 2172; x_wconf 78' lang='lat' dir='ltr'><strong>Sit</strong></span> <span class='ocrx_word' id='word_1_667' title='bbox 1521 2143 1649 2172; x_wconf 71' lang='lat' dir='ltr'><strong>dilectio</strong></span> <span class='ocrx_word' id='word_1_668' title='bbox 1669 2146 1721 2171; x_wconf 73' lang='lat' dir='ltr'><strong>tna</strong></span> <span class='ocrx_word' id='word_1_669' title='bbox 1744 2145 1775 2172; x_wconf 82' lang='lat' dir='ltr'><strong>t&#39;n</strong></span> <span class='ocrx_word' id='word_1_670' title='bbox 1799 2144 1852 2174; x_wconf 72' lang='lat' dir='ltr'><strong>ris,</strong></span> <span class='ocrx_word' id='word_1_671' title='bbox 1876 2153 1937 2183; x_wconf 79' lang='lat' dir='ltr'><strong>qua</strong></span> <span class='ocrx_word' id='word_1_672' title='bbox 1961 2154 2004 2173; x_wconf 78' lang='lat' dir='ltr'><strong>me</strong></span> <span class='ocrx_word' id='word_1_673' title='bbox 2022 2143 2141 2184; x_wconf 66' lang='lat' dir='ltr'><strong>diligis.</strong></span> 
     </span>
     <span class='ocr_line' id='line_1_103' title="bbox 1171 2184 2142 2229; baseline 0.004 -14"><span class='ocrx_word' id='word_1_674' title='bbox 1171 2184 1257 2216; x_wconf 74' lang='lat' dir='ltr'><strong>Nihil</strong></span> <span class='ocrx_word' id='word_1_675' title='bbox 1289 2187 1393 2217; x_wconf 76' lang='lat' dir='ltr'><strong>innius</strong></span> <span class='ocrx_word' id='word_1_676' title='bbox 1423 2186 1485 2216; x_wconf 87' lang='lat' dir='ltr'><strong>dici</strong></span> <span class='ocrx_word' id='word_1_677' title='bbox 1541 2192 1645 2217; x_wconf 72' lang='lat' dir='ltr'><strong>ott-rat</strong></span> <span class='ocrx_word' id='word_1_678' title='bbox 1675 2186 1716 2216; x_wconf 84' lang='lat' dir='ltr'><strong>tle</strong></span> <span class='ocrx_word' id='word_1_679' title='bbox 1744 2196 1857 2217; x_wconf 77' lang='lat' dir='ltr'><strong>amore</strong></span> <span class='ocrx_word' id='word_1_680' title='bbox 1880 2185 1942 2218; x_wconf 78' lang='lat' dir='ltr'><strong>Dei</strong></span> <span class='ocrx_word' id='word_1_681' title='bbox 1965 2196 2045 2229; x_wconf 77' lang='lat' dir='ltr'><strong>erga</strong></span> <span class='ocrx_word' id='word_1_682' title='bbox 2067 2197 2142 2225; x_wconf 76' lang='lat' dir='ltr'><strong>nOS,</strong></span> 
     </span>
     <span class='ocr_line' id='line_1_104' title="bbox 1169 2197 2142 2271; baseline 0.002 -12"><span class='ocrx_word' id='word_1_683' title='bbox 1169 2239 1266 2269; x_wconf 83' lang='lat' dir='ltr'><strong>quam</strong></span> <span class='ocrx_word' id='word_1_684' title='bbox 1298 2229 1384 2270; x_wconf 82' lang='lat' dir='ltr'><strong>quod</strong></span> <span class='ocrx_word' id='word_1_685' title='bbox 1410 2229 1496 2260; x_wconf 81' lang='lat' dir='ltr'><strong>lilius</strong></span> <span class='ocrx_word' id='word_1_686' title='bbox 1516 2197 1581 2260; x_wconf 61' lang='lat' dir='ltr'><strong>lm</strong></span> <span class='ocrx_word' id='word_1_687' title='bbox 1605 2229 1701 2270; x_wconf 69' lang='lat' dir='ltr'><strong>petit,</strong></span> <span class='ocrx_word' id='word_1_688' title='bbox 1730 2235 1764 2259; x_wconf 85' lang='lat' dir='ltr'><strong>ut</strong></span> <span class='ocrx_word' id='word_1_689' title='bbox 1787 2235 1942 2260; x_wconf 81' lang='lat' dir='ltr'><strong>aeternus</strong></span> <span class='ocrx_word' id='word_1_690' title='bbox 1965 2236 2059 2271; x_wconf 83' lang='lat' dir='ltr'><strong>pater</strong></span> <span class='ocrx_word' id='word_1_691' title='bbox 2080 2239 2142 2261; x_wconf 89' lang='lat' dir='ltr'><strong>nos</strong></span> 
     </span>
     <span class='ocr_line' id='line_1_105' title="bbox 1169 2270 2141 2314; baseline 0.003 -13"><span class='ocrx_word' id='word_1_692' title='bbox 1169 2282 1209 2301; x_wconf 77' lang='lat' dir='ltr'><strong>eo</strong></span> <span class='ocrx_word' id='word_1_693' title='bbox 1234 2282 1344 2302; x_wconf 80' lang='lat' dir='ltr'><strong>amore</strong></span> <span class='ocrx_word' id='word_1_694' title='bbox 1368 2271 1622 2313; x_wconf 73' lang='lat' dir='ltr'><strong>complectatur,</strong></span> <span class='ocrx_word' id='word_1_695' title='bbox 1650 2281 1716 2311; x_wconf 88' lang='lat' dir='ltr'><strong>quo</strong></span> <span class='ocrx_word' id='word_1_696' title='bbox 1745 2272 1850 2313; x_wconf 82' lang='lat' dir='ltr'><strong>ipsum</strong></span> <span class='ocrx_word' id='word_1_697' title='bbox 1876 2270 1973 2303; x_wconf 83' lang='lat' dir='ltr'><strong>lilium</strong></span> <span class='ocrx_word' id='word_1_698' title='bbox 1999 2271 2141 2314; x_wconf 78' lang='lat' dir='ltr'><strong>comple·</strong></span> 
     </span>
     <span class='ocr_line' id='line_1_106' title="bbox 1322 2313 2142 2356; baseline 0 -11"><span class='ocrx_word' id='word_1_699' title='bbox 1322 2314 1354 2345; x_wconf 90' lang='lat' dir='ltr'><strong>ln</strong></span> <span class='ocrx_word' id='word_1_700' title='bbox 1390 2325 1486 2356; x_wconf 86' lang='lat' dir='ltr'><strong>quam</strong></span> <span class='ocrx_word' id='word_1_701' title='bbox 1521 2314 1715 2346; x_wconf 81' lang='lat' dir='ltr'><strong>sententiam</strong></span> <span class='ocrx_word' id='word_1_702' title='bbox 1746 2313 1869 2345; x_wconf 81' lang='lat' dir='ltr'><strong>l&#39;nulns</strong></span> <span class='ocrx_word' id='word_1_703' title='bbox 1899 2315 2013 2356; x_wconf 86' lang='lat' dir='ltr'><strong>inquit:</strong></span> <span class='ocrx_word' id='word_1_704' title='bbox 2055 2316 2142 2345; x_wconf 71' lang='lat' dir='ltr'><strong>Fen-it</strong></span> 
     </span>
     <span class='ocr_line' id='line_1_107' title="bbox 1169 2357 2141 2398; baseline 0.002 -13"><span class='ocrx_word' id='word_1_705' title='bbox 1169 2368 1223 2386; x_wconf 79' lang='lat' dir='ltr'><strong>nos</strong></span> <span class='ocrx_word' id='word_1_706' title='bbox 1245 2358 1304 2386; x_wconf 73' lang='lat' dir='ltr'><strong>sihi</strong></span> <span class='ocrx_word' id='word_1_707' title='bbox 1331 2362 1476 2396; x_wconf 68' lang='lat' dir='ltr'><strong>arrrptos</strong></span> <span class='ocrx_word' id='word_1_708' title='bbox 1506 2360 1537 2387; x_wconf 78' lang='lat' dir='ltr'><strong>n&#39;n</strong></span> <span class='ocrx_word' id='word_1_709' title='bbox 1561 2358 1687 2388; x_wconf 72' lang='lat' dir='ltr'><strong>dito-rto.</strong></span> <span class='ocrx_word' id='word_1_710' title='bbox 1735 2357 1773 2388; x_wconf 72' lang='lat' dir='ltr'><strong>Et</strong></span> <span class='ocrx_word' id='word_1_711' title='bbox 1798 2357 1959 2398; x_wconf 66' lang='lat' dir='ltr'><strong>Baptista:</strong></span> <span class='ocrx_word' id='word_1_712' title='bbox 2005 2357 2058 2387; x_wconf 69' lang='lat' dir='ltr'><strong>Ex</strong></span> <span class='ocrx_word' id='word_1_713' title='bbox 2078 2359 2141 2397; x_wconf 68' lang='lat' dir='ltr'><strong>plo-</strong></span> 
     </span>
     <span class='ocr_line' id='line_1_108' title="bbox 1169 2402 2087 2440; baseline 0.001 -12"><span class='ocrx_word' id='word_1_714' title='bbox 1169 2402 1307 2429; x_wconf 73' lang='lat' dir='ltr'><strong>m&#39;hnlim·</strong></span> <span class='ocrx_word' id='word_1_715' title='bbox 1331 2403 1395 2429; x_wconf 68' lang='lat' dir='ltr'><strong>rins</strong></span> <span class='ocrx_word' id='word_1_716' title='bbox 1419 2411 1520 2430; x_wconf 72' lang='lat' dir='ltr'><strong>«mmm</strong></span> <span class='ocrx_word' id='word_1_717' title='bbox 1544 2402 1717 2440; x_wconf 65' lang='lat' dir='ltr'><strong>accepimus</strong></span> <span class='ocrx_word' id='word_1_718' title='bbox 1734 2402 1869 2439; x_wconf 67' lang='lat' dir='ltr'><strong>qratiam</strong></span> <span class='ocrx_word' id='word_1_719' title='bbox 1889 2411 1949 2439; x_wconf 69' lang='lat' dir='ltr'><strong>pro</strong></span> <span class='ocrx_word' id='word_1_720' title='bbox 1972 2403 2087 2438; x_wconf 66' lang='lat' dir='ltr'><strong>qratia.</strong></span> 
     </span>
    </p>

    <p class='ocr_par' dir='ltr' id='par_1_31' title="bbox 1168 2441 2139 2527">
     <span class='ocr_line' id='line_1_109' title="bbox 1254 2441 2139 2487; baseline 0.001 -13"><span class='ocrx_word' id='word_1_721' title='bbox 1254 2445 1327 2478; x_wconf 74' lang='lat' dir='ltr'><strong>Quo</strong></span> <span class='ocrx_word' id='word_1_722' title='bbox 1352 2455 1565 2485; x_wconf 77' lang='lat' dir='ltr'><strong>ttttnqmthno</strong></span> <span class='ocrx_word' id='word_1_723' title='bbox 1588 2450 1707 2475; x_wconf 75' lang='lat' dir='ltr'><strong>notura</strong></span> <span class='ocrx_word' id='word_1_724' title='bbox 1732 2451 1781 2474; x_wconf 64' lang='lat' dir='ltr'><strong>est</strong></span> <span class='ocrx_word' id='word_1_725' title='bbox 1800 2441 2014 2475; x_wconf 72' lang='lat' dir='ltr'><strong>excellentior</strong></span> <span class='ocrx_word' id='word_1_726' title='bbox 2034 2451 2066 2475; x_wconf 83' lang='lat' dir='ltr'><strong>et</strong></span> <span class='ocrx_word' id='word_1_727' title='bbox 2084 2454 2139 2487; x_wconf 76' lang='lat' dir='ltr'><strong>ge-</strong></span> 
     </span>
     <span class='ocr_line' id='line_1_110' title="bbox 1168 2487 1948 2527; baseline 0 -10"><span class='ocrx_word' id='word_1_728' title='bbox 1168 2490 1337 2518; x_wconf 67' lang='lat' dir='ltr'><strong>nerosior.</strong></span> <span class='ocrx_word' id='word_1_729' title='bbox 1362 2498 1402 2517; x_wconf 78' lang='lat' dir='ltr'><strong>oo</strong></span> <span class='ocrx_word' id='word_1_730' title='bbox 1427 2487 1523 2517; x_wconf 80' lang='lat' dir='ltr'><strong>ctiam</strong></span> <span class='ocrx_word' id='word_1_731' title='bbox 1548 2488 1689 2518; x_wconf 73' lang='lat' dir='ltr'><strong>niniorcs</strong></span> <span class='ocrx_word' id='word_1_732' title='bbox 1712 2495 1787 2517; x_wconf 72' lang='lat' dir='ltr'><strong>sum</strong></span> <span class='ocrx_word' id='word_1_733' title='bbox 1812 2494 1948 2527; x_wconf 55' lang='grc' dir='ltr'>,κίοι-ἕπε</span> 
     </span>
    </p>

    <p class='ocr_par' dir='ltr' id='par_1_32' title="bbox 1167 2528 2140 2657">
     <span class='ocr_line' id='line_1_111' title="bbox 1254 2528 2140 2569; baseline 0.002 -10"><span class='ocrx_word' id='word_1_734' title='bbox 1254 2528 1381 2561; x_wconf 72' lang='lat' dir='ltr'><strong>Deinde</strong></span> <span class='ocrx_word' id='word_1_735' title='bbox 1416 2531 1448 2561; x_wconf 90' lang='lat' dir='ltr'><strong>in</strong></span> <span class='ocrx_word' id='word_1_736' title='bbox 1483 2531 1580 2561; x_wconf 70' lang='lat' dir='ltr'><strong>rebus</strong></span> <span class='ocrx_word' id='word_1_737' title='bbox 1614 2529 1764 2560; x_wconf 59' lang='lat' dir='ltr'><strong>adversis</strong></span> <span class='ocrx_word' id='word_1_738' title='bbox 1794 2530 1899 2569; x_wconf 76' lang='lat' dir='ltr'><strong>magis</strong></span> <span class='ocrx_word' id='word_1_739' title='bbox 1925 2530 2068 2561; x_wconf 71' lang='lat' dir='ltr'><strong>cernitur</strong></span> <span class='ocrx_word' id='word_1_740' title='bbox 2090 2530 2140 2561; x_wconf 76' lang='lat' dir='ltr'><strong>vis</strong></span> 
     </span>
     <span class='ocr_line' id='line_1_112' title="bbox 1167 2571 2138 2614; baseline -0.001 -11"><span class='ocrx_word' id='word_1_741' title='bbox 1167 2571 1352 2604; x_wconf 77' lang='lat' dir='ltr'><strong>dilectionis</strong></span> <span class='ocrx_word' id='word_1_742' title='bbox 1376 2579 1406 2603; x_wconf 71' lang='lat' dir='ltr'><strong>ct</strong></span> <span class='ocrx_word' id='word_1_743' title='bbox 1430 2580 1636 2613; x_wconf 64' lang='lat' dir='ltr'><strong>storgnrum.</strong></span> <span class='ocrx_word' id='word_1_744' title='bbox 1668 2583 1764 2614; x_wconf 89' lang='lat' dir='ltr'><strong>quam</strong></span> <span class='ocrx_word' id='word_1_745' title='bbox 1794 2573 1823 2603; x_wconf 88' lang='lat' dir='ltr'><strong>in</strong></span> <span class='ocrx_word' id='word_1_746' title='bbox 1849 2573 1948 2603; x_wconf 64' lang='lat' dir='ltr'><strong>robus</strong></span> <span class='ocrx_word' id='word_1_747' title='bbox 1972 2572 2138 2604; x_wconf 81' lang='lat' dir='ltr'><strong>secundis.</strong></span> 
     </span>
     <span class='ocr_line' id='line_1_113' title="bbox 1167 2614 2137 2657; baseline 0.003 -13"><span class='ocrx_word' id='word_1_748' title='bbox 1167 2614 1242 2646; x_wconf 72' lang='lat' dir='ltr'><strong>idco</strong></span> <span class='ocrx_word' id='word_1_749' title='bbox 1265 2626 1365 2657; x_wconf 71' lang='lat' dir='ltr'><strong>saepo</strong></span> <span class='ocrx_word' id='word_1_750' title='bbox 1390 2614 1482 2648; x_wconf 82' lang='lat' dir='ltr'><strong>soleo</strong></span> <span class='ocrx_word' id='word_1_751' title='bbox 1507 2617 1633 2647; x_wconf 80' lang='lat' dir='ltr'><strong>dicere:</strong></span> <span class='ocrx_word' id='word_1_752' title='bbox 1657 2615 1736 2644; x_wconf 76' lang='lat' dir='ltr'><strong>Post</strong></span> <span class='ocrx_word' id='word_1_753' title='bbox 1758 2625 1873 2644; x_wconf 71' lang='lat' dir='ltr'><strong>mesum</strong></span> <span class='ocrx_word' id='word_1_754' title='bbox 1896 2617 1963 2644; x_wconf 72' lang='lat' dir='ltr'><strong>ime</strong></span> <span class='ocrx_word' id='word_1_755' title='bbox 1986 2614 2048 2645; x_wconf 68' lang='lat' dir='ltr'><strong>Du*</strong></span> <span class='ocrx_word' id='word_1_756' title='bbox 2066 2626 2137 2645; x_wconf 71' lang='lat' dir='ltr'><strong>tun·-</strong></span> 
     </span>
    </p>
   </div>
  </div>
 </body>
</html>
