2324 2958
67 181 131 215 593

69 282 102 308 et
147 273 316 312 almarum,
339 273 532 315 cogitemus,
555 275 728 309 utrumque
757 269 931 309 petendum
961 277 1038 300 esse

69 329 90 350 a
111 285 198 356 geo,
222 326 336 358 pacem
359 322 392 347 et
413 313 593 347 victoriam.
649 310 793 342 Primum
813 318 978 352 petamus,
1003 316 1039 343 ut

69 362 125 394 det
157 360 253 391 nobis
287 368 421 400 pacem,
453 357 485 388 id
508 362 575 393 est,
609 353 750 385 remittat
767 353 865 385 nobis
887 359 1037 395 peccata,

70 409 104 436 et
136 404 191 435 det
208 402 318 433 ‚nobis
341 398 607 442 tranquillitatem
636 396 876 434 conscientiae,
909 402 944 427 ut
965 406 1038 436 pos-

71 447 172 478 simus
205 444 367 476 accedere
399 444 441 474 ad
465 443 591 478 Deum,
623 444 655 471 et
677 439 833 470 invocare
857 448 942 470 eum.
986 438 1039 469 De

71 488 134 520 hac
156 496 239 530 pace
261 487 395 517 dicitur:
418 487 539 524 Reque&
552 492 624 524 pax
635 482 754 514 Christi
775 484 809 513 in
831 482 979 514 cordibus
990 491 1039 513 ve-

70 535 158 564 stris.
202 529 255 566 Et,
281 529 446 567 Iustz'ficati
463 528 535 567 fide,
555 534 667 566 pacem
685 525 846 556 habemus.

156 571 316 607 Quamdiu
349 571 452 602 corda
492 568 618 610 fugiunt
655 566 786 605 Deum,
841 577 907 598 non
947 567 1038 598 invo-

70 621 146 648 cant
179 624 270 652 eum,
304 621 337 645 et
369 619 476 644 tamen
509 609 702 643 naturaliter
735 615 786 641 est
819 610 852 641 in
886 610 1037 641 omnibus

69 657 257 689 hominibus
280 656 451 697 trepidatio
475 654 604 695 fugiens
627 652 746 684 Deum.
792 652 858 684 Sed
882 651 963 683 haec
987 657 1038 683 est

69 700 231 732 vincenda
253 698 328 737 fide,
351 705 383 729 et
405 696 625 733 statuendum,
654 696 741 736 quod
766 700 900 736 propter
923 693 1036 726 Filium

68 741 132 774 Dei
166 751 245 774 vere
278 741 488 782 recipiamur,
522 744 554 770 et
587 739 816 776 exaudiamur,
851 743 886 769 ut
915 736 1037 768 Paulus

69 785 161 817 dicit:
186 786 250 816 Per
266 786 350 816 lianc
366 783 516 814 habemus
548 790 712 812 aceessum
745 790 816 811 cum
836 781 956 819 fiducia
975 789 1039 820 per

67 829 161 867 fidem
195 830 303 867 ipsius.
357 824 399 856 Et
428 825 512 856 haec
545 824 618 864 ipsa
647 822 840 864 προςαγωγή,
873 823 1038 864 παρ’ῥησία,

70 873 253 907 πεποίθησις
281 868 348 908 (his
384 868 469 899 enim
506 864 678 897 vocabulis
712 866 812 897 utitur
840 864 1039 906 Apostolus)

69 912 230 953 pertinent
252 910 293 942 ad
315 909 404 941 illam
428 919 554 950 pacem,
578 918 662 950 quae
680 908 819 950 petenda
838 915 888 940 est
906 912 1040 949 propter

69 953 246 985 Christum.
303 953 386 984 Nam
419 958 554 993 propter
577 950 650 982 Filii
684 951 902 982 obedientiam
926 951 1039 991 recipi-

67 1006 153 1034 mur,
176 1001 365 1036 reputanmr
383 995 470 1033 iusti,
493 1001 526 1026 et
544 994 747 1031 exaudimur,
770 994 843 1034 ipso
865 1003 926 1034 pro
944 993 1039 1024 nobis

67 1037 308 1080 interpellante.

155 1082 289 1112 Praeter
323 1080 409 1111 hanc
440 1087 555 1120 pacem
579 1079 708 1116 cordis,
737 1087 822 1119 quae
844 1078 985 1109 sentitur
1007 1077 1038 1108 in

69 1125 296 1160 invocatione,
329 1128 477 1164 petamus
511 1122 608 1153 etiam
641 1131 756 1161 pacem
785 1126 973 1157 externam,
1006 1125 1040 1151 ut

69 1173 223 1198 servetur
244 1164 407 1197 Ecclesia.
452 1165 556 1195 Nemo
580 1170 727 1194 nostrum
751 1164 795 1194 ita
818 1162 938 1194 efferus
962 1172 1039 1194 esse

69 1209 177 1247 debet,
206 1214 239 1239 ut
262 1218 327 1239 non
350 1206 438 1238 malit
463 1205 646 1238 Ecclesiam
669 1204 795 1237 salvam
819 1215 913 1243 esse,
942 1215 1038 1246 quam

68 1251 131 1282 sibi
154 1250 215 1292 ipsi
240 1251 334 1281 bene.
379 1249 420 1280 Et
450 1247 602 1279 Glnistus
631 1255 743 1279 servat
771 1258 892 1289 corpus
922 1248 1038 1280 Eccle-

67 1293 148 1331 siae,
174 1293 300 1324 etiamsi
332 1292 479 1323 membra
511 1291 622 1332 aliqua
655 1291 833 1332 patiuntur.
878 1290 973 1323 Multi
996 1292 1038 1332 pii

67 1336 211 1367 sentiunt
233 1335 399 1376 ingentem
423 1333 571 1365 dolorem
602 1339 737 1375 propter
761 1334 958 1365 discordiam
981 1335 1037 1365 do-

67 1378 207 1410 centium
230 1378 262 1408 in
285 1376 445 1408 Ecclesia.
491 1377 584 1408 Hanc
614 1376 709 1407 etiam
737 1377 883 1408 sciamus
912 1387 932 1407 a
954 1375 1037 1408 Filio

66 1419 131 1452 Dei
148 1420 321 1461 petendam
344 1428 430 1450 esse.

152 1462 213 1494 Est
236 1468 268 1493 et
290 1460 509 1503 tranquillitas
542 1460 652 1502 aliqua
685 1461 877 1492 necessaria
910 1461 942 1492 in
976 1461 1039 1492 hac

68 1506 147 1542 vita,
170 1511 204 1536 ut
227 1505 334 1545 possit
357 1504 468 1535 doceri
482 1503 649 1535 Ecclesia:
675 1503 772 1541 Quia,
795 1505 850 1535 ubi
867 1510 944 1535 sunt
966 1514 1038 1544 per-

67 1554 164 1588 petua
189 1545 289 1585 bella,
312 1557 376 1578 nou
390 1552 498 1587 potest
523 1547 635 1587 vigere
653 1545 834 1587 disciplina.
869 1545 1037 1584 Secundo,

88 1595 213 1621 etamus
242 1590 338 1620 etiam
372 1589 542 1620 victoriam
564 1599 584 1619 a
607 1588 739 1620 Christo
770 1595 887 1620 contra
915 1588 1038 1620 Diabo-

78 1641 132 1662 os:
165 1632 243 1673 quia
265 1630 428 1662 Diabolus
455 1631 626 1662 insidiatur
660 1632 811 1663 omnibus
834 1632 1039 1669 hominibus3

66 1674 213 1705 circumit
235 1674 321 1705 sicut
343 1672 396 1705 leo
420 1674 566 1715 rugiens,
591 1683 755 1715 quaerens
773 1683 868 1714 quem
891 1675 1037 1705 devoret.

65 1717 226 1757 Apparuit
248 1722 355 1748 autem
379 1715 465 1748 filius
488 1712 568 1754 Dei,
597 1721 634 1748 uc
660 1717 809 1748 destruat
833 1726 933 1757 opera
962 1718 1038 1748 Dia-

66 1760 136 1791 boli.
180 1757 225 1790 Er
250 1769 269 1790 o
292 1765 453 1800 petamus,
475 1768 537 1789 nos
560 1760 602 1790 ab
625 1759 698 1801 ipso
722 1759 899 1801 gubernari
922 1759 1038 1790 adver·

66 1811 125 1834 sus
159 1801 302 1832 insutus
335 1802 554 1833 astutissimos
587 1801 732 1833 Diaboli.
789 1802 885 1837 Quod
920 1802 973 1840 fit,
1008 1803 1037 1832 si

65 1841 152 1874 filius
186 1842 249 1874 Dei
286 1844 394 1875 vincat
425 1845 458 1875 in
490 1844 588 1875 nobis
622 1850 793 1885 peccatum
828 1850 859 1874 et
887 1851 1036 1876 mortem.

65 1885 157 1917 Haec
191 1887 329 1917 victoria
362 1892 413 1917 est
446 1887 533 1917 intus
566 1888 597 1918 in
626 1888 738 1919 corde.
808 1887 929 1918 Postea
952 1897 1036 1928 opus

57 1926 130 1967 est,
149 1935 184 1960 ut
205 1928 287 1960 soris
311 1929 406 1959 etiam
426 1928 611 1969 depellatur
633 1929 810 1968 Diabolus,
832 1939 874 1961 ne
896 1930 1036 1961 insidiae

66 1971 172 2013 ipsius
195 1972 387 2011 procedant,
410 1981 451 2002 ne
474 1973 603 2012 penitus
626 1983 688 2004 nos
712 1979 850 2004 evertat.

151 2013 225 2045 Hoc
257 2020 307 2045 est
341 2023 421 2045 vere
443 2013 611 2054 praeferre
642 2026 752 2047 ramos
777 2015 882 2054 oleae,
915 2021 946 2047 et
968 2015 1035 2057 pal-

66 2066 207 2095 marum,
247 2057 345 2087 edere
374 2056 638 2094 consessionem3
672 2059 758 2100 quod
788 2058 842 2090 hic
873 2058 1034 2090 Dominus

66 2099 109 2130 sit
130 2100 236 2131 victor
259 2106 290 2130 et
315 2100 409 2130 dator
433 2100 536 2140 pacis,
569 2107 602 2131 et
624 2101 780 2132 invocare
803 2111 888 2139 eum,
923 2107 958 2133 ut
981 2103 1035 2132 tri·

66 2142 145 2173 buat
177 2142 274 2173 nobis
314 2143 484 2172 w'ctoriarn
518 2147 550 2173 et
582 2153 708 2184 pacem.

746 173 963 208 POSTILLA
986 172 1378 206 MELANTHONIANA.

768 2144 893 2175 Nostra
925 2145 1034 2176 studia
1058 2154 1060 2160 ’

66 2184 187 2216 debent
209 2194 285 2216 esse
307 2185 466 2215 eiusmodi
489 2183 638 2224 frondes,
661 2195 742 2227 quas
765 2186 942 2219 afferamus
965 2186 1033 2219 Do·
1058 2196 1059 2201 ¹

64 2227 150 2258 mino
178 2227 210 2258 in
239 2227 292 2269 pia
326 2228 525 2269 cogitatione
558 2234 591 2259 et
624 2229 830 2261 meditatione
864 2227 1059 2262 doctrinae}

64 2267 229 2300 coelestis.

282 2269 378 2308 Item,
412 2271 602 2311 quotidiana
634 2271 797 2304 invocatio
831 2273 931 2304 debet
954 2273 1033 2305 dare
1058 2304 1060 2311 ,

1057 2265 1060 2290 1

65 2313 299 2351 testimonium,
333 2313 423 2354 quod
456 2313 510 2344 hic
532 2312 694 2345 Dominus
717 2315 759 2346 sit
780 2315 812 2346 in
835 2316 931 2347 nobis
954 2326 1034 2358 quo·
1058 2314 1060 2319 ’

64 2364 128 2395 que
139 2355 244 2387 victor
255 2356 396 2397 peccati,
417 2357 532 2387 mortis
551 2362 584 2388 et
595 2355 740 2396 Diaboli,
764 2363 797 2389 et
815 2359 911 2390 dator
929 2359 1032 2400 pacis.

184 2518 292 2569 Quid
324 2522 522 2576 Significat
553 2529 759 2561 substernere
787 2532 913 2561 vestes?

150 2609 356 2652 Respondeo.
398 2612 463 2644 lste
486 2620 601 2655 gestus
625 2613 802 2656 significat,
826 2614 1031 2647 tribuendum

212 2678 357 2700 KBfflTH.
372 2681 452 2700 OPER„
467 2681 528 2700 VOL-
545 2680 624 2702 xmv,

1059 2456 1061 2462 ·
1085 2444 1252 2476 Messiam.

1996 174 2060 206 594

1089 276 1166 299 esse
1195 266 1282 298 hunc
1304 266 1463 307 bonorem
1492 267 1688 308 ministerio,
1718 274 1752 299 ut
1772 267 1980 299 conferamus
2002 267 2060 299 ali-

1089 310 1167 352 quid
1190 310 1231 340 ad
1255 310 1430 341 iuvandum
1453 315 1485 340 ct
1509 311 1688 341 ornandum
1717 310 1930 342 ministerium
1953 310 2059 352 publi-

1090 363 1175 391 cum,
1198 362 1238 383 ex
1255 353 1378 384 nostris
1392 350 1613 383 facultatibus.
1648 352 1777 384 Deinde
1795 363 1916 384 exuere
1934 359 2059 392 vestes,

1090 401 1123 427 et
1144 401 1358 437 prosternere
1375 393 1524 432 Christo,
1548 395 1713 436 significat
1736 396 1833 426 etiam
1856 405 1910 426 res
1932 402 1965 427 et
1988 406 2059 427 cor-

1089 448 1171 479 pora
1194 438 1225 469 in
1248 436 1429 478 periculum
1451 437 1617 468 adducere
1640 448 1699 477 pro
1723 437 1827 479 gloria
1854 437 1990 469 Chi-isti:
2013 445 2060 477 ut,

1091 491 1165 512 cum
1187 481 1230 521 pii
1253 479 1418 522 Martyres
1452 480 1618 520 patiuntur
1653 481 1899 520 persecutiones
1925 487 2060 522 propter

1090 521 1332 555 confessionem
1367 523 1532 559 veritatis,
1577 524 1654 554 class
1691 532 1765 553 num
1799 525 1862 554 ilem
1900 525 1952 555 die
1985 525 2063 555 haut

1089 567 1167 599 uber
1189 568 1242 598 die
1264 567 1364 597 olzren
1385 566 1482 604 zielze,
1504 565 1536 595 id
1561 571 1630 602 est,
1660 570 1694 596 ut
1717 572 1879 596 exuantur
1902 576 1967 596 non
1991 571 2060 597 tan-

1089 614 1156 640 tum
1179 608 1403 646 facultatibus,
1426 608 1485 639 sed
1509 608 1605 639 eliam
1627 608 1694 639 vita
1716 614 1748 639 et
1772 609 1975 648 corporibus.

1091 771 1199 822 Quid
1244 773 1442 827 significat
1486 773 1635 812 clamor
1680 787 1751 813 seu
1783 787 1914 822 voceS,
1960 787 2058 827 quas

1297 855 1413 889 sonat
1450 849 1665 889 multitudo
1698 849 1800 889 ista?

1176 947 1386 989 Respondeo.
1426 947 1487 980 Hic
1510 947 1636 980 clamor
1657 958 1774 979 rursus
1799 947 1961 990 significat
1986 959 2062 981 con-

1091 989 1284 1028 sessionem,
1306 991 1560 1028 invocationem,
1582 991 1658 1022 item
1671 991 1865 1023 doctrinam.
1898 994 2064 1024 Hostanna

1090 1033 1255 1074 significat
1277 1034 1361 1064 idem
1385 1035 1475 1075 quod
1498 1033 1658 1072 salvifica,
1682 1033 1734 1065 vel
1757 1033 1863 1072 salva,
1898 1035 1985 1073 iuva,
2014 1034 2065 1066 ser

1089 1075 1244 1107 auxilium
1279 1082 1310 1107 et
1343 1087 1438 1117 opem
1510 1076 1569 1107 Est
1599 1077 1803 1117 compositae
1837 1076 1981 1118 figurae,
2021 1079 2062 1109 ab

1090 1120 1260 1156 Hoscleialt,
1283 1125 1316 1150 et
1339 1119 1408 1153 Na,
1443 1129 1526 1160 quae
1554 1126 1605 1150 est
1636 1120 1818 1151 interiectio
1843 1120 2062 1160 deprecantis.

1090 1161 1182 1192 Sicut
1214 1171 1276 1192 nos
1312 1163 1448 1193 dicimus
1472 1164 1540 1193 ach.
1596 1160 1688 1193 Multi
1719 1163 1823 1204 ignari
1847 1161 1977 1204 linguae
2000 1162 2062 1194 He-

1091 1205 1211 1235 braeae
1245 1205 1354 1246 inepte
1382 1210 1550 1236 verterunt
1581 1204 1778 1236 vocabulum
1807 1207 1989 1237 Hosianna:
2022 1205 2064 1237 Et

1089 1253 1201 1278 notum
1236 1254 1306 1285 est,
1340 1248 1487 1288 papistas
1515 1247 1580 1279 hoc
1614 1258 1733 1279 nomen
1766 1249 1836 1279 suis
1870 1248 2063 1289 quibusdam

1090 1290 1257 1330 campanis
1291 1291 1458 1322 indidisse.
1526 1291 1587 1322 Die
1622 1301 1758 1331 ,αν-033671
1789 1293 1922 1330 yloclfen
1961 1292 2062 1323 haben

1089 1334 1243 1365 Hos-anna
1264 1343 1394 1365 mussen
1415 1335 1553 1366 izei-esen.

1089 1496 1171 1538 Sed
1216 1498 1421 1551 quomodo
1467 1512 1539 1539 nos
1583 1512 1793 1553 possumus
1839 1513 1950 1540 orare
1989 1513 2061 1555 pro

1484 1575 1665 1615 Messia?

1174 1672 1384 1714 Respondeo.
1430 1673 1522 1705 Haec
1550 1684 1615 1705 vox
1650 1680 1722 1705 orat
1750 1684 1815 1705 non
1849 1681 1975 1706 tantum
1998 1686 2059 1717 pro

1090 1716 1214 1758 capite,
1250 1717 1309 1748 sed
1342 1725 1403 1757 pro
1436 1722 1505 1748 toto
1540 1727 1679 1758 corpore
1706 1716 1897 1752 Ecclesiaez
1932 1718 1964 1749 id
1998 1724 2060 1757 est,

1100 1759 1179 1797 metit,
1202 1765 1236 1790 ut
1261 1759 1313 1790 hic
1326 1759 1396 1790 Rex
1420 1759 1462 1790 sit
1474 1757 1552 1790 felix
1575 1766 1605 1790 et
1617 1759 1757 1797 faustus,
1781 1767 1812 1791 et
1832 1761 1902 1791 eius
1923 1771 2060 1803 regnum

1090 1803 1207 1833 habeat
1232 1800 1338 1833 felicia
1361 1802 1572 1833 incrementa.
1619 1803 1666 1834 lta
1690 1804 1847 1834 debemus
1866 1813 1928 1834 nos
1952 1814 2060 1842 orare,

1090 1852 1121 1875 ut
1146 1843 1239 1875 Deus
1262 1855 1334 1886 perf
1350 1843 1463 1876 Filium
1493 1845 1641 1886 perficiat
1679 1845 1893 1877 salvationem
1928 1847 2059 1888 generis

1088 1886 1236 1925 humani,
1270 1893 1300 1919 et
1324 1893 1359 1919 ut
1382 1888 1487 1928 ipsum
1506 1889 1707 1929 triumphare
1735 1889 1820 1920 sinat
1844 1895 1959 1920 contra
1981 1889 2059 1920 Dia-

1088 1929 1198 1961 bolum
1229 1937 1262 1961 et
1294 1931 1458 1962 mundum.
1516 1930 1638 1962 Postea
1671 1932 1768 1962 etiam
1803 1930 2060 1972 complectamur

1088 1983 1210 2014 corpus
1234 1972 1417 2012 Ecclesiae,
1452 1979 1487 2005 ut
1510 1973 1574 2005 hoc
1597 1984 1728 2016 quoque
1751 1974 1793 2005 sit
1817 1973 1963 2013 salvum,
1997 1985 2059 2007 nec

1087 2017 1288 2057 opprimatur
1309 2026 1329 2048 a
1351 2015 1495 2048 Diabolo
1519 2023 1552 2049 et
1575 2017 1644 2049 eius
1668 2018 1812 2060 organis.

1084 2181 1147 2222 Ex
1179 2196 1259 2236 quo
1291 2182 1450 2223 Psalmo
1483 2190 1575 2224 sunt
1606 2183 1681 2224 ista
1712 2183 1837 2224 verba
1868 2184 2056 2238 sumpta?

1170 2273 1380 2315 Respondeo.
1413 2273 1463 2305 Ex
1478 2273 1611 2305 Psalmo
1632 2273 1704 2311 118,
1728 2282 1823 2315 quem
1835 2272 1876 2305 D.
1889 2273 2055 2306 Lutherus

1085 2317 1274 2348 nominabat
1306 2327 1398 2349 suum
1431 2327 1563 2349 aureum
1599 2317 1806 2355 confilemini.
1861 2316 1943 2349 Eum
1965 2315 2055 2348 Psal-

1058 2370 1171 2390 =mum
1204 2360 1319 2391 scribit
1353 2359 1572 2401 Hieronymus
1614 2359 1739 2391 cantari
1778 2359 1911 2391 solitum
1949 2359 2056 2392 fuisse

1059 2422 1060 2431 1
1085 2402 1172 2442 apud
1196 2402 1354 2441 ludaeos,
1383 2403 1511 2444 quoties
1535 2403 1706 2443 petebant,
1740 2408 1774 2432 ut
1796 2401 1891 2434 Deus
1912 2403 2055 2435 mitteret

1307 2445 1349 2477 Et
1371 2452 1628 2477 consentaneum
1652 2451 1718 2482 est,
1751 2444 1783 2475 in
1806 2452 1974 2486 postremo
1996 2444 2055 2478 illo

1058 2518 1059 2527 ¹
1084 2488 1266 2519 miserrimo
1290 2494 1377 2520 statu
1399 2487 1511 2531 populi
1535 2487 1665 2528 Iudaici,
1688 2494 1764 2528 post
1794 2493 1941 2529 tempora
1963 2487 2054 2521 Mac-

1055 2531 1059 2645 J

1085 2531 1296 2569 cabaeorum,
1321 2537 1353 2562 et
1376 2532 1437 2562 sub
1458 2530 1590 2562 Herode
1613 2530 1761 2562 crebrius
1785 2537 1952 2563 cantatum
1976 2541 2054 2563 esse

1083 2573 1172 2605 hunc
1206 2573 1386 2611 Psalmum,
1426 2579 1462 2604 ut
1494 2579 1628 2604 orarent
1660 2571 1767 2605 Deum
1801 2584 1862 2615 pro
1896 2574 2054 2606 missione

1082 2616 1237 2654 Messiae,
1271 2617 1324 2657 qui
1348 2614 1503 2647 liberaret
1535 2616 1626 2657 ipsos
1649 2626 1690 2648 ex
1712 2616 1811 2648 tantis
1833 2617 1989 2656 miseriis,
2021 2623 2054 2649 et

1643 2677 1675 2701 38
