<?xml version="1.0" encoding="UTF-8"?>
<!DOCTYPE html PUBLIC "-//W3C//DTD XHTML 1.0 Transitional//EN"
    "http://www.w3.org/TR/xhtml1/DTD/xhtml1-transitional.dtd">
<html xmlns="http://www.w3.org/1999/xhtml" xml:lang="en" lang="en">
 <head>
  <title>
</title>
<meta http-equiv="Content-Type" content="text/html;charset=utf-8" />
  <meta name='ocr-system' content='tesseract 3.04.00' />
  <meta name='ocr-capabilities' content='ocr_page ocr_carea ocr_par ocr_line ocrx_word'/>
</head>
<body>
  <div class='ocr_page' id='page_1' title='image "./operaquaesupersu24melauoft/operaquaesupersu24melauoft_0271.png"; bbox 0 0 2324 2958; ppageno 0'>
   <div class='ocr_carea' id='block_1_1' title="bbox 63 226 128 261">
    <p class='ocr_par' dir='ltr' id='par_1_1' title="bbox 63 226 128 261">
     <span class='ocr_line' id='line_1_1' title="bbox 63 226 128 261; baseline -0.031 0"><span class='ocrx_word' id='word_1_1' title='bbox 63 226 128 261; x_wconf 80' lang='lat'><strong>489</strong></span> 
     </span>
    </p>
   </div>
   <div class='ocr_carea' id='block_1_2' title="bbox 62 314 1066 1483">
    <p class='ocr_par' dir='ltr' id='par_1_2' title="bbox 65 314 1064 396">
     <span class='ocr_line' id='line_1_2' title="bbox 65 314 1064 377; baseline -0.01 -23"><span class='ocrx_word' id='word_1_2' title='bbox 65 322 218 353; x_wconf 82' lang='lat' dir='ltr'><strong>dixerunt</strong></span> <span class='ocrx_word' id='word_1_3' title='bbox 251 317 413 356; x_wconf 79' lang='lat' dir='ltr'><strong>Biberius,</strong></span> <span class='ocrx_word' id='word_1_4' title='bbox 449 327 509 358; x_wconf 88' lang='lat' dir='ltr'><strong>pro</strong></span> <span class='ocrx_word' id='word_1_5' title='bbox 539 314 709 353; x_wconf 77' lang='lat' dir='ltr'><strong>Tiberius,</strong></span> <span class='ocrx_word' id='word_1_6' title='bbox 741 314 829 345; x_wconf 77' lang='lat' dir='ltr'><strong>Mero</strong></span> <span class='ocrx_word' id='word_1_7' title='bbox 851 325 912 356; x_wconf 90' lang='lat' dir='ltr'><strong>pro</strong></span> <span class='ocrx_word' id='word_1_8' title='bbox 935 314 1036 346; x_wconf 86' lang='lat' dir='ltr'><strong>Nero.</strong></span> <span class='ocrx_word' id='word_1_9' title='bbox 1060 329 1064 377; x_wconf 58' lang='grc' dir='ltr'>ι</span> 
     </span>
     <span class='ocr_line' id='line_1_3' title="bbox 65 357 759 396; baseline -0.014 0"><span class='ocrx_word' id='word_1_10' title='bbox 65 364 222 396; x_wconf 77' lang='lat' dir='ltr'><strong>Erasmus</strong></span> <span class='ocrx_word' id='word_1_11' title='bbox 241 361 374 392; x_wconf 87' lang='lat' dir='ltr'><strong>Eccium</strong></span> <span class='ocrx_word' id='word_1_12' title='bbox 396 359 583 391; x_wconf 80' lang='lat' dir='ltr'>nominabat</span> <span class='ocrx_word' id='word_1_13' title='bbox 606 357 759 388; x_wconf 78' lang='lat' dir='ltr'><strong>Geccium.</strong></span> 
     </span>
    </p>

    <p class='ocr_par' dir='ltr' id='par_1_3' title="bbox 63 398 1037 660">
     <span class='ocr_line' id='line_1_4' title="bbox 151 398 1036 445; baseline -0.006 -9"><span class='ocrx_word' id='word_1_14' title='bbox 151 406 186 437; x_wconf 93' lang='lat' dir='ltr'><strong>ln</strong></span> <span class='ocrx_word' id='word_1_15' title='bbox 209 402 354 445; x_wconf 80' lang='lat' dir='ltr'><strong>dialogo,</strong></span> <span class='ocrx_word' id='word_1_16' title='bbox 378 413 474 445; x_wconf 88' lang='lat' dir='ltr'><strong>quem</strong></span> <span class='ocrx_word' id='word_1_17' title='bbox 495 401 663 442; x_wconf 76' lang='lat' dir='ltr'>inscripsit</span> <span class='ocrx_word' id='word_1_18' title='bbox 684 400 791 439; x_wconf 88' lang='lat' dir='ltr'><strong>Echo,</strong></span> <span class='ocrx_word' id='word_1_19' title='bbox 813 398 915 431; x_wconf 84' lang='lat' dir='ltr'><strong>multa</strong></span> <span class='ocrx_word' id='word_1_20' title='bbox 937 399 1036 431; x_wconf 84' lang='lat' dir='ltr'><strong>habet</strong></span> 
     </span>
     <span class='ocr_line' id='line_1_5' title="bbox 66 441 1036 490; baseline -0.008 -9"><span class='ocrx_word' id='word_1_21' title='bbox 66 442 215 490; x_wconf 82' lang='lat' dir='ltr'><strong>exempla</strong></span> <span class='ocrx_word' id='word_1_22' title='bbox 237 445 333 483; x_wconf 83' lang='lat' dir='ltr'><strong>talia,</strong></span> <span class='ocrx_word' id='word_1_23' title='bbox 365 452 399 477; x_wconf 90' lang='lat' dir='ltr'><strong>ut</strong></span> <span class='ocrx_word' id='word_1_24' title='bbox 430 456 502 477; x_wconf 91' lang='lat' dir='ltr'><strong>cum</strong></span> <span class='ocrx_word' id='word_1_25' title='bbox 530 443 674 486; x_wconf 72' lang='lat' dir='ltr'><strong>quaeritt</strong></span> <span class='ocrx_word' id='word_1_26' title='bbox 718 441 843 478; x_wconf 85' lang='lat' dir='ltr'>Quales</span> <span class='ocrx_word' id='word_1_27' title='bbox 872 442 953 473; x_wconf 85' lang='lat' dir='ltr'><strong>fiunt</strong></span> <span class='ocrx_word' id='word_1_28' title='bbox 982 443 1036 484; x_wconf 90' lang='lat' dir='ltr'><strong>qui</strong></span> 
     </span>
     <span class='ocr_line' id='line_1_6' title="bbox 66 484 1036 528; baseline -0.009 -4"><span class='ocrx_word' id='word_1_29' title='bbox 66 492 130 524; x_wconf 89' lang='lat' dir='ltr'><strong>dici</strong></span> <span class='ocrx_word' id='word_1_30' title='bbox 153 489 266 523; x_wconf 78' lang='lat' dir='ltr'><strong>volunt</strong></span> <span class='ocrx_word' id='word_1_31' title='bbox 289 488 514 525; x_wconf 86' lang='lat' dir='ltr'><strong>Ciceroniani,</strong></span> <span class='ocrx_word' id='word_1_32' title='bbox 547 486 726 528; x_wconf 80' lang='lat' dir='ltr'><strong>respondet</strong></span> <span class='ocrx_word' id='word_1_33' title='bbox 755 485 868 523; x_wconf 87' lang='lat' dir='ltr'><strong>Echo,</strong></span> <span class='ocrx_word' id='word_1_34' title='bbox 900 484 977 523; x_wconf 74' lang='grc' dir='ltr'><strong><em>ἵιόι,</em></strong></span> <span class='ocrx_word' id='word_1_35' title='bbox 1004 485 1036 516; x_wconf 85' lang='lat' dir='ltr'><strong>id</strong></span> 
     </span>
     <span class='ocr_line' id='line_1_7' title="bbox 66 528 1036 571; baseline -0.005 -8"><span class='ocrx_word' id='word_1_36' title='bbox 66 541 133 571; x_wconf 64' lang='lat' dir='ltr'><strong>est,</strong></span> <span class='ocrx_word' id='word_1_37' title='bbox 157 534 246 563; x_wconf 76' lang='lat' dir='ltr'><strong>asini.</strong></span> <span class='ocrx_word' id='word_1_38' title='bbox 289 530 512 571; x_wconf 85' lang='lat' dir='ltr'><strong>Reprehendit</strong></span> <span class='ocrx_word' id='word_1_39' title='bbox 534 528 662 560; x_wconf 85' lang='lat' dir='ltr'><strong>illorum</strong></span> <span class='ocrx_word' id='word_1_40' title='bbox 686 528 951 570; x_wconf 74' lang='lat' dir='ltr'><strong>incogitantiam,</strong></span> <span class='ocrx_word' id='word_1_41' title='bbox 981 529 1036 569; x_wconf 86' lang='lat' dir='ltr'><strong>qui</strong></span> 
     </span>
     <span class='ocr_line' id='line_1_8' title="bbox 65 571 1037 614; baseline -0.007 -6"><span class='ocrx_word' id='word_1_42' title='bbox 65 576 145 609; x_wconf 83' lang='lat' dir='ltr'><strong>nihil</strong></span> <span class='ocrx_word' id='word_1_43' title='bbox 171 574 260 607; x_wconf 87' lang='lat' dir='ltr'><strong>aliud</strong></span> <span class='ocrx_word' id='word_1_44' title='bbox 289 574 437 612; x_wconf 87' lang='lat' dir='ltr'><strong>discunt,</strong></span> <span class='ocrx_word' id='word_1_45' title='bbox 471 583 568 614; x_wconf 88' lang='lat' dir='ltr'><strong>quam</strong></span> <span class='ocrx_word' id='word_1_46' title='bbox 595 571 731 603; x_wconf 81' lang='lat' dir='ltr'><strong>delicias</strong></span> <span class='ocrx_word' id='word_1_47' title='bbox 756 572 950 610; x_wconf 79' lang='lat' dir='ltr'><strong>verborum,</strong></span> <span class='ocrx_word' id='word_1_48' title='bbox 975 581 1037 602; x_wconf 90' lang='lat' dir='ltr'><strong>nec</strong></span> 
     </span>
     <span class='ocr_line' id='line_1_9' title="bbox 63 614 1037 660; baseline -0.007 -9"><span class='ocrx_word' id='word_1_49' title='bbox 63 619 243 660; x_wconf 80' lang='lat' dir='ltr'><strong>adiungunt</strong></span> <span class='ocrx_word' id='word_1_50' title='bbox 266 617 432 648; x_wconf 80' lang='lat' dir='ltr'><strong>doctrinas</strong></span> <span class='ocrx_word' id='word_1_51' title='bbox 455 625 574 647; x_wconf 89' lang='lat' dir='ltr'><strong>rerum.</strong></span> <span class='ocrx_word' id='word_1_52' title='bbox 619 614 715 652; x_wconf 85' lang='lat' dir='ltr'><strong>Item,</strong></span> <span class='ocrx_word' id='word_1_53' title='bbox 739 614 824 649; x_wconf 86' lang='lat' dir='ltr'><strong>Quid</strong></span> <span class='ocrx_word' id='word_1_54' title='bbox 847 614 974 655; x_wconf 88' lang='lat' dir='ltr'><strong>quaerit</strong></span> <span class='ocrx_word' id='word_1_55' title='bbox 996 615 1037 652; x_wconf 91' lang='lat' dir='ltr'><strong>is,</strong></span> 
     </span>
    </p>

    <p class='ocr_par' dir='ltr' id='par_1_4' title="bbox 63 656 1065 949">
     <span class='ocr_line' id='line_1_10' title="bbox 87 656 1064 698; baseline -0.005 -6"><span class='ocrx_word' id='word_1_56' title='bbox 87 661 119 693; x_wconf 90' lang='lat' dir='ltr'><strong>ui</strong></span> <span class='ocrx_word' id='word_1_57' title='bbox 153 665 292 692; x_wconf 83' lang='lat' dir='ltr'><strong>venatur</strong></span> <span class='ocrx_word' id='word_1_58' title='bbox 318 658 568 691; x_wconf 76' lang='lat' dir='ltr'><strong>Sacerdotium?</strong></span> <span class='ocrx_word' id='word_1_59' title='bbox 600 658 695 687; x_wconf 78' lang='lat' dir='ltr'><strong>otium</strong></span> <span class='ocrx_word' id='word_1_60' title='bbox 722 658 903 698; x_wconf 70' lang='lat' dir='ltr'><strong>respondet</strong></span> <span class='ocrx_word' id='word_1_61' title='bbox 930 656 1035 688; x_wconf 88' lang='lat' dir='ltr'><strong>Echo.</strong></span> <span class='ocrx_word' id='word_1_62' title='bbox 1062 656 1064 691; x_wconf 82' lang='lat' dir='ltr'><strong>i</strong></span> 
     </span>
     <span class='ocr_line' id='line_1_11' title="bbox 91 699 1065 749; baseline -0.005 -14"><span class='ocrx_word' id='word_1_63' title='bbox 91 708 170 736; x_wconf 80' lang='lat' dir='ltr'><strong>axat</strong></span> <span class='ocrx_word' id='word_1_64' title='bbox 192 708 364 744; x_wconf 82' lang='lat' dir='ltr'><strong>captantes</strong></span> <span class='ocrx_word' id='word_1_65' title='bbox 387 699 495 742; x_wconf 84' lang='lat' dir='ltr'><strong>ampla</strong></span> <span class='ocrx_word' id='word_1_66' title='bbox 519 700 720 737; x_wconf 76' lang='lat' dir='ltr'><strong>sacerdotia,</strong></span> <span class='ocrx_word' id='word_1_67' title='bbox 740 710 805 731; x_wconf 90' lang='lat' dir='ltr'><strong>non</strong></span> <span class='ocrx_word' id='word_1_68' title='bbox 828 706 864 731; x_wconf 91' lang='lat' dir='ltr'><strong>ut</strong></span> <span class='ocrx_word' id='word_1_69' title='bbox 883 701 1036 737; x_wconf 83' lang='lat' dir='ltr'><strong>doceant,</strong></span> <span class='ocrx_word' id='word_1_70' title='bbox 1062 723 1065 749; x_wconf 70' lang='lat' dir='ltr'><strong>i</strong></span> 
     </span>
     <span class='ocr_line' id='line_1_12' title="bbox 63 742 1038 780; baseline -0.006 -1"><span class='ocrx_word' id='word_1_71' title='bbox 63 752 120 779; x_wconf 79' lang='lat' dir='ltr'><strong>aut</strong></span> <span class='ocrx_word' id='word_1_72' title='bbox 148 747 214 777; x_wconf 87' lang='lat' dir='ltr'><strong>sint</strong></span> <span class='ocrx_word' id='word_1_73' title='bbox 242 744 399 778; x_wconf 85' lang='lat' dir='ltr'><strong>custodes</strong></span> <span class='ocrx_word' id='word_1_74' title='bbox 427 743 616 780; x_wconf 80' lang='lat' dir='ltr'><strong>doctrinae,</strong></span> <span class='ocrx_word' id='word_1_75' title='bbox 649 743 710 774; x_wconf 84' lang='lat' dir='ltr'><strong>sed</strong></span> <span class='ocrx_word' id='word_1_76' title='bbox 732 749 767 774; x_wconf 88' lang='lat' dir='ltr'><strong>ut</strong></span> <span class='ocrx_word' id='word_1_77' title='bbox 789 743 889 774; x_wconf 87' lang='lat' dir='ltr'><strong>otium</strong></span> <span class='ocrx_word' id='word_1_78' title='bbox 919 742 982 774; x_wconf 81' lang='lat' dir='ltr'><strong>sibi</strong></span> <span class='ocrx_word' id='word_1_79' title='bbox 1004 743 1038 773; x_wconf 72' lang='lat' dir='ltr'><strong>et‘</strong></span> 
     </span>
     <span class='ocr_line' id='line_1_13' title="bbox 64 785 1063 830; baseline -0.006 -9"><span class='ocrx_word' id='word_1_80' title='bbox 64 789 254 830; x_wconf 85' lang='lat' dir='ltr'><strong>voluptates</strong></span> <span class='ocrx_word' id='word_1_81' title='bbox 291 793 414 819; x_wconf 83' lang='lat' dir='ltr'><strong>tantum</strong></span> <span class='ocrx_word' id='word_1_82' title='bbox 447 791 651 826; x_wconf 85' lang='lat' dir='ltr'><strong>comparent.</strong></span> <span class='ocrx_word' id='word_1_83' title='bbox 712 785 747 816; x_wconf 94' lang='lat' dir='ltr'><strong>In</strong></span> <span class='ocrx_word' id='word_1_84' title='bbox 781 785 935 816; x_wconf 89' lang='lat' dir='ltr'><strong>Terentio</strong></span> <span class='ocrx_word' id='word_1_85' title='bbox 968 789 1036 816; x_wconf 87' lang='lat' dir='ltr'><strong>est:</strong></span> <span class='ocrx_word' id='word_1_86' title='bbox 1062 807 1063 811; x_wconf 67' lang='lat'><strong>,</strong></span> 
     </span>
     <span class='ocr_line' id='line_1_14' title="bbox 66 827 1037 872; baseline -0.007 -8"><span class='ocrx_word' id='word_1_87' title='bbox 66 832 158 864; x_wconf 84' lang='lat' dir='ltr'><strong>Haec</strong></span> <span class='ocrx_word' id='word_1_88' title='bbox 180 831 316 872; x_wconf 79' lang='lat' dir='ltr'><strong>inceptio</strong></span> <span class='ocrx_word' id='word_1_89' title='bbox 338 833 384 861; x_wconf 81' lang='lat' dir='ltr'><strong>est</strong></span> <span class='ocrx_word' id='word_1_90' title='bbox 408 830 577 860; x_wconf 81' lang='lat' dir='ltr'><strong>amentium</strong></span> <span class='ocrx_word' id='word_1_91' title='bbox 584 851 596 866; x_wconf 87' lang='lat'><strong>,</strong></span> <span class='ocrx_word' id='word_1_92' title='bbox 614 837 678 859; x_wconf 74' lang='lat' dir='ltr'><strong>non</strong></span> <span class='ocrx_word' id='word_1_93' title='bbox 700 829 885 859; x_wconf 75' lang='lat' dir='ltr'><strong>nutantium.</strong></span> <span class='ocrx_word' id='word_1_94' title='bbox 930 827 1037 859; x_wconf 90' lang='lat' dir='ltr'><strong>·Deni-</strong></span> 
     </span>
     <span class='ocr_line' id='line_1_15' title="bbox 65 870 1036 918; baseline -0.006 -11"><span class='ocrx_word' id='word_1_95' title='bbox 65 884 130 918; x_wconf 82' lang='lat' dir='ltr'><strong>que</strong></span> <span class='ocrx_word' id='word_1_96' title='bbox 151 872 285 906; x_wconf 89' lang='lat' dir='ltr'><strong>multum</strong></span> <span class='ocrx_word' id='word_1_97' title='bbox 308 877 359 904; x_wconf 76' lang='lat' dir='ltr'><strong>est</strong></span> <span class='ocrx_word' id='word_1_98' title='bbox 380 870 494 903; x_wconf 85' lang='lat' dir='ltr'><strong>talium</strong></span> <span class='ocrx_word' id='word_1_99' title='bbox 523 871 671 902; x_wconf 77' lang='lat' dir='ltr'><strong>iocorum</strong></span> <span class='ocrx_word' id='word_1_100' title='bbox 700 872 732 902; x_wconf 90' lang='lat' dir='ltr'><strong>in</strong></span> <span class='ocrx_word' id='word_1_101' title='bbox 755 871 944 913; x_wconf 85' lang='lat' dir='ltr'><strong>quotidiano</strong></span> <span class='ocrx_word' id='word_1_102' title='bbox 967 879 1036 901; x_wconf 82' lang='lat' dir='ltr'><strong>ser-</strong></span> 
     </span>
     <span class='ocr_line' id='line_1_16' title="bbox 65 927 171 949; baseline -0.019 0"><span class='ocrx_word' id='word_1_103' title='bbox 65 927 171 949; x_wconf 87' lang='lat' dir='ltr'><strong>mone.</strong></span> 
     </span>
    </p>

    <p class='ocr_par' dir='ltr' id='par_1_5' title="bbox 62 955 1066 1483">
     <span class='ocr_line' id='line_1_17' title="bbox 150 955 1037 999; baseline -0.005 -9"><span class='ocrx_word' id='word_1_104' title='bbox 150 958 335 999; x_wconf 79' lang='lat' dir='ltr'><strong>Prophetae</strong></span> <span class='ocrx_word' id='word_1_105' title='bbox 357 956 500 989; x_wconf 82' lang='lat' dir='ltr'><strong>libenter</strong></span> <span class='ocrx_word' id='word_1_106' title='bbox 524 957 577 989; x_wconf 88' lang='lat' dir='ltr'><strong>usi</strong></span> <span class='ocrx_word' id='word_1_107' title='bbox 600 962 677 989; x_wconf 84' lang='lat' dir='ltr'><strong>sunt</strong></span> <span class='ocrx_word' id='word_1_108' title='bbox 699 955 763 988; x_wconf 89' lang='lat' dir='ltr'><strong>hac</strong></span> <span class='ocrx_word' id='word_1_109' title='bbox 785 955 907 998; x_wconf 81' lang='lat' dir='ltr'><strong>figura,</strong></span> <span class='ocrx_word' id='word_1_110' title='bbox 931 955 964 986; x_wconf 91' lang='lat' dir='ltr'><strong>in</strong></span> <span class='ocrx_word' id='word_1_111' title='bbox 984 964 1037 986; x_wconf 85' lang='lat' dir='ltr'><strong>re-</strong></span> 
     </span>
     <span class='ocr_line' id='line_1_18' title="bbox 62 997 1063 1044; baseline -0.006 -10"><span class='ocrx_word' id='word_1_112' title='bbox 62 1001 282 1044; x_wconf 82' lang='lat' dir='ltr'><strong>prehensione</strong></span> <span class='ocrx_word' id='word_1_113' title='bbox 305 1001 475 1042; x_wconf 85' lang='lat' dir='ltr'><strong>impiorum</strong></span> <span class='ocrx_word' id='word_1_114' title='bbox 499 1000 662 1038; x_wconf 79' lang='lat' dir='ltr'><strong>cultuum,</strong></span> <span class='ocrx_word' id='word_1_115' title='bbox 696 1006 731 1031; x_wconf 86' lang='lat' dir='ltr'><strong>ut</strong></span> <span class='ocrx_word' id='word_1_116' title='bbox 760 1010 821 1040; x_wconf 88' lang='lat' dir='ltr'><strong>pro</strong></span> <span class='ocrx_word' id='word_1_117' title='bbox 845 997 973 1035; x_wconf 79' lang='lat' dir='ltr'><strong>Bethel,</strong></span> <span class='ocrx_word' id='word_1_118' title='bbox 1004 997 1036 1028; x_wconf 81' lang='lat' dir='ltr'><strong>id</strong></span> <span class='ocrx_word' id='word_1_119' title='bbox 1061 1006 1063 1041; x_wconf 60' lang='grc' dir='ltr'>ζ</span> 
     </span>
     <span class='ocr_line' id='line_1_19' title="bbox 63 1041 1035 1083; baseline -0.005 -7"><span class='ocrx_word' id='word_1_120' title='bbox 63 1051 135 1083; x_wconf 86' lang='lat' dir='ltr'><strong>est,</strong></span> <span class='ocrx_word' id='word_1_121' title='bbox 169 1045 286 1076; x_wconf 87' lang='lat' dir='ltr'><strong>domus</strong></span> <span class='ocrx_word' id='word_1_122' title='bbox 309 1043 391 1081; x_wconf 88' lang='lat' dir='ltr'><strong>Dei,</strong></span> <span class='ocrx_word' id='word_1_123' title='bbox 425 1044 537 1075; x_wconf 88' lang='lat' dir='ltr'><strong>dicunt</strong></span> <span class='ocrx_word' id='word_1_124' title='bbox 559 1042 739 1080; x_wconf 50' lang='lat' dir='ltr'><strong>Reman-eu,</strong></span> <span class='ocrx_word' id='word_1_125' title='bbox 765 1042 798 1073; x_wconf 87' lang='lat' dir='ltr'><strong>id</strong></span> <span class='ocrx_word' id='word_1_126' title='bbox 822 1047 889 1079; x_wconf 88' lang='lat' dir='ltr'><strong>est,</strong></span> <span class='ocrx_word' id='word_1_127' title='bbox 919 1041 1035 1072; x_wconf 86' lang='lat' dir='ltr'><strong>domus</strong></span> 
     </span>
     <span class='ocr_line' id='line_1_20' title="bbox 63 1084 1036 1129; baseline -0.005 -11"><span class='ocrx_word' id='word_1_128' title='bbox 63 1087 260 1129; x_wconf 87' lang='lat' dir='ltr'><strong>iniquitatis,</strong></span> <span class='ocrx_word' id='word_1_129' title='bbox 283 1085 337 1118; x_wconf 84' lang='lat' dir='ltr'><strong>vel</strong></span> <span class='ocrx_word' id='word_1_130' title='bbox 358 1085 508 1119; x_wconf 85' lang='lat' dir='ltr'><strong>sceleris.</strong></span> <span class='ocrx_word' id='word_1_131' title='bbox 553 1086 610 1117; x_wconf 76' lang='lat' dir='ltr'><strong>Sic</strong></span> <span class='ocrx_word' id='word_1_132' title='bbox 633 1092 732 1126; x_wconf 88' lang='lat' dir='ltr'><strong>puto,</strong></span> <span class='ocrx_word' id='word_1_133' title='bbox 755 1095 815 1125; x_wconf 86' lang='lat' dir='ltr'><strong>per</strong></span> <span class='ocrx_word' id='word_1_134' title='bbox 838 1084 1036 1114; x_wconf 83' lang='lat' dir='ltr'><strong>Paranoma-</strong></span> 
     </span>
     <span class='ocr_line' id='line_1_21' title="bbox 63 1125 1063 1170; baseline -0.004 -9"><span class='ocrx_word' id='word_1_135' title='bbox 63 1130 136 1161; x_wconf 85' lang='lat' dir='ltr'><strong>sian</strong></span> <span class='ocrx_word' id='word_1_136' title='bbox 158 1128 280 1161; x_wconf 88' lang='lat' dir='ltr'><strong>factam</strong></span> <span class='ocrx_word' id='word_1_137' title='bbox 304 1139 381 1160; x_wconf 90' lang='lat' dir='ltr'><strong>esse</strong></span> <span class='ocrx_word' id='word_1_138' title='bbox 397 1129 610 1160; x_wconf 82' lang='lat' dir='ltr'><strong>mutationem</strong></span> <span class='ocrx_word' id='word_1_139' title='bbox 627 1128 744 1159; x_wconf 90' lang='lat' dir='ltr'><strong>horum</strong></span> <span class='ocrx_word' id='word_1_140' title='bbox 763 1127 928 1158; x_wconf 87' lang='lat' dir='ltr'><strong>nominum</strong></span> <span class='ocrx_word' id='word_1_141' title='bbox 945 1125 1037 1158; x_wconf 77' lang='lat' dir='ltr'><strong>Becl-</strong></span> <span class='ocrx_word' id='word_1_142' title='bbox 1060 1154 1063 1170; x_wconf 22' lang='lat' dir='ltr'><em>X</em></span> 
     </span>
     <span class='ocr_line' id='line_1_22' title="bbox 64 1171 1062 1209; baseline -0.007 -5"><span class='ocrx_word' id='word_1_143' title='bbox 64 1172 166 1209; x_wconf 81' lang='lat' dir='ltr'><strong>zebul,</strong></span> <span class='ocrx_word' id='word_1_144' title='bbox 190 1178 223 1204; x_wconf 85' lang='lat' dir='ltr'><strong>et</strong></span> <span class='ocrx_word' id='word_1_145' title='bbox 245 1171 428 1203; x_wconf 80' lang='lat' dir='ltr'><strong>Beelzebub.</strong></span> <span class='ocrx_word' id='word_1_146' title='bbox 1059 1186 1062 1205; x_wconf 58' lang='lat'>1</span> 
     </span>
     <span class='ocr_line' id='line_1_23' title="bbox 149 1207 1066 1483; baseline -0.003 -237"><span class='ocrx_word' id='word_1_147' title='bbox 149 1215 233 1246; x_wconf 86' lang='lat' dir='ltr'><strong>Sunt</strong></span> <span class='ocrx_word' id='word_1_148' title='bbox 255 1220 363 1245; x_wconf 85' lang='lat' dir='ltr'><strong>autem</strong></span> <span class='ocrx_word' id='word_1_149' title='bbox 386 1213 501 1244; x_wconf 85' lang='lat' dir='ltr'><strong>eadem</strong></span> <span class='ocrx_word' id='word_1_150' title='bbox 525 1213 668 1251; x_wconf 87' lang='lat' dir='ltr'><strong>nomina,</strong></span> <span class='ocrx_word' id='word_1_151' title='bbox 692 1212 793 1250; x_wconf 69' lang='lat' dir='ltr'><strong>Euat,</strong></span> <span class='ocrx_word' id='word_1_152' title='bbox 814 1212 902 1250; x_wconf 73' lang='lat' dir='ltr'><strong>Beet,</strong></span> <span class='ocrx_word' id='word_1_153' title='bbox 926 1212 1035 1250; x_wconf 82' lang='lat' dir='ltr'><strong>Belus,</strong></span> <span class='ocrx_word' id='word_1_154' title='bbox 1061 1207 1066 1483; x_wconf 62' lang='grc' dir='ltr'><strong>ι</strong></span> 
     </span>
    </p>
   </div>
   <div class='ocr_carea' id='block_1_3' title="bbox 1060 379 1064 510">
    <p class='ocr_par' dir='ltr' id='par_1_6' title="bbox 1060 379 1064 510">
     <span class='ocr_line' id='line_1_24' title="bbox 1060 379 1064 510; baseline 0 2448"><span class='ocrx_word' id='word_1_155' title='bbox 1060 379 1064 510; x_wconf 95' lang='lat' dir='ltr'><strong> </strong></span> 
     </span>
    </p>
   </div>
   <div class='ocr_carea' id='block_1_4' title="bbox 61 1255 1066 1998">
    <p class='ocr_par' dir='ltr' id='par_1_7' title="bbox 61 1255 1037 1596">
     <span class='ocr_line' id='line_1_25' title="bbox 62 1255 1036 1300; baseline -0.002 -12"><span class='ocrx_word' id='word_1_156' title='bbox 62 1257 248 1300; x_wconf 83' lang='lat' dir='ltr'><strong>significant</strong></span> <span class='ocrx_word' id='word_1_157' title='bbox 272 1256 355 1288; x_wconf 84' lang='lat' dir='ltr'><strong>idem</strong></span> <span class='ocrx_word' id='word_1_158' title='bbox 379 1256 466 1298; x_wconf 90' lang='lat' dir='ltr'><strong>quod</strong></span> <span class='ocrx_word' id='word_1_159' title='bbox 498 1256 663 1286; x_wconf 75' lang='lat' dir='ltr'><strong>Dominus.</strong></span> <span class='ocrx_word' id='word_1_160' title='bbox 719 1255 815 1291; x_wconf 86' lang='lat' dir='ltr'><strong>Quod</strong></span> <span class='ocrx_word' id='word_1_161' title='bbox 843 1265 960 1286; x_wconf 84' lang='lat' dir='ltr'><strong>sacrae</strong></span> <span class='ocrx_word' id='word_1_162' title='bbox 988 1255 1036 1286; x_wconf 91' lang='lat' dir='ltr'><strong>hi-</strong></span> 
     </span>
     <span class='ocr_line' id='line_1_26' title="bbox 61 1298 1035 1337; baseline -0.002 -6"><span class='ocrx_word' id='word_1_163' title='bbox 61 1300 186 1331; x_wconf 80' lang='lat' dir='ltr'><strong>storiae</strong></span> <span class='ocrx_word' id='word_1_164' title='bbox 213 1299 382 1330; x_wconf 89' lang='lat' dir='ltr'><strong>nominant</strong></span> <span class='ocrx_word' id='word_1_165' title='bbox 404 1298 509 1337; x_wconf 81' lang='lat' dir='ltr'><strong>Baal,</strong></span> <span class='ocrx_word' id='word_1_166' title='bbox 538 1299 569 1329; x_wconf 89' lang='lat' dir='ltr'><strong>id</strong></span> <span class='ocrx_word' id='word_1_167' title='bbox 594 1298 755 1329; x_wconf 90' lang='lat' dir='ltr'><strong>Ethnicae</strong></span> <span class='ocrx_word' id='word_1_168' title='bbox 778 1304 900 1329; x_wconf 84' lang='lat' dir='ltr'><strong>vocant</strong></span> <span class='ocrx_word' id='word_1_169' title='bbox 922 1298 983 1329; x_wconf 80' lang='lat' dir='ltr'><strong>Bel</strong></span> <span class='ocrx_word' id='word_1_170' title='bbox 1005 1304 1035 1329; x_wconf 81' lang='lat' dir='ltr'><strong>ct</strong></span> 
     </span>
     <span class='ocr_line' id='line_1_27' title="bbox 61 1339 1037 1383; baseline -0.003 -9"><span class='ocrx_word' id='word_1_171' title='bbox 61 1341 169 1374; x_wconf 80' lang='lat' dir='ltr'><strong>Belus.</strong></span> <span class='ocrx_word' id='word_1_172' title='bbox 216 1341 340 1374; x_wconf 84' lang='lat' dir='ltr'><strong>Omnes</strong></span> <span class='ocrx_word' id='word_1_173' title='bbox 370 1342 553 1383; x_wconf 88' lang='lat' dir='ltr'><strong>scriptores</strong></span> <span class='ocrx_word' id='word_1_174' title='bbox 577 1342 707 1378; x_wconf 85' lang='lat' dir='ltr'><strong>dicunt,</strong></span> <span class='ocrx_word' id='word_1_175' title='bbox 735 1339 919 1372; x_wconf 74' lang='lat' dir='ltr'><strong>Phoenices</strong></span> <span class='ocrx_word' id='word_1_176' title='bbox 944 1347 1037 1372; x_wconf 84' lang='lat' dir='ltr'><strong>ortos</strong></span> 
     </span>
     <span class='ocr_line' id='line_1_28' title="bbox 62 1376 1037 1425; baseline -0.003 -8"><span class='ocrx_word' id='word_1_177' title='bbox 62 1395 139 1417; x_wconf 89' lang='lat' dir='ltr'><strong>esse</strong></span> <span class='ocrx_word' id='word_1_178' title='bbox 167 1395 187 1416; x_wconf 89' lang='lat' dir='ltr'><strong>a</strong></span> <span class='ocrx_word' id='word_1_179' title='bbox 216 1376 316 1422; x_wconf 83' lang='lat' dir='ltr'><strong>Belo,</strong></span> <span class='ocrx_word' id='word_1_180' title='bbox 351 1385 437 1416; x_wconf 86' lang='lat' dir='ltr'><strong>sicut</strong></span> <span class='ocrx_word' id='word_1_181' title='bbox 466 1385 562 1415; x_wconf 88' lang='lat' dir='ltr'><strong>etiam</strong></span> <span class='ocrx_word' id='word_1_182' title='bbox 594 1385 625 1415; x_wconf 81' lang='lat' dir='ltr'><strong>in</strong></span> <span class='ocrx_word' id='word_1_183' title='bbox 649 1382 789 1425; x_wconf 80' lang='lat' dir='ltr'><strong>Virgilio</strong></span> <span class='ocrx_word' id='word_1_184' title='bbox 819 1390 869 1415; x_wconf 87' lang='lat' dir='ltr'><strong>est</strong></span> <span class='ocrx_word' id='word_1_185' title='bbox 893 1385 934 1415; x_wconf 91' lang='lat' dir='ltr'><strong>de</strong></span> <span class='ocrx_word' id='word_1_186' title='bbox 957 1393 1037 1425; x_wconf 84' lang='lat' dir='ltr'><strong>rege</strong></span> 
     </span>
     <span class='ocr_line' id='line_1_29' title="bbox 61 1425 1037 1468; baseline -0.002 -9"><span class='ocrx_word' id='word_1_187' title='bbox 61 1427 157 1459; x_wconf 82' lang='lat' dir='ltr'><strong>Belo.</strong></span> <span class='ocrx_word' id='word_1_188' title='bbox 201 1426 274 1458; x_wconf 86' lang='lat' dir='ltr'><strong>Filii</strong></span> <span class='ocrx_word' id='word_1_189' title='bbox 297 1425 370 1457; x_wconf 88' lang='lat' dir='ltr'><strong>Beli</strong></span> <span class='ocrx_word' id='word_1_190' title='bbox 393 1425 524 1457; x_wconf 85' lang='lat' dir='ltr'><strong>fuerunt</strong></span> <span class='ocrx_word' id='word_1_191' title='bbox 542 1425 677 1457; x_wconf 87' lang='lat' dir='ltr'><strong>Danaus</strong></span> <span class='ocrx_word' id='word_1_192' title='bbox 702 1433 734 1457; x_wconf 88' lang='lat' dir='ltr'><strong>et</strong></span> <span class='ocrx_word' id='word_1_193' title='bbox 751 1426 936 1468; x_wconf 79' lang='lat' dir='ltr'><strong>AegyptuS.</strong></span> <span class='ocrx_word' id='word_1_194' title='bbox 970 1425 1037 1457; x_wconf 87' lang='lat' dir='ltr'><strong>Da-</strong></span> 
     </span>
     <span class='ocr_line' id='line_1_30' title="bbox 62 1467 1037 1510; baseline -0.002 -8"><span class='ocrx_word' id='word_1_195' title='bbox 62 1471 116 1502; x_wconf 88' lang='lat' dir='ltr'><strong>nai</strong></span> <span class='ocrx_word' id='word_1_196' title='bbox 138 1469 226 1501; x_wconf 88' lang='lat' dir='ltr'><strong>filiae</strong></span> <span class='ocrx_word' id='word_1_197' title='bbox 250 1469 436 1501; x_wconf 78' lang='lat' dir='ltr'><strong>haurientes</strong></span> <span class='ocrx_word' id='word_1_198' title='bbox 461 1480 578 1510; x_wconf 89' lang='lat' dir='ltr'><strong>aquam</strong></span> <span class='ocrx_word' id='word_1_199' title='bbox 602 1467 779 1509; x_wconf 77' lang='lat' dir='ltr'><strong>perforatis</strong></span> <span class='ocrx_word' id='word_1_200' title='bbox 802 1470 911 1507; x_wconf 78' lang='lat' dir='ltr'><strong>vasis,</strong></span> <span class='ocrx_word' id='word_1_201' title='bbox 937 1470 1037 1500; x_wconf 91' lang='lat' dir='ltr'><strong>nomi-</strong></span> 
     </span>
     <span class='ocr_line' id='line_1_31' title="bbox 62 1510 994 1554; baseline -0.003 -9"><span class='ocrx_word' id='word_1_202' title='bbox 62 1519 183 1545; x_wconf 87' lang='lat' dir='ltr'><strong>nantur</strong></span> <span class='ocrx_word' id='word_1_203' title='bbox 205 1523 225 1543; x_wconf 83' lang='lat' dir='ltr'><strong>a</strong></span> <span class='ocrx_word' id='word_1_204' title='bbox 248 1511 388 1554; x_wconf 83' lang='lat' dir='ltr'><strong>Virgilio</strong></span> <span class='ocrx_word' id='word_1_205' title='bbox 411 1512 546 1544; x_wconf 76' lang='lat' dir='ltr'><strong>Puellae</strong></span> <span class='ocrx_word' id='word_1_206' title='bbox 567 1512 713 1552; x_wconf 78' lang='lat' dir='ltr'><strong>Belides,</strong></span> <span class='ocrx_word' id='word_1_207' title='bbox 735 1512 766 1542; x_wconf 91' lang='lat' dir='ltr'><strong>in</strong></span> <span class='ocrx_word' id='word_1_208' title='bbox 791 1510 855 1548; x_wconf 83' lang='lat' dir='ltr'><strong>hoc</strong></span> <span class='ocrx_word' id='word_1_209' title='bbox 878 1522 994 1543; x_wconf 71' lang='lat' dir='ltr'><strong>versu:</strong></span> 
     </span>
     <span class='ocr_line' id='line_1_32' title="bbox 118 1555 976 1596; baseline -0.002 -9"><span class='ocrx_word' id='word_1_210' title='bbox 118 1555 258 1587; x_wconf 81' lang='lat' dir='ltr'><strong>Assidne</strong></span> <span class='ocrx_word' id='word_1_211' title='bbox 278 1558 436 1596; x_wconf 71' lang='lat' dir='ltr'><strong>repetunt⁴</strong></span> <span class='ocrx_word' id='word_1_212' title='bbox 448 1565 528 1595; x_wconf 81' lang='lat' dir='ltr'><strong>quas</strong></span> <span class='ocrx_word' id='word_1_213' title='bbox 548 1556 688 1595; x_wconf 80' lang='lat' dir='ltr'><strong>perdunt</strong></span> <span class='ocrx_word' id='word_1_214' title='bbox 710 1555 840 1585; x_wconf 75' lang='lat' dir='ltr'><strong>Belides</strong></span> <span class='ocrx_word' id='word_1_215' title='bbox 863 1555 976 1586; x_wconf 66' lang='lat' dir='ltr'><strong>undas.</strong></span> 
     </span>
    </p>

    <p class='ocr_par' dir='ltr' id='par_1_8' title="bbox 147 1605 1066 1647">
     <span class='ocr_line' id='line_1_33' title="bbox 147 1605 1066 1647; baseline 0.002 -11"><span class='ocrx_word' id='word_1_216' title='bbox 147 1605 316 1638; x_wconf 78' lang='lat' dir='ltr'><strong>Fortassis</strong></span> <span class='ocrx_word' id='word_1_217' title='bbox 347 1611 397 1636; x_wconf 84' lang='lat' dir='ltr'><strong>est</strong></span> <span class='ocrx_word' id='word_1_218' title='bbox 427 1606 537 1647; x_wconf 87' lang='lat' dir='ltr'><strong>imago</strong></span> <span class='ocrx_word' id='word_1_219' title='bbox 567 1605 806 1646; x_wconf 80' lang='lat' dir='ltr'><strong>profusionuin:</strong></span> <span class='ocrx_word' id='word_1_220' title='bbox 842 1606 927 1637; x_wconf 80' lang='lat' dir='ltr'><strong>sicut</strong></span> <span class='ocrx_word' id='word_1_221' title='bbox 950 1607 1037 1637; x_wconf 62' lang='lat' dir='ltr'><strong>vide-</strong></span> <span class='ocrx_word' id='word_1_222' title='bbox 1063 1629 1066 1638; x_wconf 50' lang='lat' dir='ltr'><strong>i</strong></span> 
     </span>
    </p>

    <p class='ocr_par' dir='ltr' id='par_1_9' title="bbox 61 1649 1038 1818">
     <span class='ocr_line' id='line_1_34' title="bbox 61 1649 1038 1690; baseline -0.002 -9"><span class='ocrx_word' id='word_1_223' title='bbox 61 1659 153 1687; x_wconf 80' lang='lat' dir='ltr'><strong>muS,</strong></span> <span class='ocrx_word' id='word_1_224' title='bbox 186 1655 331 1690; x_wconf 83' lang='lat' dir='ltr'><strong>quantae</strong></span> <span class='ocrx_word' id='word_1_225' title='bbox 365 1658 452 1679; x_wconf 82' lang='lat' dir='ltr'><strong>nunc</strong></span> <span class='ocrx_word' id='word_1_226' title='bbox 480 1649 560 1679; x_wconf 85' lang='lat' dir='ltr'><strong>fiant</strong></span> <span class='ocrx_word' id='word_1_227' title='bbox 593 1649 786 1680; x_wconf 77' lang='lat' dir='ltr'><strong>exactiones</strong></span> <span class='ocrx_word' id='word_1_228' title='bbox 815 1649 1038 1688; x_wconf 78' lang='lat' dir='ltr'><strong>pecuniarum,</strong></span> 
     </span>
     <span class='ocr_line' id='line_1_35' title="bbox 85 1690 1037 1732; baseline -0.002 -8"><span class='ocrx_word' id='word_1_229' title='bbox 85 1702 148 1724; x_wconf 76' lang='lat' dir='ltr'><strong>uae</strong></span> <span class='ocrx_word' id='word_1_230' title='bbox 179 1697 298 1732; x_wconf 63' lang='lat' dir='ltr'><strong>postca</strong></span> <span class='ocrx_word' id='word_1_231' title='bbox 328 1697 436 1722; x_wconf 86' lang='lat' dir='ltr'><strong>tamen</strong></span> <span class='ocrx_word' id='word_1_232' title='bbox 467 1691 576 1722; x_wconf 87' lang='lat' dir='ltr'><strong>subito</strong></span> <span class='ocrx_word' id='word_1_233' title='bbox 606 1690 850 1731; x_wconf 87' lang='lat' dir='ltr'><strong>profunduntur</strong></span> <span class='ocrx_word' id='word_1_234' title='bbox 882 1692 914 1722; x_wconf 89' lang='lat' dir='ltr'><strong>in</strong></span> <span class='ocrx_word' id='word_1_235' title='bbox 944 1690 1037 1723; x_wconf 84' lang='lat' dir='ltr'><strong>aulis.</strong></span> 
     </span>
     <span class='ocr_line' id='line_1_36' title="bbox 62 1702 1037 1775; baseline -0.002 -9"><span class='ocrx_word' id='word_1_236' title='bbox 62 1702 188 1766; x_wconf 62' lang='lat' dir='ltr'><strong>Poetae</strong></span> <span class='ocrx_word' id='word_1_237' title='bbox 216 1733 343 1775; x_wconf 78' lang='lat' dir='ltr'><strong>fingunt</strong></span> <span class='ocrx_word' id='word_1_238' title='bbox 372 1735 413 1765; x_wconf 87' lang='lat' dir='ltr'><strong>ab</strong></span> <span class='ocrx_word' id='word_1_239' title='bbox 445 1734 493 1765; x_wconf 90' lang='lat' dir='ltr'><strong>eis</strong></span> <span class='ocrx_word' id='word_1_240' title='bbox 523 1732 716 1766; x_wconf 80' lang='lat' dir='ltr'><strong>interfectos</strong></span> <span class='ocrx_word' id='word_1_241' title='bbox 740 1733 846 1765; x_wconf 86' lang='lat' dir='ltr'><strong>fuisse</strong></span> <span class='ocrx_word' id='word_1_242' title='bbox 880 1744 1037 1775; x_wconf 83' lang='lat' dir='ltr'><strong>sponsos,</strong></span> 
     </span>
     <span class='ocr_line' id='line_1_37' title="bbox 62 1776 327 1818; baseline -0.008 -10"><span class='ocrx_word' id='word_1_243' title='bbox 62 1776 150 1808; x_wconf 83' lang='lat' dir='ltr'><strong>filios</strong></span> <span class='ocrx_word' id='word_1_244' title='bbox 173 1777 327 1818; x_wconf 72' lang='lat' dir='ltr'><strong>Aegypti.</strong></span> 
     </span>
    </p>

    <p class='ocr_par' dir='ltr' id='par_1_10' title="bbox 62 1826 1064 1998">
     <span class='ocr_line' id='line_1_38' title="bbox 150 1826 1064 1871; baseline -0.001 -12"><span class='ocrx_word' id='word_1_245' title='bbox 150 1826 409 1865; x_wconf 72' lang='lat' dir='ltr'><strong>Adulescentes,</strong></span> <span class='ocrx_word' id='word_1_246' title='bbox 434 1828 565 1869; x_wconf 87' lang='lat' dir='ltr'><strong>quando</strong></span> <span class='ocrx_word' id='word_1_247' title='bbox 588 1827 704 1871; x_wconf 87' lang='lat' dir='ltr'><strong>legunt</strong></span> <span class='ocrx_word' id='word_1_248' title='bbox 726 1827 918 1870; x_wconf 84' lang='lat' dir='ltr'><strong>Virgilium,</strong></span> <span class='ocrx_word' id='word_1_249' title='bbox 950 1828 1038 1869; x_wconf 75' lang='lat' dir='ltr'><strong>cogi·</strong></span> <span class='ocrx_word' id='word_1_250' title='bbox 1062 1841 1064 1867; x_wconf 72' lang='lat'>;</span> 
     </span>
     <span class='ocr_line' id='line_1_39' title="bbox 62 1869 1064 1913; baseline 0 -11"><span class='ocrx_word' id='word_1_251' title='bbox 62 1877 130 1902; x_wconf 87' lang='lat' dir='ltr'><strong>tent</strong></span> <span class='ocrx_word' id='word_1_252' title='bbox 153 1880 281 1912; x_wconf 81' lang='lat' dir='ltr'><strong>poenas</strong></span> <span class='ocrx_word' id='word_1_253' title='bbox 305 1869 482 1902; x_wconf 84' lang='lat' dir='ltr'><strong>inferorum</strong></span> <span class='ocrx_word' id='word_1_254' title='bbox 506 1881 572 1902; x_wconf 91' lang='lat' dir='ltr'><strong>non</strong></span> <span class='ocrx_word' id='word_1_255' title='bbox 595 1872 790 1903; x_wconf 84' lang='lat' dir='ltr'><strong>inconcinne</strong></span> <span class='ocrx_word' id='word_1_256' title='bbox 812 1882 915 1913; x_wconf 70' lang='lat' dir='ltr'><strong>posse</strong></span> <span class='ocrx_word' id='word_1_257' title='bbox 933 1871 1038 1902; x_wconf 86' lang='lat' dir='ltr'><strong>distri·</strong></span> <span class='ocrx_word' id='word_1_258' title='bbox 1061 1877 1064 1911; x_wconf 34' lang='grc' dir='ltr'><strong><em>ᾖ</em></strong></span> 
     </span>
     <span class='ocr_line' id='line_1_40' title="bbox 62 1913 1063 1954; baseline -0.001 -9"><span class='ocrx_word' id='word_1_259' title='bbox 62 1914 117 1945; x_wconf 86' lang='lat' dir='ltr'><strong>bui</strong></span> <span class='ocrx_word' id='word_1_260' title='bbox 138 1914 171 1944; x_wconf 89' lang='lat' dir='ltr'><strong>in</strong></span> <span class='ocrx_word' id='word_1_261' title='bbox 195 1919 263 1943; x_wconf 81' lang='lat' dir='ltr'><strong>tres</strong></span> <span class='ocrx_word' id='word_1_262' title='bbox 288 1913 421 1953; x_wconf 71' lang='lat' dir='ltr'><strong>gradus,</strong></span> <span class='ocrx_word' id='word_1_263' title='bbox 443 1923 527 1954; x_wconf 85' lang='lat' dir='ltr'><strong>quae</strong></span> <span class='ocrx_word' id='word_1_264' title='bbox 545 1915 747 1954; x_wconf 87' lang='lat' dir='ltr'><strong>respondent</strong></span> <span class='ocrx_word' id='word_1_265' title='bbox 772 1916 876 1946; x_wconf 73' lang='lat' dir='ltr'><strong>tribus</strong></span> <span class='ocrx_word' id='word_1_266' title='bbox 903 1915 1038 1952; x_wconf 73' lang='lat' dir='ltr'><strong>viribus,</strong></span> <span class='ocrx_word' id='word_1_267' title='bbox 1062 1939 1063 1949; x_wconf 46' lang='lat'>2</span> 
     </span>
     <span class='ocr_line' id='line_1_41' title="bbox 62 1956 895 1998; baseline 0 -10"><span class='ocrx_word' id='word_1_268' title='bbox 62 1966 122 1988; x_wconf 84' lang='lat' dir='ltr'><strong>seu</strong></span> <span class='ocrx_word' id='word_1_269' title='bbox 144 1957 300 1998; x_wconf 79' lang='lat' dir='ltr'><strong>potentiis</strong></span> <span class='ocrx_word' id='word_1_270' title='bbox 323 1956 467 1994; x_wconf 86' lang='lat' dir='ltr'><strong>animae,</strong></span> <span class='ocrx_word' id='word_1_271' title='bbox 491 1967 573 1998; x_wconf 84' lang='lat' dir='ltr'><strong>quas</strong></span> <span class='ocrx_word' id='word_1_272' title='bbox 599 1956 693 1988; x_wconf 88' lang='lat' dir='ltr'><strong>Plato</strong></span> <span class='ocrx_word' id='word_1_273' title='bbox 716 1958 895 1989; x_wconf 79' lang='lat' dir='ltr'><strong>constituit.</strong></span> 
     </span>
    </p>
   </div>
   <div class='ocr_carea' id='block_1_5' title="bbox 61 2007 1062 2351">
    <p class='ocr_par' dir='ltr' id='par_1_11' title="bbox 61 2007 1062 2351">
     <span class='ocr_line' id='line_1_42' title="bbox 146 2007 1035 2051; baseline 0.002 -14"><span class='ocrx_word' id='word_1_274' title='bbox 146 2007 346 2047; x_wconf 69' lang='grc' dir='ltr'><em>Ἡγεμονικόν,</em></span> <span class='ocrx_word' id='word_1_275' title='bbox 371 2007 401 2037; x_wconf 90' lang='lat' dir='ltr'><strong>id</strong></span> <span class='ocrx_word' id='word_1_276' title='bbox 427 2013 493 2044; x_wconf 76' lang='lat' dir='ltr'><strong>est,</strong></span> <span class='ocrx_word' id='word_1_277' title='bbox 518 2018 601 2048; x_wconf 82' lang='lat' dir='ltr'><strong>pars</strong></span> <span class='ocrx_word' id='word_1_278' title='bbox 623 2010 815 2050; x_wconf 71' lang='lat' dir='ltr'><strong>intelliyens,</strong></span> <span class='ocrx_word' id='word_1_279' title='bbox 844 2015 959 2051; x_wconf 86' lang='lat' dir='ltr'><strong>peccat</strong></span> <span class='ocrx_word' id='word_1_280' title='bbox 983 2019 1035 2039; x_wconf 85' lang='lat' dir='ltr'><strong>su-</strong></span> 
     </span>
     <span class='ocr_line' id='line_1_43' title="bbox 61 2049 1033 2093; baseline 0 -11"><span class='ocrx_word' id='word_1_281' title='bbox 61 2051 194 2091; x_wconf 78' lang='lat' dir='ltr'><strong>perbia,</strong></span> <span class='ocrx_word' id='word_1_282' title='bbox 219 2055 409 2091; x_wconf 67' lang='lat' dir='ltr'><strong>contemptu</strong></span> <span class='ocrx_word' id='word_1_283' title='bbox 433 2049 506 2087; x_wconf 75' lang='lat' dir='ltr'><strong>Dei,</strong></span> <span class='ocrx_word' id='word_1_284' title='bbox 530 2052 736 2090; x_wconf 74' lang='lat' dir='ltr'><strong>curiositate,</strong></span> <span class='ocrx_word' id='word_1_285' title='bbox 755 2052 1033 2093; x_wconf 64' lang='grc' dir='ltr'><strong>πολυπραγμοσύνῃ.</strong></span> 
     </span>
     <span class='ocr_line' id='line_1_44' title="bbox 61 2092 1034 2136; baseline 0.001 -11"><span class='ocrx_word' id='word_1_286' title='bbox 61 2093 133 2126; x_wconf 87' lang='lat' dir='ltr'><strong>Huc</strong></span> <span class='ocrx_word' id='word_1_287' title='bbox 167 2094 309 2135; x_wconf 74' lang='lat' dir='ltr'><strong>pertinet</strong></span> <span class='ocrx_word' id='word_1_288' title='bbox 343 2103 450 2134; x_wconf 86' lang='lat' dir='ltr'><strong>poena</strong></span> <span class='ocrx_word' id='word_1_289' title='bbox 485 2092 669 2132; x_wconf 78' lang='lat' dir='ltr'><strong>Salmonei,</strong></span> <span class='ocrx_word' id='word_1_290' title='bbox 703 2096 756 2136; x_wconf 88' lang='lat' dir='ltr'><strong>qui</strong></span> <span class='ocrx_word' id='word_1_291' title='bbox 786 2094 887 2126; x_wconf 70' lang='lat' dir='ltr'><strong>voluit</strong></span> <span class='ocrx_word' id='word_1_292' title='bbox 919 2096 1034 2126; x_wconf 87' lang='lat' dir='ltr'><strong>imitari</strong></span> 
     </span>
     <span class='ocr_line' id='line_1_45' title="bbox 62 2135 1035 2179; baseline 0.001 -12"><span class='ocrx_word' id='word_1_293' title='bbox 62 2135 198 2168; x_wconf 82' lang='lat' dir='ltr'><strong>fulmina</strong></span> <span class='ocrx_word' id='word_1_294' title='bbox 228 2136 333 2173; x_wconf 73' lang='lat' dir='ltr'><strong>iovis,</strong></span> <span class='ocrx_word' id='word_1_295' title='bbox 366 2135 397 2166; x_wconf 77' lang='lat' dir='ltr'><strong>id</strong></span> <span class='ocrx_word' id='word_1_296' title='bbox 429 2142 496 2172; x_wconf 79' lang='lat' dir='ltr'><strong>est,</strong></span> <span class='ocrx_word' id='word_1_297' title='bbox 532 2138 663 2177; x_wconf 86' lang='lat' dir='ltr'><strong>punitus</strong></span> <span class='ocrx_word' id='word_1_298' title='bbox 693 2144 742 2168; x_wconf 82' lang='lat' dir='ltr'><strong>est</strong></span> <span class='ocrx_word' id='word_1_299' title='bbox 765 2145 898 2178; x_wconf 81' lang='lat' dir='ltr'><strong>propter</strong></span> <span class='ocrx_word' id='word_1_300' title='bbox 921 2148 1035 2179; x_wconf 80' lang='lat' dir='ltr'><strong>super-</strong></span> 
     </span>
     <span class='ocr_line' id='line_1_46' title="bbox 63 2178 1062 2220; baseline -0.001 -9"><span class='ocrx_word' id='word_1_301' title='bbox 63 2180 158 2211; x_wconf 85' lang='lat' dir='ltr'><strong>biam.</strong></span> <span class='ocrx_word' id='word_1_302' title='bbox 205 2179 284 2210; x_wconf 83' lang='lat' dir='ltr'><strong>ltcm</strong></span> <span class='ocrx_word' id='word_1_303' title='bbox 307 2178 486 2219; x_wconf 65' lang='lat' dir='ltr'><strong>Sisyphus,</strong></span> <span class='ocrx_word' id='word_1_304' title='bbox 517 2179 571 2220; x_wconf 88' lang='lat' dir='ltr'><strong>qui</strong></span> <span class='ocrx_word' id='word_1_305' title='bbox 594 2178 715 2211; x_wconf 85' lang='lat' dir='ltr'><strong>frustra</strong></span> <span class='ocrx_word' id='word_1_306' title='bbox 738 2191 854 2212; x_wconf 72' lang='lat' dir='ltr'><strong>saxum</strong></span> <span class='ocrx_word' id='word_1_307' title='bbox 878 2180 980 2212; x_wconf 57' lang='lat' dir='ltr'><strong>volvit</strong></span> <span class='ocrx_word' id='word_1_308' title='bbox 1005 2187 1034 2211; x_wconf 86' lang='lat' dir='ltr'><strong>ct</strong></span> <span class='ocrx_word' id='word_1_309' title='bbox 1060 2189 1062 2202; x_wconf 65' lang='lat'>³</span> 
     </span>
     <span class='ocr_line' id='line_1_47' title="bbox 62 2213 1062 2287; baseline 0.002 -34"><span class='ocrx_word' id='word_1_310' title='bbox 62 2221 221 2259; x_wconf 77' lang='lat' dir='ltr'><strong>revolvit3</strong></span> <span class='ocrx_word' id='word_1_311' title='bbox 249 2221 309 2253; x_wconf 89' lang='lat' dir='ltr'><strong>Est</strong></span> <span class='ocrx_word' id='word_1_312' title='bbox 338 2219 521 2261; x_wconf 75' lang='lat' dir='ltr'><strong>exemplum</strong></span> <span class='ocrx_word' id='word_1_313' title='bbox 551 2221 606 2253; x_wconf 78' lang='lat' dir='ltr'><strong>vel</strong></span> <span class='ocrx_word' id='word_1_314' title='bbox 635 2223 875 2264; x_wconf 83' lang='lat' dir='ltr'><strong>sophistarum,</strong></span> <span class='ocrx_word' id='word_1_315' title='bbox 904 2225 956 2265; x_wconf 83' lang='lat' dir='ltr'><strong>qui</strong></span> <span class='ocrx_word' id='word_1_316' title='bbox 981 2235 1035 2254; x_wconf 70' lang='lat' dir='ltr'><strong>ex-</strong></span> <span class='ocrx_word' id='word_1_317' title='bbox 1059 2213 1062 2287; x_wconf 62' lang='grc' dir='ltr'><strong>Ῑ</strong></span> 
     </span>
     <span class='ocr_line' id='line_1_48' title="bbox 62 2263 1035 2307; baseline 0 -9"><span class='ocrx_word' id='word_1_318' title='bbox 62 2266 208 2298; x_wconf 87' lang='lat' dir='ltr'><strong>cruciant</strong></span> <span class='ocrx_word' id='word_1_319' title='bbox 233 2275 270 2296; x_wconf 83' lang='lat' dir='ltr'><strong>se</strong></span> <span class='ocrx_word' id='word_1_320' title='bbox 293 2271 324 2295; x_wconf 88' lang='lat' dir='ltr'><strong>et</strong></span> <span class='ocrx_word' id='word_1_321' title='bbox 349 2263 433 2295; x_wconf 83' lang='lat' dir='ltr'><strong>alios</strong></span> <span class='ocrx_word' id='word_1_322' title='bbox 456 2265 607 2296; x_wconf 80' lang='lat' dir='ltr'><strong>inanibus</strong></span> <span class='ocrx_word' id='word_1_323' title='bbox 630 2265 859 2307; x_wconf 76' lang='lat' dir='ltr'><strong>sophismatis3</strong></span> <span class='ocrx_word' id='word_1_324' title='bbox 883 2266 936 2298; x_wconf 75' lang='lat' dir='ltr'><strong>vel</strong></span> <span class='ocrx_word' id='word_1_325' title='bbox 959 2266 1035 2298; x_wconf 81' lang='lat' dir='ltr'><strong>alio-</strong></span> 
     </span>
     <span class='ocr_line' id='line_1_49' title="bbox 62 2306 1035 2351; baseline 0.002 -12"><span class='ocrx_word' id='word_1_326' title='bbox 62 2319 149 2347; x_wconf 89' lang='lat' dir='ltr'><strong>rum,</strong></span> <span class='ocrx_word' id='word_1_327' title='bbox 182 2309 237 2349; x_wconf 90' lang='lat' dir='ltr'><strong>qui</strong></span> <span class='ocrx_word' id='word_1_328' title='bbox 261 2308 395 2349; x_wconf 79' lang='lat' dir='ltr'><strong>negotia</strong></span> <span class='ocrx_word' id='word_1_329' title='bbox 418 2306 543 2339; x_wconf 85' lang='lat' dir='ltr'><strong>inutilia</strong></span> <span class='ocrx_word' id='word_1_330' title='bbox 571 2308 743 2340; x_wconf 77' lang='lat' dir='ltr'><strong>instituunt</strong></span> <span class='ocrx_word' id='word_1_331' title='bbox 766 2310 905 2351; x_wconf 84' lang='lat' dir='ltr'><strong>quadam</strong></span> <span class='ocrx_word' id='word_1_332' title='bbox 929 2311 1035 2342; x_wconf 74' lang='lat' dir='ltr'><strong>cutio-</strong></span> 
     </span>
    </p>
   </div>
   <div class='ocr_carea' id='block_1_6' title="bbox 61 2351 168 2383">
    <p class='ocr_par' dir='ltr' id='par_1_12' title="bbox 61 2351 168 2383">
     <span class='ocr_line' id='line_1_50' title="bbox 61 2351 168 2383; baseline 0.009 -2"><span class='ocrx_word' id='word_1_333' title='bbox 61 2351 168 2383; x_wconf 81' lang='lat' dir='ltr'><strong>sitate.</strong></span> 
     </span>
    </p>
   </div>
   <div class='ocr_carea' id='block_1_7' title="bbox 60 2401 1065 2712">
    <p class='ocr_par' dir='ltr' id='par_1_13' title="bbox 61 2401 1065 2518">
     <span class='ocr_line' id='line_1_51' title="bbox 150 2401 1064 2443; baseline 0.004 -11"><span class='ocrx_word' id='word_1_334' title='bbox 150 2401 300 2441; x_wconf 66' lang='grc' dir='ltr'><em>Θυμικὸν,</em></span> <span class='ocrx_word' id='word_1_335' title='bbox 335 2408 451 2443; x_wconf 85' lang='lat' dir='ltr'><strong>peccat</strong></span> <span class='ocrx_word' id='word_1_336' title='bbox 476 2403 524 2433; x_wconf 87' lang='lat' dir='ltr'><strong>ira</strong></span> <span class='ocrx_word' id='word_1_337' title='bbox 549 2410 579 2433; x_wconf 89' lang='lat' dir='ltr'><strong>et</strong></span> <span class='ocrx_word' id='word_1_338' title='bbox 605 2402 814 2434; x_wconf 86' lang='lat' dir='ltr'><strong>crudelitate:</strong></span> <span class='ocrx_word' id='word_1_339' title='bbox 848 2410 901 2438; x_wconf 82' lang='lat' dir='ltr'><strong>ut,</strong></span> <span class='ocrx_word' id='word_1_340' title='bbox 932 2404 1034 2442; x_wconf 79' lang='lat' dir='ltr'><strong>lxion,</strong></span> <span class='ocrx_word' id='word_1_341' title='bbox 1061 2409 1064 2421; x_wconf 84' lang='lat'><strong>¹</strong></span> 
     </span>
     <span class='ocr_line' id='line_1_52' title="bbox 63 2443 1065 2501; baseline 0.005 -27"><span class='ocrx_word' id='word_1_342' title='bbox 63 2445 116 2485; x_wconf 87' lang='lat' dir='ltr'><strong>qui</strong></span> <span class='ocrx_word' id='word_1_343' title='bbox 149 2443 310 2476; x_wconf 68' lang='lat' dir='ltr'><strong>interfecit</strong></span> <span class='ocrx_word' id='word_1_344' title='bbox 344 2454 513 2481; x_wconf 80' lang='lat' dir='ltr'><strong>socerum,</strong></span> <span class='ocrx_word' id='word_1_345' title='bbox 550 2444 668 2476; x_wconf 86' lang='lat' dir='ltr'><strong>clamat</strong></span> <span class='ocrx_word' id='word_1_346' title='bbox 700 2446 731 2476; x_wconf 92' lang='lat' dir='ltr'><strong>in</strong></span> <span class='ocrx_word' id='word_1_347' title='bbox 763 2452 847 2478; x_wconf 84' lang='lat' dir='ltr'><strong>rota:</strong></span> <span class='ocrx_word' id='word_1_348' title='bbox 886 2447 991 2478; x_wconf 84' lang='lat' dir='ltr'><strong>Discit</strong></span> <span class='ocrx_word' id='word_1_349' title='bbox 1020 2449 1065 2501; x_wconf 78' lang='grc' dir='ltr'><strong>εΙ</strong></span> 
     </span>
     <span class='ocr_line' id='line_1_53' title="bbox 61 2487 355 2518; baseline 0.007 -2"><span class='ocrx_word' id='word_1_350' title='bbox 61 2487 214 2517; x_wconf 71' lang='grc' dir='ltr'><strong>ἰπυῖίίίίαιη</strong></span> <span class='ocrx_word' id='word_1_351' title='bbox 237 2489 355 2518; x_wconf 80' lang='lat' dir='ltr'><strong>moniti.</strong></span> 
     </span>
    </p>

    <p class='ocr_par' dir='ltr' id='par_1_14' title="bbox 60 2537 1036 2712">
     <span class='ocr_line' id='line_1_54' title="bbox 147 2537 1035 2582; baseline 0.008 -15"><span class='ocrx_word' id='word_1_352' title='bbox 147 2537 396 2577; x_wconf 74' lang='grc' dir='ltr'><strong>Ἐπιθυμητικόν,</strong></span> <span class='ocrx_word' id='word_1_353' title='bbox 437 2546 552 2581; x_wconf 85' lang='lat' dir='ltr'><strong>peccat</strong></span> <span class='ocrx_word' id='word_1_354' title='bbox 587 2538 737 2578; x_wconf 83' lang='lat' dir='ltr'><strong>libidine,</strong></span> <span class='ocrx_word' id='word_1_355' title='bbox 771 2541 1035 2582; x_wconf 77' lang='lat' dir='ltr'><strong>intemperantia,</strong></span> 
     </span>
     <span class='ocr_line' id='line_1_55' title="bbox 60 2581 1036 2626; baseline 0.004 -15"><span class='ocrx_word' id='word_1_356' title='bbox 60 2581 208 2611; x_wconf 76' lang='lat' dir='ltr'><strong>avaritia.</strong></span> <span class='ocrx_word' id='word_1_357' title='bbox 255 2581 348 2613; x_wconf 85' lang='lat' dir='ltr'><strong>lecur</strong></span> <span class='ocrx_word' id='word_1_358' title='bbox 358 2582 431 2613; x_wconf 83' lang='lat' dir='ltr'><strong>Titii</strong></span> <span class='ocrx_word' id='word_1_359' title='bbox 455 2582 621 2614; x_wconf 82' lang='lat' dir='ltr'><strong>laceratur</strong></span> <span class='ocrx_word' id='word_1_360' title='bbox 643 2594 662 2613; x_wconf 86' lang='lat' dir='ltr'><strong>a</strong></span> <span class='ocrx_word' id='word_1_361' title='bbox 687 2582 878 2615; x_wconf 66' lang='lat' dir='ltr'><strong>volucribus</strong></span> <span class='ocrx_word' id='word_1_362' title='bbox 901 2593 1036 2626; x_wconf 85' lang='lat' dir='ltr'><strong>propter</strong></span> 
     </span>
     <span class='ocr_line' id='line_1_56' title="bbox 61 2621 1036 2669; baseline 0.006 -16"><span class='ocrx_word' id='word_1_363' title='bbox 61 2621 223 2655; x_wconf 81' lang='lat' dir='ltr'><strong>libidines.</strong></span> <span class='ocrx_word' id='word_1_364' title='bbox 279 2623 435 2656; x_wconf 83' lang='lat' dir='ltr'><strong>Tantalus</strong></span> <span class='ocrx_word' id='word_1_365' title='bbox 468 2633 576 2665; x_wconf 61' lang='lat' dir='ltr'><strong>captat</strong></span> <span class='ocrx_word' id='word_1_366' title='bbox 602 2623 768 2667; x_wconf 75' lang='lat' dir='ltr'><strong>fugientes</strong></span> <span class='ocrx_word' id='word_1_367' title='bbox 792 2627 916 2664; x_wconf 84' lang='lat' dir='ltr'><strong>undas,</strong></span> <span class='ocrx_word' id='word_1_368' title='bbox 952 2638 1036 2669; x_wconf 88' lang='lat' dir='ltr'><strong>quae</strong></span> 
     </span>
     <span class='ocr_line' id='line_1_57' title="bbox 61 2667 1034 2712; baseline 0.005 -16"><span class='ocrx_word' id='word_1_369' title='bbox 61 2673 112 2697; x_wconf 83' lang='lat' dir='ltr'><strong>est</strong></span> <span class='ocrx_word' id='word_1_370' title='bbox 143 2677 245 2707; x_wconf 78' lang='lat' dir='ltr'><strong>poena</strong></span> <span class='ocrx_word' id='word_1_371' title='bbox 278 2669 443 2699; x_wconf 78' lang='lat' dir='ltr'><strong>avaritiae.</strong></span> <span class='ocrx_word' id='word_1_372' title='bbox 504 2667 601 2699; x_wconf 89' lang='lat' dir='ltr'><strong>Dolia</strong></span> <span class='ocrx_word' id='word_1_373' title='bbox 631 2667 814 2700; x_wconf 83' lang='lat' dir='ltr'><strong>Danaidum</strong></span> <span class='ocrx_word' id='word_1_374' title='bbox 838 2676 915 2710; x_wconf 85' lang='lat' dir='ltr'><strong>puto</strong></span> <span class='ocrx_word' id='word_1_375' title='bbox 935 2671 1034 2712; x_wconf 77' lang='lat' dir='ltr'><strong>signi-</strong></span> 
     </span>
    </p>
   </div>
   <div class='ocr_carea' id='block_1_8' title="bbox 1062 1718 1065 1826">
    <p class='ocr_par' dir='ltr' id='par_1_15' title="bbox 1062 1718 1065 1826">
     <span class='ocr_line' id='line_1_58' title="bbox 1062 1718 1064 1726; baseline 0 0"><span class='ocrx_word' id='word_1_376' title='bbox 1062 1718 1064 1726; x_wconf 74' lang='lat' dir='ltr'><strong>t</strong></span> 
     </span>
     <span class='ocr_line' id='line_1_59' title="bbox 1062 1732 1064 1744; baseline 0 0"><span class='ocrx_word' id='word_1_377' title='bbox 1062 1732 1064 1744; x_wconf 75' lang='lat'>1</span> 
     </span>
     <span class='ocr_line' id='line_1_60' title="bbox 1062 1760 1065 1804; baseline 0 0"><span class='ocrx_word' id='word_1_378' title='bbox 1062 1760 1065 1804; x_wconf 58' lang='lat' dir='ltr'><strong>i</strong></span> 
     </span>
     <span class='ocr_line' id='line_1_61' title="bbox 1062 1811 1065 1826; baseline 0 0"><span class='ocrx_word' id='word_1_379' title='bbox 1062 1811 1065 1826; x_wconf 88' lang='grc' dir='ltr'>Ι</span> 
     </span>
    </p>
   </div>
   <div class='ocr_carea' id='block_1_9' title="bbox 1059 2005 1062 2183">
    <p class='ocr_par' dir='ltr' id='par_1_16' title="bbox 1059 2005 1062 2183">
     <span class='ocr_line' id='line_1_62' title="bbox 1059 2005 1062 2183; baseline 0 775"><span class='ocrx_word' id='word_1_380' title='bbox 1059 2005 1062 2183; x_wconf 95' lang='lat' dir='ltr'><strong> </strong></span> 
     </span>
    </p>
   </div>
   <div class='ocr_carea' id='block_1_10' title="bbox 1060 2288 1064 2402">
    <p class='ocr_par' dir='ltr' id='par_1_17' title="bbox 1060 2288 1064 2402">
     <span class='ocr_line' id='line_1_63' title="bbox 1060 2288 1064 2402; baseline 0 556"><span class='ocrx_word' id='word_1_381' title='bbox 1060 2288 1064 2402; x_wconf 95' lang='lat' dir='ltr'><strong> </strong></span> 
     </span>
    </p>
   </div>
   <div class='ocr_carea' id='block_1_11' title="bbox 1060 2505 1064 2599">
    <p class='ocr_par' dir='ltr' id='par_1_18' title="bbox 1060 2505 1064 2599">
     <span class='ocr_line' id='line_1_64' title="bbox 1060 2505 1064 2599; baseline 0 359"><span class='ocrx_word' id='word_1_382' title='bbox 1060 2505 1064 2599; x_wconf 95' lang='lat' dir='ltr'><strong> </strong></span> 
     </span>
    </p>
   </div>
   <div class='ocr_carea' id='block_1_12' title="bbox 1059 2611 1063 2692">
    <p class='ocr_par' dir='ltr' id='par_1_19' title="bbox 1059 2611 1063 2692">
     <span class='ocr_line' id='line_1_65' title="bbox 1059 2611 1063 2692; baseline 0 266"><span class='ocrx_word' id='word_1_383' title='bbox 1059 2611 1063 2692; x_wconf 95' lang='lat' dir='ltr'><strong> </strong></span> 
     </span>
    </p>
   </div>
   <div class='ocr_carea' id='block_1_13' title="bbox 747 218 1385 253">
    <p class='ocr_par' dir='ltr' id='par_1_20' title="bbox 747 218 1385 253">
     <span class='ocr_line' id='line_1_66' title="bbox 747 218 1385 253; baseline -0.005 0"><span class='ocrx_word' id='word_1_384' title='bbox 747 220 964 253; x_wconf 83' lang='lat' dir='ltr'><strong>POSTILLA</strong></span> <span class='ocrx_word' id='word_1_385' title='bbox 987 218 1385 252; x_wconf 78' lang='lat' dir='ltr'><strong>MELANTHONIANA.</strong></span> 
     </span>
    </p>
   </div>
   <div class='ocr_carea' id='block_1_14' title="bbox 1061 1039 1798 1081">
    <p class='ocr_par' dir='ltr' id='par_1_21' title="bbox 1061 1039 1798 1081">
     <span class='ocr_line' id='line_1_67' title="bbox 1061 1039 1798 1081; baseline 0.003 -12"><span class='ocrx_word' id='word_1_386' title='bbox 1061 1039 1144 1081; x_wconf 75' lang='lat' dir='ltr'><strong>&#39;qui</strong></span> <span class='ocrx_word' id='word_1_387' title='bbox 1178 1040 1278 1070; x_wconf 87' lang='lat' dir='ltr'><strong>habet</strong></span> <span class='ocrx_word' id='word_1_388' title='bbox 1311 1041 1361 1071; x_wconf 87' lang='lat' dir='ltr'><strong>ius</strong></span> <span class='ocrx_word' id='word_1_389' title='bbox 1396 1041 1535 1081; x_wconf 79' lang='lat' dir='ltr'><strong>cogendi</strong></span> <span class='ocrx_word' id='word_1_390' title='bbox 1570 1039 1666 1072; x_wconf 83' lang='lat' dir='ltr'><strong>alium</strong></span> <span class='ocrx_word' id='word_1_391' title='bbox 1701 1046 1798 1071; x_wconf 84' lang='lat' dir='ltr'><strong>metu.</strong></span> 
     </span>
    </p>
   </div>
   <div class='ocr_carea' id='block_1_15' title="bbox 1063 1638 1261 1670">
    <p class='ocr_par' dir='ltr' id='par_1_22' title="bbox 1063 1638 1261 1670">
     <span class='ocr_line' id='line_1_68' title="bbox 1063 1638 1261 1670; baseline -0.005 0"><span class='ocrx_word' id='word_1_392' title='bbox 1063 1656 1064 1660; x_wconf 65' lang='lat'><em>=</em></span> <span class='ocrx_word' id='word_1_393' title='bbox 1091 1644 1122 1670; x_wconf 87' lang='lat' dir='ltr'><strong>et</strong></span> <span class='ocrx_word' id='word_1_394' title='bbox 1146 1638 1261 1670; x_wconf 84' lang='lat' dir='ltr'><strong>similia</strong></span> 
     </span>
    </p>
   </div>
   <div class='ocr_carea' id='block_1_16' title="bbox 1997 218 2061 250">
    <p class='ocr_par' dir='ltr' id='par_1_23' title="bbox 1997 218 2061 250">
     <span class='ocr_line' id='line_1_69' title="bbox 1997 218 2061 250; baseline -0.016 0"><span class='ocrx_word' id='word_1_395' title='bbox 1997 218 2061 250; x_wconf 80' lang='lat'><strong>490</strong></span> 
     </span>
    </p>
   </div>
   <div class='ocr_carea' id='block_1_17' title="bbox 1084 311 2065 1167">
    <p class='ocr_par' dir='ltr' id='par_1_24' title="bbox 1088 311 2062 387">
     <span class='ocr_line' id='line_1_70' title="bbox 1089 311 2062 355; baseline -0.001 -11"><span class='ocrx_word' id='word_1_396' title='bbox 1089 313 1188 344; x_wconf 86' lang='lat' dir='ltr'><strong>ficare</strong></span> <span class='ocrx_word' id='word_1_397' title='bbox 1217 314 1377 354; x_wconf 75' lang='grc' dir='ltr'><strong><em>βουλιμίας</em></strong></span> <span class='ocrx_word' id='word_1_398' title='bbox 1406 313 1588 355; x_wconf 85' lang='lat' dir='ltr'><strong>principum</strong></span> <span class='ocrx_word' id='word_1_399' title='bbox 1616 313 1809 345; x_wconf 84' lang='lat' dir='ltr'><strong>coniunctas</strong></span> <span class='ocrx_word' id='word_1_400' title='bbox 1843 322 1918 345; x_wconf 83' lang='lat' dir='ltr'><strong>cuin</strong></span> <span class='ocrx_word' id='word_1_401' title='bbox 1950 311 2062 354; x_wconf 82' lang='lat' dir='ltr'><strong>profu-</strong></span> 
     </span>
     <span class='ocr_line' id='line_1_71' title="bbox 1088 356 1249 387; baseline -0.006 0"><span class='ocrx_word' id='word_1_402' title='bbox 1088 356 1249 387; x_wconf 86' lang='lat' dir='ltr'><strong>sionibus.</strong></span> 
     </span>
    </p>

    <p class='ocr_par' dir='ltr' id='par_1_25' title="bbox 1084 397 2062 558">
     <span class='ocr_line' id='line_1_72' title="bbox 1175 397 2062 430; baseline 0 -1"><span class='ocrx_word' id='word_1_403' title='bbox 1175 399 1206 430; x_wconf 91' lang='lat' dir='ltr'>A</span> <span class='ocrx_word' id='word_1_404' title='bbox 1227 397 1309 430; x_wconf 85' lang='lat' dir='ltr'><strong>Belo</strong></span> <span class='ocrx_word' id='word_1_405' title='bbox 1333 399 1482 430; x_wconf 71' lang='lat' dir='ltr'><strong>selibunt</strong></span> <span class='ocrx_word' id='word_1_406' title='bbox 1505 398 1719 429; x_wconf 65' lang='lat' dir='ltr'><strong>descendisse</strong></span> <span class='ocrx_word' id='word_1_407' title='bbox 1737 399 1833 429; x_wconf 88' lang='lat' dir='ltr'><strong>etiam</strong></span> <span class='ocrx_word' id='word_1_408' title='bbox 1852 398 2010 430; x_wconf 83' lang='lat' dir='ltr'><strong>Cadmum</strong></span> <span class='ocrx_word' id='word_1_409' title='bbox 2029 404 2062 429; x_wconf 88' lang='lat' dir='ltr'><strong>et</strong></span> 
     </span>
     <span class='ocr_line' id='line_1_73' title="bbox 1089 439 2062 484; baseline 0 -12"><span class='ocrx_word' id='word_1_410' title='bbox 1089 441 1288 484; x_wconf 83' lang='lat' dir='ltr'><strong>Agenorem.</strong></span> <span class='ocrx_word' id='word_1_411' title='bbox 1333 440 1520 472; x_wconf 88' lang='lat' dir='ltr'><strong>Voluerunt</strong></span> <span class='ocrx_word' id='word_1_412' title='bbox 1549 440 1736 481; x_wconf 79' lang='lat' dir='ltr'><strong>significare</strong></span> <span class='ocrx_word' id='word_1_413' title='bbox 1760 441 1922 472; x_wconf 88' lang='lat' dir='ltr'><strong>Graecam</strong></span> <span class='ocrx_word' id='word_1_414' title='bbox 1946 439 2062 473; x_wconf 89' lang='lat' dir='ltr'><strong>nobili·</strong></span> 
     </span>
     <span class='ocr_line' id='line_1_74' title="bbox 1084 483 2062 521; baseline 0 -6"><span class='ocrx_word' id='word_1_415' title='bbox 1084 489 1187 515; x_wconf 77' lang='lat' dir='ltr'><strong>tatem</strong></span> <span class='ocrx_word' id='word_1_416' title='bbox 1210 490 1314 515; x_wconf 87' lang='lat' dir='ltr'><strong>ortam</strong></span> <span class='ocrx_word' id='word_1_417' title='bbox 1337 494 1414 515; x_wconf 80' lang='lat' dir='ltr'><strong>esse</strong></span> <span class='ocrx_word' id='word_1_418' title='bbox 1438 495 1478 515; x_wconf 84' lang='lat' dir='ltr'><strong>ex</strong></span> <span class='ocrx_word' id='word_1_419' title='bbox 1502 483 1696 521; x_wconf 74' lang='lat' dir='ltr'><strong>Phoenicia,</strong></span> <span class='ocrx_word' id='word_1_420' title='bbox 1719 483 1805 515; x_wconf 79' lang='lat' dir='ltr'><strong>sicut</strong></span> <span class='ocrx_word' id='word_1_421' title='bbox 1828 485 1924 515; x_wconf 90' lang='lat' dir='ltr'><strong>etiam</strong></span> <span class='ocrx_word' id='word_1_422' title='bbox 1946 483 2062 515; x_wconf 89' lang='lat' dir='ltr'><strong>literae</strong></span> 
     </span>
     <span class='ocr_line' id='line_1_75' title="bbox 1090 526 1671 558; baseline -0.002 -1"><span class='ocrx_word' id='word_1_423' title='bbox 1090 527 1164 558; x_wconf 87' lang='lat' dir='ltr'><strong>inde</strong></span> <span class='ocrx_word' id='word_1_424' title='bbox 1187 527 1218 558; x_wconf 88' lang='lat' dir='ltr'><strong>in</strong></span> <span class='ocrx_word' id='word_1_425' title='bbox 1243 527 1415 558; x_wconf 82' lang='lat' dir='ltr'><strong>Graeciam</strong></span> <span class='ocrx_word' id='word_1_426' title='bbox 1440 526 1561 557; x_wconf 78' lang='lat' dir='ltr'><strong>allatae</strong></span> <span class='ocrx_word' id='word_1_427' title='bbox 1585 532 1671 557; x_wconf 87' lang='lat' dir='ltr'><strong>sunt.</strong></span> 
     </span>
    </p>

    <p class='ocr_par' dir='ltr' id='par_1_26' title="bbox 1088 568 2064 824">
     <span class='ocr_line' id='line_1_76' title="bbox 1173 568 2062 612; baseline 0 -12"><span class='ocrx_word' id='word_1_428' title='bbox 1173 568 1258 600; x_wconf 82' lang='lat' dir='ltr'><strong>Baal</strong></span> <span class='ocrx_word' id='word_1_429' title='bbox 1280 570 1382 611; x_wconf 89' lang='lat' dir='ltr'><strong>prima</strong></span> <span class='ocrx_word' id='word_1_430' title='bbox 1406 570 1543 612; x_wconf 71' lang='lat' dir='ltr'><strong>origine,</strong></span> <span class='ocrx_word' id='word_1_431' title='bbox 1569 569 1656 610; x_wconf 85' lang='lat' dir='ltr'><strong>quod</strong></span> <span class='ocrx_word' id='word_1_432' title='bbox 1679 569 1720 599; x_wconf 88' lang='lat' dir='ltr'><strong>ad</strong></span> <span class='ocrx_word' id='word_1_433' title='bbox 1741 568 1991 600; x_wconf 86' lang='lat' dir='ltr'><strong>Grammaticam</strong></span> <span class='ocrx_word' id='word_1_434' title='bbox 2015 576 2062 600; x_wconf 87' lang='lat' dir='ltr'><strong>at-</strong></span> 
     </span>
     <span class='ocr_line' id='line_1_77' title="bbox 1089 611 2063 653; baseline -0.001 -10"><span class='ocrx_word' id='word_1_435' title='bbox 1089 613 1185 650; x_wconf 84' lang='lat' dir='ltr'><strong>tinet,</strong></span> <span class='ocrx_word' id='word_1_436' title='bbox 1208 622 1275 643; x_wconf 89' lang='lat' dir='ltr'><strong>non</strong></span> <span class='ocrx_word' id='word_1_437' title='bbox 1298 611 1359 644; x_wconf 89' lang='lat' dir='ltr'><strong>fuit</strong></span> <span class='ocrx_word' id='word_1_438' title='bbox 1382 612 1503 643; x_wconf 90' lang='lat' dir='ltr'><strong>malum</strong></span> <span class='ocrx_word' id='word_1_439' title='bbox 1526 622 1664 650; x_wconf 89' lang='lat' dir='ltr'><strong>nomen,</strong></span> <span class='ocrx_word' id='word_1_440' title='bbox 1696 612 1756 643; x_wconf 87' lang='lat' dir='ltr'><strong>sed</strong></span> <span class='ocrx_word' id='word_1_441' title='bbox 1787 618 1903 652; x_wconf 83' lang='lat' dir='ltr'><strong>postea</strong></span> <span class='ocrx_word' id='word_1_442' title='bbox 1929 618 2063 653; x_wconf 88' lang='lat' dir='ltr'><strong>propter</strong></span> 
     </span>
     <span class='ocr_line' id='line_1_78' title="bbox 1089 653 2062 696; baseline -0.001 -10"><span class='ocrx_word' id='word_1_443' title='bbox 1089 665 1200 686; x_wconf 88' lang='lat' dir='ltr'><strong>mores</strong></span> <span class='ocrx_word' id='word_1_444' title='bbox 1223 657 1367 696; x_wconf 82' lang='lat' dir='ltr'><strong>gentium</strong></span> <span class='ocrx_word' id='word_1_445' title='bbox 1389 655 1571 696; x_wconf 87' lang='lat' dir='ltr'><strong>prophetae</strong></span> <span class='ocrx_word' id='word_1_446' title='bbox 1594 655 1737 685; x_wconf 81' lang='lat' dir='ltr'><strong>execrati</strong></span> <span class='ocrx_word' id='word_1_447' title='bbox 1758 660 1834 685; x_wconf 89' lang='lat' dir='ltr'><strong>sunt</strong></span> <span class='ocrx_word' id='word_1_448' title='bbox 1849 653 1913 685; x_wconf 89' lang='lat' dir='ltr'><strong>hoc</strong></span> <span class='ocrx_word' id='word_1_449' title='bbox 1933 665 2062 693; x_wconf 86' lang='lat' dir='ltr'><strong>nomen,</strong></span> 
     </span>
     <span class='ocr_line' id='line_1_79' title="bbox 1090 695 2064 738; baseline 0 -10"><span class='ocrx_word' id='word_1_450' title='bbox 1090 698 1165 738; x_wconf 89' lang='lat' dir='ltr'><strong>quia</strong></span> <span class='ocrx_word' id='word_1_451' title='bbox 1189 697 1319 729; x_wconf 88' lang='lat' dir='ltr'><strong>Ethnici</strong></span> <span class='ocrx_word' id='word_1_452' title='bbox 1342 698 1374 728; x_wconf 92' lang='lat' dir='ltr'><strong>id</strong></span> <span class='ocrx_word' id='word_1_453' title='bbox 1398 696 1642 729; x_wconf 74' lang='lat' dir='ltr'><strong>transferebant</strong></span> <span class='ocrx_word' id='word_1_454' title='bbox 1671 697 1712 728; x_wconf 86' lang='lat' dir='ltr'><strong>ad</strong></span> <span class='ocrx_word' id='word_1_455' title='bbox 1741 695 1862 728; x_wconf 87' lang='lat' dir='ltr'><strong>cultum</strong></span> <span class='ocrx_word' id='word_1_456' title='bbox 1885 696 2064 728; x_wconf 87' lang='lat' dir='ltr'><strong>idololatri-</strong></span> 
     </span>
     <span class='ocr_line' id='line_1_80' title="bbox 1091 739 2062 783; baseline 0 -13"><span class='ocrx_word' id='word_1_457' title='bbox 1091 750 1175 771; x_wconf 89' lang='lat' dir='ltr'><strong>cum.</strong></span> <span class='ocrx_word' id='word_1_458' title='bbox 1222 740 1357 782; x_wconf 86' lang='lat' dir='ltr'><strong>Proprie</strong></span> <span class='ocrx_word' id='word_1_459' title='bbox 1380 741 1469 772; x_wconf 79' lang='lat' dir='ltr'><strong>Baal</strong></span> <span class='ocrx_word' id='word_1_460' title='bbox 1485 740 1650 783; x_wconf 84' lang='lat' dir='ltr'><strong>significat</strong></span> <span class='ocrx_word' id='word_1_461' title='bbox 1666 740 1763 778; x_wconf 86' lang='lat' dir='ltr'><strong>idem,</strong></span> <span class='ocrx_word' id='word_1_462' title='bbox 1782 740 1869 782; x_wconf 88' lang='lat' dir='ltr'><strong>quod</strong></span> <span class='ocrx_word' id='word_1_463' title='bbox 1888 739 2062 777; x_wconf 84' lang='lat' dir='ltr'><strong>Dominus,</strong></span> 
     </span>
     <span class='ocr_line' id='line_1_81' title="bbox 1088 782 1460 824; baseline 0.005 -12"><span class='ocrx_word' id='word_1_464' title='bbox 1088 782 1207 824; x_wconf 72' lang='grc' dir='ltr'><strong><em>κύριος,</em></strong></span> <span class='ocrx_word' id='word_1_465' title='bbox 1229 782 1282 814; x_wconf 73' lang='lat' dir='ltr'><strong>vel</strong></span> <span class='ocrx_word' id='word_1_466' title='bbox 1306 783 1460 822; x_wconf 75' lang='grc' dir='ltr'><em>δεσπότης.</em></span> 
     </span>
    </p>

    <p class='ocr_par' dir='ltr' id='par_1_27' title="bbox 1088 825 2065 1167">
     <span class='ocr_line' id='line_1_82' title="bbox 1175 825 2064 868; baseline -0.001 -11"><span class='ocrx_word' id='word_1_467' title='bbox 1175 825 1337 857; x_wconf 80' lang='lat' dir='ltr'><strong>Dominus</strong></span> <span class='ocrx_word' id='word_1_468' title='bbox 1367 832 1420 857; x_wconf 88' lang='lat' dir='ltr'><strong>est</strong></span> <span class='ocrx_word' id='word_1_469' title='bbox 1450 825 1603 868; x_wconf 82' lang='lat' dir='ltr'><strong>generale</strong></span> <span class='ocrx_word' id='word_1_470' title='bbox 1626 835 1763 864; x_wconf 85' lang='lat' dir='ltr'><strong>nomen,</strong></span> <span class='ocrx_word' id='word_1_471' title='bbox 1793 825 1985 867; x_wconf 85' lang='lat' dir='ltr'><strong>significans</strong></span> <span class='ocrx_word' id='word_1_472' title='bbox 2007 835 2064 856; x_wconf 84' lang='lat' dir='ltr'><strong>an-</strong></span> 
     </span>
     <span class='ocr_line' id='line_1_83' title="bbox 1089 866 2063 910; baseline 0 -11"><span class='ocrx_word' id='word_1_473' title='bbox 1089 866 1319 900; x_wconf 86' lang='lat' dir='ltr'><strong>tecellentiam.</strong></span> <span class='ocrx_word' id='word_1_474' title='bbox 1366 868 1553 910; x_wconf 87' lang='lat' dir='ltr'><strong>Usurpatur</strong></span> <span class='ocrx_word' id='word_1_475' title='bbox 1580 869 1611 900; x_wconf 92' lang='lat' dir='ltr'><strong>in</strong></span> <span class='ocrx_word' id='word_1_476' title='bbox 1639 879 1780 910; x_wconf 86' lang='lat' dir='ltr'><strong>genere,</strong></span> <span class='ocrx_word' id='word_1_477' title='bbox 1809 878 1870 909; x_wconf 90' lang='lat' dir='ltr'><strong>pro</strong></span> <span class='ocrx_word' id='word_1_478' title='bbox 1900 868 2063 907; x_wconf 87' lang='lat' dir='ltr'><strong>omnibus,</strong></span> 
     </span>
     <span class='ocr_line' id='line_1_84' title="bbox 1089 911 2063 953; baseline 0.002 -12"><span class='ocrx_word' id='word_1_479' title='bbox 1089 911 1208 952; x_wconf 87' lang='lat' dir='ltr'><strong>quibus</strong></span> <span class='ocrx_word' id='word_1_480' title='bbox 1231 912 1382 943; x_wconf 83' lang='lat' dir='ltr'><strong>tribuitur</strong></span> <span class='ocrx_word' id='word_1_481' title='bbox 1400 912 1597 943; x_wconf 76' lang='lat' dir='ltr'><strong>reverentia.</strong></span> <span class='ocrx_word' id='word_1_482' title='bbox 1643 912 1710 943; x_wconf 84' lang='lat' dir='ltr'><strong>Sed</strong></span> <span class='ocrx_word' id='word_1_483' title='bbox 1731 912 1815 953; x_wconf 89' lang='lat' dir='ltr'><strong>apud</strong></span> <span class='ocrx_word' id='word_1_484' title='bbox 1835 911 1985 943; x_wconf 88' lang='lat' dir='ltr'><strong>Graecos</strong></span> <span class='ocrx_word' id='word_1_485' title='bbox 2005 911 2063 943; x_wconf 84' lang='lat' dir='ltr'><strong>dif-</strong></span> 
     </span>
     <span class='ocr_line' id='line_1_85' title="bbox 1089 953 2063 997; baseline 0 -13"><span class='ocrx_word' id='word_1_486' title='bbox 1089 953 1198 984; x_wconf 84' lang='lat' dir='ltr'><strong>serunt</strong></span> <span class='ocrx_word' id='word_1_487' title='bbox 1221 953 1365 993; x_wconf 71' lang='grc' dir='ltr'><strong>δεσπότης</strong></span> <span class='ocrx_word' id='word_1_488' title='bbox 1387 961 1419 986; x_wconf 86' lang='lat' dir='ltr'><strong>et</strong></span> <span class='ocrx_word' id='word_1_489' title='bbox 1443 955 1557 997; x_wconf 74' lang='grc' dir='ltr'><strong><em>κύριος.</em></strong></span> <span class='ocrx_word' id='word_1_490' title='bbox 1603 954 1756 992; x_wconf 76' lang='grc' dir='ltr'><em>Δεσπότης</em></span> <span class='ocrx_word' id='word_1_491' title='bbox 1774 955 1893 986; x_wconf 78' lang='lat' dir='ltr'><strong>(licitur</strong></span> <span class='ocrx_word' id='word_1_492' title='bbox 1909 961 2063 995; x_wconf 83' lang='lat' dir='ltr'><strong>respectu</strong></span> 
     </span>
     <span class='ocr_line' id='line_1_86' title="bbox 1089 997 2064 1039; baseline 0.002 -13"><span class='ocrx_word' id='word_1_493' title='bbox 1089 997 1196 1034; x_wconf 85' lang='lat' dir='ltr'><strong>servi,</strong></span> <span class='ocrx_word' id='word_1_494' title='bbox 1224 1008 1244 1027; x_wconf 89' lang='lat' dir='ltr'><strong>a</strong></span> <span class='ocrx_word' id='word_1_495' title='bbox 1268 997 1348 1036; x_wconf 75' lang='grc' dir='ltr'><em>δέος,</em></span> <span class='ocrx_word' id='word_1_496' title='bbox 1378 999 1410 1029; x_wconf 89' lang='lat' dir='ltr'><strong>id</strong></span> <span class='ocrx_word' id='word_1_497' title='bbox 1441 1004 1509 1035; x_wconf 83' lang='lat' dir='ltr'><strong>est,</strong></span> <span class='ocrx_word' id='word_1_498' title='bbox 1541 1001 1657 1035; x_wconf 70' lang='lat' dir='ltr'><strong>metus,-</strong></span> <span class='ocrx_word' id='word_1_499' title='bbox 1687 998 1763 1039; x_wconf 85' lang='lat' dir='ltr'><strong>quia</strong></span> <span class='ocrx_word' id='word_1_500' title='bbox 1791 997 1956 1039; x_wconf 83' lang='lat' dir='ltr'><strong>significat</strong></span> <span class='ocrx_word' id='word_1_501' title='bbox 1979 1006 2064 1035; x_wconf 86' lang='lat' dir='ltr'><strong>eum,</strong></span> 
     </span>
     <span class='ocr_line' id='line_1_87' title="bbox 1843 1040 2065 1080; baseline 0.005 -10"><span class='ocrx_word' id='word_1_502' title='bbox 1843 1040 1943 1080; x_wconf 73' lang='grc' dir='ltr'><em>κύριος</em></span> <span class='ocrx_word' id='word_1_503' title='bbox 1972 1046 2023 1071; x_wconf 77' lang='lat' dir='ltr'><strong>est</strong></span> <span class='ocrx_word' id='word_1_504' title='bbox 2046 1050 2065 1071; x_wconf 82' lang='lat' dir='ltr'><strong>a</strong></span> 
     </span>
     <span class='ocr_line' id='line_1_88' title="bbox 1088 1082 2065 1125; baseline 0.003 -14"><span class='ocrx_word' id='word_1_505' title='bbox 1088 1082 1193 1123; x_wconf 78' lang='grc' dir='ltr'><em>κῦρος,</em></span> <span class='ocrx_word' id='word_1_506' title='bbox 1218 1083 1249 1112; x_wconf 91' lang='lat' dir='ltr'><strong>id</strong></span> <span class='ocrx_word' id='word_1_507' title='bbox 1273 1089 1342 1121; x_wconf 88' lang='lat' dir='ltr'><strong>est,</strong></span> <span class='ocrx_word' id='word_1_508' title='bbox 1366 1085 1544 1116; x_wconf 76' lang='lat' dir='ltr'><strong>autoritas:</strong></span> <span class='ocrx_word' id='word_1_509' title='bbox 1569 1084 1663 1125; x_wconf 80' lang='lat' dir='ltr'><strong>quasi</strong></span> <span class='ocrx_word' id='word_1_510' title='bbox 1687 1084 1796 1121; x_wconf 72' lang='lat' dir='ltr'><strong>diras,</strong></span> <span class='ocrx_word' id='word_1_511' title='bbox 1824 1082 1983 1114; x_wconf 82' lang='lat' dir='ltr'><strong>Dominus</strong></span> <span class='ocrx_word' id='word_1_512' title='bbox 2007 1082 2065 1114; x_wconf 85' lang='lat' dir='ltr'><strong>ha-</strong></span> 
     </span>
     <span class='ocr_line' id='line_1_89' title="bbox 1090 1126 2065 1167; baseline 0.001 -12"><span class='ocrx_word' id='word_1_513' title='bbox 1090 1126 1171 1156; x_wconf 68' lang='lat' dir='ltr'><strong>bens</strong></span> <span class='ocrx_word' id='word_1_514' title='bbox 1195 1127 1433 1157; x_wconf 84' lang='lat' dir='ltr'><strong>auctoritatem.</strong></span> <span class='ocrx_word' id='word_1_515' title='bbox 1481 1127 1660 1167; x_wconf 78' lang='lat' dir='ltr'><strong>lmperator</strong></span> <span class='ocrx_word' id='word_1_516' title='bbox 1682 1131 1733 1157; x_wconf 72' lang='lat' dir='ltr'><strong>est</strong></span> <span class='ocrx_word' id='word_1_517' title='bbox 1752 1126 1936 1167; x_wconf 79' lang='lat' dir='ltr'><strong>Principum</strong></span> <span class='ocrx_word' id='word_1_518' title='bbox 1955 1126 2065 1167; x_wconf 70' lang='grc' dir='ltr'><strong><em>κύριος,</em></strong></span> 
     </span>
    </p>
   </div>
   <div class='ocr_carea' id='block_1_18' title="bbox 1061 1167 2064 1211">
    <p class='ocr_par' dir='ltr' id='par_1_28' title="bbox 1061 1167 2064 1211">
     <span class='ocr_line' id='line_1_90' title="bbox 1061 1167 2064 1211; baseline 0 -13"><span class='ocrx_word' id='word_1_519' title='bbox 1061 1176 1062 1182; x_wconf 70' lang='grc'>’</span> <span class='ocrx_word' id='word_1_520' title='bbox 1087 1177 1155 1199; x_wconf 91' lang='lat' dir='ltr'><strong>non</strong></span> <span class='ocrx_word' id='word_1_521' title='bbox 1179 1167 1345 1208; x_wconf 83' lang='grc' dir='ltr'><em>δεσπότμς;</em></span> <span class='ocrx_word' id='word_1_522' title='bbox 1373 1170 1447 1211; x_wconf 88' lang='lat' dir='ltr'><strong>quia</strong></span> <span class='ocrx_word' id='word_1_523' title='bbox 1476 1168 1577 1199; x_wconf 88' lang='lat' dir='ltr'><strong>habet</strong></span> <span class='ocrx_word' id='word_1_524' title='bbox 1605 1169 1786 1210; x_wconf 84' lang='lat' dir='ltr'><strong>potentiam</strong></span> <span class='ocrx_word' id='word_1_525' title='bbox 1811 1169 1910 1199; x_wconf 86' lang='lat' dir='ltr'><strong>certis</strong></span> <span class='ocrx_word' id='word_1_526' title='bbox 1934 1167 2064 1209; x_wconf 86' lang='lat' dir='ltr'><strong>legibus</strong></span> 
     </span>
    </p>
   </div>
   <div class='ocr_carea' id='block_1_19' title="bbox 1089 1211 2067 1509">
    <p class='ocr_par' dir='ltr' id='par_1_29' title="bbox 1089 1211 2066 1339">
     <span class='ocr_line' id='line_1_91' title="bbox 1089 1211 2066 1243; baseline 0.001 -1"><span class='ocrx_word' id='word_1_527' title='bbox 1089 1211 1283 1243; x_wconf 86' lang='lat' dir='ltr'><strong>ordinatam.</strong></span> <span class='ocrx_word' id='word_1_528' title='bbox 1330 1211 1386 1243; x_wconf 87' lang='lat' dir='ltr'><strong>Sic</strong></span> <span class='ocrx_word' id='word_1_529' title='bbox 1409 1212 1529 1243; x_wconf 85' lang='lat' dir='ltr'><strong>Pastor</strong></span> <span class='ocrx_word' id='word_1_530' title='bbox 1551 1211 1721 1243; x_wconf 84' lang='lat' dir='ltr'><strong>Ecclesiae</strong></span> <span class='ocrx_word' id='word_1_531' title='bbox 1745 1213 1838 1243; x_wconf 74' lang='lat' dir='ltr'><strong>debet</strong></span> <span class='ocrx_word' id='word_1_532' title='bbox 1865 1211 1988 1243; x_wconf 69' lang='lat' dir='ltr'><strong>habere</strong></span> <span class='ocrx_word' id='word_1_533' title='bbox 2011 1222 2066 1243; x_wconf 85' lang='lat' dir='ltr'><strong>au·</strong></span> 
     </span>
     <span class='ocr_line' id='line_1_92' title="bbox 1089 1254 2064 1297; baseline 0.001 -13"><span class='ocrx_word' id='word_1_534' title='bbox 1089 1254 1275 1292; x_wconf 75' lang='lat' dir='ltr'><strong>toritatem,</strong></span> <span class='ocrx_word' id='word_1_535' title='bbox 1304 1261 1335 1286; x_wconf 89' lang='lat' dir='ltr'><strong>ct</strong></span> <span class='ocrx_word' id='word_1_536' title='bbox 1358 1261 1465 1286; x_wconf 82' lang='lat' dir='ltr'><strong>tamen</strong></span> <span class='ocrx_word' id='word_1_537' title='bbox 1491 1255 1638 1297; x_wconf 82' lang='lat' dir='ltr'><strong>cogitare</strong></span> <span class='ocrx_word' id='word_1_538' title='bbox 1660 1254 1740 1287; x_wconf 92' lang='lat' dir='ltr'><strong>illud</strong></span> <span class='ocrx_word' id='word_1_539' title='bbox 1765 1256 1853 1296; x_wconf 81' lang='lat' dir='ltr'><strong>quod</strong></span> <span class='ocrx_word' id='word_1_540' title='bbox 1878 1255 1995 1286; x_wconf 89' lang='lat' dir='ltr'><strong>Petrus</strong></span> <span class='ocrx_word' id='word_1_541' title='bbox 2018 1255 2064 1285; x_wconf 91' lang='lat' dir='ltr'><strong>in-</strong></span> 
     </span>
     <span class='ocr_line' id='line_1_93' title="bbox 1091 1296 1627 1339; baseline 0 -11"><span class='ocrx_word' id='word_1_542' title='bbox 1091 1297 1175 1338; x_wconf 81' lang='lat' dir='ltr'><strong>quit:</strong></span> <span class='ocrx_word' id='word_1_543' title='bbox 1207 1296 1283 1327; x_wconf 80' lang='lat' dir='ltr'><strong>Non</strong></span> <span class='ocrx_word' id='word_1_544' title='bbox 1306 1298 1506 1329; x_wconf 78' lang='lat' dir='ltr'><strong>dominantes</strong></span> <span class='ocrx_word' id='word_1_545' title='bbox 1525 1298 1627 1339; x_wconf 55' lang='lat' dir='ltr'><strong>yreqi.</strong></span> 
     </span>
    </p>

    <p class='ocr_par' dir='ltr' id='par_1_30' title="bbox 1091 1339 2067 1509">
     <span class='ocr_line' id='line_1_94' title="bbox 1177 1339 2065 1382; baseline 0.001 -12"><span class='ocrx_word' id='word_1_546' title='bbox 1177 1339 1208 1370; x_wconf 80' lang='lat' dir='ltr'><strong>A</strong></span> <span class='ocrx_word' id='word_1_547' title='bbox 1231 1340 1314 1371; x_wconf 82' lang='lat' dir='ltr'><strong>Baal</strong></span> <span class='ocrx_word' id='word_1_548' title='bbox 1344 1347 1395 1372; x_wconf 78' lang='lat' dir='ltr'><strong>est</strong></span> <span class='ocrx_word' id='word_1_549' title='bbox 1425 1342 1520 1372; x_wconf 85' lang='lat' dir='ltr'><strong>etiam</strong></span> <span class='ocrx_word' id='word_1_550' title='bbox 1551 1351 1669 1372; x_wconf 84' lang='lat' dir='ltr'><strong>nomen</strong></span> <span class='ocrx_word' id='word_1_551' title='bbox 1694 1340 1873 1379; x_wconf 74' lang='lat' dir='ltr'><strong>Hannibal,</strong></span> <span class='ocrx_word' id='word_1_552' title='bbox 1903 1341 1996 1382; x_wconf 89' lang='lat' dir='ltr'><strong>quasi</strong></span> <span class='ocrx_word' id='word_1_553' title='bbox 2020 1341 2065 1371; x_wconf 89' lang='lat' dir='ltr'><strong>di-</strong></span> 
     </span>
     <span class='ocr_line' id='line_1_95' title="bbox 1091 1382 2064 1425; baseline 0.001 -12"><span class='ocrx_word' id='word_1_554' title='bbox 1091 1392 1167 1420; x_wconf 78' lang='lat' dir='ltr'><strong>cas,</strong></span> <span class='ocrx_word' id='word_1_555' title='bbox 1195 1382 1350 1415; x_wconf 62' lang='lat' dir='ltr'><strong>[hanina-s·</strong></span> <span class='ocrx_word' id='word_1_556' title='bbox 1369 1385 1517 1425; x_wconf 60' lang='lat' dir='ltr'><strong>gratiae,</strong></span> <span class='ocrx_word' id='word_1_557' title='bbox 1543 1394 1618 1422; x_wconf 79' lang='lat' dir='ltr'><strong>seu,</strong></span> <span class='ocrx_word' id='word_1_558' title='bbox 1638 1385 1818 1425; x_wconf 68' lang='lat' dir='ltr'><strong>qratiosus:</strong></span> <span class='ocrx_word' id='word_1_559' title='bbox 1860 1384 1955 1415; x_wconf 88' lang='lat' dir='ltr'><strong>Item:</strong></span> <span class='ocrx_word' id='word_1_560' title='bbox 1978 1383 2064 1414; x_wconf 84' lang='lat' dir='ltr'><strong>Has·</strong></span> 
     </span>
     <span class='ocr_line' id='line_1_96' title="bbox 1091 1425 2066 1468; baseline 0.001 -13"><span class='ocrx_word' id='word_1_561' title='bbox 1091 1426 1231 1463; x_wconf 70' lang='lat' dir='ltr'><strong>(trahat,</strong></span> <span class='ocrx_word' id='word_1_562' title='bbox 1254 1425 1416 1457; x_wconf 82' lang='lat' dir='ltr'><strong>Dominus</strong></span> <span class='ocrx_word' id='word_1_563' title='bbox 1439 1426 1565 1464; x_wconf 74' lang='lat' dir='ltr'><strong>auxilii,</strong></span> <span class='ocrx_word' id='word_1_564' title='bbox 1598 1428 1685 1468; x_wconf 79' lang='lat' dir='ltr'><strong>quod</strong></span> <span class='ocrx_word' id='word_1_565' title='bbox 1711 1426 1831 1458; x_wconf 81' lang='lat' dir='ltr'><strong>Graeci</strong></span> <span class='ocrx_word' id='word_1_566' title='bbox 1856 1427 1965 1457; x_wconf 76' lang='lat' dir='ltr'><strong>dicunt</strong></span> <span class='ocrx_word' id='word_1_567' title='bbox 1990 1425 2066 1457; x_wconf 76' lang='lat' dir='ltr'><strong>Ale-</strong></span> 
     </span>
     <span class='ocr_line' id='line_1_97' title="bbox 1091 1468 2067 1509; baseline 0.002 -11"><span class='ocrx_word' id='word_1_568' title='bbox 1091 1468 1227 1506; x_wconf 73' lang='lat' dir='ltr'><strong>xander,</strong></span> <span class='ocrx_word' id='word_1_569' title='bbox 1250 1469 1282 1499; x_wconf 80' lang='lat' dir='ltr'><strong>id</strong></span> <span class='ocrx_word' id='word_1_570' title='bbox 1307 1475 1368 1507; x_wconf 85' lang='lat' dir='ltr'><strong>est,</strong></span> <span class='ocrx_word' id='word_1_571' title='bbox 1392 1471 1441 1500; x_wconf 85' lang='lat' dir='ltr'><strong>vir</strong></span> <span class='ocrx_word' id='word_1_572' title='bbox 1457 1470 1586 1507; x_wconf 74' lang='lat' dir='ltr'><strong>iuvans,</strong></span> <span class='ocrx_word' id='word_1_573' title='bbox 1611 1470 1670 1500; x_wconf 71' lang='lat' dir='ltr'><strong>liin</strong></span> <span class='ocrx_word' id='word_1_574' title='bbox 1688 1469 1926 1509; x_wconf 70' lang='lat' dir='ltr'><strong>Leudtlwlffer,</strong></span> <span class='ocrx_word' id='word_1_575' title='bbox 1949 1473 2067 1507; x_wconf 71' lang='lat' dir='ltr'><strong>aet-ser,</strong></span> 
     </span>
    </p>
   </div>
   <div class='ocr_carea' id='block_1_20' title="bbox 1063 1511 2066 1597">
    <p class='ocr_par' dir='ltr' id='par_1_31' title="bbox 1063 1511 2066 1597">
     <span class='ocr_line' id='line_1_98' title="bbox 1063 1511 2065 1551; baseline 0.001 -10"><span class='ocrx_word' id='word_1_576' title='bbox 1063 1533 1065 1551; x_wconf 30' lang='grc' dir='ltr'><strong>ἶ</strong></span> <span class='ocrx_word' id='word_1_577' title='bbox 1091 1511 1123 1542; x_wconf 92' lang='lat' dir='ltr'><strong>id</strong></span> <span class='ocrx_word' id='word_1_578' title='bbox 1146 1518 1208 1549; x_wconf 70' lang='lat' dir='ltr'><strong>est,</strong></span> <span class='ocrx_word' id='word_1_579' title='bbox 1227 1511 1390 1549; x_wconf 76' lang='lat' dir='ltr'><strong>auxilium,</strong></span> <span class='ocrx_word' id='word_1_580' title='bbox 1408 1513 1496 1543; x_wconf 87' lang='lat' dir='ltr'><strong>unde</strong></span> <span class='ocrx_word' id='word_1_581' title='bbox 1519 1518 1569 1543; x_wconf 81' lang='lat' dir='ltr'><strong>est</strong></span> <span class='ocrx_word' id='word_1_582' title='bbox 1593 1513 1688 1543; x_wconf 85' lang='lat' dir='ltr'><strong>etiam</strong></span> <span class='ocrx_word' id='word_1_583' title='bbox 1714 1513 1839 1543; x_wconf 71' lang='lat' dir='ltr'><strong>Iz&#39;sdras</strong></span> <span class='ocrx_word' id='word_1_584' title='bbox 1862 1519 1892 1543; x_wconf 88' lang='lat' dir='ltr'><strong>et</strong></span> <span class='ocrx_word' id='word_1_585' title='bbox 1917 1513 2065 1543; x_wconf 63' lang='lat' dir='ltr'><strong>Eleazar.</strong></span> 
     </span>
     <span class='ocr_line' id='line_1_99' title="bbox 1064 1553 2066 1597; baseline 0.002 -14"><span class='ocrx_word' id='word_1_586' title='bbox 1064 1583 1065 1597; x_wconf 21' lang='grc' dir='ltr'>ἢ</span> <span class='ocrx_word' id='word_1_587' title='bbox 1091 1554 1173 1584; x_wconf 88' lang='lat' dir='ltr'><strong>Sunt</strong></span> <span class='ocrx_word' id='word_1_588' title='bbox 1197 1553 1298 1585; x_wconf 85' lang='lat' dir='ltr'><strong>multa</strong></span> <span class='ocrx_word' id='word_1_589' title='bbox 1320 1555 1451 1585; x_wconf 85' lang='lat' dir='ltr'><strong>nomina</strong></span> <span class='ocrx_word' id='word_1_590' title='bbox 1474 1556 1504 1585; x_wconf 92' lang='lat' dir='ltr'><strong>in</strong></span> <span class='ocrx_word' id='word_1_591' title='bbox 1529 1556 1680 1586; x_wconf 83' lang='lat' dir='ltr'><strong>omnibus</strong></span> <span class='ocrx_word' id='word_1_592' title='bbox 1703 1555 1843 1596; x_wconf 79' lang='lat' dir='ltr'><strong>linguis,</strong></span> <span class='ocrx_word' id='word_1_593' title='bbox 1873 1566 1957 1597; x_wconf 82' lang='lat' dir='ltr'><strong>quae</strong></span> <span class='ocrx_word' id='word_1_594' title='bbox 1980 1555 2066 1586; x_wconf 84' lang='lat' dir='ltr'><strong>idem</strong></span> 
     </span>
    </p>
   </div>
   <div class='ocr_carea' id='block_1_21' title="bbox 1086 1596 2068 2109">
    <p class='ocr_par' dir='ltr' id='par_1_32' title="bbox 1088 1596 2068 1848">
     <span class='ocr_line' id='line_1_100' title="bbox 1091 1596 2066 1640; baseline 0 -12"><span class='ocrx_word' id='word_1_595' title='bbox 1091 1596 1279 1639; x_wconf 80' lang='lat' dir='ltr'><strong>significant</strong></span> <span class='ocrx_word' id='word_1_596' title='bbox 1303 1598 1390 1639; x_wconf 80' lang='lat' dir='ltr'><strong>quod</strong></span> <span class='ocrx_word' id='word_1_597' title='bbox 1413 1597 1593 1635; x_wconf 64' lang='lat' dir='ltr'><strong>Asdrubal,</strong></span> <span class='ocrx_word' id='word_1_598' title='bbox 1617 1604 1651 1629; x_wconf 89' lang='lat' dir='ltr'><strong>ut</strong></span> <span class='ocrx_word' id='word_1_599' title='bbox 1674 1598 1844 1640; x_wconf 68' lang='lat' dir='ltr'><strong>Amyntas,</strong></span> <span class='ocrx_word' id='word_1_600' title='bbox 1860 1597 2066 1639; x_wconf 88' lang='lat' dir='ltr'><strong>Ludolphus,</strong></span> 
     </span>
     <span class='ocr_line' id='line_1_101' title="bbox 1319 1640 2065 1682; baseline 0.001 -12"><span class='ocrx_word' id='word_1_601' title='bbox 1319 1640 1384 1671; x_wconf 72' lang='lat' dir='ltr'><strong>lino</strong></span> <span class='ocrx_word' id='word_1_602' title='bbox 1409 1640 1607 1672; x_wconf 74' lang='lat' dir='ltr'><strong>vocabulum</strong></span> <span class='ocrx_word' id='word_1_603' title='bbox 1639 1641 1746 1672; x_wconf 61' lang='lat' dir='ltr'><strong>[litter</strong></span> <span class='ocrx_word' id='word_1_604' title='bbox 1769 1647 1819 1672; x_wconf 89' lang='lat' dir='ltr'><strong>est</strong></span> <span class='ocrx_word' id='word_1_605' title='bbox 1843 1642 1947 1679; x_wconf 87' lang='lat' dir='ltr'><strong>idem,</strong></span> <span class='ocrx_word' id='word_1_606' title='bbox 1977 1641 2065 1682; x_wconf 88' lang='lat' dir='ltr'><strong>quod</strong></span> 
     </span>
     <span class='ocr_line' id='line_1_102' title="bbox 1091 1682 2067 1725; baseline 0.001 -13"><span class='ocrx_word' id='word_1_607' title='bbox 1091 1682 1222 1719; x_wconf 80' lang='lat' dir='ltr'><strong>Retter,</strong></span> <span class='ocrx_word' id='word_1_608' title='bbox 1247 1683 1278 1712; x_wconf 85' lang='lat' dir='ltr'><strong>id</strong></span> <span class='ocrx_word' id='word_1_609' title='bbox 1303 1690 1364 1719; x_wconf 81' lang='lat' dir='ltr'><strong>est,</strong></span> <span class='ocrx_word' id='word_1_610' title='bbox 1388 1683 1581 1724; x_wconf 79' lang='lat' dir='ltr'><strong>qui,liberat</strong></span> <span class='ocrx_word' id='word_1_611' title='bbox 1605 1682 1699 1714; x_wconf 89' lang='lat' dir='ltr'><strong>alios.</strong></span> <span class='ocrx_word' id='word_1_612' title='bbox 1746 1683 1834 1714; x_wconf 82' lang='lat' dir='ltr'><strong>{stae</strong></span> <span class='ocrx_word' id='word_1_613' title='bbox 1858 1684 2067 1725; x_wconf 85' lang='lat' dir='ltr'><strong>compositio-</strong></span> 
     </span>
     <span class='ocr_line' id='line_1_103' title="bbox 1088 1723 2068 1765; baseline 0.002 -11"><span class='ocrx_word' id='word_1_614' title='bbox 1088 1734 1148 1755; x_wconf 88' lang='lat' dir='ltr'><strong>nes</strong></span> <span class='ocrx_word' id='word_1_615' title='bbox 1183 1723 1397 1765; x_wconf 81' lang='lat' dir='ltr'><strong>plurimorum</strong></span> <span class='ocrx_word' id='word_1_616' title='bbox 1427 1726 1592 1757; x_wconf 78' lang='lat' dir='ltr'><strong>nominum</strong></span> <span class='ocrx_word' id='word_1_617' title='bbox 1623 1727 1801 1758; x_wconf 85' lang='lat' dir='ltr'><strong>ostendunt</strong></span> <span class='ocrx_word' id='word_1_618' title='bbox 1830 1737 1947 1758; x_wconf 67' lang='lat' dir='ltr'><strong>vocem</strong></span> <span class='ocrx_word' id='word_1_619' title='bbox 1981 1727 2068 1758; x_wconf 63' lang='lat' dir='ltr'><strong>lssanl</strong></span> 
     </span>
     <span class='ocr_line' id='line_1_104' title="bbox 1089 1766 2066 1811; baseline 0.004 -14"><span class='ocrx_word' id='word_1_620' title='bbox 1089 1766 1193 1798; x_wconf 81' lang='lat' dir='ltr'><strong>fuisse</strong></span> <span class='ocrx_word' id='word_1_621' title='bbox 1217 1767 1432 1799; x_wconf 77' lang='lat' dir='ltr'><strong>honorificam</strong></span> <span class='ocrx_word' id='word_1_622' title='bbox 1456 1770 1540 1810; x_wconf 86' lang='lat' dir='ltr'><strong>apud</strong></span> <span class='ocrx_word' id='word_1_623' title='bbox 1567 1776 1711 1801; x_wconf 75' lang='lat' dir='ltr'><strong>veteres:</strong></span> <span class='ocrx_word' id='word_1_624' title='bbox 1735 1769 1775 1800; x_wconf 87' lang='lat' dir='ltr'><strong>Et</strong></span> <span class='ocrx_word' id='word_1_625' title='bbox 1800 1769 1939 1811; x_wconf 71' lang='lat' dir='ltr'><strong>Syriaci,</strong></span> <span class='ocrx_word' id='word_1_626' title='bbox 1960 1769 2066 1801; x_wconf 82' lang='lat' dir='ltr'><strong>Phoe-</strong></span> 
     </span>
     <span class='ocr_line' id='line_1_105' title="bbox 1088 1810 1961 1848; baseline 0.002 -7"><span class='ocrx_word' id='word_1_627' title='bbox 1088 1811 1198 1848; x_wconf 78' lang='lat' dir='ltr'><strong>uices,</strong></span> <span class='ocrx_word' id='word_1_628' title='bbox 1223 1810 1347 1842; x_wconf 87' lang='lat' dir='ltr'><strong>Sidonii</strong></span> <span class='ocrx_word' id='word_1_629' title='bbox 1371 1813 1579 1843; x_wconf 87' lang='lat' dir='ltr'><strong>nominarunt</strong></span> <span class='ocrx_word' id='word_1_630' title='bbox 1602 1812 1709 1844; x_wconf 88' lang='lat' dir='ltr'><strong>Deum</strong></span> <span class='ocrx_word' id='word_1_631' title='bbox 1733 1811 1799 1843; x_wconf 88' lang='lat' dir='ltr'><strong>hoc</strong></span> <span class='ocrx_word' id='word_1_632' title='bbox 1822 1814 1961 1843; x_wconf 87' lang='lat' dir='ltr'><strong>nomine.</strong></span> 
     </span>
    </p>

    <p class='ocr_par' dir='ltr' id='par_1_33' title="bbox 1086 1853 2063 2109">
     <span class='ocr_line' id='line_1_106' title="bbox 1175 1853 2063 1898; baseline 0.005 -15"><span class='ocrx_word' id='word_1_633' title='bbox 1175 1853 1225 1885; x_wconf 85' lang='lat' dir='ltr'><strong>Ac</strong></span> <span class='ocrx_word' id='word_1_634' title='bbox 1250 1860 1326 1895; x_wconf 84' lang='lat' dir='ltr'><strong>puto</strong></span> <span class='ocrx_word' id='word_1_635' title='bbox 1352 1854 1603 1896; x_wconf 79' lang='lat' dir='ltr'><strong>appellationem</strong></span> <span class='ocrx_word' id='word_1_636' title='bbox 1632 1855 1792 1886; x_wconf 57' lang='lat' dir='ltr'><strong>neela-lm!</strong></span> <span class='ocrx_word' id='word_1_637' title='bbox 1807 1856 1848 1886; x_wconf 83' lang='lat' dir='ltr'><strong>ab</strong></span> <span class='ocrx_word' id='word_1_638' title='bbox 1868 1856 1982 1887; x_wconf 74' lang='lat' dir='ltr'><strong>iisdem</strong></span> <span class='ocrx_word' id='word_1_639' title='bbox 2001 1858 2063 1898; x_wconf 84' lang='lat' dir='ltr'><strong>pri·</strong></span> 
     </span>
     <span class='ocr_line' id='line_1_107' title="bbox 1090 1898 2062 1940; baseline 0.004 -14"><span class='ocrx_word' id='word_1_640' title='bbox 1090 1907 1174 1927; x_wconf 81' lang='lat' dir='ltr'><strong>nium</strong></span> <span class='ocrx_word' id='word_1_641' title='bbox 1198 1904 1388 1937; x_wconf 66' lang='lat' dir='ltr'><strong>usurpatam</strong></span> <span class='ocrx_word' id='word_1_642' title='bbox 1414 1908 1501 1929; x_wconf 67' lang='lat' dir='ltr'><strong>esse.</strong></span> <span class='ocrx_word' id='word_1_643' title='bbox 1558 1898 1640 1929; x_wconf 80' lang='lat' dir='ltr'><strong>Nam</strong></span> <span class='ocrx_word' id='word_1_644' title='bbox 1665 1898 1764 1929; x_wconf 58' lang='grc' dir='ltr'><strong>ΖΛΜ(</strong></span> <span class='ocrx_word' id='word_1_645' title='bbox 1785 1899 1950 1940; x_wconf 81' lang='lat' dir='ltr'><strong>significat</strong></span> <span class='ocrx_word' id='word_1_646' title='bbox 1973 1899 2062 1930; x_wconf 81' lang='lat' dir='ltr'><strong>habi-</strong></span> 
     </span>
     <span class='ocr_line' id='line_1_108' title="bbox 1089 1939 2062 1979; baseline 0.004 -10"><span class='ocrx_word' id='word_1_647' title='bbox 1089 1939 1243 1977; x_wconf 72' lang='lat' dir='ltr'><strong>taculum,</strong></span> <span class='ocrx_word' id='word_1_648' title='bbox 1268 1950 1327 1971; x_wconf 76' lang='lat' dir='ltr'><strong>seu</strong></span> <span class='ocrx_word' id='word_1_649' title='bbox 1351 1940 1541 1978; x_wconf 69' lang='lat' dir='ltr'><strong>thalamum,</strong></span> <span class='ocrx_word' id='word_1_650' title='bbox 1566 1942 1596 1972; x_wconf 84' lang='lat' dir='ltr'><strong>id</strong></span> <span class='ocrx_word' id='word_1_651' title='bbox 1621 1947 1683 1979; x_wconf 77' lang='lat' dir='ltr'><strong>est,</strong></span> <span class='ocrx_word' id='word_1_652' title='bbox 1707 1941 1891 1973; x_wconf 76' lang='lat' dir='ltr'><strong>cubit-ulum</strong></span> <span class='ocrx_word' id='word_1_653' title='bbox 1914 1943 2062 1974; x_wconf 79' lang='lat' dir='ltr'><strong>interius,</strong></span> 
     </span>
     <span class='ocr_line' id='line_1_109' title="bbox 1088 1981 2061 2017; baseline 0.004 -5"><span class='ocrx_word' id='word_1_654' title='bbox 1088 1981 1166 2013; x_wconf 86' lang='lat' dir='ltr'><strong>Inde</strong></span> <span class='ocrx_word' id='word_1_655' title='bbox 1192 1983 1354 2014; x_wconf 61' lang='lat' dir='ltr'><strong>liae’elzebnl</strong></span> <span class='ocrx_word' id='word_1_656' title='bbox 1375 1992 1424 2014; x_wconf 85' lang='lat' dir='ltr'><strong>cst</strong></span> <span class='ocrx_word' id='word_1_657' title='bbox 1449 1983 1610 2014; x_wconf 73' lang='lat' dir='ltr'><strong>Dominus</strong></span> <span class='ocrx_word' id='word_1_658' title='bbox 1636 1983 1828 2016; x_wconf 79' lang='lat' dir='ltr'><strong>habitaculi.</strong></span> <span class='ocrx_word' id='word_1_659' title='bbox 1854 1984 1906 2016; x_wconf 74' lang='lat' dir='ltr'><strong>vel</strong></span> <span class='ocrx_word' id='word_1_660' title='bbox 1930 1984 2061 2017; x_wconf 84' lang='lat' dir='ltr'><strong>thalami</strong></span> 
     </span>
     <span class='ocr_line' id='line_1_110' title="bbox 1088 2025 2061 2065; baseline 0.004 -10"><span class='ocrx_word' id='word_1_661' title='bbox 1088 2026 1260 2065; x_wconf 72' lang='lat' dir='ltr'><strong>interioris,</strong></span> <span class='ocrx_word' id='word_1_662' title='bbox 1284 2025 1338 2057; x_wconf 62' lang='lat' dir='ltr'><strong>xel</strong></span> <span class='ocrx_word' id='word_1_663' title='bbox 1362 2026 1455 2057; x_wconf 88' lang='lat' dir='ltr'><strong>Deus</strong></span> <span class='ocrx_word' id='word_1_664' title='bbox 1479 2027 1574 2057; x_wconf 67' lang='lat' dir='ltr'><strong>istiu&gt;</strong></span> <span class='ocrx_word' id='word_1_665' title='bbox 1599 2028 1715 2059; x_wconf 71' lang='lat' dir='ltr'><strong>doinus·</strong></span> <span class='ocrx_word' id='word_1_666' title='bbox 1740 2034 1770 2058; x_wconf 85' lang='lat' dir='ltr'><strong>ct</strong></span> <span class='ocrx_word' id='word_1_667' title='bbox 1795 2027 1954 2064; x_wconf 80' lang='lat' dir='ltr'><strong>familiae3</strong></span> <span class='ocrx_word' id='word_1_668' title='bbox 1978 2029 2061 2059; x_wconf 75' lang='lat' dir='ltr'><strong>sicut</strong></span> 
     </span>
     <span class='ocr_line' id='line_1_111' title="bbox 1086 2067 2062 2109; baseline 0.004 -11"><span class='ocrx_word' id='word_1_669' title='bbox 1086 2067 1192 2099; x_wconf 85' lang='lat' dir='ltr'><strong>Latini</strong></span> <span class='ocrx_word' id='word_1_670' title='bbox 1227 2070 1436 2100; x_wconf 87' lang='lat' dir='ltr'><strong>nominarunt</strong></span> <span class='ocrx_word' id='word_1_671' title='bbox 1466 2069 1572 2101; x_wconf 87' lang='lat' dir='ltr'><strong>Deum</strong></span> <span class='ocrx_word' id='word_1_672' title='bbox 1608 2069 1799 2109; x_wconf 80' lang='lat' dir='ltr'><strong>tutelarem,</strong></span> <span class='ocrx_word' id='word_1_673' title='bbox 1833 2072 1908 2102; x_wconf 89' lang='lat' dir='ltr'><strong>item</strong></span> <span class='ocrx_word' id='word_1_674' title='bbox 1947 2071 2062 2102; x_wconf 73' lang='lat' dir='ltr'><strong>Larem</strong></span> 
     </span>
    </p>
   </div>
   <div class='ocr_carea' id='block_1_22' title="bbox 1081 2109 1289 2150">
    <p class='ocr_par' dir='ltr' id='par_1_34' title="bbox 1081 2109 1289 2150">
     <span class='ocr_line' id='line_1_112' title="bbox 1081 2109 1289 2150; baseline 0.005 -9"><span class='ocrx_word' id='word_1_675' title='bbox 1081 2109 1289 2150; x_wconf 68' lang='lat' dir='ltr'><strong>ftmziliarem.</strong></span> 
     </span>
    </p>
   </div>
   <div class='ocr_carea' id='block_1_23' title="bbox 1175 2154 2059 2188">
    <p class='ocr_par' dir='ltr' id='par_1_35' title="bbox 1175 2154 2059 2188">
     <span class='ocr_line' id='line_1_113' title="bbox 1175 2154 2059 2188; baseline 0.002 -3"><span class='ocrx_word' id='word_1_676' title='bbox 1175 2154 1329 2186; x_wconf 82' lang='lat' dir='ltr'><strong>Germani</strong></span> <span class='ocrx_word' id='word_1_677' title='bbox 1354 2163 1472 2186; x_wconf 73' lang='lat' dir='ltr'><strong>vocant</strong></span> <span class='ocrx_word' id='word_1_678' title='bbox 1498 2156 1595 2187; x_wconf 77' lang='lat' dir='ltr'><strong>Eitwn</strong></span> <span class='ocrx_word' id='word_1_679' title='bbox 1616 2155 1740 2187; x_wconf 77' lang='lat' dir='ltr'><strong>Patron</strong></span> <span class='ocrx_word' id='word_1_680' title='bbox 1755 2169 1764 2187; x_wconf 86' lang='grc'><strong>.-</strong></span> <span class='ocrx_word' id='word_1_681' title='bbox 1788 2157 1870 2187; x_wconf 80' lang='lat' dir='ltr'><strong>sicut</strong></span> <span class='ocrx_word' id='word_1_682' title='bbox 1894 2158 1978 2187; x_wconf 84' lang='lat' dir='ltr'><strong>inter</strong></span> <span class='ocrx_word' id='word_1_683' title='bbox 2003 2157 2059 2188; x_wconf 68' lang='lat' dir='ltr'><strong>Pa-</strong></span> 
     </span>
    </p>
   </div>
   <div class='ocr_carea' id='block_1_24' title="bbox 1060 2197 2060 2240">
    <p class='ocr_par' dir='ltr' id='par_1_36' title="bbox 1060 2197 2060 2240">
     <span class='ocr_line' id='line_1_114' title="bbox 1060 2197 2060 2240; baseline 0.004 -13"><span class='ocrx_word' id='word_1_684' title='bbox 1060 2197 1194 2238; x_wconf 67' lang='lat' dir='ltr'><strong>&#39;pistas</strong></span> <span class='ocrx_word' id='word_1_685' title='bbox 1228 2197 1394 2239; x_wconf 51' lang='lat' dir='ltr'><strong>quodlibet</strong></span> <span class='ocrx_word' id='word_1_686' title='bbox 1432 2198 1586 2240; x_wconf 72' lang='lat' dir='ltr'><strong>templum</strong></span> <span class='ocrx_word' id='word_1_687' title='bbox 1618 2200 1714 2230; x_wconf 82' lang='lat' dir='ltr'><strong>habet</strong></span> <span class='ocrx_word' id='word_1_688' title='bbox 1747 2211 1840 2231; x_wconf 74' lang='lat' dir='ltr'><strong>suum</strong></span> <span class='ocrx_word' id='word_1_689' title='bbox 1874 2199 2060 2231; x_wconf 82' lang='lat' dir='ltr'><strong>l&#39;atronum.</strong></span> 
     </span>
    </p>
   </div>
   <div class='ocr_carea' id='block_1_25' title="bbox 1087 2240 2062 2713">
    <p class='ocr_par' dir='ltr' id='par_1_37' title="bbox 1087 2240 2062 2668">
     <span class='ocr_line' id='line_1_115' title="bbox 1088 2240 2060 2283; baseline 0.004 -13"><span class='ocrx_word' id='word_1_690' title='bbox 1088 2240 1184 2275; x_wconf 83' lang='lat' dir='ltr'><strong>Quod</strong></span> <span class='ocrx_word' id='word_1_691' title='bbox 1209 2249 1372 2282; x_wconf 82' lang='lat' dir='ltr'><strong>sumptum</strong></span> <span class='ocrx_word' id='word_1_692' title='bbox 1403 2249 1452 2272; x_wconf 77' lang='lat' dir='ltr'><strong>est</strong></span> <span class='ocrx_word' id='word_1_693' title='bbox 1481 2253 1520 2272; x_wconf 80' lang='lat' dir='ltr'><strong>ex</strong></span> <span class='ocrx_word' id='word_1_694' title='bbox 1551 2242 1726 2273; x_wconf 81' lang='lat' dir='ltr'><strong>imitatione</strong></span> <span class='ocrx_word' id='word_1_695' title='bbox 1757 2241 1941 2283; x_wconf 79' lang='lat' dir='ltr'><strong>gentilium:</strong></span> <span class='ocrx_word' id='word_1_696' title='bbox 1976 2242 2060 2278; x_wconf 85' lang='lat' dir='ltr'><strong>Quia</strong></span> 
     </span>
     <span class='ocr_line' id='line_1_116' title="bbox 1089 2282 2062 2326; baseline 0.003 -12"><span class='ocrx_word' id='word_1_697' title='bbox 1089 2282 1162 2314; x_wconf 83' lang='lat' dir='ltr'><strong>talis</strong></span> <span class='ocrx_word' id='word_1_698' title='bbox 1187 2283 1373 2315; x_wconf 76' lang='lat' dir='ltr'><strong>idololatria</strong></span> <span class='ocrx_word' id='word_1_699' title='bbox 1396 2285 1455 2316; x_wconf 87' lang='lat' dir='ltr'><strong>suit</strong></span> <span class='ocrx_word' id='word_1_700' title='bbox 1479 2286 1659 2317; x_wconf 77' lang='lat' dir='ltr'><strong>comnmnis</strong></span> <span class='ocrx_word' id='word_1_701' title='bbox 1683 2287 1823 2316; x_wconf 86' lang='lat' dir='ltr'><strong>omnium</strong></span> <span class='ocrx_word' id='word_1_702' title='bbox 1848 2285 2004 2326; x_wconf 78' lang='lat' dir='ltr'><strong>gentium,</strong></span> <span class='ocrx_word' id='word_1_703' title='bbox 2027 2292 2062 2317; x_wconf 87' lang='lat' dir='ltr'><strong>ut</strong></span> 
     </span>
     <span class='ocr_line' id='line_1_117' title="bbox 1089 2325 2060 2369; baseline 0.002 -11"><span class='ocrx_word' id='word_1_704' title='bbox 1089 2325 1252 2368; x_wconf 77' lang='lat' dir='ltr'><strong>quaelibet</strong></span> <span class='ocrx_word' id='word_1_705' title='bbox 1288 2328 1397 2369; x_wconf 76' lang='lat' dir='ltr'><strong>regin,</strong></span> <span class='ocrx_word' id='word_1_706' title='bbox 1434 2329 1567 2365; x_wconf 69' lang='lat' dir='ltr'><strong>civitas,</strong></span> <span class='ocrx_word' id='word_1_707' title='bbox 1603 2327 1741 2367; x_wconf 78' lang='lat' dir='ltr'><strong>familia,</strong></span> <span class='ocrx_word' id='word_1_708' title='bbox 1777 2329 1893 2359; x_wconf 73' lang='lat' dir='ltr'><strong>domus</strong></span> <span class='ocrx_word' id='word_1_709' title='bbox 1925 2328 2060 2360; x_wconf 81' lang='lat' dir='ltr'><strong>haberet</strong></span> 
     </span>
     <span class='ocr_line' id='line_1_118' title="bbox 1089 2369 2061 2411; baseline 0.002 -11"><span class='ocrx_word' id='word_1_710' title='bbox 1089 2380 1182 2400; x_wconf 80' lang='lat' dir='ltr'><strong>suum</strong></span> <span class='ocrx_word' id='word_1_711' title='bbox 1212 2371 1375 2411; x_wconf 76' lang='lat' dir='ltr'><strong>quoddam</strong></span> <span class='ocrx_word' id='word_1_712' title='bbox 1405 2381 1524 2402; x_wconf 79' lang='lat' dir='ltr'><strong>numen</strong></span> <span class='ocrx_word' id='word_1_713' title='bbox 1555 2369 1701 2402; x_wconf 78' lang='lat' dir='ltr'><strong>tute-lare.</strong></span> <span class='ocrx_word' id='word_1_714' title='bbox 1754 2370 1826 2401; x_wconf 87' lang='lat' dir='ltr'><strong>lloc</strong></span> <span class='ocrx_word' id='word_1_715' title='bbox 1848 2370 1962 2403; x_wconf 86' lang='lat' dir='ltr'><strong>imitati</strong></span> <span class='ocrx_word' id='word_1_716' title='bbox 1985 2378 2061 2403; x_wconf 90' lang='lat' dir='ltr'><strong>sunt</strong></span> 
     </span>
     <span class='ocr_line' id='line_1_119' title="bbox 1090 2412 2061 2456; baseline 0.004 -14"><span class='ocrx_word' id='word_1_717' title='bbox 1090 2412 1253 2454; x_wconf 81' lang='lat' dir='ltr'><strong>Papistae,</strong></span> <span class='ocrx_word' id='word_1_718' title='bbox 1273 2419 1304 2444; x_wconf 86' lang='lat' dir='ltr'><strong>et</strong></span> <span class='ocrx_word' id='word_1_719' title='bbox 1321 2415 1375 2444; x_wconf 83' lang='lat' dir='ltr'><strong>ubi</strong></span> <span class='ocrx_word' id='word_1_720' title='bbox 1400 2413 1554 2456; x_wconf 82' lang='lat' dir='ltr'><strong>reliquias</strong></span> <span class='ocrx_word' id='word_1_721' title='bbox 1577 2412 1715 2444; x_wconf 80' lang='lat' dir='ltr'><strong>alicuius</strong></span> <span class='ocrx_word' id='word_1_722' title='bbox 1739 2414 1844 2444; x_wconf 81' lang='lat' dir='ltr'><strong>sancti</strong></span> <span class='ocrx_word' id='word_1_723' title='bbox 1863 2414 1951 2445; x_wconf 81' lang='lat' dir='ltr'><strong>nacti</strong></span> <span class='ocrx_word' id='word_1_724' title='bbox 1973 2420 2061 2452; x_wconf 88' lang='lat' dir='ltr'><strong>sunt,</strong></span> 
     </span>
     <span class='ocr_line' id='line_1_120' title="bbox 1089 2455 2060 2497; baseline 0.004 -11"><span class='ocrx_word' id='word_1_725' title='bbox 1089 2466 1149 2486; x_wconf 83' lang='lat' dir='ltr'><strong>seu</strong></span> <span class='ocrx_word' id='word_1_726' title='bbox 1182 2466 1261 2487; x_wconf 74' lang='lat' dir='ltr'><strong>vere</strong></span> <span class='ocrx_word' id='word_1_727' title='bbox 1294 2466 1354 2488; x_wconf 81' lang='lat' dir='ltr'><strong>seu</strong></span> <span class='ocrx_word' id='word_1_728' title='bbox 1388 2456 1492 2494; x_wconf 71' lang='lat' dir='ltr'><strong>falso,</strong></span> <span class='ocrx_word' id='word_1_729' title='bbox 1527 2467 1599 2487; x_wconf 89' lang='lat' dir='ltr'><strong>eum</strong></span> <span class='ocrx_word' id='word_1_730' title='bbox 1635 2462 1785 2487; x_wconf 78' lang='lat' dir='ltr'><strong>sanctum</strong></span> <span class='ocrx_word' id='word_1_731' title='bbox 1816 2455 2060 2497; x_wconf 79' lang='lat' dir='ltr'><strong>praefecerunt.</strong></span> 
     </span>
     <span class='ocr_line' id='line_1_121' title="bbox 1089 2498 2058 2540; baseline 0.002 -11"><span class='ocrx_word' id='word_1_732' title='bbox 1089 2505 1253 2540; x_wconf 81' lang='lat' dir='ltr'><strong>tamquam</strong></span> <span class='ocrx_word' id='word_1_733' title='bbox 1283 2498 1477 2537; x_wconf 80' lang='lat' dir='ltr'><strong>Patronum‚</strong></span> <span class='ocrx_word' id='word_1_734' title='bbox 1509 2506 1539 2529; x_wconf 88' lang='lat' dir='ltr'><strong>ut</strong></span> <span class='ocrx_word' id='word_1_735' title='bbox 1570 2498 1848 2539; x_wconf 71' lang='lat' dir='ltr'><strong>Mei-sbuigenses</strong></span> <span class='ocrx_word' id='word_1_736' title='bbox 1877 2499 2000 2531; x_wconf 85' lang='lat' dir='ltr'><strong>habent</strong></span> <span class='ocrx_word' id='word_1_737' title='bbox 2023 2501 2058 2532; x_wconf 87' lang='lat' dir='ltr'><strong>S.</strong></span> 
     </span>
     <span class='ocr_line' id='line_1_122' title="bbox 1088 2540 2058 2582; baseline 0.002 -10"><span class='ocrx_word' id='word_1_738' title='bbox 1088 2541 1310 2573; x_wconf 87' lang='lat' dir='ltr'><strong>Laurentium.</strong></span> <span class='ocrx_word' id='word_1_739' title='bbox 1355 2542 1543 2582; x_wconf 74' lang='lat' dir='ltr'><strong>Bambcrga</strong></span> <span class='ocrx_word' id='word_1_740' title='bbox 1566 2552 1630 2572; x_wconf 84' lang='lat' dir='ltr'><strong>non</strong></span> <span class='ocrx_word' id='word_1_741' title='bbox 1655 2540 1753 2573; x_wconf 80' lang='lat' dir='ltr'><strong>hahet</strong></span> <span class='ocrx_word' id='word_1_742' title='bbox 1776 2553 1917 2579; x_wconf 76' lang='lat' dir='ltr'><strong>murum,</strong></span> <span class='ocrx_word' id='word_1_743' title='bbox 1948 2543 2058 2575; x_wconf 87' lang='lat' dir='ltr'><strong>dicunt</strong></span> 
     </span>
     <span class='ocr_line' id='line_1_123' title="bbox 1088 2584 2059 2627; baseline 0.002 -12"><span class='ocrx_word' id='word_1_744' title='bbox 1088 2585 1161 2615; x_wconf 83' lang='lat' dir='ltr'><strong>ideo</strong></span> <span class='ocrx_word' id='word_1_745' title='bbox 1192 2595 1257 2615; x_wconf 92' lang='lat' dir='ltr'><strong>non</strong></span> <span class='ocrx_word' id='word_1_746' title='bbox 1287 2585 1420 2622; x_wconf 78' lang='lat' dir='ltr'><strong>muniri,</strong></span> <span class='ocrx_word' id='word_1_747' title='bbox 1452 2585 1524 2625; x_wconf 83' lang='lat' dir='ltr'><strong>quia</strong></span> <span class='ocrx_word' id='word_1_748' title='bbox 1549 2591 1663 2615; x_wconf 67' lang='lat' dir='ltr'><strong>sant-ta</strong></span> <span class='ocrx_word' id='word_1_749' title='bbox 1690 2584 1898 2627; x_wconf 59' lang='lat' dir='ltr'><strong>Kunigundis·</strong></span> <span class='ocrx_word' id='word_1_750' title='bbox 1923 2588 2059 2618; x_wconf 86' lang='lat' dir='ltr'><strong>circum·</strong></span> 
     </span>
     <span class='ocr_line' id='line_1_124' title="bbox 1087 2627 1831 2668; baseline 0.003 -11"><span class='ocrx_word' id='word_1_751' title='bbox 1087 2627 1211 2659; x_wconf 86' lang='lat' dir='ltr'><strong>dederit</strong></span> <span class='ocrx_word' id='word_1_752' title='bbox 1236 2629 1348 2658; x_wconf 85' lang='lat' dir='ltr'><strong>urbem</strong></span> <span class='ocrx_word' id='word_1_753' title='bbox 1373 2627 1446 2666; x_wconf 80' lang='lat' dir='ltr'><strong>filo,</strong></span> <span class='ocrx_word' id='word_1_754' title='bbox 1471 2638 1535 2668; x_wconf 88' lang='lat' dir='ltr'><strong>quo</strong></span> <span class='ocrx_word' id='word_1_755' title='bbox 1559 2628 1599 2658; x_wconf 78' lang='lat' dir='ltr'><strong>sit</strong></span> <span class='ocrx_word' id='word_1_756' title='bbox 1624 2627 1731 2659; x_wconf 82' lang='lat' dir='ltr'><strong>adhuc</strong></span> <span class='ocrx_word' id='word_1_757' title='bbox 1754 2635 1831 2660; x_wconf 84' lang='lat' dir='ltr'><strong>tuta.</strong></span> 
     </span>
    </p>

    <p class='ocr_par' dir='ltr' id='par_1_38' title="bbox 1172 2669 2059 2713">
     <span class='ocr_line' id='line_1_125' title="bbox 1172 2669 2059 2713; baseline 0.003 -13"><span class='ocrx_word' id='word_1_758' title='bbox 1172 2670 1206 2701; x_wconf 89' lang='lat' dir='ltr'><strong>ln</strong></span> <span class='ocrx_word' id='word_1_759' title='bbox 1231 2681 1355 2701; x_wconf 74' lang='lat' dir='ltr'><strong>summa</strong></span> <span class='ocrx_word' id='word_1_760' title='bbox 1378 2669 1556 2701; x_wconf 82' lang='lat' dir='ltr'><strong>Beelzchul</strong></span> <span class='ocrx_word' id='word_1_761' title='bbox 1580 2676 1629 2701; x_wconf 79' lang='lat' dir='ltr'><strong>est</strong></span> <span class='ocrx_word' id='word_1_762' title='bbox 1652 2671 1736 2701; x_wconf 78' lang='lat' dir='ltr'><strong>idem</strong></span> <span class='ocrx_word' id='word_1_763' title='bbox 1756 2672 1844 2713; x_wconf 84' lang='lat' dir='ltr'><strong>quod</strong></span> <span class='ocrx_word' id='word_1_764' title='bbox 1868 2682 1987 2703; x_wconf 79' lang='lat' dir='ltr'><strong>numen</strong></span> <span class='ocrx_word' id='word_1_765' title='bbox 2012 2679 2059 2706; x_wconf 89' lang='lat' dir='ltr'><strong>tu·-</strong></span> 
     </span>
    </p>
   </div>
  </div>
 </body>
</html>
