<?xml version="1.0" encoding="UTF-8"?>
<!DOCTYPE html PUBLIC "-//W3C//DTD XHTML 1.0 Transitional//EN"
    "http://www.w3.org/TR/xhtml1/DTD/xhtml1-transitional.dtd">
<html xmlns="http://www.w3.org/1999/xhtml" xml:lang="en" lang="en">
 <head>
  <title>
</title>
<meta http-equiv="Content-Type" content="text/html;charset=utf-8" />
  <meta name='ocr-system' content='tesseract 3.04.00' />
  <meta name='ocr-capabilities' content='ocr_page ocr_carea ocr_par ocr_line ocrx_word'/>
</head>
<body>
  <div class='ocr_page' id='page_1' title='image "./operaquaesupersu24melauoft/operaquaesupersu24melauoft_0258.png"; bbox 0 0 2324 2958; ppageno 0'>
   <div class='ocr_carea' id='block_1_1' title="bbox 122 134 186 168">
    <p class='ocr_par' dir='ltr' id='par_1_1' title="bbox 122 134 186 168">
     <span class='ocr_line' id='line_1_1' title="bbox 122 134 186 168; baseline 0 0"><span class='ocrx_word' id='word_1_1' title='bbox 122 134 186 168; x_wconf 73' lang='lat'>463</span> 
     </span>
    </p>
   </div>
   <div class='ocr_carea' id='block_1_2' title="bbox 115 225 1106 2501">
    <p class='ocr_par' dir='ltr' id='par_1_2' title="bbox 122 225 1100 346">
     <span class='ocr_line' id='line_1_2' title="bbox 123 225 1100 271; baseline -0.002 -11"><span class='ocrx_word' id='word_1_2' title='bbox 123 227 210 271; x_wconf 87' lang='lat' dir='ltr'>gelii.</span> <span class='ocrx_word' id='word_1_3' title='bbox 267 227 342 259; x_wconf 89' lang='lat' dir='ltr'>Non</span> <span class='ocrx_word' id='word_1_4' title='bbox 367 225 584 269; x_wconf 71' lang='lat' dir='ltr'>compellatur</span> <span class='ocrx_word' id='word_1_5' title='bbox 607 237 708 259; x_wconf 87' lang='lat' dir='ltr'>verus</span> <span class='ocrx_word' id='word_1_6' title='bbox 729 225 843 266; x_wconf 90' lang='lat' dir='ltr'>Deus,</span> <span class='ocrx_word' id='word_1_7' title='bbox 871 226 935 258; x_wconf 84' lang='lat' dir='ltr'>nisi</span> <span class='ocrx_word' id='word_1_8' title='bbox 958 225 1100 267; x_wconf 86' lang='lat' dir='ltr'>compel-</span> 
     </span>
     <span class='ocr_line' id='line_1_3' title="bbox 122 268 1100 313; baseline -0.002 -11"><span class='ocrx_word' id='word_1_9' title='bbox 122 271 208 303; x_wconf 83' lang='lat' dir='ltr'>letur</span> <span class='ocrx_word' id='word_1_10' title='bbox 231 269 286 302; x_wconf 89' lang='lat' dir='ltr'>ille</span> <span class='ocrx_word' id='word_1_11' title='bbox 308 269 420 309; x_wconf 91' lang='lat' dir='ltr'>Deus,</span> <span class='ocrx_word' id='word_1_12' title='bbox 451 270 505 312; x_wconf 86' lang='lat' dir='ltr'>qui</span> <span class='ocrx_word' id='word_1_13' title='bbox 528 279 566 301; x_wconf 88' lang='lat' dir='ltr'>se</span> <span class='ocrx_word' id='word_1_14' title='bbox 587 269 744 313; x_wconf 64' lang='lat' dir='ltr'>patefecit</span> <span class='ocrx_word' id='word_1_15' title='bbox 767 271 799 302; x_wconf 89' lang='lat' dir='ltr'>in</span> <span class='ocrx_word' id='word_1_16' title='bbox 822 268 976 302; x_wconf 73' lang='lat' dir='ltr'>Ecclesia</span> <span class='ocrx_word' id='word_1_17' title='bbox 1000 270 1100 300; x_wconf 85' lang='lat' dir='ltr'>certis</span> 
     </span>
     <span class='ocr_line' id='line_1_4' title="bbox 122 314 328 346; baseline -0.01 0"><span class='ocrx_word' id='word_1_18' title='bbox 122 314 328 346; x_wconf 75' lang='lat' dir='ltr'>testimoniis.</span> 
     </span>
    </p>

    <p class='ocr_par' dir='ltr' id='par_1_3' title="bbox 121 352 1103 614">
     <span class='ocr_line' id='line_1_5' title="bbox 210 352 1100 394; baseline -0.003 -7"><span class='ocrx_word' id='word_1_19' title='bbox 210 357 327 388; x_wconf 87' lang='lat' dir='ltr'>Patres</span> <span class='ocrx_word' id='word_1_20' title='bbox 350 355 538 388; x_wconf 88' lang='lat' dir='ltr'>habuerunt</span> <span class='ocrx_word' id='word_1_21' title='bbox 560 367 621 389; x_wconf 86' lang='lat' dir='ltr'>sua</span> <span class='ocrx_word' id='word_1_22' title='bbox 645 357 852 394; x_wconf 85' lang='lat' dir='ltr'>testimonia,</span> <span class='ocrx_word' id='word_1_23' title='bbox 881 355 989 387; x_wconf 88' lang='lat' dir='ltr'>donec</span> <span class='ocrx_word' id='word_1_24' title='bbox 1011 352 1100 385; x_wconf 80' lang='lat' dir='ltr'>facta</span> 
     </span>
     <span class='ocr_line' id='line_1_6' title="bbox 122 396 1101 442; baseline -0.004 -10"><span class='ocrx_word' id='word_1_25' title='bbox 122 407 174 432; x_wconf 85' lang='lat' dir='ltr'>est</span> <span class='ocrx_word' id='word_1_26' title='bbox 197 400 326 431; x_wconf 81' lang='lat' dir='ltr'>eductio</span> <span class='ocrx_word' id='word_1_27' title='bbox 351 397 574 432; x_wconf 76' lang='lat' dir='ltr'>israelitarum</span> <span class='ocrx_word' id='word_1_28' title='bbox 598 411 638 432; x_wconf 85' lang='lat' dir='ltr'>ex</span> <span class='ocrx_word' id='word_1_29' title='bbox 661 399 805 442; x_wconf 76' lang='lat' dir='ltr'>Egypm,</span> <span class='ocrx_word' id='word_1_30' title='bbox 829 408 916 440; x_wconf 85' lang='lat' dir='ltr'>quae</span> <span class='ocrx_word' id='word_1_31' title='bbox 935 396 1101 439; x_wconf 86' lang='lat' dir='ltr'>allegatur</span> 
     </span>
     <span class='ocr_line' id='line_1_7' title="bbox 121 441 1103 485; baseline -0.006 -11"><span class='ocrx_word' id='word_1_32' title='bbox 121 444 152 474; x_wconf 86' lang='lat' dir='ltr'>in</span> <span class='ocrx_word' id='word_1_33' title='bbox 188 441 376 485; x_wconf 76' lang='lat' dir='ltr'>Decalogo:</span> <span class='ocrx_word' id='word_1_34' title='bbox 421 442 493 483; x_wconf 71' lang='lat' dir='ltr'>Eyo</span> <span class='ocrx_word' id='word_1_35' title='bbox 521 453 584 473; x_wconf 78' lang='lat' dir='ltr'>sum</span> <span class='ocrx_word' id='word_1_36' title='bbox 618 443 771 473; x_wconf 75' lang='lat' dir='ltr'><em>Dominus</em></span> <span class='ocrx_word' id='word_1_37' title='bbox 804 441 891 471; x_wconf 79' lang='lat' dir='ltr'>Deus</span> <span class='ocrx_word' id='word_1_38' title='bbox 926 443 1013 475; x_wconf 71' lang='lat' dir='ltr'>tuns,</span> <span class='ocrx_word' id='word_1_39' title='bbox 1047 441 1103 480; x_wconf 74' lang='lat' dir='ltr'>qui</span> 
     </span>
     <span class='ocr_line' id='line_1_8' title="bbox 121 483 1101 527; baseline -0.002 -12"><span class='ocrx_word' id='word_1_40' title='bbox 121 486 219 516; x_wconf 77' lang='lat' dir='ltr'>edu-ti</span> <span class='ocrx_word' id='word_1_41' title='bbox 241 489 271 515; x_wconf 78' lang='lat' dir='ltr'>te</span> <span class='ocrx_word' id='word_1_42' title='bbox 293 496 332 518; x_wconf 70' lang='lat' dir='ltr'>ex</span> <span class='ocrx_word' id='word_1_43' title='bbox 356 485 516 527; x_wconf 65' lang='lat' dir='ltr'>Aegypto.</span> <span class='ocrx_word' id='word_1_44' title='bbox 557 485 652 521; x_wconf 68' lang='lat' dir='ltr'>stus,</span> <span class='ocrx_word' id='word_1_45' title='bbox 676 487 708 518; x_wconf 91' lang='lat' dir='ltr'>id</span> <span class='ocrx_word' id='word_1_46' title='bbox 732 491 800 524; x_wconf 88' lang='lat' dir='ltr'>est,</span> <span class='ocrx_word' id='word_1_47' title='bbox 825 485 879 526; x_wconf 90' lang='lat' dir='ltr'>qui</span> <span class='ocrx_word' id='word_1_48' title='bbox 903 493 940 514; x_wconf 90' lang='lat' dir='ltr'>se</span> <span class='ocrx_word' id='word_1_49' title='bbox 964 483 1021 514; x_wconf 91' lang='lat' dir='ltr'>tibi</span> <span class='ocrx_word' id='word_1_50' title='bbox 1044 492 1101 524; x_wconf 87' lang='lat' dir='ltr'>pa-</span> 
     </span>
     <span class='ocr_line' id='line_1_9' title="bbox 121 524 1101 568; baseline -0.004 -7"><span class='ocrx_word' id='word_1_51' title='bbox 121 527 251 568; x_wconf 76' lang='lat' dir='ltr'>tesecit‚</span> <span class='ocrx_word' id='word_1_52' title='bbox 287 535 319 560; x_wconf 92' lang='lat' dir='ltr'>et</span> <span class='ocrx_word' id='word_1_53' title='bbox 353 527 423 560; x_wconf 75' lang='lat' dir='ltr'>vult</span> <span class='ocrx_word' id='word_1_54' title='bbox 456 529 513 561; x_wconf 89' lang='lat' dir='ltr'>tibi</span> <span class='ocrx_word' id='word_1_55' title='bbox 543 539 621 561; x_wconf 89' lang='lat' dir='ltr'>esse</span> <span class='ocrx_word' id='word_1_56' title='bbox 642 530 674 561; x_wconf 92' lang='lat' dir='ltr'>in</span> <span class='ocrx_word' id='word_1_57' title='bbox 698 529 826 566; x_wconf 88' lang='lat' dir='ltr'>Deum,</span> <span class='ocrx_word' id='word_1_58' title='bbox 860 524 930 558; x_wconf 83' lang='lat' dir='ltr'>vult</span> <span class='ocrx_word' id='word_1_59' title='bbox 955 526 1101 557; x_wconf 80' lang='grc' dir='ltr'>10111νο-</span> 
     </span>
     <span class='ocr_line' id='line_1_10' title="bbox 122 569 811 614; baseline -0.003 -11"><span class='ocrx_word' id='word_1_60' title='bbox 122 578 252 604; x_wconf 81' lang='lat' dir='ltr'><strong>cantem</strong></span> <span class='ocrx_word' id='word_1_61' title='bbox 275 572 450 610; x_wconf 84' lang='lat' dir='ltr'>exaudire,</span> <span class='ocrx_word' id='word_1_62' title='bbox 473 571 544 604; x_wconf 87' lang='lat' dir='ltr'>vult</span> <span class='ocrx_word' id='word_1_63' title='bbox 567 573 624 604; x_wconf 89' lang='lat' dir='ltr'>tibi</span> <span class='ocrx_word' id='word_1_64' title='bbox 649 569 811 614; x_wconf 84' lang='lat' dir='ltr'>opitulari.</span> 
     </span>
    </p>

    <p class='ocr_par' dir='ltr' id='par_1_4' title="bbox 120 611 1100 872">
     <span class='ocr_line' id='line_1_11' title="bbox 208 611 1100 657; baseline -0.006 -11"><span class='ocrx_word' id='word_1_65' title='bbox 208 614 261 646; x_wconf 78' lang='lat' dir='ltr'>Ad</span> <span class='ocrx_word' id='word_1_66' title='bbox 293 613 383 647; x_wconf 86' lang='grc'>1111110</span> <span class='ocrx_word' id='word_1_67' title='bbox 416 614 526 647; x_wconf 90' lang='lat' dir='ltr'>Deum</span> <span class='ocrx_word' id='word_1_68' title='bbox 555 615 754 657; x_wconf 82' lang='lat' dir='ltr'>petesactum</span> <span class='ocrx_word' id='word_1_69' title='bbox 778 613 810 644; x_wconf 88' lang='lat' dir='ltr'>in</span> <span class='ocrx_word' id='word_1_70' title='bbox 833 613 937 643; x_wconf 89' lang='lat' dir='ltr'>verbo</span> <span class='ocrx_word' id='word_1_71' title='bbox 961 621 1022 643; x_wconf 91' lang='lat' dir='ltr'>suo</span> <span class='ocrx_word' id='word_1_72' title='bbox 1046 611 1100 642; x_wconf 65' lang='lat' dir='ltr'>de-</span> 
     </span>
     <span class='ocr_line' id='line_1_12' title="bbox 120 655 1100 699; baseline -0.008 -9"><span class='ocrx_word' id='word_1_73' title='bbox 120 659 270 690; x_wconf 85' lang='lat' dir='ltr'>ducimur</span> <span class='ocrx_word' id='word_1_74' title='bbox 292 658 388 690; x_wconf 90' lang='lat' dir='ltr'>etiam</span> <span class='ocrx_word' id='word_1_75' title='bbox 418 659 450 689; x_wconf 92' lang='grc'>111</span> <span class='ocrx_word' id='word_1_76' title='bbox 474 656 614 689; x_wconf 74' lang='lat' dir='ltr'>formula</span> <span class='ocrx_word' id='word_1_77' title='bbox 637 656 811 699; x_wconf 87' lang='lat' dir='ltr'>Baptismi:</span> <span class='ocrx_word' id='word_1_78' title='bbox 855 655 993 694; x_wconf 70' lang='lat' dir='ltr'>Raptim</span> <span class='ocrx_word' id='word_1_79' title='bbox 1016 657 1047 683; x_wconf 83' lang='lat' dir='ltr'>te</span> <span class='ocrx_word' id='word_1_80' title='bbox 1068 655 1100 683; x_wconf 74' lang='lat' dir='ltr'>in</span> 
     </span>
     <span class='ocr_line' id='line_1_13' title="bbox 120 697 1100 740; baseline -0.004 -9"><span class='ocrx_word' id='word_1_81' title='bbox 120 703 241 731; x_wconf 80' lang='lat' dir='ltr'>nomine</span> <span class='ocrx_word' id='word_1_82' title='bbox 262 701 384 737; x_wconf 72' lang='lat' dir='ltr'>Patris,</span> <span class='ocrx_word' id='word_1_83' title='bbox 408 705 437 732; x_wconf 84' lang='lat' dir='ltr'>et</span> <span class='ocrx_word' id='word_1_84' title='bbox 461 702 548 739; x_wconf 75' lang='lat' dir='ltr'>Filii,</span> <span class='ocrx_word' id='word_1_85' title='bbox 571 705 601 730; x_wconf 81' lang='lat' dir='ltr'>et</span> <span class='ocrx_word' id='word_1_86' title='bbox 619 701 758 740; x_wconf 76' lang='lat' dir='ltr'>Spiritus</span> <span class='ocrx_word' id='word_1_87' title='bbox 781 700 892 734; x_wconf 77' lang='lat' dir='ltr'>sancti,</span> <span class='ocrx_word' id='word_1_88' title='bbox 916 698 948 729; x_wconf 90' lang='lat' dir='ltr'>id</span> <span class='ocrx_word' id='word_1_89' title='bbox 972 703 1035 734; x_wconf 88' lang='lat' dir='ltr'>est,</span> <span class='ocrx_word' id='word_1_90' title='bbox 1053 697 1100 727; x_wconf 93' lang='lat' dir='ltr'>in-</span> 
     </span>
     <span class='ocr_line' id='line_1_14' title="bbox 120 740 1100 786; baseline -0.006 -10"><span class='ocrx_word' id='word_1_91' title='bbox 120 752 242 777; x_wconf 78' lang='lat' dir='ltr'>vocato</span> <span class='ocrx_word' id='word_1_92' title='bbox 266 745 333 776; x_wconf 90' lang='lat' dir='ltr'>hoc</span> <span class='ocrx_word' id='word_1_93' title='bbox 355 754 437 776; x_wconf 75' lang='lat' dir='ltr'>vero</span> <span class='ocrx_word' id='word_1_94' title='bbox 461 743 547 782; x_wconf 85' lang='lat' dir='ltr'>Deo,</span> <span class='ocrx_word' id='word_1_95' title='bbox 570 744 624 786; x_wconf 90' lang='lat' dir='ltr'>qui</span> <span class='ocrx_word' id='word_1_96' title='bbox 648 749 698 774; x_wconf 89' lang='lat' dir='ltr'>est</span> <span class='ocrx_word' id='word_1_97' title='bbox 721 749 816 785; x_wconf 87' lang='lat' dir='ltr'>pater</span> <span class='ocrx_word' id='word_1_98' title='bbox 838 741 972 773; x_wconf 85' lang='lat' dir='ltr'>Domini</span> <span class='ocrx_word' id='word_1_99' title='bbox 993 740 1100 771; x_wconf 80' lang='lat' dir='ltr'>nostri</span> 
     </span>
     <span class='ocr_line' id='line_1_15' title="bbox 120 784 1100 829; baseline -0.006 -9"><span class='ocrx_word' id='word_1_100' title='bbox 120 787 195 820; x_wconf 81' lang='lat' dir='ltr'>lesu</span> <span class='ocrx_word' id='word_1_101' title='bbox 229 787 372 826; x_wconf 75' lang='lat' dir='ltr'><strong>Christi,</strong></span> <span class='ocrx_word' id='word_1_102' title='bbox 408 788 461 829; x_wconf 90' lang='lat' dir='ltr'>qui</span> <span class='ocrx_word' id='word_1_103' title='bbox 496 787 581 817; x_wconf 90' lang='lat' dir='ltr'>misit</span> <span class='ocrx_word' id='word_1_104' title='bbox 615 785 754 824; x_wconf 84' lang='lat' dir='ltr'>Filium,</span> <span class='ocrx_word' id='word_1_105' title='bbox 787 791 823 816; x_wconf 90' lang='lat' dir='ltr'>ut</span> <span class='ocrx_word' id='word_1_106' title='bbox 856 784 950 816; x_wconf 83' lang='lat' dir='ltr'>fieret</span> <span class='ocrx_word' id='word_1_107' title='bbox 983 793 1043 825; x_wconf 89' lang='lat' dir='ltr'>pro</span> <span class='ocrx_word' id='word_1_108' title='bbox 1066 789 1100 814; x_wconf 85' lang='lat' dir='ltr'>te</span> 
     </span>
     <span class='ocr_line' id='line_1_16' title="bbox 120 827 1099 872; baseline -0.006 -10"><span class='ocrx_word' id='word_1_109' title='bbox 120 831 266 869; x_wconf 87' lang='lat' dir='ltr'>victima,</span> <span class='ocrx_word' id='word_1_110' title='bbox 289 837 321 862; x_wconf 87' lang='lat' dir='ltr'>et</span> <span class='ocrx_word' id='word_1_111' title='bbox 345 830 400 861; x_wconf 89' lang='lat' dir='ltr'>dat</span> <span class='ocrx_word' id='word_1_112' title='bbox 419 830 576 872; x_wconf 86' lang='lat' dir='ltr'>Spiritum</span> <span class='ocrx_word' id='word_1_113' title='bbox 599 836 763 866; x_wconf 77' lang='lat' dir='ltr'>sanctum,</span> <span class='ocrx_word' id='word_1_114' title='bbox 786 834 817 860; x_wconf 87' lang='lat' dir='ltr'>et</span> <span class='ocrx_word' id='word_1_115' title='bbox 846 827 1033 859; x_wconf 84' lang='lat' dir='ltr'>sanctificat</span> <span class='ocrx_word' id='word_1_116' title='bbox 1056 831 1099 857; x_wconf 88' lang='lat' dir='ltr'>te.</span> 
     </span>
    </p>

    <p class='ocr_par' dir='ltr' id='par_1_5' title="bbox 118 869 1103 1379">
     <span class='ocr_line' id='line_1_17' title="bbox 202 869 1100 915; baseline -0.006 -10"><span class='ocrx_word' id='word_1_117' title='bbox 202 873 294 905; x_wconf 88' lang='lat' dir='ltr'>Haec</span> <span class='ocrx_word' id='word_1_118' title='bbox 307 884 387 915; x_wconf 81' lang='lat' dir='ltr'>ergo</span> <span class='ocrx_word' id='word_1_119' title='bbox 406 883 523 904; x_wconf 89' lang='lat' dir='ltr'>norma</span> <span class='ocrx_word' id='word_1_120' title='bbox 541 873 760 904; x_wconf 75' lang='lat' dir='ltr'>invocationis</span> <span class='ocrx_word' id='word_1_121' title='bbox 779 881 910 913; x_wconf 88' lang='lat' dir='ltr'>semper</span> <span class='ocrx_word' id='word_1_122' title='bbox 928 869 1100 901; x_wconf 88' lang='lat' dir='ltr'>retinenda</span> 
     </span>
     <span class='ocr_line' id='line_1_18' title="bbox 121 913 1100 955; baseline -0.005 -7"><span class='ocrx_word' id='word_1_123' title='bbox 121 923 189 949; x_wconf 82' lang='lat' dir='ltr'>est:</span> <span class='ocrx_word' id='word_1_124' title='bbox 236 916 401 947; x_wconf 79' lang='lat' dir='ltr'>Dominum</span> <span class='ocrx_word' id='word_1_125' title='bbox 423 916 522 945; x_wconf 73' lang='lat' dir='ltr'>Deum</span> <span class='ocrx_word' id='word_1_126' title='bbox 545 919 627 945; x_wconf 70' lang='lat' dir='ltr'>tuum</span> <span class='ocrx_word' id='word_1_127' title='bbox 656 915 813 947; x_wconf 79' lang='lat' dir='ltr'>adorabis.</span> <span class='ocrx_word' id='word_1_128' title='bbox 860 913 1022 955; x_wconf 72' lang='lat' dir='ltr'><strong>Loquitur</strong></span> <span class='ocrx_word' id='word_1_129' title='bbox 1044 922 1100 943; x_wconf 85' lang='lat' dir='ltr'>au-</span> 
     </span>
     <span class='ocr_line' id='line_1_19' title="bbox 119 957 1098 996; baseline -0.005 -5"><span class='ocrx_word' id='word_1_130' title='bbox 119 966 184 992; x_wconf 88' lang='lat' dir='ltr'>tem</span> <span class='ocrx_word' id='word_1_131' title='bbox 218 960 282 991; x_wconf 86' lang='lat' dir='ltr'>hoc</span> <span class='ocrx_word' id='word_1_132' title='bbox 317 960 438 990; x_wconf 82' lang='lat' dir='ltr'>dietum</span> <span class='ocrx_word' id='word_1_133' title='bbox 470 960 510 990; x_wconf 87' lang='lat' dir='ltr'>de</span> <span class='ocrx_word' id='word_1_134' title='bbox 534 969 614 990; x_wconf 82' lang='lat' dir='ltr'>vera</span> <span class='ocrx_word' id='word_1_135' title='bbox 638 958 849 996; x_wconf 79' lang='lat' dir='ltr'>adoratione,</span> <span class='ocrx_word' id='word_1_136' title='bbox 883 967 943 988; x_wconf 86' lang='lat' dir='ltr'>seu</span> <span class='ocrx_word' id='word_1_137' title='bbox 966 957 1098 987; x_wconf 84' lang='lat' dir='ltr'>invoca-</span> 
     </span>
     <span class='ocr_line' id='line_1_20' title="bbox 120 998 1102 1045; baseline -0.005 -11"><span class='ocrx_word' id='word_1_138' title='bbox 120 1004 209 1034; x_wconf 82' lang='lat' dir='ltr'>tione</span> <span class='ocrx_word' id='word_1_139' title='bbox 231 1001 314 1041; x_wconf 79' lang='lat' dir='ltr'>Dei,</span> <span class='ocrx_word' id='word_1_140' title='bbox 347 1012 412 1033; x_wconf 89' lang='lat' dir='ltr'>non</span> <span class='ocrx_word' id='word_1_141' title='bbox 438 1002 480 1033; x_wconf 92' lang='lat' dir='ltr'>de</span> <span class='ocrx_word' id='word_1_142' title='bbox 504 1002 670 1045; x_wconf 82' lang='lat' dir='ltr'>gestibus,</span> <span class='ocrx_word' id='word_1_143' title='bbox 707 1011 791 1043; x_wconf 91' lang='lat' dir='ltr'>quos</span> <span class='ocrx_word' id='word_1_144' title='bbox 814 1000 966 1032; x_wconf 90' lang='lat' dir='ltr'>homines</span> <span class='ocrx_word' id='word_1_145' title='bbox 989 998 1102 1029; x_wconf 84' lang='lat' dir='ltr'>solent</span> 
     </span>
     <span class='ocr_line' id='line_1_21' title="bbox 119 1044 1098 1087; baseline -0.005 -10"><span class='ocrx_word' id='word_1_146' title='bbox 119 1046 295 1084; x_wconf 77' lang='lat' dir='ltr'>adhibere,</span> <span class='ocrx_word' id='word_1_147' title='bbox 331 1052 365 1076; x_wconf 91' lang='lat' dir='ltr'>ut</span> <span class='ocrx_word' id='word_1_148' title='bbox 400 1044 535 1077; x_wconf 84' lang='lat' dir='ltr'>flectant</span> <span class='ocrx_word' id='word_1_149' title='bbox 569 1054 697 1087; x_wconf 86' lang='lat' dir='ltr'>genua,</span> <span class='ocrx_word' id='word_1_150' title='bbox 738 1050 772 1076; x_wconf 93' lang='lat' dir='ltr'>ut</span> <span class='ocrx_word' id='word_1_151' title='bbox 806 1044 955 1085; x_wconf 89' lang='lat' dir='ltr'>aperiant</span> <span class='ocrx_word' id='word_1_152' title='bbox 989 1047 1098 1082; x_wconf 83' lang='lat' dir='ltr'>caput.</span> 
     </span>
     <span class='ocr_line' id='line_1_22' title="bbox 120 1086 1102 1130; baseline -0.005 -10"><span class='ocrx_word' id='word_1_153' title='bbox 120 1087 179 1120; x_wconf 91' lang='grc'>1113</span> <span class='ocrx_word' id='word_1_154' title='bbox 213 1089 362 1120; x_wconf 88' lang='lat' dir='ltr'>adoratio</span> <span class='ocrx_word' id='word_1_155' title='bbox 396 1088 624 1130; x_wconf 82' lang='lat' dir='ltr'>propriissime</span> <span class='ocrx_word' id='word_1_156' title='bbox 657 1088 707 1118; x_wconf 81' lang='lat' dir='ltr'>sic</span> <span class='ocrx_word' id='word_1_157' title='bbox 737 1088 843 1125; x_wconf 82' lang='lat' dir='ltr'>dicta,</span> <span class='ocrx_word' id='word_1_158' title='bbox 877 1092 928 1118; x_wconf 88' lang='lat' dir='ltr'>est</span> <span class='ocrx_word' id='word_1_159' title='bbox 957 1086 1102 1116; x_wconf 87' lang='lat' dir='ltr'>tribuere</span> 
     </span>
     <span class='ocr_line' id='line_1_23' title="bbox 121 1129 1102 1173; baseline -0.005 -10"><span class='ocrx_word' id='word_1_160' title='bbox 121 1131 219 1164; x_wconf 88' lang='lat' dir='ltr'>alicui</span> <span class='ocrx_word' id='word_1_161' title='bbox 254 1142 293 1163; x_wconf 90' lang='lat' dir='ltr'>ea</span> <span class='ocrx_word' id='word_1_162' title='bbox 328 1141 414 1173; x_wconf 89' lang='lat' dir='ltr'>quae</span> <span class='ocrx_word' id='word_1_163' title='bbox 447 1137 524 1162; x_wconf 91' lang='lat' dir='ltr'>sunt</span> <span class='ocrx_word' id='word_1_164' title='bbox 557 1131 691 1173; x_wconf 86' lang='lat' dir='ltr'>propria</span> <span class='ocrx_word' id='word_1_165' title='bbox 726 1130 807 1168; x_wconf 86' lang='lat' dir='ltr'>Dei,</span> <span class='ocrx_word' id='word_1_166' title='bbox 843 1139 921 1161; x_wconf 90' lang='lat' dir='ltr'>esse</span> <span class='ocrx_word' id='word_1_167' title='bbox 955 1129 1102 1168; x_wconf 88' lang='lat' dir='ltr'>omnipo-</span> 
     </span>
     <span class='ocr_line' id='line_1_24' title="bbox 119 1171 1102 1216; baseline -0.006 -9"><span class='ocrx_word' id='word_1_168' title='bbox 119 1181 260 1213; x_wconf 82' lang='lat' dir='ltr'>tentem,</span> <span class='ocrx_word' id='word_1_169' title='bbox 282 1175 406 1216; x_wconf 83' lang='lat' dir='ltr'>ubique</span> <span class='ocrx_word' id='word_1_170' title='bbox 429 1175 570 1211; x_wconf 82' lang='lat' dir='ltr'>adesse,</span> <span class='ocrx_word' id='word_1_171' title='bbox 595 1184 672 1205; x_wconf 87' lang='lat' dir='ltr'>esse</span> <span class='ocrx_word' id='word_1_172' title='bbox 696 1173 911 1210; x_wconf 86' lang='lat' dir='ltr'>omniscium,</span> <span class='ocrx_word' id='word_1_173' title='bbox 934 1171 1102 1212; x_wconf 85' lang='lat' dir='ltr'>inspicere</span> 
     </span>
     <span class='ocr_line' id='line_1_25' title="bbox 119 1216 1101 1256; baseline -0.006 -7"><span class='ocrx_word' id='word_1_174' title='bbox 119 1218 241 1256; x_wconf 87' lang='lat' dir='ltr'>corda,</span> <span class='ocrx_word' id='word_1_175' title='bbox 277 1217 452 1255; x_wconf 81' lang='lat' dir='ltr'>exaudire,</span> <span class='ocrx_word' id='word_1_176' title='bbox 486 1218 619 1255; x_wconf 82' lang='lat' dir='ltr'>iuvare,</span> <span class='ocrx_word' id='word_1_177' title='bbox 654 1226 731 1248; x_wconf 82' lang='lat' dir='ltr'>esse</span> <span class='ocrx_word' id='word_1_178' title='bbox 767 1216 991 1253; x_wconf 89' lang='lat' dir='ltr'>conditorem,</span> <span class='ocrx_word' id='word_1_179' title='bbox 1025 1223 1101 1244; x_wconf 89' lang='lat' dir='ltr'>esse</span> 
     </span>
     <span class='ocr_line' id='line_1_26' title="bbox 119 1257 1102 1298; baseline -0.005 -6"><span class='ocrx_word' id='word_1_180' title='bbox 119 1266 393 1292; x_wconf 82' lang='lat' dir='ltr'>conservatorem</span> <span class='ocrx_word' id='word_1_181' title='bbox 421 1269 531 1292; x_wconf 88' lang='lat' dir='ltr'>rerum</span> <span class='ocrx_word' id='word_1_182' title='bbox 561 1260 721 1298; x_wconf 76' lang='lat' dir='ltr'>omnIum,</span> <span class='ocrx_word' id='word_1_183' title='bbox 756 1259 836 1290; x_wconf 91' lang='lat' dir='ltr'>dare</span> <span class='ocrx_word' id='word_1_184' title='bbox 860 1259 978 1295; x_wconf 80' lang='lat' dir='ltr'>vitam,</span> <span class='ocrx_word' id='word_1_185' title='bbox 1010 1257 1102 1287; x_wconf 84' lang='lat' dir='ltr'>iusti-</span> 
     </span>
     <span class='ocr_line' id='line_1_27' title="bbox 119 1301 1103 1342; baseline -0.006 -7"><span class='ocrx_word' id='word_1_186' title='bbox 119 1305 213 1342; x_wconf 84' lang='lat' dir='ltr'>tiam,</span> <span class='ocrx_word' id='word_1_187' title='bbox 249 1309 281 1334; x_wconf 90' lang='lat' dir='ltr'>et</span> <span class='ocrx_word' id='word_1_188' title='bbox 316 1301 457 1334; x_wconf 88' lang='lat' dir='ltr'>salutem</span> <span class='ocrx_word' id='word_1_189' title='bbox 491 1309 670 1334; x_wconf 83' lang='lat' dir='ltr'>aeternam.</span> <span class='ocrx_word' id='word_1_190' title='bbox 732 1301 825 1333; x_wconf 88' lang='lat' dir='ltr'>Haec</span> <span class='ocrx_word' id='word_1_191' title='bbox 859 1310 926 1332; x_wconf 91' lang='lat' dir='ltr'>non</span> <span class='ocrx_word' id='word_1_192' title='bbox 960 1304 1103 1342; x_wconf 86' lang='lat' dir='ltr'>possunt</span> 
     </span>
     <span class='ocr_line' id='line_1_28' title="bbox 118 1341 1038 1379; baseline -0.005 -1"><span class='ocrx_word' id='word_1_193' title='bbox 118 1347 215 1379; x_wconf 89' lang='lat' dir='ltr'>tribui</span> <span class='ocrx_word' id='word_1_194' title='bbox 238 1344 297 1378; x_wconf 85' lang='lat' dir='ltr'>ulli</span> <span class='ocrx_word' id='word_1_195' title='bbox 321 1346 368 1378; x_wconf 88' lang='lat' dir='ltr'>rei</span> <span class='ocrx_word' id='word_1_196' title='bbox 393 1352 526 1377; x_wconf 82' lang='lat' dir='ltr'>creatae</span> <span class='ocrx_word' id='word_1_197' title='bbox 548 1347 621 1377; x_wconf 90' lang='lat' dir='ltr'>sine</span> <span class='ocrx_word' id='word_1_198' title='bbox 643 1343 818 1376; x_wconf 84' lang='lat' dir='ltr'>manifesta</span> <span class='ocrx_word' id='word_1_199' title='bbox 840 1341 1038 1375; x_wconf 86' lang='lat' dir='ltr'>idololatria.</span> 
     </span>
    </p>

    <p class='ocr_par' dir='ltr' id='par_1_6' title="bbox 115 1386 1104 2081">
     <span class='ocr_line' id='line_1_29' title="bbox 205 1386 1101 1430; baseline -0.008 -10"><span class='ocrx_word' id='word_1_200' title='bbox 205 1388 329 1420; x_wconf 79' lang='lat' dir='ltr'>Postea</span> <span class='ocrx_word' id='word_1_201' title='bbox 362 1389 511 1430; x_wconf 86' lang='lat' dir='ltr'>sequitur</span> <span class='ocrx_word' id='word_1_202' title='bbox 545 1386 737 1420; x_wconf 80' lang='lat' dir='ltr'>exclusiva:</span> <span class='ocrx_word' id='word_1_203' title='bbox 786 1387 842 1416; x_wconf 84' lang='lat' dir='ltr'>Illi</span> <span class='ocrx_word' id='word_1_204' title='bbox 870 1386 932 1416; x_wconf 77' lang='lat' dir='ltr'>soli</span> <span class='ocrx_word' id='word_1_205' title='bbox 970 1386 1101 1419; x_wconf 50' lang='lat' dir='ltr'>ser-vien</span> 
     </span>
     <span class='ocr_line' id='line_1_30' title="bbox 117 1429 1103 1474; baseline -0.007 -9"><span class='ocrx_word' id='word_1_206' title='bbox 117 1432 207 1462; x_wconf 77' lang='lat' dir='ltr'>Illum</span> <span class='ocrx_word' id='word_1_207' title='bbox 241 1432 338 1462; x_wconf 78' lang='lat' dir='ltr'>solnm</span> <span class='ocrx_word' id='word_1_208' title='bbox 371 1432 498 1461; x_wconf 76' lang='lat' dir='ltr'>timebis.</span> <span class='ocrx_word' id='word_1_209' title='bbox 555 1431 704 1474; x_wconf 82' lang='lat' dir='ltr'>Seiungit</span> <span class='ocrx_word' id='word_1_210' title='bbox 734 1440 853 1462; x_wconf 89' lang='lat' dir='ltr'>rursus</span> <span class='ocrx_word' id='word_1_211' title='bbox 882 1429 991 1461; x_wconf 88' lang='lat' dir='ltr'>omnia</span> <span class='ocrx_word' id='word_1_212' title='bbox 1015 1437 1103 1459; x_wconf 90' lang='lat' dir='ltr'>com-</span> 
     </span>
     <span class='ocr_line' id='line_1_31' title="bbox 118 1471 1104 1508; baseline -0.007 0"><span class='ocrx_word' id='word_1_213' title='bbox 118 1476 263 1508; x_wconf 83' lang='lat' dir='ltr'>mentitia</span> <span class='ocrx_word' id='word_1_214' title='bbox 287 1475 427 1508; x_wconf 86' lang='lat' dir='ltr'>numina.</span> <span class='ocrx_word' id='word_1_215' title='bbox 473 1474 513 1506; x_wconf 88' lang='lat' dir='ltr'>Et</span> <span class='ocrx_word' id='word_1_216' title='bbox 533 1481 644 1506; x_wconf 89' lang='lat' dir='ltr'>monet</span> <span class='ocrx_word' id='word_1_217' title='bbox 667 1484 733 1505; x_wconf 92' lang='lat' dir='ltr'>non</span> <span class='ocrx_word' id='word_1_218' title='bbox 753 1474 876 1505; x_wconf 88' lang='lat' dir='ltr'>debere</span> <span class='ocrx_word' id='word_1_219' title='bbox 895 1471 1029 1503; x_wconf 81' lang='lat' dir='ltr'>misceri</span> <span class='ocrx_word' id='word_1_220' title='bbox 1053 1481 1104 1502; x_wconf 89' lang='lat' dir='ltr'>re-</span> 
     </span>
     <span class='ocr_line' id='line_1_32' title="bbox 118 1514 1103 1562; baseline -0.006 -12"><span class='ocrx_word' id='word_1_221' title='bbox 118 1518 280 1562; x_wconf 85' lang='lat' dir='ltr'>ligiones,</span> <span class='ocrx_word' id='word_1_222' title='bbox 303 1518 390 1549; x_wconf 87' lang='lat' dir='ltr'>sicut</span> <span class='ocrx_word' id='word_1_223' title='bbox 413 1516 504 1550; x_wconf 87' lang='lat' dir='ltr'>multi</span> <span class='ocrx_word' id='word_1_224' title='bbox 528 1524 606 1549; x_wconf 87' lang='lat' dir='ltr'>sunt</span> <span class='ocrx_word' id='word_1_225' title='bbox 629 1517 781 1549; x_wconf 87' lang='lat' dir='ltr'>omnibus</span> <span class='ocrx_word' id='word_1_226' title='bbox 806 1516 1024 1558; x_wconf 84' lang='lat' dir='ltr'>temporibus,</span> <span class='ocrx_word' id='word_1_227' title='bbox 1048 1514 1103 1556; x_wconf 90' lang='lat' dir='ltr'>qui</span> 
     </span>
     <span class='ocr_line' id='line_1_33' title="bbox 118 1558 1103 1604; baseline -0.004 -12"><span class='ocrx_word' id='word_1_228' title='bbox 118 1562 251 1594; x_wconf 86' lang='lat' dir='ltr'>student</span> <span class='ocrx_word' id='word_1_229' title='bbox 280 1559 566 1593; x_wconf 82' lang='lat' dir='ltr'>conciliationibus</span> <span class='ocrx_word' id='word_1_230' title='bbox 595 1561 796 1604; x_wconf 86' lang='lat' dir='ltr'>dogmatum.</span> <span class='ocrx_word' id='word_1_231' title='bbox 852 1558 957 1590; x_wconf 84' lang='lat' dir='ltr'>Etiam</span> <span class='ocrx_word' id='word_1_232' title='bbox 986 1559 1019 1589; x_wconf 91' lang='lat' dir='ltr'>in</span> <span class='ocrx_word' id='word_1_233' title='bbox 1048 1567 1103 1589; x_wconf 89' lang='lat' dir='ltr'>ve-</span> 
     </span>
     <span class='ocr_line' id='line_1_34' title="bbox 118 1599 1103 1645; baseline -0.007 -7"><span class='ocrx_word' id='word_1_234' title='bbox 118 1606 244 1638; x_wconf 84' lang='lat' dir='ltr'>teribus</span> <span class='ocrx_word' id='word_1_235' title='bbox 268 1604 381 1642; x_wconf 77' lang='lat' dir='ltr'>libris,</span> <span class='ocrx_word' id='word_1_236' title='bbox 413 1614 486 1636; x_wconf 90' lang='lat' dir='ltr'>cum</span> <span class='ocrx_word' id='word_1_237' title='bbox 515 1603 630 1636; x_wconf 74' lang='lat' dir='ltr'>volunt</span> <span class='ocrx_word' id='word_1_238' title='bbox 653 1603 754 1645; x_wconf 84' lang='lat' dir='ltr'>aliqui</span> <span class='ocrx_word' id='word_1_239' title='bbox 777 1603 921 1645; x_wconf 89' lang='lat' dir='ltr'>probare</span> <span class='ocrx_word' id='word_1_240' title='bbox 944 1599 1103 1633; x_wconf 88' lang='lat' dir='ltr'>Christia-</span> 
     </span>
     <span class='ocr_line' id='line_1_35' title="bbox 117 1645 1103 1690; baseline -0.006 -10"><span class='ocrx_word' id='word_1_241' title='bbox 117 1660 193 1680; x_wconf 89' lang='lat' dir='ltr'>nam</span> <span class='ocrx_word' id='word_1_242' title='bbox 223 1646 434 1690; x_wconf 86' lang='lat' dir='ltr'>religionem,</span> <span class='ocrx_word' id='word_1_243' title='bbox 468 1648 568 1680; x_wconf 87' lang='lat' dir='ltr'>citant</span> <span class='ocrx_word' id='word_1_244' title='bbox 599 1647 787 1679; x_wconf 84' lang='lat' dir='ltr'>testimonia</span> <span class='ocrx_word' id='word_1_245' title='bbox 816 1656 855 1677; x_wconf 85' lang='lat' dir='ltr'>ex</span> <span class='ocrx_word' id='word_1_246' title='bbox 881 1645 1039 1683; x_wconf 85' lang='lat' dir='ltr'>Platone,</span> <span class='ocrx_word' id='word_1_247' title='bbox 1070 1649 1103 1675; x_wconf 88' lang='lat' dir='ltr'>et</span> 
     </span>
     <span class='ocr_line' id='line_1_36' title="bbox 118 1686 1103 1729; baseline -0.006 -6"><span class='ocrx_word' id='word_1_248' title='bbox 118 1691 192 1724; x_wconf 88' lang='lat' dir='ltr'>aliis</span> <span class='ocrx_word' id='word_1_249' title='bbox 226 1690 375 1724; x_wconf 77' lang='lat' dir='ltr'>Etlinicis</span> <span class='ocrx_word' id='word_1_250' title='bbox 409 1691 617 1729; x_wconf 80' lang='lat' dir='ltr'>sanioribus,</span> <span class='ocrx_word' id='word_1_251' title='bbox 651 1698 681 1722; x_wconf 85' lang='lat' dir='ltr'>et</span> <span class='ocrx_word' id='word_1_252' title='bbox 712 1691 824 1721; x_wconf 86' lang='lat' dir='ltr'>dicunt</span> <span class='ocrx_word' id='word_1_253' title='bbox 853 1687 1014 1720; x_wconf 88' lang='lat' dir='ltr'>Ethnicos</span> <span class='ocrx_word' id='word_1_254' title='bbox 1044 1686 1103 1718; x_wconf 87' lang='lat' dir='ltr'>ha·</span> 
     </span>
     <span class='ocr_line' id='line_1_37' title="bbox 119 1730 1101 1776; baseline -0.006 -10"><span class='ocrx_word' id='word_1_255' title='bbox 119 1735 234 1766; x_wconf 84' lang='lat' dir='ltr'>buisse</span> <span class='ocrx_word' id='word_1_256' title='bbox 258 1735 396 1766; x_wconf 81' lang='lat' dir='ltr'>eandem</span> <span class='ocrx_word' id='word_1_257' title='bbox 418 1733 625 1776; x_wconf 82' lang='lat' dir='ltr'>religionem,</span> <span class='ocrx_word' id='word_1_258' title='bbox 645 1744 743 1776; x_wconf 90' lang='lat' dir='ltr'>quam</span> <span class='ocrx_word' id='word_1_259' title='bbox 767 1733 890 1764; x_wconf 84' lang='lat' dir='ltr'>habent</span> <span class='ocrx_word' id='word_1_260' title='bbox 911 1730 1101 1763; x_wconf 81' lang='lat' dir='ltr'>Christiani.</span> 
     </span>
     <span class='ocr_line' id='line_1_38' title="bbox 117 1773 1102 1819; baseline -0.005 -10"><span class='ocrx_word' id='word_1_261' title='bbox 117 1776 342 1810; x_wconf 82' lang='lat' dir='ltr'>Tertullianus</span> <span class='ocrx_word' id='word_1_262' title='bbox 366 1777 450 1809; x_wconf 87' lang='lat' dir='ltr'>male</span> <span class='ocrx_word' id='word_1_263' title='bbox 473 1776 630 1819; x_wconf 90' lang='lat' dir='ltr'>loquitur,</span> <span class='ocrx_word' id='word_1_264' title='bbox 650 1787 722 1809; x_wconf 82' lang='grc'>011111</span> <span class='ocrx_word' id='word_1_265' title='bbox 742 1777 847 1818; x_wconf 88' lang='lat' dir='ltr'>inquit</span> <span class='ocrx_word' id='word_1_266' title='bbox 863 1776 905 1807; x_wconf 88' lang='lat' dir='ltr'>ad</span> <span class='ocrx_word' id='word_1_267' title='bbox 926 1773 1102 1806; x_wconf 86' lang='lat' dir='ltr'>Ethnicos:</span> 
     </span>
     <span class='ocr_line' id='line_1_39' title="bbox 125 1818 1103 1860; baseline -0.007 -9"><span class='ocrx_word' id='word_1_268' title='bbox 125 1821 187 1851; x_wconf 82' lang='lat' dir='ltr'>Vos</span> <span class='ocrx_word' id='word_1_269' title='bbox 211 1821 317 1850; x_wconf 77' lang='lat' dir='ltr'>rolitis</span> <span class='ocrx_word' id='word_1_270' title='bbox 341 1820 438 1850; x_wconf 81' lang='lat' dir='ltr'>Deum</span> <span class='ocrx_word' id='word_1_271' title='bbox 458 1831 518 1860; x_wconf 84' lang='lat' dir='ltr'>per·</span> <span class='ocrx_word' id='word_1_272' title='bbox 542 1820 677 1860; x_wconf 76' lang='lat' dir='ltr'>Orphea.</span> <span class='ocrx_word' id='word_1_273' title='bbox 699 1819 811 1849; x_wconf 82' lang='lat' dir='ltr'>Iudaei</span> <span class='ocrx_word' id='word_1_274' title='bbox 829 1829 888 1858; x_wconf 81' lang='lat' dir='ltr'>per</span> <span class='ocrx_word' id='word_1_275' title='bbox 906 1818 1026 1850; x_wconf 77' lang='lat' dir='ltr'>Mosen.</span> <span class='ocrx_word' id='word_1_276' title='bbox 1047 1827 1103 1845; x_wconf 81' lang='lat' dir='ltr'>nos</span> 
     </span>
     <span class='ocr_line' id='line_1_40' title="bbox 115 1859 1103 1905; baseline -0.008 -10"><span class='ocrx_word' id='word_1_277' title='bbox 115 1875 178 1905; x_wconf 78' lang='lat' dir='ltr'>per</span> <span class='ocrx_word' id='word_1_278' title='bbox 202 1864 366 1894; x_wconf 72' lang='lat' dir='ltr'>Chr-istum.</span> <span class='ocrx_word' id='word_1_279' title='bbox 413 1862 455 1894; x_wconf 86' lang='lat' dir='ltr'>Et</span> <span class='ocrx_word' id='word_1_280' title='bbox 482 1863 591 1895; x_wconf 84' lang='lat' dir='ltr'>addit:</span> <span class='ocrx_word' id='word_1_281' title='bbox 625 1863 715 1893; x_wconf 70' lang='lat' dir='ltr'>Sicut</span> <span class='ocrx_word' id='word_1_282' title='bbox 749 1873 802 1891; x_wconf 83' lang='lat' dir='ltr'>ros</span> <span class='ocrx_word' id='word_1_283' title='bbox 832 1863 958 1895; x_wconf 72' lang='lat' dir='ltr'>dic-itis,</span> <span class='ocrx_word' id='word_1_284' title='bbox 990 1859 1103 1889; x_wconf 78' lang='lat' dir='ltr'>Fatum</span> 
     </span>
     <span class='ocr_line' id='line_1_41' title="bbox 119 1905 1103 1947; baseline -0.008 -9"><span class='ocrx_word' id='word_1_285' title='bbox 119 1919 184 1938; x_wconf 69' lang='lat' dir='ltr'>esse</span> <span class='ocrx_word' id='word_1_286' title='bbox 203 1908 389 1947; x_wconf 70' lang='lat' dir='ltr'>sapientiam</span> <span class='ocrx_word' id='word_1_287' title='bbox 414 1906 491 1936; x_wconf 79' lang='lat' dir='ltr'>Dei:</span> <span class='ocrx_word' id='word_1_288' title='bbox 524 1908 578 1936; x_wconf 72' lang='lat' dir='ltr'>Sic</span> <span class='ocrx_word' id='word_1_289' title='bbox 601 1917 657 1935; x_wconf 76' lang='lat' dir='ltr'>nos</span> <span class='ocrx_word' id='word_1_290' title='bbox 680 1906 822 1936; x_wconf 69' lang='lat' dir='ltr'>dicimus.</span> <span class='ocrx_word' id='word_1_291' title='bbox 847 1905 932 1944; x_wconf 65' lang='grc' dir='ltr'><strong><em>λόγον</em></strong></span> <span class='ocrx_word' id='word_1_292' title='bbox 950 1913 1015 1933; x_wconf 82' lang='lat' dir='ltr'>esse</span> <span class='ocrx_word' id='word_1_293' title='bbox 1034 1913 1103 1932; x_wconf 76' lang='lat' dir='ltr'>con-</span> 
     </span>
     <span class='ocr_line' id='line_1_42' title="bbox 119 1946 1102 1982; baseline -0.005 -1"><span class='ocrx_word' id='word_1_294' title='bbox 119 1951 221 1981; x_wconf 77' lang='lat' dir='ltr'>silium</span> <span class='ocrx_word' id='word_1_295' title='bbox 247 1951 318 1980; x_wconf 70' lang='lat' dir='ltr'>Dei.</span> <span class='ocrx_word' id='word_1_296' title='bbox 371 1949 418 1981; x_wconf 87' lang='lat' dir='ltr'>lta</span> <span class='ocrx_word' id='word_1_297' title='bbox 448 1951 688 1982; x_wconf 77' lang='lat' dir='ltr'>Samosatenus</span> <span class='ocrx_word' id='word_1_298' title='bbox 718 1947 965 1980; x_wconf 84' lang='lat' dir='ltr'>Platonicorum</span> <span class='ocrx_word' id='word_1_299' title='bbox 994 1946 1102 1977; x_wconf 86' lang='lat' dir='ltr'>ldeam</span> 
     </span>
     <span class='ocr_line' id='line_1_43' title="bbox 119 1987 1103 2035; baseline -0.007 -10"><span class='ocrx_word' id='word_1_300' title='bbox 119 1993 222 2027; x_wconf 83' lang='lat' dir='ltr'>voluit</span> <span class='ocrx_word' id='word_1_301' title='bbox 246 1992 425 2025; x_wconf 82' lang='lat' dir='ltr'>conciliare</span> <span class='ocrx_word' id='word_1_302' title='bbox 449 2003 522 2024; x_wconf 83' lang='grc'>011111</span> <span class='ocrx_word' id='word_1_303' title='bbox 546 1993 636 2035; x_wconf 77' lang='grc' dir='ltr'><strong><em>λόγῳ.</em></strong></span> <span class='ocrx_word' id='word_1_304' title='bbox 689 1991 758 2023; x_wconf 79' lang='lat' dir='ltr'>Has</span> <span class='ocrx_word' id='word_1_305' title='bbox 789 1991 1006 2023; x_wconf 77' lang='lat' dir='ltr'>confusiones</span> <span class='ocrx_word' id='word_1_306' title='bbox 1030 1987 1103 2019; x_wconf 90' lang='lat' dir='ltr'>reli-</span> 
     </span>
     <span class='ocr_line' id='line_1_44' title="bbox 120 2033 1084 2081; baseline -0.007 -12"><span class='ocrx_word' id='word_1_307' title='bbox 120 2038 255 2081; x_wconf 81' lang='lat' dir='ltr'>gionum</span> <span class='ocrx_word' id='word_1_308' title='bbox 279 2035 486 2080; x_wconf 76' lang='lat' dir='ltr'>intelligere,</span> <span class='ocrx_word' id='word_1_309' title='bbox 509 2042 539 2067; x_wconf 90' lang='lat' dir='ltr'>et</span> <span class='ocrx_word' id='word_1_310' title='bbox 564 2034 696 2077; x_wconf 80' lang='lat' dir='ltr'>fugere,</span> <span class='ocrx_word' id='word_1_311' title='bbox 720 2042 749 2066; x_wconf 84' lang='lat' dir='ltr'>et</span> <span class='ocrx_word' id='word_1_312' title='bbox 775 2035 925 2066; x_wconf 74' lang='lat' dir='ltr'>execrari</span> <span class='ocrx_word' id='word_1_313' title='bbox 950 2033 1084 2063; x_wconf 72' lang='lat' dir='ltr'>debetis.</span> 
     </span>
    </p>

    <p class='ocr_par' dir='ltr' id='par_1_7' title="bbox 120 2074 1105 2335">
     <span class='ocr_line' id='line_1_45' title="bbox 207 2074 1104 2119; baseline -0.008 -9"><span class='ocrx_word' id='word_1_314' title='bbox 207 2078 383 2111; x_wconf 73' lang='lat' dir='ltr'>vocabulo</span> <span class='ocrx_word' id='word_1_315' title='bbox 413 2079 568 2109; x_wconf 72' lang='lat' dir='ltr'>seroie-uli</span> <span class='ocrx_word' id='word_1_316' title='bbox 598 2077 828 2119; x_wconf 74' lang='lat' dir='ltr'>complectitur</span> <span class='ocrx_word' id='word_1_317' title='bbox 855 2086 971 2109; x_wconf 87' lang='lat' dir='ltr'>omnes</span> <span class='ocrx_word' id='word_1_318' title='bbox 995 2074 1104 2107; x_wconf 91' lang='lat' dir='ltr'>cultus</span> 
     </span>
     <span class='ocr_line' id='line_1_46' title="bbox 120 2119 1105 2156; baseline -0.007 0"><span class='ocrx_word' id='word_1_319' title='bbox 120 2123 193 2156; x_wconf 89' lang='lat' dir='ltr'>Dei.</span> <span class='ocrx_word' id='word_1_320' title='bbox 241 2123 299 2155; x_wconf 90' lang='lat' dir='ltr'>Sic</span> <span class='ocrx_word' id='word_1_321' title='bbox 321 2129 432 2154; x_wconf 85' lang='lat' dir='ltr'>autem</span> <span class='ocrx_word' id='word_1_322' title='bbox 457 2123 584 2154; x_wconf 71' lang='lat' dir='ltr'>servire</span> <span class='ocrx_word' id='word_1_323' title='bbox 608 2122 766 2153; x_wconf 80' lang='lat' dir='ltr'>debemus</span> <span class='ocrx_word' id='word_1_324' title='bbox 790 2120 883 2153; x_wconf 73' lang='lat' dir='ltr'>Deo.</span> <span class='ocrx_word' id='word_1_325' title='bbox 909 2120 994 2151; x_wconf 86' lang='lat' dir='ltr'>sicut</span> <span class='ocrx_word' id='word_1_326' title='bbox 1018 2119 1105 2149; x_wconf 82' lang='lat' dir='ltr'>ordi-</span> 
     </span>
     <span class='ocr_line' id='line_1_47' title="bbox 121 2161 1104 2207; baseline -0.007 -9"><span class='ocrx_word' id='word_1_327' title='bbox 121 2168 221 2199; x_wconf 78' lang='lat' dir='ltr'>navit.</span> <span class='ocrx_word' id='word_1_328' title='bbox 269 2165 376 2197; x_wconf 86' lang='lat' dir='ltr'>Debet</span> <span class='ocrx_word' id='word_1_329' title='bbox 408 2164 463 2197; x_wconf 90' lang='lat' dir='ltr'>ille</span> <span class='ocrx_word' id='word_1_330' title='bbox 495 2165 569 2197; x_wconf 81' lang='lat' dir='ltr'>finis</span> <span class='ocrx_word' id='word_1_331' title='bbox 600 2175 677 2197; x_wconf 84' lang='lat' dir='ltr'>esse</span> <span class='ocrx_word' id='word_1_332' title='bbox 701 2163 891 2207; x_wconf 79' lang='lat' dir='ltr'>principalis</span> <span class='ocrx_word' id='word_1_333' title='bbox 915 2170 945 2194; x_wconf 87' lang='lat' dir='ltr'>et</span> <span class='ocrx_word' id='word_1_334' title='bbox 970 2161 1104 2193; x_wconf 88' lang='lat' dir='ltr'>ultimus</span> 
     </span>
     <span class='ocr_line' id='line_1_48' title="bbox 120 2203 1104 2245; baseline -0.008 -3"><span class='ocrx_word' id='word_1_335' title='bbox 120 2211 323 2242; x_wconf 78' lang='lat' dir='ltr'>adorationis</span> <span class='ocrx_word' id='word_1_336' title='bbox 358 2215 389 2241; x_wconf 91' lang='lat' dir='ltr'>et</span> <span class='ocrx_word' id='word_1_337' title='bbox 425 2206 564 2240; x_wconf 82' lang='lat' dir='ltr'>aliorum</span> <span class='ocrx_word' id='word_1_338' title='bbox 600 2208 802 2245; x_wconf 77' lang='lat' dir='ltr'>officiorum,</span> <span class='ocrx_word' id='word_1_339' title='bbox 834 2213 868 2239; x_wconf 89' lang='lat' dir='ltr'>ut</span> <span class='ocrx_word' id='word_1_340' title='bbox 898 2205 991 2237; x_wconf 87' lang='lat' dir='ltr'>colas</span> <span class='ocrx_word' id='word_1_341' title='bbox 1015 2203 1104 2236; x_wconf 89' lang='lat' dir='ltr'>illum</span> 
     </span>
     <span class='ocr_line' id='line_1_49' title="bbox 121 2248 1105 2285; baseline -0.005 -2"><span class='ocrx_word' id='word_1_342' title='bbox 121 2253 228 2284; x_wconf 77' lang='lat' dir='ltr'>solum</span> <span class='ocrx_word' id='word_1_343' title='bbox 255 2264 366 2285; x_wconf 87' lang='lat' dir='ltr'>verum</span> <span class='ocrx_word' id='word_1_344' title='bbox 391 2251 498 2283; x_wconf 87' lang='lat' dir='ltr'>Deum</span> <span class='ocrx_word' id='word_1_345' title='bbox 523 2253 610 2283; x_wconf 69' lang='lat' dir='ltr'>iimta</span> <span class='ocrx_word' id='word_1_346' title='bbox 635 2251 737 2283; x_wconf 74' lang='lat' dir='ltr'>verba</span> <span class='ocrx_word' id='word_1_347' title='bbox 768 2251 938 2282; x_wconf 79' lang='lat' dir='ltr'>traditum:</span> <span class='ocrx_word' id='word_1_348' title='bbox 969 2259 1035 2279; x_wconf 91' lang='lat' dir='ltr'>non</span> <span class='ocrx_word' id='word_1_349' title='bbox 1060 2248 1105 2279; x_wconf 81' lang='lat' dir='ltr'>sn-</span> 
     </span>
     <span class='ocr_line' id='line_1_50' title="bbox 122 2293 1077 2335; baseline -0.007 -7"><span class='ocrx_word' id='word_1_350' title='bbox 122 2298 191 2329; x_wconf 60' lang='lat' dir='ltr'>cin»</span> <span class='ocrx_word' id='word_1_351' title='bbox 216 2295 324 2328; x_wconf 64' lang='lat' dir='ltr'>cultus</span> <span class='ocrx_word' id='word_1_352' title='bbox 349 2303 443 2327; x_wconf 72' lang='lat' dir='ltr'>extra</span> <span class='ocrx_word' id='word_1_353' title='bbox 469 2295 616 2326; x_wconf 85' lang='lat' dir='ltr'>ordinem</span> <span class='ocrx_word' id='word_1_354' title='bbox 641 2295 672 2325; x_wconf 90' lang='lat' dir='ltr'>in</span> <span class='ocrx_word' id='word_1_355' title='bbox 698 2295 801 2325; x_wconf 76' lang='lat' dir='ltr'>verbo</span> <span class='ocrx_word' id='word_1_356' title='bbox 827 2293 1077 2335; x_wconf 66' lang='lat' dir='ltr'>praescriptum.</span> 
     </span>
    </p>

    <p class='ocr_par' dir='ltr' id='par_1_8' title="bbox 123 2336 1106 2501">
     <span class='ocr_line' id='line_1_51' title="bbox 209 2336 1105 2380; baseline -0.004 -10"><span class='ocrx_word' id='word_1_357' title='bbox 209 2339 255 2371; x_wconf 83' lang='lat' dir='ltr'>ltn</span> <span class='ocrx_word' id='word_1_358' title='bbox 281 2339 344 2370; x_wconf 82' lang='lat' dir='ltr'>hoc</span> <span class='ocrx_word' id='word_1_359' title='bbox 368 2346 580 2380; x_wconf 83' lang='lat' dir='ltr'>praeceptum</span> <span class='ocrx_word' id='word_1_360' title='bbox 605 2336 719 2380; x_wconf 85' lang='lat' dir='ltr'>alligat</span> <span class='ocrx_word' id='word_1_361' title='bbox 741 2348 801 2368; x_wconf 76' lang='lat' dir='ltr'>nos</span> <span class='ocrx_word' id='word_1_362' title='bbox 821 2339 861 2368; x_wconf 78' lang='grc'>1111</span> <span class='ocrx_word' id='word_1_363' title='bbox 884 2336 989 2367; x_wconf 85' lang='lat' dir='ltr'>Deum</span> <span class='ocrx_word' id='word_1_364' title='bbox 1014 2342 1105 2376; x_wconf 81' lang='lat' dir='ltr'>pate-</span> 
     </span>
     <span class='ocr_line' id='line_1_52' title="bbox 123 2379 1105 2421; baseline -0.006 -7"><span class='ocrx_word' id='word_1_365' title='bbox 123 2383 262 2419; x_wconf 72' lang='lat' dir='ltr'>factum,</span> <span class='ocrx_word' id='word_1_366' title='bbox 295 2389 325 2413; x_wconf 81' lang='grc'>01</span> <span class='ocrx_word' id='word_1_367' title='bbox 357 2383 398 2413; x_wconf 83' lang='lat' dir='ltr'>ad</span> <span class='ocrx_word' id='word_1_368' title='bbox 427 2383 559 2413; x_wconf 80' lang='lat' dir='ltr'>niodum</span> <span class='ocrx_word' id='word_1_369' title='bbox 584 2379 713 2412; x_wconf 89' lang='lat' dir='ltr'>colendi</span> <span class='ocrx_word' id='word_1_370' title='bbox 739 2380 865 2419; x_wconf 83' lang='lat' dir='ltr'>Deum,</span> <span class='ocrx_word' id='word_1_371' title='bbox 890 2381 943 2421; x_wconf 89' lang='lat' dir='ltr'>qui</span> <span class='ocrx_word' id='word_1_372' title='bbox 967 2385 1019 2409; x_wconf 81' lang='lat' dir='ltr'>est</span> <span class='ocrx_word' id='word_1_373' title='bbox 1043 2387 1105 2409; x_wconf 78' lang='lat' dir='ltr'>tru-</span> 
     </span>
     <span class='ocr_line' id='line_1_53' title="bbox 123 2421 1106 2467; baseline -0.005 -10"><span class='ocrx_word' id='word_1_374' title='bbox 123 2428 211 2457; x_wconf 69' lang='grc'>111111-</span> <span class='ocrx_word' id='word_1_375' title='bbox 242 2426 273 2456; x_wconf 84' lang='grc'>111</span> <span class='ocrx_word' id='word_1_376' title='bbox 306 2427 407 2457; x_wconf 81' lang='lat' dir='ltr'>verbo</span> <span class='ocrx_word' id='word_1_377' title='bbox 465 2424 646 2467; x_wconf 80' lang='lat' dir='ltr'>Repetatur</span> <span class='ocrx_word' id='word_1_378' title='bbox 669 2425 767 2467; x_wconf 80' lang='lat' dir='ltr'>igitur</span> <span class='ocrx_word' id='word_1_379' title='bbox 790 2425 843 2456; x_wconf 87' lang='lat' dir='ltr'>hic</span> <span class='ocrx_word' id='word_1_380' title='bbox 868 2423 1012 2455; x_wconf 84' lang='lat' dir='ltr'>delinitio</span> <span class='ocrx_word' id='word_1_381' title='bbox 1038 2421 1106 2453; x_wconf 89' lang='lat' dir='ltr'>cul-</span> 
     </span>
     <span class='ocr_line' id='line_1_54' title="bbox 123 2468 271 2501; baseline -0.007 -1"><span class='ocrx_word' id='word_1_382' title='bbox 123 2476 175 2501; x_wconf 81' lang='lat' dir='ltr'>tus</span> <span class='ocrx_word' id='word_1_383' title='bbox 199 2468 271 2501; x_wconf 87' lang='lat' dir='ltr'>Dei.</span> 
     </span>
    </p>
   </div>
   <div class='ocr_carea' id='block_1_3' title="bbox 759 130 1493 166">
    <p class='ocr_par' dir='ltr' id='par_1_9' title="bbox 759 130 1493 166">
     <span class='ocr_line' id='line_1_55' title="bbox 759 130 1493 166; baseline -0.003 -1"><span class='ocrx_word' id='word_1_384' title='bbox 759 133 870 165; x_wconf 84' lang='lat' dir='ltr'><strong>PHIL.</strong></span> <span class='ocrx_word' id='word_1_385' title='bbox 894 133 998 166; x_wconf 77' lang='lat' dir='ltr'><strong>MEL.</strong></span> <span class='ocrx_word' id='word_1_386' title='bbox 1017 132 1206 166; x_wconf 80' lang='lat' dir='ltr'><strong>SCRIPTA</strong></span> <span class='ocrx_word' id='word_1_387' title='bbox 1229 130 1493 164; x_wconf 81' lang='lat' dir='ltr'>EXEGETlCA.</span> 
     </span>
    </p>
   </div>
   <div class='ocr_carea' id='block_1_4' title="bbox 2064 131 2129 164">
    <p class='ocr_par' dir='ltr' id='par_1_10' title="bbox 2064 131 2129 164">
     <span class='ocr_line' id='line_1_56' title="bbox 2064 131 2129 164; baseline 0 0"><span class='ocrx_word' id='word_1_388' title='bbox 2064 131 2129 164; x_wconf 73' lang='lat'>464</span> 
     </span>
    </p>
   </div>
   <div class='ocr_carea' id='block_1_5' title="bbox 1317 227 1965 279">
    <p class='ocr_par' dir='ltr' id='par_1_11' title="bbox 1317 227 1965 279">
     <span class='ocr_line' id='line_1_57' title="bbox 1317 227 1965 279; baseline 0 -9"><span class='ocrx_word' id='word_1_389' title='bbox 1317 227 1427 279; x_wconf 87' lang='lat' dir='ltr'>Quid</span> <span class='ocrx_word' id='word_1_390' title='bbox 1457 235 1520 270; x_wconf 82' lang='lat' dir='ltr'>est</span> <span class='ocrx_word' id='word_1_391' title='bbox 1549 242 1670 269; x_wconf 82' lang='lat' dir='ltr'>verus</span> <span class='ocrx_word' id='word_1_392' title='bbox 1700 227 1779 269; x_wconf 90' lang='lat' dir='ltr'>Dei</span> <span class='ocrx_word' id='word_1_393' title='bbox 1811 228 1965 270; x_wconf 82' lang='lat' dir='ltr'>cultus?</span> 
     </span>
    </p>
   </div>
   <div class='ocr_carea' id='block_1_6' title="bbox 1126 320 2155 1745">
    <p class='ocr_par' dir='ltr' id='par_1_12' title="bbox 1153 320 2134 484">
     <span class='ocr_line' id='line_1_58' title="bbox 1238 320 2133 364; baseline -0.001 -9"><span class='ocrx_word' id='word_1_394' title='bbox 1238 321 1301 354; x_wconf 81' lang='lat' dir='ltr'>Est</span> <span class='ocrx_word' id='word_1_395' title='bbox 1334 332 1419 364; x_wconf 83' lang='lat' dir='ltr'>opus</span> <span class='ocrx_word' id='word_1_396' title='bbox 1452 322 1641 355; x_wconf 86' lang='lat' dir='ltr'>mandatum</span> <span class='ocrx_word' id='word_1_397' title='bbox 1669 332 1689 354; x_wconf 86' lang='lat' dir='ltr'>a</span> <span class='ocrx_word' id='word_1_398' title='bbox 1716 320 1809 361; x_wconf 91' lang='lat' dir='ltr'>Deo,</span> <span class='ocrx_word' id='word_1_399' title='bbox 1843 320 1966 354; x_wconf 82' lang='lat' dir='ltr'>factum</span> <span class='ocrx_word' id='word_1_400' title='bbox 1993 322 2026 354; x_wconf 90' lang='grc'>111</span> <span class='ocrx_word' id='word_1_401' title='bbox 2053 320 2133 361; x_wconf 79' lang='lat' dir='ltr'>fide,</span> 
     </span>
     <span class='ocr_line' id='line_1_59' title="bbox 1153 364 2133 407; baseline -0.002 -9"><span class='ocrx_word' id='word_1_402' title='bbox 1153 364 1208 398; x_wconf 88' lang='lat' dir='ltr'>vel</span> <span class='ocrx_word' id='word_1_403' title='bbox 1243 364 1457 407; x_wconf 82' lang='lat' dir='ltr'>praelucente</span> <span class='ocrx_word' id='word_1_404' title='bbox 1492 365 1576 405; x_wconf 87' lang='lat' dir='ltr'>fide,</span> <span class='ocrx_word' id='word_1_405' title='bbox 1610 365 1642 396; x_wconf 92' lang='lat' dir='ltr'>id</span> <span class='ocrx_word' id='word_1_406' title='bbox 1676 372 1745 404; x_wconf 90' lang='lat' dir='ltr'>est,</span> <span class='ocrx_word' id='word_1_407' title='bbox 1778 364 1899 397; x_wconf 80' lang='lat' dir='ltr'>fiducia</span> <span class='ocrx_word' id='word_1_408' title='bbox 1927 365 2133 397; x_wconf 85' lang='lat' dir='ltr'>mediatoris:</span> 
     </span>
     <span class='ocr_line' id='line_1_60' title="bbox 1154 406 2134 451; baseline -0.002 -10"><span class='ocrx_word' id='word_1_409' title='bbox 1154 409 1248 441; x_wconf 86' lang='lat' dir='ltr'>cuius</span> <span class='ocrx_word' id='word_1_410' title='bbox 1272 409 1383 451; x_wconf 87' lang='lat' dir='ltr'>operis</span> <span class='ocrx_word' id='word_1_411' title='bbox 1407 409 1480 441; x_wconf 79' lang='lat' dir='ltr'>finis</span> <span class='ocrx_word' id='word_1_412' title='bbox 1502 410 1667 441; x_wconf 89' lang='lat' dir='ltr'>mediatus</span> <span class='ocrx_word' id='word_1_413' title='bbox 1691 406 1747 440; x_wconf 88' lang='lat' dir='ltr'>vel</span> <span class='ocrx_word' id='word_1_414' title='bbox 1767 408 1973 441; x_wconf 87' lang='lat' dir='ltr'>immediatus</span> <span class='ocrx_word' id='word_1_415' title='bbox 1996 415 2064 447; x_wconf 88' lang='lat' dir='ltr'>est,</span> <span class='ocrx_word' id='word_1_416' title='bbox 2096 413 2134 440; x_wconf 88' lang='lat' dir='ltr'>ut</span> 
     </span>
     <span class='ocr_line' id='line_1_61' title="bbox 1153 451 1597 484; baseline 0 0"><span class='ocrx_word' id='word_1_417' title='bbox 1153 451 1249 484; x_wconf 85' lang='lat' dir='ltr'>Deus</span> <span class='ocrx_word' id='word_1_418' title='bbox 1272 452 1399 484; x_wconf 88' lang='lat' dir='ltr'>honore</span> <span class='ocrx_word' id='word_1_419' title='bbox 1422 451 1597 484; x_wconf 83' lang='lat' dir='ltr'>afficiatur.</span> 
     </span>
    </p>

    <p class='ocr_par' dir='ltr' id='par_1_13' title="bbox 1153 493 2155 711">
     <span class='ocr_line' id='line_1_62' title="bbox 1239 493 2135 528; baseline -0.001 -2"><span class='ocrx_word' id='word_1_420' title='bbox 1239 494 1310 527; x_wconf 86' lang='lat' dir='ltr'>Tua</span> <span class='ocrx_word' id='word_1_421' title='bbox 1338 495 1448 527; x_wconf 90' lang='lat' dir='ltr'>studia</span> <span class='ocrx_word' id='word_1_422' title='bbox 1476 502 1554 527; x_wconf 88' lang='lat' dir='ltr'>sunt</span> <span class='ocrx_word' id='word_1_423' title='bbox 1584 493 1693 528; x_wconf 90' lang='lat' dir='ltr'>cultus</span> <span class='ocrx_word' id='word_1_424' title='bbox 1721 494 1785 526; x_wconf 92' lang='lat' dir='ltr'>Dei</span> <span class='ocrx_word' id='word_1_425' title='bbox 1813 504 1876 526; x_wconf 80' lang='lat' dir='ltr'>suo</span> <span class='ocrx_word' id='word_1_426' title='bbox 1901 494 2032 526; x_wconf 87' lang='lat' dir='ltr'>ordine:</span> <span class='ocrx_word' id='word_1_427' title='bbox 2067 503 2135 525; x_wconf 87' lang='lat' dir='ltr'>non</span> 
     </span>
     <span class='ocr_line' id='line_1_63' title="bbox 1154 535 2135 580; baseline -0.002 -10"><span class='ocrx_word' id='word_1_428' title='bbox 1154 538 1242 580; x_wconf 87' lang='lat' dir='ltr'>quod</span> <span class='ocrx_word' id='word_1_429' title='bbox 1265 538 1450 570; x_wconf 84' lang='lat' dir='ltr'>immediate</span> <span class='ocrx_word' id='word_1_430' title='bbox 1473 538 1582 571; x_wconf 82' lang='lat' dir='ltr'>Deum</span> <span class='ocrx_word' id='word_1_431' title='bbox 1604 537 1734 570; x_wconf 90' lang='lat' dir='ltr'>honore</span> <span class='ocrx_word' id='word_1_432' title='bbox 1756 535 1901 572; x_wconf 72' lang='lat' dir='ltr'>affieias.</span> <span class='ocrx_word' id='word_1_433' title='bbox 1932 548 2006 569; x_wconf 90' lang='lat' dir='ltr'>cum</span> <span class='ocrx_word' id='word_1_434' title='bbox 2032 537 2135 568; x_wconf 85' lang='lat' dir='ltr'>discis</span> 
     </span>
     <span class='ocr_line' id='line_1_64' title="bbox 1155 579 2135 621; baseline 0 -10"><span class='ocrx_word' id='word_1_435' title='bbox 1155 581 1430 621; x_wconf 86' lang='lat' dir='ltr'>Grammaticam,</span> <span class='ocrx_word' id='word_1_436' title='bbox 1453 582 1513 614; x_wconf 87' lang='lat' dir='ltr'>sed</span> <span class='ocrx_word' id='word_1_437' title='bbox 1535 581 1683 613; x_wconf 83' lang='lat' dir='ltr'>mediate.</span> <span class='ocrx_word' id='word_1_438' title='bbox 1741 579 1819 613; x_wconf 90' lang='lat' dir='ltr'>ldeo</span> <span class='ocrx_word' id='word_1_439' title='bbox 1842 581 1927 612; x_wconf 90' lang='lat' dir='ltr'>enim</span> <span class='ocrx_word' id='word_1_440' title='bbox 1951 580 2070 618; x_wconf 79' lang='lat' dir='ltr'>discis,</span> <span class='ocrx_word' id='word_1_441' title='bbox 2099 585 2135 611; x_wconf 89' lang='lat' dir='ltr'>ut</span> 
     </span>
     <span class='ocr_line' id='line_1_65' title="bbox 1153 622 2155 667; baseline 0.002 -13"><span class='ocrx_word' id='word_1_442' title='bbox 1153 622 1320 667; x_wconf 85' lang='lat' dir='ltr'>intelligas</span> <span class='ocrx_word' id='word_1_443' title='bbox 1347 634 1532 656; x_wconf 89' lang='lat' dir='ltr'>sermonem</span> <span class='ocrx_word' id='word_1_444' title='bbox 1560 635 1711 663; x_wconf 84' lang='lat' dir='ltr'>sacrum,</span> <span class='ocrx_word' id='word_1_445' title='bbox 1738 631 1772 655; x_wconf 89' lang='lat' dir='ltr'>et</span> <span class='ocrx_word' id='word_1_446' title='bbox 1799 623 1885 656; x_wconf 88' lang='lat' dir='ltr'>alios</span> <span class='ocrx_word' id='word_1_447' title='bbox 1914 629 2032 665; x_wconf 88' lang='lat' dir='ltr'>postea</span> <span class='ocrx_word' id='word_1_448' title='bbox 2061 623 2155 656; x_wconf 74' lang='lat' dir='ltr'>eru-&#39;.</span> 
     </span>
     <span class='ocr_line' id='line_1_66' title="bbox 1154 667 2132 711; baseline 0.001 -14"><span class='ocrx_word' id='word_1_449' title='bbox 1154 667 1226 698; x_wconf 87' lang='lat' dir='ltr'>dias</span> <span class='ocrx_word' id='word_1_450' title='bbox 1251 674 1283 699; x_wconf 91' lang='lat' dir='ltr'>et</span> <span class='ocrx_word' id='word_1_451' title='bbox 1307 667 1451 707; x_wconf 87' lang='lat' dir='ltr'>doceas,</span> <span class='ocrx_word' id='word_1_452' title='bbox 1475 678 1643 711; x_wconf 87' lang='lat' dir='ltr'>propages</span> <span class='ocrx_word' id='word_1_453' title='bbox 1667 667 1870 705; x_wconf 86' lang='lat' dir='ltr'>doctrinam,</span> <span class='ocrx_word' id='word_1_454' title='bbox 1894 673 1927 698; x_wconf 87' lang='lat' dir='ltr'>et</span> <span class='ocrx_word' id='word_1_455' title='bbox 1950 675 2132 698; x_wconf 74' lang='lat' dir='ltr'>conserves</span> 
     </span>
    </p>

    <p class='ocr_par' dir='ltr' id='par_1_14' title="bbox 1126 701 1386 753">
     <span class='ocr_line' id='line_1_67' title="bbox 1126 701 1386 753; baseline 0 -12"><span class='ocrx_word' id='word_1_456' title='bbox 1126 701 1129 753; x_wconf 72' lang='grc'>1</span> <span class='ocrx_word' id='word_1_457' title='bbox 1153 709 1292 752; x_wconf 86' lang='lat' dir='ltr'>gloriam</span> <span class='ocrx_word' id='word_1_458' title='bbox 1314 709 1386 742; x_wconf 73' lang='lat' dir='ltr'>Dei,</span> 
     </span>
    </p>

    <p class='ocr_par' dir='ltr' id='par_1_15' title="bbox 1153 750 2137 1010">
     <span class='ocr_line' id='line_1_68' title="bbox 1239 750 2137 786; baseline -0.001 -2"><span class='ocrx_word' id='word_1_459' title='bbox 1239 752 1396 785; x_wconf 84' lang='lat' dir='ltr'>Monachi</span> <span class='ocrx_word' id='word_1_460' title='bbox 1415 754 1567 785; x_wconf 82' lang='lat' dir='ltr'>dixerunt</span> <span class='ocrx_word' id='word_1_461' title='bbox 1583 763 1664 786; x_wconf 87' lang='lat' dir='ltr'>suas</span> <span class='ocrx_word' id='word_1_462' title='bbox 1681 753 1937 785; x_wconf 71' lang='lat' dir='ltr'>observationes</span> <span class='ocrx_word' id='word_1_463' title='bbox 1961 762 2038 784; x_wconf 89' lang='lat' dir='ltr'>esse</span> <span class='ocrx_word' id='word_1_464' title='bbox 2056 750 2137 784; x_wconf 76' lang='lat' dir='ltr'>talia</span> 
     </span>
     <span class='ocr_line' id='line_1_69' title="bbox 1153 793 2134 838; baseline -0.001 -11"><span class='ocrx_word' id='word_1_465' title='bbox 1153 806 1267 837; x_wconf 85' lang='lat' dir='ltr'>opera,</span> <span class='ocrx_word' id='word_1_466' title='bbox 1300 796 1420 838; x_wconf 89' lang='lat' dir='ltr'>quibus</span> <span class='ocrx_word' id='word_1_467' title='bbox 1454 797 1639 828; x_wconf 87' lang='lat' dir='ltr'>immediate</span> <span class='ocrx_word' id='word_1_468' title='bbox 1668 796 1762 828; x_wconf 86' lang='lat' dir='ltr'>Deus</span> <span class='ocrx_word' id='word_1_469' title='bbox 1796 796 1924 828; x_wconf 91' lang='lat' dir='ltr'>honore</span> <span class='ocrx_word' id='word_1_470' title='bbox 1953 793 2134 828; x_wconf 80' lang='lat' dir='ltr'>afficiatur:</span> 
     </span>
     <span class='ocr_line' id='line_1_70' title="bbox 1153 837 2136 872; baseline 0 -2"><span class='ocrx_word' id='word_1_471' title='bbox 1153 839 1214 870; x_wconf 90' lang='lat' dir='ltr'>sed</span> <span class='ocrx_word' id='word_1_472' title='bbox 1250 845 1363 870; x_wconf 89' lang='lat' dir='ltr'>errant</span> <span class='ocrx_word' id='word_1_473' title='bbox 1397 839 1430 870; x_wconf 92' lang='lat' dir='ltr'>in</span> <span class='ocrx_word' id='word_1_474' title='bbox 1461 845 1534 871; x_wconf 91' lang='lat' dir='ltr'>utro</span> <span class='ocrx_word' id='word_1_475' title='bbox 1560 849 1612 871; x_wconf 90' lang='lat' dir='ltr'>ue.</span> <span class='ocrx_word' id='word_1_476' title='bbox 1669 840 1745 871; x_wconf 90' lang='lat' dir='ltr'>Non</span> <span class='ocrx_word' id='word_1_477' title='bbox 1775 840 1926 872; x_wconf 73' lang='lat' dir='ltr'>serviunt</span> <span class='ocrx_word' id='word_1_478' title='bbox 1948 837 2023 871; x_wconf 89' lang='lat' dir='ltr'>Deo</span> <span class='ocrx_word' id='word_1_479' title='bbox 2046 839 2136 870; x_wconf 76' lang='lat' dir='ltr'>iuxta</span> 
     </span>
     <span class='ocr_line' id='line_1_71' title="bbox 1153 882 2135 923; baseline -0.001 -9"><span class='ocrx_word' id='word_1_480' title='bbox 1153 882 1345 914; x_wconf 87' lang='lat' dir='ltr'>mandatum</span> <span class='ocrx_word' id='word_1_481' title='bbox 1378 882 1492 923; x_wconf 90' lang='lat' dir='ltr'>ipsius.</span> <span class='ocrx_word' id='word_1_482' title='bbox 1583 883 1680 914; x_wconf 88' lang='lat' dir='ltr'>einde</span> <span class='ocrx_word' id='word_1_483' title='bbox 1713 893 1780 914; x_wconf 91' lang='lat' dir='ltr'>non</span> <span class='ocrx_word' id='word_1_484' title='bbox 1815 888 1951 914; x_wconf 78' lang='lat' dir='ltr'>servant</span> <span class='ocrx_word' id='word_1_485' title='bbox 1985 882 2135 914; x_wconf 90' lang='lat' dir='ltr'>ordinem</span> 
     </span>
     <span class='ocr_line' id='line_1_72' title="bbox 1154 924 2134 958; baseline -0.001 -2"><span class='ocrx_word' id='word_1_486' title='bbox 1154 926 1251 956; x_wconf 89' lang='lat' dir='ltr'>etiam</span> <span class='ocrx_word' id='word_1_487' title='bbox 1285 925 1317 956; x_wconf 92' lang='lat' dir='ltr'>in</span> <span class='ocrx_word' id='word_1_488' title='bbox 1351 926 1452 957; x_wconf 87' lang='lat' dir='ltr'>rebus</span> <span class='ocrx_word' id='word_1_489' title='bbox 1487 925 1613 957; x_wconf 86' lang='lat' dir='ltr'>mediis.</span> <span class='ocrx_word' id='word_1_490' title='bbox 1669 924 1730 957; x_wconf 83' lang='grc'>1113</span> <span class='ocrx_word' id='word_1_491' title='bbox 1764 925 1974 958; x_wconf 84' lang='lat' dir='ltr'>conturbatio</span> <span class='ocrx_word' id='word_1_492' title='bbox 2009 925 2134 957; x_wconf 82' lang='lat' dir='ltr'>ordinis</span> 
     </span>
     <span class='ocr_line' id='line_1_73' title="bbox 1153 966 1528 1010; baseline -0.003 -10"><span class='ocrx_word' id='word_1_493' title='bbox 1153 966 1231 1000; x_wconf 82' lang='lat' dir='ltr'>facit</span> <span class='ocrx_word' id='word_1_494' title='bbox 1254 978 1339 1010; x_wconf 89' lang='lat' dir='ltr'>opus</span> <span class='ocrx_word' id='word_1_495' title='bbox 1363 968 1528 1000; x_wconf 86' lang='lat' dir='ltr'>vitiosum.</span> 
     </span>
    </p>

    <p class='ocr_par' dir='ltr' id='par_1_16' title="bbox 1153 1010 2140 1398">
     <span class='ocr_line' id='line_1_74' title="bbox 1240 1010 2138 1053; baseline 0 -11"><span class='ocrx_word' id='word_1_496' title='bbox 1240 1011 1330 1043; x_wconf 88' lang='lat' dir='ltr'>Finis</span> <span class='ocrx_word' id='word_1_497' title='bbox 1353 1012 1447 1053; x_wconf 87' lang='lat' dir='ltr'>primi</span> <span class='ocrx_word' id='word_1_498' title='bbox 1471 1012 1638 1053; x_wconf 82' lang='lat' dir='ltr'>praecepti</span> <span class='ocrx_word' id='word_1_499' title='bbox 1661 1011 1866 1043; x_wconf 85' lang='lat' dir='ltr'>immediatus</span> <span class='ocrx_word' id='word_1_500' title='bbox 1890 1017 1956 1050; x_wconf 81' lang='lat' dir='ltr'>est,</span> <span class='ocrx_word' id='word_1_501' title='bbox 1984 1018 2020 1043; x_wconf 88' lang='lat' dir='ltr'>ut</span> <span class='ocrx_word' id='word_1_502' title='bbox 2041 1010 2138 1042; x_wconf 80' lang='lat' dir='ltr'>Deus</span> 
     </span>
     <span class='ocr_line' id='line_1_75' title="bbox 1153 1052 2137 1092; baseline -0.003 -6"><span class='ocrx_word' id='word_1_503' title='bbox 1153 1055 1280 1086; x_wconf 89' lang='lat' dir='ltr'>bonore</span> <span class='ocrx_word' id='word_1_504' title='bbox 1303 1053 1481 1086; x_wconf 86' lang='lat' dir='ltr'>afficiatur:</span> <span class='ocrx_word' id='word_1_505' title='bbox 1507 1065 1581 1086; x_wconf 90' lang='lat' dir='ltr'>cum</span> <span class='ocrx_word' id='word_1_506' title='bbox 1604 1064 1680 1087; x_wconf 89' lang='lat' dir='ltr'>eum</span> <span class='ocrx_word' id='word_1_507' title='bbox 1703 1056 1810 1092; x_wconf 85' lang='lat' dir='ltr'>times,</span> <span class='ocrx_word' id='word_1_508' title='bbox 1835 1064 1908 1086; x_wconf 88' lang='lat' dir='ltr'>cum</span> <span class='ocrx_word' id='word_1_509' title='bbox 1932 1054 1962 1085; x_wconf 85' lang='lat' dir='ltr'>ei</span> <span class='ocrx_word' id='word_1_510' title='bbox 1985 1052 2137 1086; x_wconf 86' lang='lat' dir='ltr'>confidis.</span> 
     </span>
     <span class='ocr_line' id='line_1_76' title="bbox 1154 1096 2138 1140; baseline -0.003 -11"><span class='ocrx_word' id='word_1_511' title='bbox 1154 1098 1189 1129; x_wconf 90' lang='lat' dir='ltr'>ln</span> <span class='ocrx_word' id='word_1_512' title='bbox 1213 1097 1288 1129; x_wconf 88' lang='lat' dir='ltr'>aliis</span> <span class='ocrx_word' id='word_1_513' title='bbox 1311 1099 1516 1140; x_wconf 86' lang='lat' dir='ltr'>praeceptis,</span> <span class='ocrx_word' id='word_1_514' title='bbox 1539 1098 1613 1128; x_wconf 78' lang='lat' dir='ltr'>Nou</span> <span class='ocrx_word' id='word_1_515' title='bbox 1636 1098 1781 1128; x_wconf 72' lang='lat' dir='ltr'>occides.-</span> <span class='ocrx_word' id='word_1_516' title='bbox 1818 1097 1891 1128; x_wconf 84' lang='lat' dir='ltr'>Non</span> <span class='ocrx_word' id='word_1_517' title='bbox 1914 1096 2138 1135; x_wconf 60' lang='lat' dir='ltr'>moechaberis,</span> 
     </span>
     <span class='ocr_line' id='line_1_77' title="bbox 1155 1140 2139 1183; baseline -0.002 -10"><span class='ocrx_word' id='word_1_518' title='bbox 1155 1147 1216 1173; x_wconf 90' lang='lat' dir='ltr'>etc.</span> <span class='ocrx_word' id='word_1_519' title='bbox 1252 1147 1328 1172; x_wconf 89' lang='lat' dir='ltr'>sunt</span> <span class='ocrx_word' id='word_1_520' title='bbox 1364 1142 1446 1173; x_wconf 79' lang='lat' dir='ltr'>lines</span> <span class='ocrx_word' id='word_1_521' title='bbox 1481 1140 1571 1173; x_wconf 91' lang='lat' dir='ltr'>multi</span> <span class='ocrx_word' id='word_1_522' title='bbox 1605 1141 1827 1173; x_wconf 88' lang='lat' dir='ltr'>subordinati:</span> <span class='ocrx_word' id='word_1_523' title='bbox 1863 1142 1973 1183; x_wconf 83' lang='lat' dir='ltr'>Opera</span> <span class='ocrx_word' id='word_1_524' title='bbox 1998 1141 2139 1171; x_wconf 84' lang='lat' dir='ltr'>istorum</span> 
     </span>
     <span class='ocr_line' id='line_1_78' title="bbox 1154 1182 2140 1227; baseline -0.002 -12"><span class='ocrx_word' id='word_1_525' title='bbox 1154 1191 1408 1227; x_wconf 89' lang='lat' dir='ltr'>praeceptorum</span> <span class='ocrx_word' id='word_1_526' title='bbox 1437 1191 1514 1217; x_wconf 85' lang='lat' dir='ltr'>sunt</span> <span class='ocrx_word' id='word_1_527' title='bbox 1538 1183 1647 1215; x_wconf 89' lang='lat' dir='ltr'>cultus</span> <span class='ocrx_word' id='word_1_528' title='bbox 1671 1184 1752 1222; x_wconf 77' lang='lat' dir='ltr'>Dei,</span> <span class='ocrx_word' id='word_1_529' title='bbox 1786 1184 1846 1215; x_wconf 89' lang='lat' dir='ltr'>sed</span> <span class='ocrx_word' id='word_1_530' title='bbox 1870 1184 2026 1216; x_wconf 88' lang='lat' dir='ltr'>mediate:</span> <span class='ocrx_word' id='word_1_531' title='bbox 2062 1182 2140 1225; x_wconf 86' lang='lat' dir='ltr'>quia</span> 
     </span>
     <span class='ocr_line' id='line_1_79' title="bbox 1155 1225 2139 1269; baseline -0.002 -10"><span class='ocrx_word' id='word_1_532' title='bbox 1155 1228 1286 1259; x_wconf 86' lang='lat' dir='ltr'>obiecta</span> <span class='ocrx_word' id='word_1_533' title='bbox 1320 1229 1470 1269; x_wconf 83' lang='lat' dir='ltr'>proxima</span> <span class='ocrx_word' id='word_1_534' title='bbox 1503 1234 1583 1259; x_wconf 81' lang='lat' dir='ltr'>sunt</span> <span class='ocrx_word' id='word_1_535' title='bbox 1616 1227 1784 1263; x_wconf 85' lang='lat' dir='ltr'>homines,</span> <span class='ocrx_word' id='word_1_536' title='bbox 1820 1238 1895 1259; x_wconf 90' lang='lat' dir='ltr'>cum</span> <span class='ocrx_word' id='word_1_537' title='bbox 1929 1227 2049 1268; x_wconf 85' lang='lat' dir='ltr'>quibus</span> <span class='ocrx_word' id='word_1_538' title='bbox 2081 1225 2139 1257; x_wconf 80' lang='lat' dir='ltr'>tibi</span> 
     </span>
     <span class='ocr_line' id='line_1_80' title="bbox 1154 1267 2140 1313; baseline -0.002 -11"><span class='ocrx_word' id='word_1_539' title='bbox 1154 1271 1320 1313; x_wconf 87' lang='lat' dir='ltr'>agendum</span> <span class='ocrx_word' id='word_1_540' title='bbox 1345 1278 1406 1302; x_wconf 85' lang='lat' dir='ltr'>est.</span> <span class='ocrx_word' id='word_1_541' title='bbox 1462 1269 1504 1302; x_wconf 88' lang='lat' dir='ltr'>Et</span> <span class='ocrx_word' id='word_1_542' title='bbox 1531 1277 1641 1302; x_wconf 90' lang='lat' dir='ltr'>tamen</span> <span class='ocrx_word' id='word_1_543' title='bbox 1670 1281 1744 1302; x_wconf 81' lang='lat' dir='ltr'>cuin</span> <span class='ocrx_word' id='word_1_544' title='bbox 1768 1276 1921 1312; x_wconf 76' lang='lat' dir='ltr'>praestas</span> <span class='ocrx_word' id='word_1_545' title='bbox 1944 1267 2002 1301; x_wconf 85' lang='lat' dir='ltr'>illa</span> <span class='ocrx_word' id='word_1_546' title='bbox 2025 1279 2140 1310; x_wconf 85' lang='lat' dir='ltr'>opera,</span> 
     </span>
     <span class='ocr_line' id='line_1_81' title="bbox 1154 1313 2139 1352; baseline -0.001 -8"><span class='ocrx_word' id='word_1_547' title='bbox 1154 1319 1191 1345; x_wconf 90' lang='lat' dir='ltr'>ut</span> <span class='ocrx_word' id='word_1_548' title='bbox 1212 1313 1288 1344; x_wconf 94' lang='lat' dir='ltr'>Deo</span> <span class='ocrx_word' id='word_1_549' title='bbox 1312 1314 1469 1352; x_wconf 85' lang='lat' dir='ltr'>obedias,</span> <span class='ocrx_word' id='word_1_550' title='bbox 1504 1320 1536 1345; x_wconf 88' lang='lat' dir='ltr'>et</span> <span class='ocrx_word' id='word_1_551' title='bbox 1566 1314 1695 1344; x_wconf 86' lang='lat' dir='ltr'>servias</span> <span class='ocrx_word' id='word_1_552' title='bbox 1718 1314 1748 1345; x_wconf 91' lang='lat' dir='ltr'>ei</span> <span class='ocrx_word' id='word_1_553' title='bbox 1771 1313 1954 1345; x_wconf 84' lang='lat' dir='ltr'>secundum</span> <span class='ocrx_word' id='word_1_554' title='bbox 1977 1313 2139 1350; x_wconf 73' lang='lat' dir='ltr'>ordiiiem,</span> 
     </span>
     <span class='ocr_line' id='line_1_82' title="bbox 1155 1354 1780 1398; baseline 0 -11"><span class='ocrx_word' id='word_1_555' title='bbox 1155 1366 1253 1398; x_wconf 86' lang='lat' dir='ltr'>quem</span> <span class='ocrx_word' id='word_1_556' title='bbox 1276 1357 1348 1397; x_wconf 81' lang='lat' dir='ltr'>ipse</span> <span class='ocrx_word' id='word_1_557' title='bbox 1371 1356 1528 1395; x_wconf 88' lang='lat' dir='ltr'>instituit,</span> <span class='ocrx_word' id='word_1_558' title='bbox 1552 1354 1636 1387; x_wconf 88' lang='lat' dir='ltr'>colis</span> <span class='ocrx_word' id='word_1_559' title='bbox 1660 1355 1780 1387; x_wconf 89' lang='lat' dir='ltr'>Deum.</span> 
     </span>
    </p>

    <p class='ocr_par' dir='ltr' id='par_1_17' title="bbox 1150 1397 2142 1745">
     <span class='ocr_line' id='line_1_83' title="bbox 1242 1397 2141 1438; baseline -0.001 -7"><span class='ocrx_word' id='word_1_560' title='bbox 1242 1399 1353 1431; x_wconf 88' lang='lat' dir='ltr'>Debet</span> <span class='ocrx_word' id='word_1_561' title='bbox 1374 1405 1484 1431; x_wconf 86' lang='lat' dir='ltr'>autem</span> <span class='ocrx_word' id='word_1_562' title='bbox 1507 1399 1540 1430; x_wconf 87' lang='lat' dir='ltr'>in</span> <span class='ocrx_word' id='word_1_563' title='bbox 1563 1397 1615 1429; x_wconf 87' lang='lat' dir='ltr'>his</span> <span class='ocrx_word' id='word_1_564' title='bbox 1639 1399 1792 1431; x_wconf 88' lang='lat' dir='ltr'>omnibus</span> <span class='ocrx_word' id='word_1_565' title='bbox 1811 1398 1972 1430; x_wconf 87' lang='lat' dir='ltr'>accedere</span> <span class='ocrx_word' id='word_1_566' title='bbox 1990 1398 2086 1438; x_wconf 82' lang='lat' dir='ltr'>fides,</span> <span class='ocrx_word' id='word_1_567' title='bbox 2103 1403 2141 1430; x_wconf 84' lang='lat' dir='ltr'>ut</span> 
     </span>
     <span class='ocr_line' id='line_1_84' title="bbox 1156 1441 2140 1484; baseline -0.001 -10"><span class='ocrx_word' id='word_1_568' title='bbox 1156 1448 1288 1474; x_wconf 84' lang='lat' dir='ltr'>statuas</span> <span class='ocrx_word' id='word_1_569' title='bbox 1311 1449 1344 1474; x_wconf 89' lang='lat' dir='ltr'>te</span> <span class='ocrx_word' id='word_1_570' title='bbox 1367 1452 1447 1474; x_wconf 71' lang='lat' dir='ltr'>vere</span> <span class='ocrx_word' id='word_1_571' title='bbox 1469 1442 1571 1484; x_wconf 88' lang='lat' dir='ltr'>recipi</span> <span class='ocrx_word' id='word_1_572' title='bbox 1594 1452 1615 1473; x_wconf 89' lang='grc'>3</span> <span class='ocrx_word' id='word_1_573' title='bbox 1633 1441 1719 1481; x_wconf 89' lang='lat' dir='ltr'>Deo,</span> <span class='ocrx_word' id='word_1_574' title='bbox 1743 1443 1801 1474; x_wconf 88' lang='lat' dir='ltr'>tibi</span> <span class='ocrx_word' id='word_1_575' title='bbox 1825 1452 1903 1474; x_wconf 80' lang='lat' dir='ltr'>vere</span> <span class='ocrx_word' id='word_1_576' title='bbox 1927 1441 2046 1474; x_wconf 83' lang='lat' dir='ltr'>remitti</span> <span class='ocrx_word' id='word_1_577' title='bbox 2064 1450 2140 1483; x_wconf 80' lang='lat' dir='ltr'>pee-</span> 
     </span>
     <span class='ocr_line' id='line_1_85' title="bbox 1157 1484 2142 1528; baseline -0.001 -11"><span class='ocrx_word' id='word_1_578' title='bbox 1157 1492 1250 1524; x_wconf 89' lang='lat' dir='ltr'>cata,</span> <span class='ocrx_word' id='word_1_579' title='bbox 1283 1492 1316 1518; x_wconf 84' lang='lat' dir='ltr'>te</span> <span class='ocrx_word' id='word_1_580' title='bbox 1350 1486 1458 1528; x_wconf 87' lang='lat' dir='ltr'>ipsum</span> <span class='ocrx_word' id='word_1_581' title='bbox 1491 1485 1627 1528; x_wconf 85' lang='lat' dir='ltr'>placere</span> <span class='ocrx_word' id='word_1_582' title='bbox 1661 1484 1752 1524; x_wconf 89' lang='lat' dir='ltr'>Deo,</span> <span class='ocrx_word' id='word_1_583' title='bbox 1787 1492 1820 1517; x_wconf 88' lang='lat' dir='ltr'>et</span> <span class='ocrx_word' id='word_1_584' title='bbox 1849 1485 1935 1517; x_wconf 85' lang='lat' dir='ltr'>haec</span> <span class='ocrx_word' id='word_1_585' title='bbox 1957 1491 2015 1517; x_wconf 85' lang='lat' dir='ltr'>tua</span> <span class='ocrx_word' id='word_1_586' title='bbox 2038 1493 2142 1527; x_wconf 75' lang='lat' dir='ltr'>opera</span> 
     </span>
     <span class='ocr_line' id='line_1_86' title="bbox 1156 1528 2140 1571; baseline -0.001 -11"><span class='ocrx_word' id='word_1_587' title='bbox 1156 1529 1313 1560; x_wconf 83' lang='lat' dir='ltr'>mandata</span> <span class='ocrx_word' id='word_1_588' title='bbox 1335 1540 1354 1561; x_wconf 90' lang='lat' dir='ltr'>a</span> <span class='ocrx_word' id='word_1_589' title='bbox 1377 1528 1451 1561; x_wconf 90' lang='lat' dir='ltr'>Deo</span> <span class='ocrx_word' id='word_1_590' title='bbox 1474 1529 1609 1571; x_wconf 86' lang='lat' dir='ltr'>probari</span> <span class='ocrx_word' id='word_1_591' title='bbox 1632 1529 1675 1561; x_wconf 89' lang='lat' dir='ltr'>ei:</span> <span class='ocrx_word' id='word_1_592' title='bbox 1701 1529 1800 1571; x_wconf 89' lang='lat' dir='ltr'>idque</span> <span class='ocrx_word' id='word_1_593' title='bbox 1822 1535 1958 1570; x_wconf 88' lang='lat' dir='ltr'>propter</span> <span class='ocrx_word' id='word_1_594' title='bbox 1981 1528 2140 1560; x_wconf 84' lang='lat' dir='ltr'>mediato·</span> 
     </span>
     <span class='ocr_line' id='line_1_87' title="bbox 1156 1569 2141 1646; baseline -0.003 -41"><span class='ocrx_word' id='word_1_595' title='bbox 1156 1583 1243 1612; x_wconf 89' lang='lat' dir='ltr'>rem,</span> <span class='ocrx_word' id='word_1_596' title='bbox 1278 1578 1373 1605; x_wconf 85' lang='lat' dir='ltr'>extra</span> <span class='ocrx_word' id='word_1_597' title='bbox 1403 1582 1500 1646; x_wconf 64' lang='lat' dir='ltr'>(Beni</span> <span class='ocrx_word' id='word_1_598' title='bbox 1529 1583 1596 1603; x_wconf 91' lang='lat' dir='ltr'>non</span> <span class='ocrx_word' id='word_1_599' title='bbox 1628 1579 1738 1614; x_wconf 75' lang='lat' dir='ltr'>potest</span> <span class='ocrx_word' id='word_1_600' title='bbox 1762 1570 1845 1610; x_wconf 89' lang='lat' dir='ltr'>coli,</span> <span class='ocrx_word' id='word_1_601' title='bbox 1880 1581 1987 1612; x_wconf 88' lang='lat' dir='ltr'>neque</span> <span class='ocrx_word' id='word_1_602' title='bbox 2011 1569 2082 1603; x_wconf 77' lang='lat' dir='ltr'>vult</span> <span class='ocrx_word' id='word_1_603' title='bbox 2101 1579 2141 1602; x_wconf 88' lang='lat' dir='ltr'>se</span> 
     </span>
     <span class='ocr_line' id='line_1_88' title="bbox 1156 1613 2141 1653; baseline -0.005 -5"><span class='ocrx_word' id='word_1_604' title='bbox 1156 1616 1284 1648; x_wconf 90' lang='lat' dir='ltr'>honore</span> <span class='ocrx_word' id='word_1_605' title='bbox 1303 1613 1392 1647; x_wconf 85' lang='lat' dir='ltr'>affici</span> <span class='ocrx_word' id='word_1_606' title='bbox 1447 1626 1519 1653; x_wconf 90' lang='lat' dir='ltr'>eus,</span> <span class='ocrx_word' id='word_1_607' title='bbox 1537 1616 1626 1647; x_wconf 84' lang='lat' dir='ltr'>iuxta</span> <span class='ocrx_word' id='word_1_608' title='bbox 1645 1616 1732 1648; x_wconf 88' lang='lat' dir='ltr'>dicta</span> <span class='ocrx_word' id='word_1_609' title='bbox 1750 1613 1822 1646; x_wconf 88' lang='lat' dir='ltr'>illa:</span> <span class='ocrx_word' id='word_1_610' title='bbox 1847 1613 1909 1648; x_wconf 81' lang='lat' dir='ltr'>Qui</span> <span class='ocrx_word' id='word_1_611' title='bbox 1927 1624 1988 1644; x_wconf 81' lang='lat' dir='ltr'>non</span> <span class='ocrx_word' id='word_1_612' title='bbox 2005 1614 2141 1644; x_wconf 72' lang='lat' dir='ltr'>honorae</span> 
     </span>
     <span class='ocr_line' id='line_1_89' title="bbox 1151 1656 2141 1699; baseline 0 -11"><span class='ocrx_word' id='word_1_613' title='bbox 1151 1659 1257 1698; x_wconf 81' lang='lat' dir='ltr'>filiwn.</span> <span class='ocrx_word' id='word_1_614' title='bbox 1280 1670 1341 1689; x_wconf 81' lang='lat' dir='ltr'>uon</span> <span class='ocrx_word' id='word_1_615' title='bbox 1363 1659 1498 1690; x_wconf 75' lang='lat' dir='ltr'>honorat</span> <span class='ocrx_word' id='word_1_616' title='bbox 1518 1663 1649 1699; x_wconf 79' lang='lat' dir='ltr'>patrem.</span> <span class='ocrx_word' id='word_1_617' title='bbox 1830 1660 1924 1688; x_wconf 58' lang='lat' dir='ltr'>Semo</span> <span class='ocrx_word' id='word_1_618' title='bbox 1950 1658 2074 1688; x_wconf 77' lang='lat' dir='ltr'>accedit</span> <span class='ocrx_word' id='word_1_619' title='bbox 2097 1656 2141 1687; x_wconf 80' lang='lat' dir='ltr'>ad</span> 
     </span>
     <span class='ocr_line' id='line_1_90' title="bbox 1150 1702 1578 1745; baseline -0.005 -12"><span class='ocrx_word' id='word_1_620' title='bbox 1150 1707 1293 1743; x_wconf 80' lang='lat' dir='ltr'>patrem,</span> <span class='ocrx_word' id='word_1_621' title='bbox 1315 1705 1379 1733; x_wconf 76' lang='lat' dir='ltr'>nisi</span> <span class='ocrx_word' id='word_1_622' title='bbox 1395 1713 1455 1743; x_wconf 85' lang='lat' dir='ltr'>per</span> <span class='ocrx_word' id='word_1_623' title='bbox 1474 1702 1578 1745; x_wconf 71' lang='lat' dir='ltr'>filium.</span> 
     </span>
    </p>
   </div>
   <div class='ocr_carea' id='block_1_7' title="bbox 1128 1425 1133 1541">
    <p class='ocr_par' dir='ltr' id='par_1_18' title="bbox 1128 1425 1133 1541">
     <span class='ocr_line' id='line_1_91' title="bbox 1128 1425 1133 1541; baseline 0 1417"><span class='ocrx_word' id='word_1_624' title='bbox 1128 1425 1133 1541; x_wconf 95' lang='lat' dir='ltr'> </span> 
     </span>
    </p>
   </div>
   <div class='ocr_carea' id='block_1_8' title="bbox 1128 1586 1133 1705">
    <p class='ocr_par' dir='ltr' id='par_1_19' title="bbox 1128 1586 1133 1705">
     <span class='ocr_line' id='line_1_92' title="bbox 1128 1586 1133 1705; baseline 0 1253"><span class='ocrx_word' id='word_1_625' title='bbox 1128 1586 1133 1705; x_wconf 95' lang='lat' dir='ltr'> </span> 
     </span>
    </p>
   </div>
   <div class='ocr_carea' id='block_1_9' title="bbox 1697 1658 1792 1690">
    <p class='ocr_par' dir='ltr' id='par_1_20' title="bbox 1697 1658 1792 1690">
     <span class='ocr_line' id='line_1_93' title="bbox 1697 1658 1792 1690; baseline 0 0"><span class='ocrx_word' id='word_1_626' title='bbox 1697 1658 1792 1690; x_wconf 80' lang='lat' dir='ltr'>Item:</span> 
     </span>
    </p>
   </div>
   <div class='ocr_carea' id='block_1_10' title="bbox 1127 1709 1132 1900">
    <p class='ocr_par' dir='ltr' id='par_1_21' title="bbox 1127 1709 1132 1900">
     <span class='ocr_line' id='line_1_94' title="bbox 1127 1709 1132 1900; baseline 0 1058"><span class='ocrx_word' id='word_1_627' title='bbox 1127 1709 1132 1900; x_wconf 95' lang='lat' dir='ltr'> </span> 
     </span>
    </p>
   </div>
   <div class='ocr_carea' id='block_1_11' title="bbox 1300 1886 2004 1928">
    <p class='ocr_par' dir='ltr' id='par_1_22' title="bbox 1300 1886 2004 1928">
     <span class='ocr_line' id='line_1_95' title="bbox 1300 1886 2004 1928; baseline -0.003 -1"><span class='ocrx_word' id='word_1_628' title='bbox 1300 1887 1362 1928; x_wconf 88' lang='lat' dir='ltr'>De</span> <span class='ocrx_word' id='word_1_629' title='bbox 1395 1888 1507 1928; x_wconf 81' lang='lat' dir='ltr'>exitu</span> <span class='ocrx_word' id='word_1_630' title='bbox 1541 1887 1810 1927; x_wconf 80' lang='lat' dir='ltr'>tentationum</span> <span class='ocrx_word' id='word_1_631' title='bbox 1846 1886 2004 1928; x_wconf 78' lang='lat' dir='ltr'>Christi.</span> 
     </span>
    </p>
   </div>
   <div class='ocr_carea' id='block_1_12' title="bbox 1131 1979 2320 2625">
    <p class='ocr_par' dir='ltr' id='par_1_23' title="bbox 1131 1979 2140 2281">
     <span class='ocr_line' id='line_1_96' title="bbox 1243 1979 2140 2018; baseline -0.002 -7"><span class='ocrx_word' id='word_1_632' title='bbox 1243 1979 1417 2011; x_wconf 87' lang='lat' dir='ltr'>Postremo</span> <span class='ocrx_word' id='word_1_633' title='bbox 1442 1979 1559 2010; x_wconf 88' lang='lat' dir='ltr'>dicitur</span> <span class='ocrx_word' id='word_1_634' title='bbox 1582 1979 1614 2010; x_wconf 85' lang='lat' dir='ltr'>in</span> <span class='ocrx_word' id='word_1_635' title='bbox 1634 1985 1740 2011; x_wconf 86' lang='lat' dir='ltr'>textu:</span> <span class='ocrx_word' id='word_1_636' title='bbox 1765 1979 1878 2018; x_wconf 64' lang='lat' dir='ltr'>Anqela·</span> <span class='ocrx_word' id='word_1_637' title='bbox 1897 1982 2091 2009; x_wconf 64' lang='lat' dir='ltr'>aea-mmm</span> <span class='ocrx_word' id='word_1_638' title='bbox 2109 1981 2140 2009; x_wconf 65' lang='grc' dir='ltr'><em>ἀ</em></span> 
     </span>
     <span class='ocr_line' id='line_1_97' title="bbox 1157 2021 2140 2054; baseline 0.001 -2"><span class='ocrx_word' id='word_1_639' title='bbox 1157 2025 1369 2053; x_wconf 80' lang='lat' dir='ltr'>ministrarunt</span> <span class='ocrx_word' id='word_1_640' title='bbox 1405 2023 1443 2051; x_wconf 70' lang='grc' dir='ltr'>εἰ.</span> <span class='ocrx_word' id='word_1_641' title='bbox 1500 2022 1716 2054; x_wconf 75' lang='grc' dir='ltr'>81σ111110111111</span> <span class='ocrx_word' id='word_1_642' title='bbox 1750 2021 1830 2054; x_wconf 82' lang='grc'>1111111</span> <span class='ocrx_word' id='word_1_643' title='bbox 1863 2033 1942 2054; x_wconf 88' lang='lat' dir='ltr'>acre</span> <span class='ocrx_word' id='word_1_644' title='bbox 1971 2029 2140 2054; x_wconf 79' lang='lat' dir='ltr'>certamen</span> 
     </span>
     <span class='ocr_line' id='line_1_98' title="bbox 1157 2063 2140 2098; baseline 0.002 -4"><span class='ocrx_word' id='word_1_645' title='bbox 1157 2073 1306 2097; x_wconf 67' lang='lat' dir='ltr'>secutam</span> <span class='ocrx_word' id='word_1_646' title='bbox 1334 2076 1410 2098; x_wconf 76' lang='lat' dir='ltr'>esse</span> <span class='ocrx_word' id='word_1_647' title='bbox 1441 2076 1545 2096; x_wconf 68' lang='lat' dir='ltr'>conso</span> <span class='ocrx_word' id='word_1_648' title='bbox 1561 2066 1702 2097; x_wconf 82' lang='lat' dir='ltr'>ationem</span> <span class='ocrx_word' id='word_1_649' title='bbox 1726 2066 1884 2097; x_wconf 82' lang='lat' dir='ltr'>divinam:</span> <span class='ocrx_word' id='word_1_650' title='bbox 1909 2066 2002 2098; x_wconf 74' lang='lat' dir='ltr'>cuius</span> <span class='ocrx_word' id='word_1_651' title='bbox 2025 2063 2140 2097; x_wconf 80' lang='lat' dir='ltr'>testifi-</span> 
     </span>
     <span class='ocr_line' id='line_1_99' title="bbox 1131 2108 2140 2151; baseline -0.001 -10"><span class='ocrx_word' id='word_1_652' title='bbox 1131 2111 1245 2142; x_wconf 84' lang='lat' dir='ltr'>&#39;cntio</span> <span class='ocrx_word' id='word_1_653' title='bbox 1281 2108 1337 2141; x_wconf 84' lang='lat' dir='ltr'>suit</span> <span class='ocrx_word' id='word_1_654' title='bbox 1374 2110 1589 2140; x_wconf 78' lang='lat' dir='ltr'>ministerium</span> <span class='ocrx_word' id='word_1_655' title='bbox 1623 2108 1829 2151; x_wconf 83' lang='lat' dir='ltr'>angelorum.</span> <span class='ocrx_word' id='word_1_656' title='bbox 1893 2110 1949 2141; x_wconf 84' lang='lat' dir='ltr'>Sic</span> <span class='ocrx_word' id='word_1_657' title='bbox 1983 2118 2140 2150; x_wconf 58' lang='lat' dir='ltr'>persev&amp;</span> 
     </span>
     <span class='ocr_line' id='line_1_100' title="bbox 1158 2151 2140 2194; baseline -0.001 -10"><span class='ocrx_word' id='word_1_658' title='bbox 1158 2160 1269 2184; x_wconf 75' lang='lat' dir='ltr'>rantes</span> <span class='ocrx_word' id='word_1_659' title='bbox 1294 2154 1324 2183; x_wconf 89' lang='lat' dir='ltr'>in</span> <span class='ocrx_word' id='word_1_660' title='bbox 1345 2154 1448 2184; x_wconf 69' lang='lat' dir='ltr'>verbo</span> <span class='ocrx_word' id='word_1_661' title='bbox 1468 2151 1544 2189; x_wconf 72' lang='lat' dir='ltr'>Dei,</span> <span class='ocrx_word' id='word_1_662' title='bbox 1567 2154 1778 2194; x_wconf 73' lang='lat' dir='ltr'>experiuntur</span> <span class='ocrx_word' id='word_1_663' title='bbox 1801 2153 1932 2184; x_wconf 81' lang='lat' dir='ltr'>tandem</span> <span class='ocrx_word' id='word_1_664' title='bbox 1958 2151 2140 2194; x_wconf 70' lang='lat' dir='ltr'>gloriosam</span> 
     </span>
     <span class='ocr_line' id='line_1_101' title="bbox 1158 2195 2140 2239; baseline 0 -12"><span class='ocrx_word' id='word_1_665' title='bbox 1158 2195 1397 2227; x_wconf 75' lang='lat' dir='ltr'>liberationem.</span> <span class='ocrx_word' id='word_1_666' title='bbox 1418 2203 1446 2227; x_wconf 72' lang='lat' dir='ltr'>et</span> <span class='ocrx_word' id='word_1_667' title='bbox 1468 2195 1644 2228; x_wconf 78' lang='lat' dir='ltr'>manifesta</span> <span class='ocrx_word' id='word_1_668' title='bbox 1663 2196 1852 2228; x_wconf 84' lang='lat' dir='ltr'>testimonia</span> <span class='ocrx_word' id='word_1_669' title='bbox 1876 2196 2085 2239; x_wconf 75' lang='lat' dir='ltr'>praesentiae</span> <span class='ocrx_word' id='word_1_670' title='bbox 2106 2200 2140 2227; x_wconf 81' lang='lat' dir='ltr'>et</span> 
     </span>
     <span class='ocr_line' id='line_1_102' title="bbox 1158 2241 1395 2281; baseline -0.004 -10"><span class='ocrx_word' id='word_1_671' title='bbox 1158 2241 1232 2281; x_wconf 81' lang='lat' dir='ltr'>opis</span> <span class='ocrx_word' id='word_1_672' title='bbox 1256 2241 1395 2271; x_wconf 72' lang='lat' dir='ltr'>«livinae.</span> 
     </span>
    </p>

    <p class='ocr_par' dir='ltr' id='par_1_24' title="bbox 1132 2281 2320 2625">
     <span class='ocr_line' id='line_1_103' title="bbox 1245 2281 2141 2323; baseline -0.001 -10"><span class='ocrx_word' id='word_1_673' title='bbox 1245 2283 1382 2323; x_wconf 56' lang='grc'>(01111111-</span> <span class='ocrx_word' id='word_1_674' title='bbox 1416 2284 1490 2314; x_wconf 88' lang='lat' dir='ltr'>item</span> <span class='ocrx_word' id='word_1_675' title='bbox 1521 2281 1685 2315; x_wconf 75' lang='lat' dir='ltr'>Diabolus</span> <span class='ocrx_word' id='word_1_676' title='bbox 1715 2283 1769 2315; x_wconf 84' lang='lat' dir='ltr'>hic</span> <span class='ocrx_word' id='word_1_677' title='bbox 1793 2283 1974 2315; x_wconf 78' lang='lat' dir='ltr'>discedere.</span> <span class='ocrx_word' id='word_1_678' title='bbox 2031 2281 2066 2312; x_wconf 90' lang='lat' dir='ltr'>ld</span> <span class='ocrx_word' id='word_1_679' title='bbox 2089 2286 2141 2313; x_wconf 85' lang='lat' dir='ltr'>est</span> 
     </span>
     <span class='ocr_line' id='line_1_104' title="bbox 1159 2324 2141 2367; baseline -0.002 -10"><span class='ocrx_word' id='word_1_680' title='bbox 1159 2328 1397 2358; x_wconf 79' lang='lat' dir='ltr'>testimonium.</span> <span class='ocrx_word' id='word_1_681' title='bbox 1434 2327 1522 2367; x_wconf 78' lang='lat' dir='ltr'>qumi</span> <span class='ocrx_word' id='word_1_682' title='bbox 1556 2327 1599 2358; x_wconf 85' lang='lat' dir='ltr'>sit</span> <span class='ocrx_word' id='word_1_683' title='bbox 1634 2327 1761 2360; x_wconf 79' lang='lat' dir='ltr'>victus.</span> <span class='ocrx_word' id='word_1_684' title='bbox 1795 2335 1825 2358; x_wconf 87' lang='lat' dir='ltr'>et</span> <span class='ocrx_word' id='word_1_685' title='bbox 1885 2327 1950 2357; x_wconf 84' lang='lat' dir='ltr'>uod</span> <span class='ocrx_word' id='word_1_686' title='bbox 1985 2324 2141 2356; x_wconf 82' lang='lat' dir='ltr'>Christus</span> 
     </span>
     <span class='ocr_line' id='line_1_105' title="bbox 1159 2338 2141 2403; baseline -0.003 -2"><span class='ocrx_word' id='word_1_687' title='bbox 1159 2380 1237 2401; x_wconf 79' lang='lat' dir='ltr'>vere</span> <span class='ocrx_word' id='word_1_688' title='bbox 1272 2370 1412 2401; x_wconf 73' lang='lat' dir='ltr'>extiterit</span> <span class='ocrx_word' id='word_1_689' title='bbox 1448 2370 1564 2402; x_wconf 79' lang='lat' dir='ltr'>victor.</span> <span class='ocrx_word' id='word_1_690' title='bbox 1621 2370 1698 2403; x_wconf 84' lang='lat' dir='ltr'>ldeo</span> <span class='ocrx_word' id='word_1_691' title='bbox 1729 2370 1847 2402; x_wconf 75' lang='lat' dir='ltr'>fidncia</span> <span class='ocrx_word' id='word_1_692' title='bbox 1861 2338 1972 2401; x_wconf 66' lang='lat' dir='ltr'>⁴liuius</span> <span class='ocrx_word' id='word_1_693' title='bbox 2004 2368 2141 2399; x_wconf 73' lang='lat' dir='ltr'>victoris</span> 
     </span>
     <span class='ocr_line' id='line_1_106' title="bbox 1161 2412 2320 2452; baseline -0.001 -9"><span class='ocrx_word' id='word_1_694' title='bbox 1161 2413 1215 2444; x_wconf 83' lang='lat' dir='ltr'>tilii</span> <span class='ocrx_word' id='word_1_695' title='bbox 1249 2412 1309 2444; x_wconf 80' lang='grc' dir='ltr'>1)οἰ</span> <span class='ocrx_word' id='word_1_696' title='bbox 1339 2414 1498 2445; x_wconf 86' lang='lat' dir='ltr'>debemus</span> <span class='ocrx_word' id='word_1_697' title='bbox 1528 2415 1691 2446; x_wconf 83' lang='lat' dir='ltr'>accedere</span> <span class='ocrx_word' id='word_1_698' title='bbox 1714 2415 1755 2445; x_wconf 82' lang='lat' dir='ltr'>ad</span> <span class='ocrx_word' id='word_1_699' title='bbox 1780 2413 1903 2451; x_wconf 85' lang='lat' dir='ltr'>Deum,</span> <span class='ocrx_word' id='word_1_700' title='bbox 1927 2419 1958 2444; x_wconf 76' lang='lat' dir='ltr'>ot</span> <span class='ocrx_word' id='word_1_701' title='bbox 1982 2413 2142 2443; x_wconf 73' lang='lat' dir='ltr'>invocare</span> <span class='ocrx_word' id='word_1_702' title='bbox 2317 2434 2320 2452; x_wconf 35' lang='lat'>¹</span> 
     </span>
     <span class='ocr_line' id='line_1_107' title="bbox 1160 2453 2139 2497; baseline -0.002 -10"><span class='ocrx_word' id='word_1_703' title='bbox 1160 2467 1249 2488; x_wconf 85' lang='lat' dir='ltr'>eum.</span> <span class='ocrx_word' id='word_1_704' title='bbox 1287 2464 1315 2486; x_wconf 80' lang='lat' dir='ltr'>et</span> <span class='ocrx_word' id='word_1_705' title='bbox 1346 2457 1502 2488; x_wconf 56' lang='lat' dir='ltr'>resistere</span> <span class='ocrx_word' id='word_1_706' title='bbox 1532 2458 1767 2489; x_wconf 82' lang='lat' dir='ltr'>tentationibus</span> <span class='ocrx_word' id='word_1_707' title='bbox 1798 2456 1944 2488; x_wconf 78' lang='lat' dir='ltr'>Diaboli:</span> <span class='ocrx_word' id='word_1_708' title='bbox 1979 2456 2067 2497; x_wconf 86' lang='lat' dir='ltr'>qnod</span> <span class='ocrx_word' id='word_1_709' title='bbox 2092 2453 2139 2493; x_wconf 79' lang='lat' dir='ltr'>fit,</span> 
     </span>
     <span class='ocr_line' id='line_1_108' title="bbox 1160 2498 2140 2542; baseline -0.001 -12"><span class='ocrx_word' id='word_1_710' title='bbox 1160 2501 1292 2541; x_wconf 78' lang='lat' dir='ltr'>qnando</span> <span class='ocrx_word' id='word_1_711' title='bbox 1329 2501 1559 2542; x_wconf 65' lang='lat' dir='ltr'>‹wuniungimus</span> <span class='ocrx_word' id='word_1_712' title='bbox 1594 2512 1667 2532; x_wconf 83' lang='grc'>011111</span> <span class='ocrx_word' id='word_1_713' title='bbox 1699 2502 1909 2532; x_wconf 75' lang='lat' dir='ltr'>invocatione</span> <span class='ocrx_word' id='word_1_714' title='bbox 1939 2498 2140 2542; x_wconf 73' lang='lat' dir='ltr'>diligentiam</span> 
     </span>
     <span class='ocr_line' id='line_1_109' title="bbox 1161 2544 2314 2586; baseline -0.002 -13"><span class='ocrx_word' id='word_1_715' title='bbox 1161 2545 1283 2574; x_wconf 65' lang='grc'>1111111111</span> <span class='ocrx_word' id='word_1_716' title='bbox 1319 2545 1516 2575; x_wconf 72' lang='lat' dir='ltr'>occasiones</span> <span class='ocrx_word' id='word_1_717' title='bbox 1584 2544 1703 2586; x_wconf 66' lang='lat' dir='ltr'>loseph</span> <span class='ocrx_word' id='word_1_718' title='bbox 1738 2552 1881 2575; x_wconf 75' lang='lat' dir='ltr'>tentatur</span> <span class='ocrx_word' id='word_1_719' title='bbox 1916 2554 1980 2574; x_wconf 84' lang='lat' dir='ltr'>non</span> <span class='ocrx_word' id='word_1_720' title='bbox 2017 2549 2140 2573; x_wconf 82' lang='lat' dir='ltr'>tantum</span> <span class='ocrx_word' id='word_1_721' title='bbox 2310 2562 2314 2584; x_wconf 77' lang='lat'>,</span> 
     </span>
     <span class='ocr_line' id='line_1_110' title="bbox 1132 2586 2140 2625; baseline -0.002 -8"><span class='ocrx_word' id='word_1_722' title='bbox 1132 2587 1135 2617; x_wconf 82' lang='grc' dir='ltr'>Ι</span> <span class='ocrx_word' id='word_1_723' title='bbox 1161 2598 1179 2618; x_wconf 87' lang='grc'>11</span> <span class='ocrx_word' id='word_1_724' title='bbox 1204 2586 1350 2625; x_wconf 88' lang='grc'>1111111010,</span> <span class='ocrx_word' id='word_1_725' title='bbox 1374 2589 1432 2619; x_wconf 78' lang='lat' dir='ltr'>sed</span> <span class='ocrx_word' id='word_1_726' title='bbox 1457 2590 1553 2620; x_wconf 86' lang='lat' dir='ltr'>etiam</span> <span class='ocrx_word' id='word_1_727' title='bbox 1577 2599 1595 2620; x_wconf 84' lang='lat' dir='ltr'>a</span> <span class='ocrx_word' id='word_1_728' title='bbox 1622 2587 1774 2619; x_wconf 73' lang='lat' dir='ltr'>Diabolo.</span> <span class='ocrx_word' id='word_1_729' title='bbox 1822 2587 1854 2618; x_wconf 91' lang='lat' dir='ltr'>ln</span> <span class='ocrx_word' id='word_1_730' title='bbox 1880 2586 1936 2618; x_wconf 80' lang='lat' dir='ltr'>illa</span> <span class='ocrx_word' id='word_1_731' title='bbox 1960 2586 2140 2618; x_wconf 80' lang='lat' dir='ltr'>tentatione</span> 
     </span>
    </p>
   </div>
   <div class='ocr_carea' id='block_1_13' title="bbox 1128 1901 1134 2106">
    <p class='ocr_par' dir='ltr' id='par_1_25' title="bbox 1128 1901 1134 2106">
     <span class='ocr_line' id='line_1_111' title="bbox 1128 1901 1134 2106; baseline 0 852"><span class='ocrx_word' id='word_1_732' title='bbox 1128 1901 1134 2106; x_wconf 95' lang='lat' dir='ltr'> </span> 
     </span>
    </p>
   </div>
   <div class='ocr_carea' id='block_1_14' title="bbox 1129 2130 1134 2270">
    <p class='ocr_par' dir='ltr' id='par_1_26' title="bbox 1129 2130 1134 2270">
     <span class='ocr_line' id='line_1_112' title="bbox 1129 2130 1134 2270; baseline 0 688"><span class='ocrx_word' id='word_1_733' title='bbox 1129 2130 1134 2270; x_wconf 95' lang='lat' dir='ltr'> </span> 
     </span>
    </p>
   </div>
  </div>
 </body>
</html>
