2324 2958
215 186 279 219 123
844 184 956 217 PfflL.
979 184 1081 216 MEL.
1106 183 1291 218 SCRIPTA
1314 182 1575 215 EXEGETICA.
2156 188 2219 220 124

213 282 312 313 Deus.
359 279 425 312 Sed
459 280 573 317 verba,
604 289 689 320 quae
712 279 858 318 recitavi,
887 286 978 311 recte
1003 285 1189 321 congruunt

215 333 289 355 cum
312 321 468 354 fontibus.
515 321 647 353 Graeca
670 323 780 354 versio
805 323 916 361 habet,
947 325 996 353 καὶ
1015 321 1129 357 ἐπεῖδες
1150 333 1187 359 με

214 365 257 402 αἱς
280 364 384 405 ὅρασις
419 364 586 406 ἀνθρώπου
619 367 669 395 καὶ
699 366 825 404 varmo-(ig
857 378 893 404 με
926 365 1027 406 κύριος
1060 364 1075 394 o‘
1104 364 1186 399 θεός.

213 407 307 440 Prius
332 408 509 438 membrum
539 408 691 439 convenit
717 418 788 439 cuin
819 407 969 439 Hebraeo
999 413 1090 437 textu
1113 416 1187 446 pro·

212 451 297 491 pius,
333 460 429 491 quam
463 449 582 481 Latina
614 448 725 489 lectio,
755 461 840 491 quae
860 457 1024 491 utcunque
1048 448 1187 479 reddidit

211 494 396 534 posteriora
431 493 534 524 verba
568 491 718 524 Graecae
740 493 903 524 versionis
926 493 1051 524 omisso
1085 491 1186 532 priori

211 536 368 566 membro.

296 577 355 608 Est
378 583 486 609 autem
509 578 685 619 gratiarum
709 579 797 609 actio
816 588 876 618 pro
901 576 976 607 data
994 576 1185 617 promissio-

209 630 251 651 ne
275 620 315 651 de
338 619 472 658 Messia,
495 626 527 651 et
550 619 647 651 simul
671 627 721 652 est
734 621 931 657 vaticinium,
956 620 1028 660 quis
1053 625 1084 650 et
1104 629 1185 660 qua-

209 661 252 693 lis
275 661 405 694 futurus
428 664 469 694 sit
492 661 547 694 ille
570 663 725 700 Messias,
760 669 791 693 et
815 672 900 704 quae
935 662 1020 692 bona
1054 660 1184 700 afferat,

209 711 241 737 et
259 705 423 746 quomodo
447 715 466 736 a
490 706 585 737 nobis
607 706 817 747 accipiendus
840 705 893 735 sit.
937 703 1009 745 Ego
1033 710 1067 735 ut
1088 714 1184 735 occa-

208 748 334 779 sionem
358 748 452 779 vobis
476 749 684 789 praeberem.
714 757 873 779 summam
907 747 1089 778 sententiae
1111 747 1184 778 red-

208 790 274 821 didi
308 791 603 831 quomodocunque
632 789 681 820 his
716 789 887 824 versibus,
922 796 953 821 et
973 790 1088 821 hortor
1111 800 1184 829 eos,

207 834 263 875 qui
285 832 395 864 valent
419 832 573 864 facultate
597 832 761 863 scribendi
785 833 948 871 carmina,
983 839 1017 864 ut
1051 842 1183 864 exerce-

205 882 262 907 ant
283 885 321 907 se
340 877 370 907 iu
395 875 458 907 hac
480 876 613 907 materia
636 881 667 906 et
691 885 809 907 versus
828 873 981 907 meliores
1005 874 1138 907 saciant.

225 937 263 968 In
284 939 398 976 forma
419 936 504 975 qnod
520 945 578 967 nos
599 936 741 966 hanzines
765 936 986 975 placidissime
1012 935 1139 968 Christe

311 980 444 1017 Aspicis,
468 983 500 1009 et
521 983 626 1009 lamen
645 987 678 1008 es
701 979 842 1009 conditor
862 981 931 1018 ipse
954 979 1041 1010 Deus

226 1023 268 1053 Et
288 1026 432 1052 nostram
448 1023 588 1060 formam
611 1020 792 1059 miseratus,
814 1021 952 1052 crimina
980 1022 1078 1063 deles,

310 1065 352 1095 Ec
373 1064 455 1095 citae
477 1068 628 1095 aeternae
646 1064 766 1102 yatulia
789 1073 865 1095 vera
887 1063 999 1095 dabis.-

226 1108 312 1138 Haec
330 1110 418 1144 ,erati
439 1116 582 1137 canemus
604 1110 658 1137 tua
679 1107 772 1145 dona,
795 1107 951 1146 simulque
975 1116 1150 1147 precamur

317 1148 361 1180 Tu
383 1159 441 1180 nos
463 1153 499 1180 ut
517 1150 632 1180 doceas
653 1151 723 1180 luce
744 1158 904 1189 reyasqrce
921 1154 985 1181 tua.

289 1217 399 1259 Digna
422 1222 472 1248 est
495 1216 642 1254 materia,
675 1217 707 1247 in
731 1227 796 1258 qua
819 1223 1016 1250 exerceatur
1037 1217 1180 1250 facultas

202 1260 332 1302 poetica
367 1265 421 1291 aut
454 1259 551 1290 etiam
585 1260 742 1298 oratoria,
771 1259 858 1296 Quia
879 1270 935 1292 res
958 1259 1180 1303 amplissimas

203 1303 359 1340 continet,
382 1303 470 1343 quod
494 1302 673 1333 ostendunt
694 1303 844 1344 pondera
865 1304 1056 1336 verborum.

288 1347 414 1385 Aspicis
424 1355 482 1384 me,
505 1345 620 1386 inquit,
642 1345 675 1377 id
693 1350 756 1384 est,
781 1351 815 1377 tu
827 1356 880 1377 me
892 1347 1046 1388 respicis,
1070 1357 1181 1386 curaS,

202 1387 326 1420 salvas
373 1386 501 1429 Singuli
524 1393 633 1419 autem
655 1393 852 1428 statuamus,
874 1390 973 1421 etiam
993 1400 1056 1421 nos
1074 1391 1180 1432 aspici

201 1442 222 1463 a
243 1430 311 1462 filio
333 1430 408 1469 Dei,
442 1437 474 1462 et
492 1430 622 1472 quidem
643 1429 774 1472 placide
795 1441 838 1463 ac
860 1431 1042 1464 clementer
1064 1433 1178 1474 aspici.

200 1476 412 1506 humoremar
434 1473 635 1515 cogitatione
657 1474 690 1505 in
714 1474 818 1506 verbo
841 1475 1034 1517 aspiciendi.
1064 1477 1179 1518 Agno-

201 1526 335 1548 scamus
358 1517 551 1548 immensum
575 1516 772 1548 beneficium
795 1527 890 1557 esse,
925 1518 1014 1560 quod
1033 1518 1087 1551 hie
1109 1518 1178 1550 Do-

200 1559 306 1591 minus
330 1569 409 1590 vere
430 1569 493 1591 nos
516 1560 658 1591 miseros
680 1559 811 1601 aspicit,
835 1566 940 1599 curat,
967 1562 1121 1603 protegit,
1144 1562 1178 1593 in

201 1602 352 1634 omnibus
374 1603 462 1634 vitae
484 1601 660 1644 periculis,
689 1603 722 1634 in
745 1602 975 1645 Tyrannorum
998 1609 1030 1635 et
1054 1604 1178 1636 Diabo-

200 1643 306 1677 lorum
339 1644 521 1683 furoribus,
555 1646 586 1676 in
609 1646 746 1684 morbis,
780 1646 814 1677 in
847 1653 1054 1688 paupertate,
1090 1653 1123 1679 et
1144 1647 1177 1678 in

200 1686 324 1726 exiliis,
357 1688 389 1718 in
419 1688 654 1720 tentationibus
689 1687 933 1730 spiritualibus,
968 1690 1110 1732 denique
1143 1691 1176 1722 in

200 1736 304 1763 morte
324 1731 405 1772 ipsa.
447 1730 481 1761 ln
505 1729 556 1761 his
578 1730 674 1763 malis
697 1732 848 1763 omnibus
871 1733 1016 1765 sciamus
1038 1742 1102 1764 nos
1125 1734 1176 1765 sic

201 1774 304 1814 aspici
339 1779 370 1804 et
392 1774 520 1804 servari
538 1774 579 1805 ab
603 1784 655 1812 eo,
677 1784 719 1806 ne
742 1776 1011 1814 succumbamuS,
1039 1782 1096 1807 aut
1119 1786 1176 1817 op-

200 1817 388 1858 primamur.
455 1817 506 1848 Ac
529 1827 590 1848 nos
614 1818 757 1849 vicissim
779 1818 822 1848 ad
845 1828 918 1850 eum
949 1819 1176 1860 respiciamus,

201 1858 429 1901 confugiamus
452 1859 493 1889 ad
516 1860 634 1899 ipsum,
660 1861 831 1892 credamus
855 1862 896 1900 ei,
918 1861 1003 1893 sicut
1016 1861 1056 1892 de
1069 1862 1176 1893 Abra·

199 1903 275 1934 ham
308 1903 411 1943 inquit
446 1901 499 1933 hic
533 1903 604 1944 ipse
628 1902 806 1935 Dominus:
830 1905 993 1945 Erpetz'rie
1015 1906 1175 1936 Abraham

200 1946 308 1977 ridere
330 1945 415 1976 diem
434 1955 548 1982 meum,
572 1950 604 1976 et
625 1947 710 1986 ridz‘t,
734 1951 769 1978 e!
787 1948 928 1979 laetalus
950 1952 1008 1979 est.
1038 1946 1111 1978 Hoc
1133 1947 1175 1978 ad

199 1986 451 2028 applicationem
484 1989 640 2029 pertinet,
673 2000 770 2031 quani
793 1989 914 2032 singuli
937 1990 981 2022 ad
1004 2000 1041 2022 se
1063 1989 1176 2022 facere

200 2031 331 2062 debent.

285 2072 459 2108 Quomodo
484 2079 592 2104 autem
617 2080 756 2105 testatur
780 2074 866 2106 filius
889 2075 970 2113 Dei,
1004 2076 1092 2117 quod
1113 2085 1175 2107 nos

198 2116 358 2157 aspiciat?
380 2115 614 2147 Testimonium
639 2118 781 2149 omnium
804 2120 978 2150 maximum
1001 2124 1064 2156 est,
1087 2119 1176 2160 quod

198 2160 335 2190 assumit
354 2157 527 2189 humanam
551 2164 712 2197 naturam,
736 2167 765 2191 et
789 2160 884 2193 simul
908 2172 981 2193 cum
1005 2172 1044 2193 ea
1074 2161 1176 2192 induit

199 2202 418 2233 infirmitatem
443 2208 612 2233 nostram:
637 2201 677 2232 Et
701 2213 886 2245 quanquam
910 2205 941 2235 in
965 2211 1053 2236 statu
1077 2203 1175 2246 glori·

200 2245 362 2276 ficationis
405 2244 556 2285 deposuit
598 2245 833 2284 infirmitatem,
879 2253 986 2278 tamen
1027 2254 1174 2278 naturam

198 2288 301 2329 ipsam
337 2287 524 2325 humanam,
557 2288 735 2319 essentiam
759 2295 790 2319 et
813 2291 1032 2331 proprietates
1062 2300 1175 2321 essen-

199 2329 294 2361 tiales
319 2340 434 2361 onmes
458 2331 488 2361 in
514 2335 581 2361 tota
604 2333 796 2363 aeternitate
815 2333 942 2363 retinet.
1000 2332 1092 2363 llanc
1123 2343 1174 2364 na-

200 2380 304 2404 turam
329 2373 437 2404 David
462 2374 605 2405 nominat
629 2372 766 2406 tormam
783 2374 935 2413 hominis,
954 2375 994 2407 Et
1019 2374 1176 2407 credibile

199 2422 262 2453 cst,
286 2415 420 2447 Paulum
445 2416 509 2448 huc
533 2417 740 2457 respexisse,
771 2428 843 2449 cum
863 2419 906 2449 ait
930 2417 1013 2449 l‘hil.
1037 2419 1068 2448 2.
1118 2419 1179 2456 Oui

199 2469 269 2490 cum
291 2464 377 2491 ene!
399 2464 430 2490 ιή
452 2463 562 2499 forma
587 2461 653 2495 Hei,
673 2462 816 2500 sormam
838 2465 926 2493 serra·
947 2466 1128 2502 assmnpsn.

286 2502 367 2533 sum
401 2509 510 2533 autem
543 2501 683 2534 affirmet
718 2502 846 2542 David,
886 2502 973 2535 hunc
1008 2504 1175 2536 Messinm.

199 2555 293 2586 quem
318 2543 507 2586 alloquitur,
533 2556 604 2577 rere
626 2556 698 2577 ‹vs-re
717 2548 818 2578 Deum
843 2548 987 2579 [elim-mn
1016 2550 1048 2578 in
1072 2550 1175 2578 esce!-

198 2592 252 2622 πίε,
276 2595 306 2619 ct
321 2588 405 2619 «licat
420 2595 539 2626 tamt-n,
562 2599 633 2619 eum
658 2599 730 2620 esse
754 2594 785 2621 m
806 2593 917 2630 forma
940 2591 1089 2623 hominis.
1113 2591 1175 2620 siv-

198 2638 231 2663 ut
258 2629 379 2662 Paulus
411 2638 526 2672 postea
552 2632 671 2673 inquit:
705 2634 804 2663 Deum
828 2637 1034 2673 cotmplcrmm
1051 2636 1175 2672 furlum

1240 287 1312 309 esse
1335 281 1367 308 in
1390 287 1500 315 carne,
1524 278 1665 309 ostendit
1688 278 1721 309 in
1743 277 1870 310 Messia
1893 287 1970 310 esse
1998 286 2149 312 naturam
2171 281 2219 313 di-

1240 321 1359 358 viuam,
1382 320 1564 352 secundum
1587 331 1684 362 quam
1696 331 1762 352 non
1783 321 1890 362 coepit
1913 323 2049 362 primum
2063 325 2217 363 existere,

1241 371 1314 394 cum
1337 369 1434 394 natus
1458 369 1509 394 est
1542 362 1657 401 homo,
1693 364 1751 394 sed
1776 363 1866 394 iuxta
1896 374 1993 405 quam
2017 366 2058 397 ab
2081 373 2218 398 aeterno

1241 405 1357 444 extitit,
1375 411 1408 436 et
1429 411 1505 447 post
1530 406 1693 438 conditam
1715 405 1916 445 Ecclesiam,
1945 407 2021 439 inde
2043 419 2151 451 usque
2173 410 2216 441 ab

1240 448 1330 479 initio
1365 448 1394 479 ei
1428 448 1527 480 affuit.
1594 449 1759 491 Agnoscit
1792 456 1902 480 autem
1936 459 2010 481 eum
2035 453 2216 484 constituto

1239 497 1386 532 tempore
1409 490 1651 533 assumpturum
1674 501 1752 523 esse
1773 499 1925 523 naturam
1960 492 2150 532 humanam,
2185 500 2218 526 et

1239 534 1368 575 quidem
1393 544 1433 565 ex
1457 545 1518 565 sua
1536 535 1651 575 stirpe,
1674 536 1759 566 sicut
1782 533 1871 566 sacta
1895 541 1967 566 erat
1990 536 2052 577 ipsi
2076 538 2216 578 promis-

1237 577 1298 607 sio.
1366 576 1414 607 lta
1438 575 1611 608 manifeste
1645 577 1895 619 comprehendit
1919 578 2001 609 duas
2025 586 2160 611 naturas
2183 581 2216 612 in

1237 629 1303 649 una
1324 629 1470 660 persona
1492 619 1626 651 Christi.
1692 620 1787 652 Hane
1806 619 2051 653 confessionem
2074 632 2216 654 memen-

1237 668 1305 692 tote
1339 662 1379 692 de
1413 662 1542 693 duabus
1572 663 1696 694 naturis
1725 665 1757 694 in
1792 663 1939 702 Christo,
1973 670 2005 696 et
2029 665 2070 696 de
2091 666 2216 697 unitate

1236 713 1412 745 personae,
1447 710 1480 735 et
1511 705 1679 747 adiungite
1714 707 1853 738 caeteris
1893 706 2091 738 testimoniis
2120 708 2215 740 vocis

1235 747 1376 785 divinae,
1399 747 1433 778 in
1457 748 1576 788 quibus
1598 748 1747 780 similiter
1771 759 1933 791 expressa
1967 756 2018 781 est
2041 760 2215 782 assevera-

1235 790 1281 821 tio
1305 791 1344 821 de
1367 799 1514 831 persona
1531 790 1688 822 Messiae.

1322 832 1366 863 Ut.
1399 838 1507 863 autem
1537 834 1726 875 magnitudo
1751 836 1861 876 operis
1886 836 1985 867 divini
2008 837 2040 867 in
2064 836 2214 868 incarna-

1234 875 1324 907 tione
1345 873 1404 906 tilii
1422 874 1497 912 Dei,
1521 881 1554 907 et
1573 876 1733 908 beneficia
1754 877 1851 910 huius
1864 877 1997 911 Domini
2022 877 2143 911 clarius
2167 880 2214 911 in·

1234 917 1436 960 telligantur,
1472 917 1529 949 fiat
1563 917 1698 950 collatio
1730 927 1867 953 naturae
1891 928 2039 959 nostrae,
2072 928 2105 954 et
2127 920 2214 954 illius

1233 960 1371 999 formae,
1395 971 1492 1002 quam
1515 962 1695 1003 assumpsit
1715 961 1867 995 Christus
1887 975 1927 996 ex
1950 972 2067 996 nostra
2089 975 2214 1004 massa,

1234 1010 1266 1036 et
1289 1004 1430 1035 addatur
1455 1005 1676 1036 consideratio
1700 1015 1823 1037 causae
1846 1005 1963 1038 finalis.

1321 1046 1590 1089 Contemplemur
1612 1057 1676 1079 nos
1699 1048 1803 1088 ipsos,
1832 1060 1928 1090 quam
1951 1050 2069 1081 infirmi
2093 1056 2125 1082 et
2147 1050 2214 1083 fra-

1234 1089 1318 1132 giles
1342 1090 1456 1121 simus.
1502 1089 1622 1121 Extant
1642 1090 1797 1132 querelae
1820 1092 1851 1123 in
1876 1093 2028 1124 omnibus
2047 1092 2215 1124 Poematis

1234 1134 1275 1165 de
1297 1133 1439 1164 miseriis
1462 1139 1601 1164 naturae
1623 1133 1796 1165 humanae.
1864 1133 1906 1167 Et
1939 1141 1992 1167 est
2026 1135 2215 1167 extenuatio

1232 1176 1374 1218 insignis
1397 1176 1430 1206 in
1453 1176 1541 1207 dicto
1565 1175 1713 1215 Pindari,
1736 1176 1904 1218 ἅνθρωπός
1926 1181 2005 1209 ἐστιν
2024 1179 2111 1214 σκιᾶς
2133 1177 2213 1219 ὄναρ.

1232 1219 1308 1251 Νοη
1331 1224 1456 1250 tanturn
1479 1219 1557 1250 dicit
1579 1229 1656 1251 esse
1679 1221 1838 1259 umbram,
1857 1221 1917 1252 sed
1936 1221 2071 1252 umbrae
2093 1221 2216 1253 somni-

1233 1273 1304 1300 um,
1338 1261 1398 1293 sed
1429 1261 1581 1293 doctrina
1603 1261 1779 1294 Ecclesiae
1813 1263 1911 1295 etiam
1935 1263 1976 1295 de
1998 1263 2074 1301 alia,
2109 1273 2215 1306 eaque

1233 1315 1360 1336 summa
1383 1304 1516 1336 miseria
1539 1303 1681 1336 hominis
1705 1306 1813 1345 docet,
1836 1317 1934 1348 quam
1957 1307 2112 1349 ignorant
2134 1306 2215 1338 Eth-

1232 1348 1314 1379 nici:
1337 1345 1491 1378 videlicet
1510 1347 1550 1378 de
1572 1354 1726 1389 peccato,
1751 1359 1817 1390 quo
1841 1355 1996 1391 corrupta
2019 1356 2071 1381 est
2094 1355 2214 1381 natura

1232 1389 1399 1421 hominum
1433 1395 1570 1433 propter
1602 1389 1732 1432 lapsum
1750 1393 1930 1432 primorum
1947 1399 2136 1433 parentum:
2171 1392 2215 1424 de

1231 1434 1281 1464 ira
1303 1432 1366 1463 Dei
1389 1433 1553 1464 adversus
1575 1441 1766 1474 peccatum:
1801 1435 1843 1466 de
1865 1440 2002 1466 aeterna
2019 1441 2147 1473 morte,
2181 1441 2214 1466 et

1233 1475 1518 1507 condemnatione.
1584 1475 1676 1508 Haec
1704 1483 1782 1508 sunt
1812 1477 1999 1509 tristissima
2021 1476 2109 1510 mala
2128 1487 2214 1520 quae

1231 1524 1322 1550 certe
1344 1518 1522 1560 cogitanda
1544 1525 1634 1557 sunt,
1658 1525 1690 1551 et
1712 1526 1748 1551 ut
1761 1521 2010 1552 consideremus
2033 1527 2073 1552 ea
2095 1521 2213 1552 arden-

1230 1562 1306 1600 tiuS,
1330 1560 1423 1593 Deus
1446 1566 1495 1593 tot
1518 1561 1760 1594 calamitatibus
1773 1569 1889 1594 onerat
1902 1572 2009 1604 genus
2021 1562 2212 1600 humanum,

1230 1611 1387 1646 tanquam
1422 1604 1527 1646 signis
1562 1610 1684 1636 reatus.
1751 1605 1825 1636 Nou
1850 1611 1970 1636 norunt
2004 1603 2059 1635 illa
2087 1614 2212 1636 arcana

1230 1646 1335 1686 mala,
1369 1647 1422 1688 qui
1446 1654 1523 1678 sunt
1554 1653 1646 1679 extra
1669 1647 1866 1679 Ecclesiam.
1934 1647 2000 1679 Sed
2025 1647 2211 1689 quicunque

1229 1690 1399 1732 sapientes
1432 1688 1564 1722 suerunt
1587 1691 1683 1722 etiam
1703 1691 1790 1732 apud
1815 1689 1988 1727 Ethnicos,
2023 1690 2212 1732 cogitarunt

1229 1739 1337 1764 tamen
1362 1738 1498 1764 externa
1521 1731 1618 1771 mala,
1642 1743 1727 1774 quae
1744 1732 1827 1764 ioris
1845 1733 1998 1766 accidunt
2010 1732 2211 1772 hominibus,

1229 1782 1261 1807 et
1282 1776 1450 1807 iusserunt
1473 1774 1559 1807 alios
1583 1786 1715 1817 quoque
1740 1777 1954 1808 considerare
1977 1776 2129 1808 miserias
2151 1775 2210 1808 hu-

1228 1828 1356 1856 manaS,
1380 1824 1516 1859 propter
1539 1817 1876 1850 commonefactiones
1902 1819 1942 1849 de
1960 1819 2133 1850 modestia.

1315 1861 1414 1892 Scitis
1437 1862 1478 1892 de
1501 1861 1656 1893 Socrate:
1677 1873 1750 1893 cum
1773 1862 1806 1892 in
1825 1862 1984 1903 principio
2003 1861 2210 1903 Tragoediae

1227 1903 1405 1946 Euripidis,
1430 1914 1515 1945 quae
1538 1905 1726 1936 nominatur
1749 1904 1907 1943 Orestes,
1936 1905 2136 1946 pronuntiati
2160 1915 2208 1936 es-

1228 1953 1299 1979 sent
1324 1946 1357 1978 hi
1377 1957 1510 1978 versus:

1270 2009 1378 2047 Neque
1400 2012 1461 2039 tam
1485 2008 1639 2039 terrihu'e's
1662 2010 1726 2039 ulla
1745 2009 1845 2047 fanda*
1865 2011 1948 2039 ratio
1970 2012 2032 2045 est,

1270 2052 1379 2090 Neque
1401 2061 1486 2087 sor-c,
1511 2061 1614 2090 neque
1637 2054 1687 2082 ira
1711 2053 1858 2082 ctwlitmn
1881 2054 2057 2082 immissum
2081 2053 2207 2086 mamm.

1274 2094 1364 2131 Quod
1383 2095 1523 2124 humana
1546 2098 1663 2124 nutura
1682 2095 1836 2134 patiendo
1859 2104 1921 2125 non
1942 2097 2041 2134 serat.

1313 2162 1358 2193 lbi
1383 2161 1541 2193 Socrates
1567 2163 1654 2193 stetit
1679 2163 1772 2204 quasi
1796 2162 1974 2200 attonitus,
2004 2170 2035 2194 et
2060 2161 2207 2204 postula·

1228 2205 1271 2235 vit
1292 2204 1402 2235 denuo
1425 2205 1524 2245 repeti
1545 2205 1680 2236 cosdem
1704 2215 1840 2243 versuS,
1875 2205 1961 2237 sicut
1985 2206 2079 2237 etiam
2103 2205 2207 2237 Simo·

1227 2247 1321 2278 nides
1345 2250 1499 2278 mouebat
1526 2247 1742 2280 Pausaniam.
1779 2252 1812 2279 ut
1836 2252 2032 2280 meminisse!
2053 2257 2090 2279 se
2111 2250 2207 2279 'tonte'-

1227 2300 1299 2321 m’m
1322 2300 1402 2322 esse.
1470 2291 1537 2321 Sed
1562 2301 1623 2321 nos
1652 2292 1683 2322 in
1714 2290 1864 2323 Ecclesia
1889 2291 2047 2322 ‹lcbemus
2071 2291 2207 2324 addere.

1228 2333 1300 2364 ideo
1343 2334 1616 2364 considet-anum
1657 2344 1733 2365 esse
1767 2334 2020 2376 magnitudinem
2055 2335 2208 2365 miseriae

1227 2375 1400 2413 liumanac,
1426 2383 1457 2407 ut
1483 2378 1523 2407 sit
1548 2376 1822 2408 couunonesactio
1847 2377 1887 2407 de
1907 2377 2116 2408 interioribus
2140 2387 2206 2408 ma-

1227 2417 1284 2449 lis:
1308 2427 1338 2449 et
1364 2421 1474 2451 causis
1500 2421 1642 2451 omnium
1662 2419 1838 2451 malorum:
1872 2426 1903 2451 et
1938 2420 1979 2451 de
2015 2419 2206 2461 quaerendo

1227 2460 1358 2493 auxilio.
1426 2463 1497 2493 Nou
1522 2464 1644 2504 putetis
1663 2473 1740 2494 esse
1763 2462 1866 2494 decus
1887 2469 2097 2494 contemnere
2121 2461 2208 2494 lianc

1228 2506 1459 2545 cogitationem
1495 2507 1534 2537 dc
1569 2507 1709 2537 miset-iis
1739 2505 1902 2543 humanis,
1937 2506 2022 2537 sicut
2059 2504 2114 2536 ille
2150 2505 2206 2536 im·

1227 2548 1298 2588 pius
1324 2547 1409 2578 latro
1440 2550 1470 2579 in
1496 2559 1597 2580 cruce
1621 2550 1702 2580 riulct
1728 2549 1906 2586 Christum,
1937 2555 1967 2579 ct
1999 2549 2081 2579 ridet
2104 2549 2206 2579 risum

1228 2591 1431 2622 Sordouiunt.

1315 2635 1478 2668 Quantum
1505 2645 1583 2666 vero
1608 2633 1671 2665 hoc
1697 2641 1759 2672 cst,
1782 2635 1868 2676 quod
1902 2644 1962 2665 nos
1993 2633 2055 2665 hac
2086 2633 2204 2664 misera

2307 502 2320 510 ι
2306 415 2324 493 mm:
