2324 2958
136 136 199 168 38⁷

225 229 293 260 lam
316 229 495 270 quaeritur,
517 228 594 270 quid
605 229 647 260 sit
657 229 863 260 sentiendum
887 230 927 260 de
940 227 1114 266 electione,

141 282 201 303 seu
224 272 301 313 quid
324 271 367 302 sit
400 270 482 309 hoc,
516 271 604 312 quod
638 272 742 304 sciam
771 282 822 303 me
853 281 930 303 esse
952 270 1113 303 electum?

141 313 352 355 Respondeo.
397 313 449 345 De
473 312 693 356 applicatione
714 313 895 346 Electionis
908 314 1114 345 sentiendum

140 364 204 395 est,
222 357 307 389 sicut
330 356 426 387 etiam
450 356 490 388 de
508 356 753 389 iustificatione.
797 356 880 388 Nam
892 357 975 387 sicut
994 357 1114 387 statuis

142 407 173 431 te
191 399 266 431 Deo
290 398 423 439 placere
446 406 585 440 propter
603 399 731 437 Filium,
754 410 826 431 cum
849 410 868 429 a
894 399 921 429 is
945 399 1114 439 poeniten·

141 443 230 481 tiam,
255 449 287 473 et
311 442 420 473 credis
439 441 634 485 Evangelio,
658 449 689 474 et
710 452 775 473 non
799 443 852 472 ind
891 452 952 484 ges
966 442 1114 482 peccatis

141 492 255 516 contra
280 485 529 516 conscientiam:
552 485 600 516 sic
624 486 717 517 etiam
730 491 875 516 statuere
887 485 1003 521 debes,
1025 485 1113 526 quod

141 528 351 559 discedentes
387 538 427 559 ex
458 528 522 559 hac
550 528 616 559 vita
645 538 718 559 cum
741 528 803 558 ista
831 526 894 558 fide
917 527 983 558 sint
1005 525 1113 565 electi,

140 576 174 601 et
196 571 261 602 sint
284 569 370 601 salvi
393 570 505 602 futuri.

224 613 318 644 Hanc
348 613 610 645 consolationem
645 613 685 644 de
714 611 874 644 electione
898 619 1029 653 oportet
1052 623 1114 644 nos

138 657 273 688 firmiter
291 657 442 691 retinere,
461 657 549 687 iuxta
572 655 655 687 haec
678 656 780 687 dicta:
808 657 868 692 Qui
888 657 992 687 credit
1012 660 1045 686 in
1062 657 1115 687 Fi-

136 702 224 734 lium,
247 700 342 731 habet
364 703 458 731 citam
481 704 655 731 aeternam.
721 699 886 737 [ustificatz'
916 700 982 737 fide
1000 708 1116 738 pacem

133 743 292 774 habemus.
338 741 428 779 item,
452 743 505 773 Sis
524 743 630 781 fidelis
652 751 751 781 usque
771 742 815 772 act
835 745 977 775 mortem,
1007 747 1041 772 et
1059 743 1115 773 da-

136 786 175 817 bo
197 787 255 817 tibi
272 795 422 817 coronam
455 789 545 816 ritae.
634 785 692 822 Qm·
719 788 979 824 perseveraverit
1016 794 1116 825 usque

135 829 181 859 ad
199 830 308 867 finem,
331 830 438 859 salt-us
461 831 529 859 eric.
577 829 640 859 Per
659 828 755 865 fidem
777 828 930 859 habemus
952 837 1116 859 accessum

139 872 183 902 ad
204 872 315 909 Deum,
339 876 395 902 etc.

223 912 286 948 Qui
310 924 387 945 vera
412 912 476 944 fide
499 912 666 954 praeditus
689 919 756 950 est,
792 914 863 944 sine
892 911 961 944 ulla
989 913 1115 944 dubita-

136 957 224 988 tione
251 963 396 988 statuere
431 956 540 993 debet,
575 965 613 986 se
640 965 715 986 esse
739 956 860 987 iustum
895 962 925 987 et
944 962 1115 997 acceptum

135 998 221 1030 Deo.
268 998 392 1031 Postea
415 999 442 1029 si
471 998 646 1030 discedens
670 1008 710 1029 ex
740 997 804 1030 hac
824 999 888 1030 vita
912 1006 965 1030 est
988 999 1020 1030 in
1040 998 1116 1037 fide,

136 1052 197 1073 seu
220 1042 426 1074 commendat
449 1051 486 1072 se
506 1040 579 1072 Deo
605 1040 724 1073 fiducia
746 1040 814 1079 filii,
835 1040 909 1073 talis
932 1042 1004 1073 sine
1028 1042 1114 1074 omni

138 1085 340 1118 dubitatione
364 1092 415 1116 est
440 1083 576 1116 electus.

224 1127 341 1159 Potest
365 1128 451 1165 lieri,
486 1135 519 1158 ut
542 1125 660 1168 aliquis
685 1134 756 1158 ruat
785 1128 816 1158 in
841 1134 1013 1167 peccatum
1037 1137 1115 1158 con·
1139 1120 1143 1146 Ι

137 1177 187 1202 tra
221 1171 468 1207 conscientiam,
502 1176 534 1201 et
567 1170 693 1202 amittat
717 1171 868 1212 gratiam,
899 1170 932 1201 id
955 1177 1025 1208 est,
1059 1169 1115 1201 fiat

140 1223 216 1244 reus
240 1215 308 1245 irae
331 1213 406 1250 Dei,
432 1220 463 1244 et
487 1213 601 1244 mortis
623 1219 790 1244 aeternae.
835 1213 902 1244 Sed
924 1214 953 1243 si
977 1223 1115 1244 conver-

139 1262 226 1287 tatur
250 1266 378 1294 rursus,
412 1265 477 1286 non
501 1256 597 1286 debet
620 1255 771 1286 dubitare
800 1266 837 1287 se
860 1257 962 1297 recipi
986 1266 1005 1287 a
1028 1255 1116 1294 Deo,

136 1304 171 1330 ut.
195 1298 316 1337 David,
350 1299 482 1340 quando
513 1298 619 1339 rapuit
649 1296 786 1328 alterius
811 1299 995 1340 coniugem,
1015 1305 1046 1329 et
1068 1297 1116 1329 fa·

138 1348 213 1373 ctus
248 1348 298 1373 est
334 1341 498 1382 parricida
532 1341 644 1381 optimi
680 1341 738 1371 viri
773 1340 885 1379 Uriae,
916 1340 1116 1372 horribiliter

137 1394 214 1416 reus
238 1383 346 1415 factus
370 1390 437 1421 est,
473 1390 505 1414 et
527 1383 645 1414 meruit
668 1384 748 1414 iram
772 1383 835 1415 Dei
863 1391 893 1415 et
918 1384 1116 1415 condemna-

139 1428 259 1458 tionem
283 1434 464 1458 aeternam.
531 1425 599 1457 Sed
627 1432 744 1466 postea
766 1436 884 1458 revera
902 1433 955 1458 est
979 1424 1127 1458 converi

139 1479 208 1507 su5‚
229 1470 362 1511 quando
386 1469 573 1510 obiurgavit
595 1477 669 1499 eum
691 1467 834 1500 Nathan.

223 1512 312 1544 ldem
346 1518 456 1553 potest
489 1511 558 1542 fieri
593 1517 625 1542 et
651 1521 752 1553 saepe
782 1511 817 1542 fit
836 1513 877 1543 de
900 1511 1011 1543 multis
1030 1510 1116 1551 aliis,

777 134 886 168 rntL.
911 134 1012 167 MEL.
1035 133 1222 167 SCRIPTA
1243 133 1506 168 EXEGE'ncA.

1165 229 1238 260 sine
1271 229 1473 271 cogitatione
1507 231 1618 268 verbi,
1653 237 1686 261 et
1719 231 1791 262 sine
1824 230 1915 262 lucta
1951 229 2141 264 voluntatis.

1165 270 1250 303 Tota
1271 272 1473 313 praedicatio
1491 271 1680 317 JEvangelii,
1702 273 1733 304 id
1746 279 1809 311 est,
1832 273 2011 305 conciones
2030 274 2143 315 poeni-

1166 313 1300 353 tentiae,
1322 321 1356 346 et
1377 315 1628 356 promissiones,
1651 322 1765 347 essent
1788 316 1945 357 quiddam
1968 316 2084 355 inane,
2113 317 2142 348 si

1166 357 1371 398 expectanda
1393 364 1483 389 esset
1505 359 1611 390 otiosa
1634 357 1770 397 infusio,
1803 358 1845 390 de
1878 368 1944 400 qua
1977 357 2077 400 aliqui
2099 360 2143 391 di-

1166 405 1312 441 sputant.

1252 443 1337 475 Sunt
1358 449 1467 475 autem
1489 444 1554 474 duo
1578 441 1660 480 sere,
1682 452 1769 485 quae
1781 443 1978 484 obstrepunt
1997 445 2144 485 cogitan-

1166 486 1254 516 tibus
1277 485 1318 517 de
1351 486 1458 517 nostri
1488 485 1654 517 electione
1676 493 1708 517 et
1732 484 1841 517 salute
1862 492 2010 517 aeterna.
2077 487 2144 518 Pri-

1166 538 1253 559 mum
1277 534 1327 559 est
1350 529 1507 570 cogitatio
1531 530 1573 560 de
1596 531 1723 560 merito.
1764 528 1814 560 Tu
1836 529 1882 560 ita
1905 529 2048 571 cogitas.
2070 529 2144 572 Ego

1167 571 1337 602 crederem
1360 582 1412 603 me
1435 569 1570 612 placere
1592 570 1679 609 Deo,
1698 578 1730 603 et
1753 581 1829 603 esse
1851 570 2012 610 electum,
2041 573 2071 604 si
2093 582 2144 604 es*

1166 622 1238 644 sem
1260 612 1349 651 talis,
1382 613 1491 655 qualis
1522 613 1581 646 suit
1613 613 1808 652 Abraham,
1843 613 1974 655 loseph,
2008 613 2145 646 Moises.

1166 654 1258 687 Haec
1281 656 1439 697 cogitatio
1465 667 1580 688 omnes
1604 667 1667 687 nos
1689 658 1811 689 turbat.
1857 657 1923 688 Sed
1937 667 2145 698 opponamus

1167 698 1245 729 huic
1268 699 1471 740 cogitationi,
1493 700 1703 731 donationem
1728 699 1784 730 filii
1809 699 1882 732 Dei.
1950 699 2057 731 Maius
2081 706 2146 738 est,

1167 741 1224 772 tibi
1247 741 1404 772 donatum
1426 751 1503 773 esse
1527 741 1628 774 filium
1652 742 1731 781 Dei,
1765 752 1863 784 quam
1886 743 1914 773 si
1938 752 2034 773 esses
2058 741 2146 781 talis,

1167 781 1275 825 qualis
1309 782 1368 815 suit
1390 783 1517 816 Moises
1540 791 1595 816 aut
1618 784 1750 823 Helias,
1773 791 1829 816 aut
1851 785 2039 827 quicunque
2060 784 2145 817 alius

1168 827 1378 867 quantumvis
1397 834 1574 867 praestans
1597 828 1772 860 virtutibus
1796 835 1827 859 et
1851 828 1957 859 donis.

1253 868 1377 900 Verum
1401 867 1534 901 difficile
1556 877 1607 901 est
1629 869 1694 901 hoc
1717 871 1918 912 persuadere
1941 870 2046 909 cordi,
2069 871 2147 912 quia

1167 918 1286 944 natura
1309 918 1360 943 est
1377 912 1579 950 admiratrix,
1603 918 1637 943 et
1657 913 1797 944 amatrix
1827 914 1981 955 propriae
2004 913 2147 944 iustitiae

1168 961 1199 986 et
1221 955 1384 995 puritatis.
1429 953 1638 997 Cogitamus,
1655 956 1686 985 si
1709 954 1784 986 talis
1806 965 1918 987 essem
1940 957 2008 994 vir,
2038 955 2147 998 qualis

1167 995 1226 1029 suit
1250 996 1374 1034 Helias,
1398 998 1453 1039 qui
1478 1003 1569 1029 tanta
1591 996 1750 1029 miracula
1772 995 1868 1035 fecit,
1902 1003 1935 1029 et
1958 999 2014 1040 qui
2038 1004 2148 1030 tantas

1167 1041 1304 1072 virtutes
1327 1039 1454 1078 habuit,
1476 1039 1541 1071 hoc
1565 1046 1657 1072 esset
1679 1039 1779 1071 valde
1801 1039 1992 1082 pulchrum,
2013 1046 2047 1071 et
2070 1046 2149 1072 tunc

1167 1084 1338 1115 crederem
1362 1093 1414 1114 me
1436 1093 1512 1114 esse
1536 1081 1689 1115 electum.
1746 1082 1813 1115 Sed
1837 1089 1971 1124 oportet
1993 1092 2056 1114 nos
2079 1083 2149 1114 vin-

1166 1137 1243 1158 cere
1266 1126 1353 1158 hanc
1377 1126 1623 1167 cogitationem,
1648 1131 1681 1157 et
1702 1126 1791 1157 scire
1813 1135 1875 1157 nos
1894 1125 2000 1167 gratis
2012 1131 2149 1166 propter

1167 1169 1284 1201 Filium
1307 1169 1422 1209 recipi,
1445 1175 1477 1200 et
1500 1170 1532 1199 in
1558 1168 1717 1200 inlinitum
1737 1169 1843 1200 maius
1863 1178 1952 1206 esse,
1976 1168 2067 1210 quod
2090 1169 2149 1200 do·

1166 1218 1264 1244 natus
1288 1218 1339 1243 est
1362 1212 1458 1243 nobis
1481 1211 1568 1243 nlius
1594 1210 1667 1249 Dei,
1691 1222 1789 1253 quam
1808 1212 1836 1242 si
1861 1220 1978 1242 omnes
2008 1212 2149 1242 virtutes

1166 1255 1373 1286 haberemus.

1256 1297 1397 1339 Oportet
1421 1304 1529 1328 autem
1553 1295 1655 1328 filium
1677 1296 1741 1327 Dei
1764 1296 1829 1328 fide
1852 1297 1972 1337 accipi.
2001 1296 2042 1327 Et
2065 1296 2151 1328 haec

1168 1351 1223 1371 res
1246 1338 1324 1371 facit
1349 1339 1565 1371 differentiam
1593 1340 1679 1370 inter
1707 1337 1804 1376 illos,
1835 1340 1890 1381 qui
1920 1337 2093 1371 salvantur
2118 1345 2151 1371 et

1167 1393 1235 1414 non
1265 1381 1445 1413 salvantut.
1508 1381 1615 1413 David
1641 1381 1859 1423 apprehendit
1888 1382 2150 1414 misericordiam

1167 1425 1243 1463 Dei,
1266 1426 1465 1467 promissam
1487 1426 1520 1456 in
1543 1423 1625 1455 Filio
1648 1424 1725 1456 fide.
1771 1423 1853 1456 Saul
1877 1435 1944 1456 non
1966 1424 2150 1466 apprehen-

1168 1469 1226 1500 dit.
1271 1468 1343 1499 Nec
1367 1475 1477 1499 tamen
1500 1468 1723 1509 apprehensio
1747 1466 1889 1499 Davidis
1912 1475 1964 1499 est
1987 1469 2149 1499 meritum.

1168 1511 1229 1543 sed
1252 1518 1377 1542 tantum
1400 1517 1452 1542 est
1469 1511 1727 1542 instrumentam.
1763 1509 1803 1541 Et
1821 1510 1886 1542 hoc
1899 1511 2150 1542 instrumentum

138 1556 193 1629 gui
216 1562 293 1588 sunt
316 1556 464 1587 membra
482 1553 674 1592 Ecclesiae,
704 1560 736 1585 et
759 1554 883 1586 habent
904 1555 994 1586 initia
1019 1565 1119 1586 verae
1140 1565 1148 1602 f
1169 1560 1301 1596 oportet
1322 1564 1385 1585 nos
1409 1552 1507 1584 simul
1524 1552 1712 1594 complecti,
1730 1554 1862 1594 quando
1886 1553 2024 1584 dicimus
2048 1553 2089 1584 de
2102 1551 2149 1583 es-

163 1599 227 1636 dei,
251 1605 284 1630 ut
305 1596 475 1629 labantur:
505 1596 537 1628 hi
568 1604 677 1628 tamen
700 1598 901 1639 recipiuntur
924 1599 955 1629 in
980 1599 1118 1640 gratiam

138 1642 303 1673 conversi.
351 1641 421 1672 Nec
444 1640 661 1682 approbanda
679 1647 756 1672 sunt
774 1639 832 1672 illa
851 1640 1119 1682 Anabaptistica:

142 1686 266 1717 Eleclos
287 1695 351 1716 non
371 1694 469 1724 posse
491 1684 571 1721 labi,
608 1683 672 1715 imo
706 1684 802 1715 etiam
832 1683 929 1715 electi
951 1683 1119 1723 labuntur,

139 1734 171 1758 ct
195 1728 325 1769 quidem
350 1725 563 1758 horribiliter.
620 1725 699 1757 Erat
729 1726 842 1758 Aaron
873 1737 951 1758 vere
981 1726 1119 1766 electus,

139 1777 169 1801 et
207 1777 315 1802 tamen
351 1770 522 1801 consensit
554 1768 678 1810 populo
712 1770 753 1800 de
788 1769 879 1801 ldolo
904 1768 1070 1808 faciendo,
1089 1776 1120 1801 et

139 1820 276 1854 propter
300 1812 385 1844 hanc
409 1811 627 1844 idololatriam
651 1813 810 1854 scriptum
834 1819 898 1844 est:
922 1815 1010 1845 Deus
1027 1816 1123 1845 coluit

138 1861 309 1888 conterere
332 1866 411 1887 mun.

142 1900 201 1930 sed
227 1898 365 1940 lapsum.
433 1899 500 1930 Sed
525 1906 702 1940 postquam
730 1899 796 1941 egit
815 1899 929 1930 Aaron
952 1900 1120 1940 poeniten-

144 1943 232 1981 tiam,
256 1948 411 1983 receptus
431 1949 479 1973 est
504 1947 536 1973 et
559 1939 722 1980 salvatus,
742 1943 814 1973 sine
827 1941 895 1974 ulla
908 1943 1120 1974 dubitatione.

229 1985 315 2020 Quid
342 1985 525 2025 respondes
545 1994 626 2026 ergo
650 1984 690 2015 ad
714 1985 964 2028 argumentum?

225 2055 326 2086 Elem
347 2063 475 2093 semper
494 2056 624 2093 placent
646 2054 722 2086 Deo.

227 2099 335 2130 Aaron
357 2102 407 2129 est
427 2099 553 2128 eleonis.

226 2141 311 2179 Eryo
334 2149 463 2180 semper
482 2143 590 2180 placet
612 2139 688 2172 Deo.

227 2199 441 2241 Respondeo.
509 2199 616 2232 Maior
651 2206 701 2230 est
730 2198 946 2241 intelligenda
968 2201 1010 2231 de
1032 2198 1122 2231 finali

142 2242 328 2274 salvatione
352 2242 542 2273 electorum.
611 2242 701 2274 llaec
725 2249 775 2273 est
804 2241 1049 2284 simplicissima
1073 2253 1122 2275 re-

143 2286 292 2328 sponsio.
340 2286 422 2317 Nam
446 2284 541 2317 electi
566 2295 697 2327 quoquc
722 2292 817 2316 ruunt
836 2296 936 2327 saepe
960 2287 990 2317 in
1003 2296 1121 2327 pecca-

144 2335 222 2366 tum,
252 2336 386 2370 propter
411 2328 499 2370 quod
524 2339 603 2360 vere
633 2328 806 2369 displicent
832 2328 914 2359 Deo.
982 2329 1048 2360 Sed
1072 2339 1122 2360 re-

142 2373 241 2404 deunt
264 2373 305 2403 ad
330 2372 575 2413 poenitentiam,
598 2379 628 2403 et
654 2372 727 2403 ideo
753 2372 933 2403 institutum
958 2379 1010 2404 est
1032 2372 1122 2403 mini—

148 2416 294 2446 sterium.
336 2415 412 2446 idco
437 2415 646 2456 praedicatur
657 2413 884 2457 Evangelium.
906 2422 939 2446 ut
963 2421 1123 2455 arguatur

146 2465 316 2499 pet-catum
341 2460 435 2489 ctiam
460 2459 490 2489 in
515 2456 630 2489 clectis
653 2464 683 2489 et
707 2457 909 2490 accendatur
933 2456 1033 2495 tides,
1056 2469 1122 2499 qua

145 2500 377 2543 amplectenda
401 2507 449 2531 est
473 2501 650 2543 promissio
673 2501 798 2544 gratiae
824 2501 856 2532 in
880 2510 960 2532 vera
985 2511 1121 2533 conver-

142 2545 235 2577 sione
258 2544 299 2575 ad
325 2543 440 2575 Deum.

228 2587 300 2619 Nec
330 2587 364 2618 fit
401 2588 588 2625 conversio,
624 2589 732 2620 otiosa
766 2586 907 2629 quadam
943 2584 1118 2624 inlusione,

1169 1596 1259 1629 fectu
1271 1595 1454 1634 electionis,
1477 1603 1510 1628 et
1533 1594 1730 1632 salvatione,
1754 1596 1830 1637 quia
1853 1596 1952 1627 homo
1971 1594 2150 1627 nonhabet

1170 1651 1207 1671 se
1225 1650 1364 1682 prorsus
1377 1649 1458 1680 pure
1470 1640 1617 1680 passive,
1637 1646 1671 1670 ut
1691 1637 1792 1679 aliqui
1808 1637 1999 1679 loquuntur,
2022 1647 2085 1669 nec
2097 1643 2150 1670 est

1169 1682 1290 1715 infusio
1315 1684 1435 1720 otiosa,
1458 1682 1530 1713 sine
1548 1680 1659 1723 aliquo
1682 1679 1773 1713 lucta
1797 1688 1931 1712 nostrae
1957 1679 2149 1712 voluntatis.

1256 1724 1406 1756 Alterum
1437 1725 1703 1766 impedimentum
1743 1725 1882 1754 turbans
1920 1725 2151 1755 assensionem

1171 1770 1212 1800 de
1235 1767 1396 1800 electione
1419 1774 1546 1805 nostra,
1565 1774 1617 1798 est
1640 1766 1798 1808 cogitatio
1822 1766 1863 1798 de
1877 1765 2148 1808 particularitate-

1171 1812 1375 1853 Cogitamus,
1398 1820 1461 1841 nos
1485 1810 1570 1841 forte
1594 1820 1661 1841 non
1685 1819 1762 1840 esse
1781 1810 1813 1840 in
1829 1808 1986 1852 catalogo
2006 1807 2149 1847 illorum,

480 1854 580 1886 Certe
612 1854 705 1887 Deus
737 1866 803 1887 non
828 1857 968 1888 conterit
986 1857 1119 1894 iustum,
1171 1865 1255 1897 quos
1281 1854 1373 1885 Deus
1397 1852 1474 1885 velit
1499 1852 1615 1884 salvos
1640 1852 1720 1884 fieri.
1745 1851 1829 1884 Huic
1854 1852 2023 1884 tentationi
2047 1862 2149 1894 oppo-

1170 1899 1280 1929 nenda
1303 1904 1355 1928 est.
1378 1897 1555 1938 promissio
1579 1894 1792 1933 universalis,
1816 1905 1902 1937 quae
1924 1895 2019 1927 offert
2050 1894 2151 1937 grati-

1171 1952 1223 1972 am
1247 1941 1412 1977 omnibus,
1436 1946 1468 1971 et
1490 1938 1632 1981 singulis
1656 1938 1876 1970 credentibus.
1919 1938 2020 1970 Esset
2042 1945 2151 1970 autem

1171 1981 1341 2017 horribilis
1361 1982 1576 2023 blasphemia,
1599 1983 1709 2013 dicere
1731 1982 1987 2023 promissionem
2010 1982 2151 2013 eiusmo-

1172 2027 1204 2058 di
1228 2037 1305 2058 esse
1327 2024 1529 2062 simulatam,
1555 2031 1589 2056 ut
1620 2035 1694 2056 cum
1721 2025 1854 2056 dicitnr:
1902 2024 2008 2054 Vertite
2037 2024 2081 2054 «ul
2107 2034 2152 2054 aa

1173 2080 1284 2101 omnes.
1303 2070 1356 2109 qni
1374 2068 1526 2097 laboratis
1545 2073 1573 2097 e!
1587 2070 1710 2098 onerati
1722 2069 1806 2099 estis.
1825 2072 1854 2097 ct
1867 2077 1926 2107 eqo
1940 2069 2074 2109 reficiam
2088 2077 2149 2097 vos.

1173 2113 1264 2145 Item,
1284 2112 1371 2141 Dens
1398 2112 1485 2140 dives
1513 2113 1545 2140 in
1570 2122 1685 2141 omnes.
1710 2112 1764 2151 qui
1786 2112 1931 2140 invocant
1950 2121 2057 2140 »tomen
2074 2112 2149 2141 ein-1.

1174 2156 1265 2192 ltem,
1290 2155 1375 2185 Dens
1395 2154 1456 2183 vul!
1481 2165 1583 2183 omnes
1601 2154 1737 2184 homines
1755 2153 1859 2184 salros
1885 2155 1964 2192 fiert‘.
1991 2157 2021 2183 e!
2047 2163 2151 2193 perve-

1173 2201 1240 2228 nire
1263 2198 1306 2227 αιΙ
1325 2199 1514 2236 aquilinum:
1539 2199 1687 2227 veritatis.
1711 2196 1810 2228 Tales
1833 2195 1955 2228 multae
1978 2203 2054 2227 sunt
2077 2207 2153 2228 seu-

1173 2242 1295 2274 tentiae
1317 2242 1349 2272 in
1374 2240 1556 2283 Evangelio
1580 2241 1731 2278 traditae,
1755 2250 1840 2282 quas
1860 2240 2074 2271 considerare
2095 2239 2150 2270 de-

1175 2286 1302 2321 bemus,
1328 2291 1361 2315 ut
1386 2291 1478 2315 certo
1501 2291 1684 2316 statuamus
1698 2283 1964 2324 promissionem,
1987 2291 2054 2313 non
2078 2288 2148 2313 tan-

1173 2334 1241 2360 tum
1272 2328 1464 2370 gratuitam,
1494 2327 1555 2359 sed
1586 2328 1682 2359 etiam
1709 2324 1930 2358 universalem
1965 2335 2052 2357 esse.
2082 2323 2150 2356 Sed

1173 2371 1227 2403 hic
1250 2371 1416 2402 obiicitur:

1267 2430 1416 2460 Voluntas
1437 2429 1499 2459 Dm·
1517 2429 1663 2469 impediri
1685 2439 1744 2458 non
1765 2432 1881 2468 polest.

1261 2474 1346 2503 Dens
1366 2473 1428 2503 vult
1451 2484 1553 2503 onmes
1572 2473 1707 2504 limniun
1726 2473 1829 2502 sulcos
1848 2473 1924 2509 fier-i.

1261 2516 1347 2557 Erqo
1365 2527 1467 2545 onmes
1485 2518 1562 2555 fitam
1580 2516 1668 2545 solui.

1260 2584 1461 2627 Respondet>
1490 2585 1532 2617 ad
1562 2583 1724 2617 minoren.
1783 2583 1965 2616 Promis-to
2004 2579 2151 2623 punt-n

1726 2640 1735 2654 N
