2324 2958
66 181 128 214 133

153 276 220 307 Sed
242 275 386 307 iuniores
408 283 540 311 moneo,
562 278 597 304 ut
619 270 730 303 fontes
753 281 862 302 rerum
885 276 976 302 recte
996 270 1042 301 di-

67 325 179 357 scant,
214 324 245 350 et
274 318 341 348 sint
367 316 598 357 circumspecti
628 315 661 346 in
690 314 874 356 loquendo,
909 320 940 345 et
968 313 1043 344 reti-

67 368 165 394 neant
187 360 310 393 formas
333 365 487 401 receptas
515 358 609 400 gravi
632 359 829 395 autoritate,
862 356 945 392 Quia
974 367 1042 386 mu-

69 407 148 438 tatio
172 405 256 446 parit
278 403 507 444 ambiguitates
531 407 563 432 et
585 402 684 432 rixas.

153 447 282 479 Addam
305 446 448 477 breviter
470 443 591 486 aliquid
615 444 655 476 de
679 442 888 474 invocatione
910 441 1040 472 Christi.

68 491 294 523 Certissimum
323 488 419 520 uobis
447 488 505 525 sit,
540 487 661 518 unione
689 485 903 528 hypostatica
932 484 1041 515 unitas

67 543 146 565 esse
168 538 304 563 naturas
327 532 359 563 in
383 530 534 568 Christo,
563 530 645 569 λόγον
668 534 701 560 et
723 534 926 569 assumptam
949 534 1042 558 natu-

743 175 957 209 POSTILLA
991 174 1390 207 MELANTHONJANA.

2008 177 2068 209 134

1092 273 1251 310 yate'onem
1271 272 1409 309 flentium
1429 269 1473 300 (ul
1496 273 1609 309 ipsum,
1632 280 1686 301 sen
1706 271 1912 303 obedientiam
1929 278 2068 313 glomum

1095 322 1173 354 crya
1196 316 1309 352 ipsum.

1181 355 1247 386 Sed
1271 355 1378 386 ludaei
1399 353 1560 386 malitiose
1591 364 1802 397 corrumpunt
1831 364 1932 389 totum
1957 360 2068 389 vatici-

1095 399 1194 436 nium,
1218 404 1250 429 et
1271 397 1326 428 alii
1351 396 1443 429 Siloh
1467 399 1722 438 interpretantur
1746 399 1879 431 Saulem
1903 411 1990 439 esse,
2014 401 2069 433 alii

1096 441 1279 479 leroboam,
1310 439 1364 472 aiii
1394 440 1671 482 Nabugdonosor.
1724 442 1845 474 Harum
1876 445 2069 486 interpreta-

1094 485 1220 515 tionum
1238 484 1366 515 vanitas
1391 482 1564 514 manisesta
1587 490 1646 515 est.
1686 484 1782 516 Nulla
1806 493 1855 516 est
1880 487 1965 518 enim
1989 498 2069 524 gen-

1095 527 1172 558 tium
1195 527 1410 569 congregatio
1433 526 1589 558 salutaris
1613 529 1654 558 ad
1678 527 1785 558 Deum
1813 527 1901 560 sacta
1925 522 2069 570 peffhos

67 586 154 607 ram:
189 575 229 607 Et
260 584 336 605 esse
364 583 462 606 unam
491 582 683 614 personam,
713 571 800 603 hunc
829 572 935 611 ipsum
958 571 1042 610 λόγον
1067 581 1072 616 j
1095 580 1203 612 reges.

67 625 99 650 et
130 624 243 649 natum
276 622 492 658 assumptam:
537 615 607 647 Nec
634 624 711 646 esse
747 614 831 646 duos
861 612 964 652 filios,
993 613 1042 644 λό-

66 673 134 701 γον,
174 667 206 692 et
244 666 356 691 natum
396 670 437 691 ex
471 659 614 700 virgine:
654 657 696 689 Et
728 667 792 688 una
828 659 947 700 ἰατρείᾳ
980 667 1042 688 seu

65 714 132 736 una
159 703 351 735 adoratione
379 703 599 734 invocandum
633 711 709 732 esse
738 699 904 731 Christum
934 700 1040 731 Deum

66 753 98 779 et
119 747 299 778 hominemz
327 745 399 777 Nec
420 744 485 776 alia
503 745 568 785 peti
591 750 713 776 tantum
739 753 759 774 a
782 743 891 774 divina
913 749 1041 780 natura,

66 788 129 821 alia
164 795 289 821 tantum
325 789 366 819 ab
401 787 553 819 humana.
607 788 840 828 Agnoscamus
874 785 1040 816 Christum

65 833 162 864 nobis
189 832 396 863 constitutum
427 840 504 862 esse
532 831 761 866 mediatorem,
789 829 1040 869 redemptorem,

66 874 279 912 salvatorem,
301 884 426 916 regem,
450 880 481 905 et
503 882 664 905 summum
687 873 910 908 sacerdotem,
934 871 1040 902 Deum

66 924 99 949 et
122 918 300 956 hominem,
330 924 362 948 et
384 916 459 948 Deo
487 918 611 959 gratias
634 925 788 957 agamus,
823 915 911 956 quod
940 913 1039 945 filium

64 961 265 1002 unigenitum
289 961 393 998 misit,
423 966 454 991 et
485 961 526 990 sit
554 959 720 990 invocatio
748 959 872 989 directa
899 957 940 988 ad
967 967 1040 998 per—

65 1013 199 1041 sonam,
234 1013 319 1044 quae
354 1009 406 1034 est
436 1002 529 1034 Deus
561 1008 593 1033 et
623 1002 731 1033 homo.
777 1000 920 1032 Causam
948 1010 1039 1037 vero,

67 1057 126 1078 cur
148 1046 333 1077 invocanda
357 1046 399 1076 sit
421 1044 504 1077 haec
524 1055 679 1086 persona,
701 1044 845 1075 sciamus
861 1052 950 1081 esse,
974 1053 1039 1074 non

66 1090 142 1130 quia
174 1094 292 1120 natura
326 1088 467 1120 humana
495 1086 809 1119 Schwenkfeldiano
842 1096 933 1117 more
963 1085 1040 1117 Dei-

66 1133 164 1163 ficata
186 1132 245 1170 sit,
270 1132 327 1163 sed
353 1132 428 1172 quia
452 1137 503 1162 est
524 1131 555 1161 in
579 1131 643 1162 hac
665 1139 810 1170 persona
833 1128 947 1160 Deitas
971 1128 1040 1168 filii,

65 1184 148 1215 quae
171 1174 233 1205 sibi
256 1175 359 1205 univit
381 1172 598 1214 personaliter
620 1179 770 1204 naturam
793 1172 968 1204 humanam
988 1182 1041 1203 as-

62 1222 235 1256 sumptam.
280 1216 337 1248 Sic
365 1217 485 1248 docent
510 1214 649 1247 Psalmi:
686 1216 726 1247 Et
754 1219 954 1256 concupiscet
981 1224 1042 1245 rex

63 1259 207 1290 decorem
230 1262 327 1296 tuum,
351 1259 437 1297 Quia
459 1260 528 1300 ipse
550 1264 596 1290 est
613 1259 701 1290 Deus
725 1263 808 1296 tuus,
830 1262 860 1289 et
884 1258 1042 1290 adorabis

63 1311 139 1333 enm.

63 1346 166 1377 citur:
196 1344 368 1376 Suscitabo
391 1345 514 1376 Dav-idi
532 1354 661 1386 ,qm-men
684 1346 816 1376 z'uslam:
849 1345 890 1376 Et
913 1345 972 1376 lioc
994 1348 1041 1376 est

62 1397 189 1425 nomen,
219 1388 305 1428 quod
327 1388 486 1419 vocabunt
509 1398 577 1419 enm
599 1389 724 1420 iustitia
746 1392 872 1419 nostra.
917 1388 953 1419 ld
978 1394 1041 1426 est,

63 1429 146 1461 haec
168 1439 313 1472 persona
336 1440 470 1472 germen
495 1430 634 1462 Davidis
659 1437 711 1462 est
732 1430 826 1462 Deus
855 1436 887 1462 et
916 1431 966 1462 sic
994 1431 1042 1461 in-

63 1474 255 1511 vocabitur,
284 1474 374 1515 quod
397 1475 440 1504 sit
462 1474 576 1513 Deus,
603 1479 635 1505 et
657 1473 812 1505 iustificet
833 1474 1040 1513 invocantes,

64 1516 119 1547 det
140 1516 369 1547 remissionem
392 1523 605 1557 peccatorum
630 1523 662 1548 et
684 1516 837 1548 vivificet.

149 1557 335 1590 Caveamus
376 1559 626 1591 distractionem
666 1565 875 1598 naturarum,
911 1558 1040 1601 qualem

62 1600 158 1632 finxit
191 1601 388 1640 Nestorius,
432 1603 486 1643 qui
527 1603 635 1634 dictus
675 1609 726 1634 est
766 1602 1041 1644 ᾰι-θρωπολάτρηςε

62 1643 193 1676 Rursus
217 1653 393 1676 caveamus
417 1650 450 1676 et
473 1644 699 1677 confusionem
723 1651 924 1684 naturarum,
961 1655 1039 1687 qua-

62 1685 127 1718 lem
149 1686 320 1729 Eutyches
339 1687 442 1719 finxit.
487 1687 529 1719 Et
558 1694 729 1720 teneamus
759 1688 844 1720 hanc
873 1687 1039 1730 regulam:

62 1729 319 1768 invocationem,
341 1740 405 1772 qua
427 1731 567 1772 petimus
590 1730 821 1762 liberationem
844 1742 864 1762 a
891 1732 1039 1772 peccatis

64 1778 98 1804 et
118 1778 236 1811 morte,
259 1779 292 1804 et
315 1773 523 1806 donationem
547 1775 690 1806 iustitiae
713 1780 744 1805 et
767 1775 855 1806 vitae
872 1780 1039 1813 aeternae,

63 1822 96 1847 et
108 1816 395 1848 conservationem
410 1822 559 1855 naturae,
582 1818 804 1849 testimonium
816 1817 1039 1849 firmissimum

63 1868 151 1897 esse,
175 1860 265 1900 quod
287 1859 319 1889 in
338 1858 470 1891 Christo
481 1861 523 1891 sit
535 1866 653 1891 natura
673 1861 794 1899 divina,
817 1861 1038 1901 omnipotens·

64 1901 149 1937 Quia
171 1900 264 1933 solus
286 1900 380 1933 Deus
402 1901 487 1935 haec
510 1904 598 1934 dona
621 1904 700 1935 dare
730 1909 858 1945 potest,
885 1910 919 1935 et
944 1902 1038 1935 solus

63 1945 152 1976 videt
175 1945 276 1976 eorda
294 1945 492 1986 petentium,
519 1953 551 1977 et
580 1947 736 1978 diiudicat
765 1956 877 1978 veram
905 1948 1039 1979 invoca-

64 1987 184 2019 tionem
213 1997 233 2019 a
261 1986 425 2019 simulata.
475 1989 552 2020 Ideo
581 1990 740 2031 scriptum
768 1996 836 2021 est:
873 1990 1039 2021 Dominum

69 2029 170 2062 Deum
194 2034 280 2062 tuum
303 2031 471 2069 adorabis,
494 2035 524 2063 et
542 2032 591 2064 ille·
611 2034 675 2065 soli
694 2034 826 2065 servies.
860 2032 902 2064 Et
915 2034 971 2065 Os.
987 2033 1037 2064 13.

65 2073 196 2105 dicitur:
225 2073 331 2105 Deum
350 2078 486 2114 praeter
507 2084 557 2106 me
576 2084 637 2108 aon
650 2077 743 2114 scies,
766 2080 797 2107 et
814 2077 960 2109 salrator
977 2086 1039 2109 mm

65 2119 111 2147 est
137 2121 271 2156 praeter
303 2127 361 2148 me.
418 2116 659 2151 Confirmemus
692 2119 790 2151 fidem
824 2119 866 2151 de
899 2125 1039 2162 utraque

65 2164 182 2190 natura
200 2160 232 2190 in
255 2158 410 2198 Christo,
442 2166 475 2191 et
508 2161 663 2193 unitatem
685 2171 865 2204 personae,
900 2171 941 2194 ac
963 2173 1039 2204 pro-

64 2202 222 2243 prietates
245 2203 416 2244 utriusque
439 2209 578 2235 naturae
600 2205 819 2244 retineamus,
850 2211 883 2237 et
911 2207 1039 2238 exusci-

65 2250 170 2276 temus
193 2254 268 2284 nos,
289 2252 324 2277 ut
348 2244 424 2277 laeti
447 2247 489 2277 ad
520 2255 594 2278 eum
616 2249 815 2280 accedamus
845 2249 878 2280 in
905 2249 1039 2281 invoca-

65 2288 172 2326 tione,
200 2288 286 2320 sieut
316 2289 388 2329 ipse
421 2290 597 2331 praecipit:
638 2290 746 2323 Venite
777 2292 821 2323 ad
855 2301 902 2323 me
923 2301 1039 2331 onmes,

65 2332 122 2372 qui
142 2331 300 2363 laboratis
321 2336 351 2363 et
374 2335 500 2363 onerati
516 2336 606 2371 estis,
633 2338 665 2367 et
687 2344 743 2377 eqo
761 2335 902 2377 reficiam
923 2345 990 2368 vos.

756 2498 855 2541 Gen.
889 2504 957 2541 49.

150 2587 223 2619 Non
248 2588 379 2620 dubium
402 2595 452 2620 est
465 2589 585 2620 dictum
599 2589 709 2621 lacobi
733 2591 939 2631 patriarchae
962 2603 1040 2624 con-

66 2631 190 2662 cionari
214 2631 255 2663 de
278 2631 415 2670 messia,
441 2631 523 2667 Quia
547 2633 623 2664 dicit
644 2631 792 2672 futuram
820 2644 888 2666 esse
911 2645 1040 2677 cougre-

154 2496 218 2536 De
250 2497 515 2552 appellatione
549 2497 692 2539 Schilo.

183 1301 225 1332 Et
247 1302 279 1332 in
302 1301 437 1334 Ieremia
466 1303 656 1334 noruinatim
687 1303 728 1333 de
756 1302 966 1333 invocatione
995 1302 1051 1332 di-.

1064 1541 1190 1592 laliam
1225 1540 1467 1584 Etymologiam
1507 1543 1647 1573 nominis
1688 1544 1830 1575 tradunt.

1184 612 1363 648 Quaeritur
1410 618 1518 643 autem
1555 613 1595 643 de
1637 614 1905 654 interpretatione
1953 616 2068 647 Gram-

1095 656 1214 687 matica
1236 656 1376 687 nominis
1402 654 1496 686 Siloh
1519 657 1615 687 etiam
1639 657 1723 687 inter
1746 656 1962 689 Christianos.

1182 698 1300 730 Graeci
1344 699 1555 729 reddiderunt
1594 698 1790 738 ἀποκείμενα,
1832 702 1926 741 quasi
1966 702 2068 740 dicas,

1094 742 1181 772 bona
1211 742 1376 783 reposita,
1422 742 1462 772 de
1490 743 1608 783 quibus
1643 743 1783 774 traditae
1813 750 1889 774 sunt
1920 745 2069 785 patribus

1094 785 1351 824 promissiones,
1397 786 1516 826 quibus
1556 786 1653 816 linem
1696 795 1760 817 seu
1796 785 2070 827 complementum

1093 825 1201 858 attulit
1224 827 1389 859 Christus.

1178 877 1399 921 Hieronymus
1425 879 1673 920 interpretatur,
1709 879 1763 921 qui
1797 880 1974 912 mittendus
2005 888 2069 920 est,

1093 922 1217 952 inserta
1239 921 1335 953 litera
1368 921 1475 953 aliena
1504 923 1536 953 iu
1561 923 1696 954 verbum
1716 921 1828 961 Siloh,
1863 924 1956 965 quasi
1980 931 2071 956 esset

1092 963 1225 996 Schilia.

1179 1015 1290 1047 ludico
1314 1022 1421 1048 autem
1441 1023 1532 1048 reete
1548 1027 1715 1057 exponere
1737 1022 1886 1055 nostr03,
1910 1019 1963 1059 qui
1977 1017 2069 1050 Siloh

1092 1060 1365 1100 interpretantur:
1389 1058 1543 1098 faustum,
1562 1059 1703 1099 felicem,
1724 1059 1935 1092 salvatorem.
1961 1060 2070 1093 Credo

1093 1102 1190 1133 etiam
1213 1102 1296 1134 haec
1330 1102 1495 1134 vocabula
1522 1102 1641 1134 Latina
1670 1104 1757 1135 salse
1790 1110 1821 1135 et
1849 1104 1956 1142 salus,
1991 1105 2070 1136 Item

1092 1146 1214 1183 salvus,
1239 1152 1269 1177 et
1293 1146 1442 1177 salrator
1465 1152 1536 1177 orta
1566 1157 1642 1177 esse
1666 1147 1706 1178 ab
1731 1146 1895 1185 Hebraeo,
1926 1154 1961 1178 ut
1983 1148 2071 1189 apud

1094 1187 1304 1220 Salomonem
1333 1190 1365 1219 in
1396 1190 1601 1229 proverbiis,
1637 1196 1669 1220 et
1700 1200 1800 1231 saepe
1834 1191 1865 1220 in
1900 1191 2070 1232 prophetis

1094 1238 1272 1273 usurpatur
1285 1231 1481 1264 vocabulum
1505 1231 1597 1264 salve
1621 1238 1652 1263 et
1665 1232 1759 1264 salva
1774 1243 1833 1273 pro
1847 1232 1966 1271 salute,
1992 1245 2070 1275 opu·

1092 1274 1205 1313 leutizi,
1230 1273 1395 1312 felicitate,
1414 1276 1625 1313 abundantia,
1649 1276 1879 1317 prosperitate.
1914 1275 2004 1308 Talis
2020 1283 2071 1308 est

1093 1318 1193 1360 igitur
1215 1317 1377 1357 Messias,
1412 1320 1466 1360 qui
1486 1329 1570 1350 unus
1599 1317 1738 1350 feliciter
1779 1325 1912 1360 superat
1945 1319 2070 1351 Diabo-

1092 1360 1199 1392 lorum
1234 1362 1432 1402 potentiam,
1473 1368 1506 1393 et
1539 1361 1663 1404 colligit
1691 1362 1764 1393 Deo
1799 1361 2004 1401 Ecclesiam,
2039 1369 2070 1395 et

1092 1404 1199 1435 reddit
1221 1405 1318 1436 nobis
1341 1415 1454 1436 veram
1476 1403 1684 1445 felicitatem,
1719 1411 1886 1437 aeternam
1915 1406 2014 1437 vitam
2038 1412 2071 1438 et

1092 1447 1258 1479 iustitiam.

1180 1498 1247 1530 Sed
1272 1504 1401 1530 veteres
1424 1498 1584 1537 Hebraei,
1614 1506 1649 1531 ut
1678 1507 1729 1532 est
1759 1501 1846 1542 apud
1869 1500 2070 1540 Galhanum,

1891 1544 2071 1576 Deducunt

1094 1586 1177 1616 enim
1201 1595 1220 1615 a
1243 1583 1355 1623 Schil,
1390 1585 1479 1626 quod
1503 1585 1669 1626 significat
1692 1587 1926 1625 secundinam,
1960 1594 1992 1618 et
2014 1586 2068 1625 he,

1092 1626 1231 1659 articulo
1255 1628 1386 1669 generis
1406 1626 1586 1667 foeminini,
1608 1635 1644 1660 ut
1663 1629 1801 1661 Sclu'loh
1824 1631 1865 1661 sit
1889 1631 2070 1662 secundina

1092 1670 1208 1712 ipsius,
1230 1672 1334 1712 χόριον
1352 1670 1454 1710 αὐτῆς,
1477 1670 1605 1703 scilicet
1628 1673 1740 1704 matris
1763 1672 1912 1715 virginis.

1178 1721 1239 1752 Est
1265 1728 1373 1753 autem
1405 1723 1606 1761 secundina,
1640 1734 1701 1756 seu
1735 1725 1836 1766 χόριον
1865 1723 2069 1756 involucrum

1092 1775 1152 1796 seu
1185 1763 1310 1803 fascia,
1345 1775 1430 1807 quae
1452 1765 1553 1796 ambit
1587 1765 1711 1799 foetum
1741 1769 1773 1798 in
1803 1767 1879 1799 alvo
1909 1774 2068 1799 materna.

1092 1808 1167 1840 Ideo
1190 1807 1288 1849 aliqui
1311 1808 1567 1849 interpretantur
1598 1810 1703 1850 φόημα
1727 1810 1830 1849 αὐτῆς,
1860 1809 1914 1841 vel
1944 1812 2070 1852 ἔμβρυον

1091 1850 1201 1889 αὐτῆς,
1230 1851 1262 1882 id
1287 1858 1356 1890 est,
1389 1852 1499 1883 ioetus
1528 1853 1582 1885 vel
1611 1853 1698 1884 filius
1721 1854 1881 1896 virginis,
1912 1852 2008 1889 Quod
2037 1855 2069 1885 in

1090 1894 1196 1935 prima
1217 1895 1438 1934 promissione
1467 1895 1599 1927 dieitur:
1636 1896 1747 1928 Semen
1776 1897 1929 1928 mulieris.
1974 1896 2068 1928 Deus

1091 1936 1230 1968 mirabili
1255 1936 1394 1969 consilio
1418 1938 1522 1970 tribus
1541 1938 1705 1980 pelliculis
1728 1950 1788 1972 seu
1806 1938 1952 1971 flasciolis
1967 1941 2070 1971 munit

1091 1978 1215 2011 foetum
1238 1981 1270 2012 in
1292 1988 1388 2012 utero
1411 1988 1577 2021 materne,
1613 1983 1709 2018 Quod
1743 1990 1794 2014 est
1817 1984 1947 2025 insigne
1980 1983 2069 2014 testi·

1091 2023 1233 2055 monium
1268 2025 1495 2066 providentiae
1528 2024 1609 2064 Dei,
1643 2032 1677 2057 et
1709 2037 1844 2058 monere
1875 2037 1936 2057 nos
1960 2027 2068 2064 debet,

1091 2066 1179 2108 quod
1202 2076 1275 2098 cum
1298 2067 1329 2098 in
1364 2068 1582 2100 custodiendo
1617 2075 1649 2101 et.
1671 2070 1848 2101 muniendo
1877 2069 1999 2101 foetum
2024 2070 2069 2100 ita

1092 2119 1256 2151 operosus
1280 2110 1323 2141 sit
1353 2111 1448 2142 etiam
1472 2116 1588 2151 postea
1615 2122 1679 2144 nos
1710 2118 1823 2154 tegere
1851 2110 1948 2150 velit,
1983 2112 2068 2143 sicut

1091 2152 1241 2194 profecto
1264 2152 1343 2184 facit
1365 2153 1568 2185 mirabiliter.
1597 2155 1648 2186 Ex
1662 2156 1732 2187 istis
1757 2154 1938 2187 involucris
1958 2154 2068 2186 foetus

1090 2206 1189 2227 unum
1214 2202 1277 2234 est,
1301 2197 1390 2237 quod
1413 2197 1599 2229 nominatur
1621 2199 1814 2231 secundina.

1178 2247 1256 2279 ldeo
1269 2254 1377 2279 autem
1390 2259 1463 2280 cum
1475 2249 1597 2281 foetum
1618 2250 1730 2281 dicere
1749 2249 1850 2281 vellet
1867 2249 2067 2291 patriarcha,

1092 2300 1173 2322 usus
1197 2297 1249 2322 est
1276 2292 1381 2322 verbo
1410 2292 1617 2333 significante
1646 2294 1732 2324 hanc
1762 2292 1968 2334 pelliculam,
2003 2303 2069 2334 qua

1092 2333 1201 2366 foetus
1225 2334 1257 2365 in
1274 2341 1370 2366 utero
1401 2335 1601 2374 continetur,
1634 2342 1670 2367 ut
1702 2342 1790 2367 tecte
1824 2335 2069 2378 significaretur

1092 2376 1265 2408 infirmitas
1287 2384 1425 2409 naturae
1447 2377 1620 2417 humanae,
1644 2385 1675 2410 et
1698 2379 1812 2420 passio
1835 2377 1931 2410 huius
1945 2380 2068 2410 redem-

1093 2421 1206 2461 ptoriS.
1264 2419 1325 2452 Est
1365 2431 1421 2452 res
1456 2419 1624 2461 squalida,
1665 2427 1697 2453 et
1731 2428 1886 2460 cruenta,
1918 2428 1950 2453 at
1983 2432 2067 2463 pene

1093 2462 1332 2502 abominabilis,
1355 2464 1384 2494 si
1407 2465 1599 2496 subiiciatur
1611 2463 1716 2496 oculis
1735 2465 1926 2496 secundina.
1961 2464 2068 2508 Signi-

1094 2507 1194 2538 ticare
1213 2507 1313 2548 igitur
1335 2506 1437 2538 voluit
1460 2508 1575 2544 Iacob,
1613 2505 1713 2539 filium
1736 2506 1798 2539 Dei
1822 2515 2067 2549 assumpt-urum

1095 2559 1171 2580 esse
1199 2549 1360 2582 infirmam
1384 2560 1539 2588 massam,
1564 2549 1728 2592 fragilem,
1750 2550 1936 2589 mortalem,
1964 2552 2066 2582 obno-

1063 2605 1070 2641 Ι
1093 2593 1178 2623 xiam
1202 2593 1399 2624 tristissimis
1423 2593 1605 2631 aerumnis,
1636 2595 1855 2631 cruciatibus,
1885 2593 2067 2632 doloribus,

1094 2642 1124 2666 et
1147 2636 1178 2666 in
1203 2642 1370 2678 postremo
1395 2646 1502 2678 agone
1526 2645 1610 2677 pene
1633 2636 1882 2669 abominabilem
1914 2644 2066 2679 spectan-
