2324 2958
150 177 213 210 793

150 276 208 304 est-
237 269 378 302 Moritur
399 278 480 311 ergo
502 268 600 300 homo
623 272 758 308 propter
779 267 948 298 materiam
966 265 1121 298 infectam

150 319 300 356 peccatu,
323 318 356 344 et
378 313 454 353 quia
477 311 629 342 desertus
651 314 703 340 est
724 319 744 339 a
766 307 849 340 Deo.

198 388 201 389 ⁷
236 355 327 386 Haec
350 360 401 385 est
422 364 502 385 vera
524 362 627 385 causa
648 357 680 384 et
702 350 918 393 principalis,
940 361 999 383 cur
1017 351 1137 383 morbi.

151 404 185 430 et
207 407 297 429 mors
320 397 471 428 accidant
494 395 627 433 homini,
660 395 745 426 sicut
766 395 967 436 pecudibus,
1001 394 1119 435 pomis,

151 440 366 482 graminibus
411 438 502 476 Item,
532 438 619 480 quod
649 442 758 469 errent
781 436 929 468 homines
952 437 983 467 in
1012 437 1120 468 consi-

150 482 214 521 liis,
236 490 268 513 et
292 482 436 513 incidant
458 482 489 512 in
514 480 661 518 scelera,
690 490 827 521 quorum
859 490 961 510 causa
983 489 1049 510 non
1071 484 1121 510 est

148 524 255 563 Deus,
288 525 375 556 sicut
408 524 540 555 dicitur:
576 522 652 554 Non
675 523 763 554 Deus
785 523 892 554 rolens
919 523 1121 563 impietatem,

150 571 184 599 tu
206 577 249 598 es.

236 609 400 641 Funccius
424 609 465 639 de
482 608 603 640 iustitia
626 613 743 639 nostra
765 607 813 638 sic
835 613 1093 649 argumentatur:

236 668 397 710 Quicquid
429 669 564 708 impellit
589 667 752 705 hominem,
781 671 816 698 ut
838 671 926 699 recte
944 665 1064 707 faciat,
1088 667 1123 698 id

277 715 325 743 est
347 711 488 742 institia.-

235 753 326 785 Deus
348 754 482 794 impellit
503 752 652 784 hominem
676 753 720 783 mi
742 753 823 783 iuste
845 753 1014 793 ayendum:

236 796 323 838 Eryo
343 796 436 828 Dens
457 800 506 827 esc
525 800 635 826 nostra
659 796 791 826 iustitia.

234 863 445 906 Respondco.
490 862 549 894 Est
572 870 798 905 argumentum
820 861 945 904 legale:
969 863 1036 895 Sed
1066 863 1121 894 de·

149 914 202 939 est
223 908 331 945 nobis,
354 907 442 948 quod
466 916 530 937 non
555 916 668 937 sumus
690 906 794 944 tales,
817 906 849 936 id
873 912 940 943 est,
977 906 1065 947 quod
1088 905 1120 936 in

149 949 213 982 hac
242 950 311 982 vita
343 959 408 981 non
442 948 545 980 efficit
566 948 659 980 Deus
690 949 720 980 in
740 950 836 979 nobis
860 947 1120 980 conformitatem
1146 956 1149 974 ³
1449 979 1456 986 ‚
1873 978 1880 985 ‚
1940 978 1946 985 ,

1146 990 1148 1011 ς
1174 984 1299 1010 ctorem
1333 985 1550 1018 potentiorem
1580 983 1649 1009 tota
1681 984 1820 1016 natura,
1850 976 2003 1010 Videlicet
2036 977 2142 1013 Deum

153 1002 227 1024 cum
250 1003 311 1024 sua
333 991 420 1033 lege.
476 991 553 1023 Ideo
577 1002 673 1032 quam
702 992 756 1022 diu
780 998 895 1023 natura
917 997 1028 1022 manet
1050 1001 1122 1022 cor-

149 1040 265 1076 rupta,
300 1045 431 1076 semper
454 1040 562 1065 manet
584 1033 639 1064 illa
663 1035 830 1076 quaestio,
866 1033 1030 1075 quomodo
1053 1032 1121 1074 pla-

152 1087 283 1109 ceamus
306 1077 390 1109 Deo.
436 1077 522 1108 ldem
546 1077 594 1108 sic
617 1083 879 1118 argumentatur:

236 1138 363 1169 lustitia
382 1141 428 1167 est
447 1141 608 1177 perpetua
628 1141 659 1168 et
680 1140 830 1167 constans
850 1136 1010 1173 voluntas,
1032 1144 1121 1166 suum

277 1181 445 1220 animique
467 1180 625 1210 tribums:

236 1222 331 1253 Solus
352 1222 442 1252 Deus
464 1225 509 1252 est
534 1223 627 1253 talis:

237 1264 326 1305 [ἔνθα
348 1265 436 1295 solus
458 1264 547 1295 Deus
569 1269 617 1295 est
636 1264 761 1295 iustitia
782 1268 908 1295 nostra.

234 1330 447 1372 Respondeo.
480 1331 639 1363 Concedo
653 1337 764 1362 totum.
800 1332 863 1363 Sed
887 1332 1037 1372 quaestio
1059 1337 1122 1369 est,

148 1385 191 1406 an
214 1384 276 1405 nos
300 1375 402 1405 simus
426 1373 527 1410 tales3
550 1384 623 1411 seu,
642 1384 684 1404 an
707 1374 739 1404 in
753 1374 848 1404 nobis
861 1372 1021 1405 efficiatur
1033 1384 1121 1406 nunc

149 1427 169 1448 a
191 1416 264 1448 Deo
289 1423 447 1448 constans
470 1415 526 1447 illa
550 1423 583 1448 et
605 1423 764 1458 perpetua
786 1415 951 1448 voluntas.

150 1579 320 1630 Quaero,
353 1594 405 1619 an
436 1594 577 1620 verum
609 1581 679 1629 sit,
711 1581 821 1634 quod
852 1580 980 1620 malae
1012 1579 1122 1620 incli-

148 1640 330 1681 nationes
383 1646 494 1679 ortae
549 1655 600 1679 ex
646 1640 990 1694 temperamentis,
1043 1640 1122 1680 sint

149 1713 293 1739 musae
332 1698 543 1747 vitiorum.)
588 1706 640 1748 et,
688 1700 798 1752 quod
845 1699 1120 1740 inclinationes

151 1758 238 1798 illae
269 1759 425 1798 varient
455 1758 676 1798 secundum
708 1759 874 1799 effectus
906 1759 1119 1809 stellarum,

335 1818 437 1857 sicut
467 1818 673 1872 disputant
703 1818 937 1873 Astrologi?

236 1923 445 1965 Respondeo-
512 1924 586 1956 Non
611 1926 775 1967 pertinent
807 1926 890 1958 haec
920 1925 963 1957 ad
986 1935 1120 1958 cansam

150 1966 362 2042 Effncipalem
385 1965 546 1999 malorum
575 1967 606 1998 in
631 1978 751 2010 genere
773 1969 930 2000 humano:
964 1970 1040 2010 quia
1058 1979 1121 2001 nec

186 2009 380 2043 clinationes
415 2011 572 2048 vitiosae,
605 2020 668 2042 nec
690 2010 807 2043 stellae
830 2017 907 2043 sunt
929 2021 1051 2044 causae
1074 2013 1120 2043 vi-

149 2053 309 2085 tiosarum
332 2053 496 2084 actionum
520 2052 719 2094 principales
742 2060 774 2086 et
796 2054 934 2093 totales,
967 2055 1027 2086 sed
1050 2063 1119 2085 tan-

149 2102 218 2128 tum
239 2095 415 2136 partiales:
439 2095 480 2126 Et
502 2094 730 2127 inclinationes
753 2097 882 2138 quidem
905 2103 982 2128 sunt
998 2107 1119 2129 causae

149 2138 371 2180 propinquae:
395 2137 563 2170 stellarum
575 2137 764 2171 effectiones
782 2146 920 2181 agentes
943 2139 1063 2182 aliquid
1086 2141 1119 2171 in

150 2181 320 2212 materiam
350 2180 580 2212 elementarem
608 2182 665 2221 (ex
692 2192 756 2223 qua
779 2188 932 2214 constant
960 2184 1118 2224 corpora)

150 2229 184 2254 et
206 2224 372 2256 variantes
395 2230 661 2265 temperamenta,
683 2225 855 2263 inclinant,
891 2230 926 2257 ut
946 2225 1049 2268 vulgo
1074 2226 1119 2258 di-

151 2266 247 2304 citur,
269 2267 326 2297 sed
348 2276 410 2297 non
432 2268 632 2298 necessilant.
971 2285 976 2289 ·

236 2307 380 2341 Basilius
404 2310 580 2347 contendit,
604 2319 644 2341 ne
667 2310 797 2351 quidem
810 2308 1036 2342 inclinationes
1048 2321 1115 2342 ma-

150 2350 202 2382 las
221 2352 298 2382 oriri
321 2362 341 2382 a
363 2351 480 2389 stellis,
502 2352 564 2383 hoc
587 2353 734 2383 nimirum
756 2360 967 2395 argumento:

236 2395 275 2425 Si
293 2396 404 2426 stellae
427 2400 529 2427 essent
553 2405 670 2427 causae
689 2396 844 2426 malarum
866 2396 1117 2436 inclinatimmm‚

151 2435 240 2467 Deus
268 2447 368 2468 causa
401 2442 483 2469 esset
506 2439 667 2475 ritiomm,
700 2442 729 2468 et
752 2442 848 2469 autom
867 2440 1007 2478 peccati.-
1040 2439 1116 2480 quia

150 2479 262 2510 stellae
283 2484 356 2511 sunt
378 2491 398 2512 a
422 2480 491 2512 Deo
515 2481 674 2511 conditae:

236 2522 301 2553 Sed
322 2532 384 2553 non
403 2527 448 2554 est
472 2524 560 2554 Deus
583 2533 683 2555 causa
704 2524 841 2563 peccati:

236 2563 324 2606 Eryo
352 2566 463 2597 stellae
480 2575 543 2597 non
571 2571 644 2597 sunl
665 2575 782 2596 causae
803 2566 959 2596 malarum
982 2566 1114 2597 inclina-

149 2607 277 2638 uomui-

827 172 1041 205 POSTlLLA
1068 168 1461 204 MELANTHONIANA.

2076 171 2137 204 794

1257 263 1467 305 Respondeo.
1512 263 1637 296 Stellae
1670 270 1747 296 sunt
1781 265 1932 297 conditae
1954 266 2074 304 bonae,
2106 272 2138 297 et

1171 305 1365 338 habuissent
1387 305 1576 338 effectiones
1600 307 1836 339 convenientes
1859 309 1892 339 in
1915 309 2051 339 materia
2073 319 2138 340 non

1173 354 1337 389 corrupta.
1405 347 1472 380 Sed
1494 349 1622 389 peccati
1644 359 1752 390 poena
1774 356 1826 381 est
1848 350 1880 381 in
1903 356 2019 381 natura
2040 350 2139 382 homi-

1171 402 1259 430 num,
1280 391 1415 423 mutatio
1439 392 1612 422 materiae:
1636 392 1709 423 ideo
1733 392 1882 433 sequitur
1903 391 2071 424 dissimilis
2094 392 2139 424 es-

1171 433 1270 465 sectio
1293 431 1463 465 stellarum
1491 434 1523 464 in
1550 435 1717 465 materiam
1747 441 1943 475 corruptam.
1988 434 2023 466 Si
2052 436 2140 467 obie-

1173 482 1270 514 ctum,
1293 477 1325 507 in
1348 477 1437 517 quod
1460 482 1562 518 agunt
1584 475 1709 515 stellae,
1734 483 1824 507 recte
1857 487 1894 508 se
1922 476 2058 508 haberet
2108 485 2139 509 et

1171 518 1238 550 tale
1260 524 1361 557 esset,
1384 517 1482 560 quale
1505 517 1564 549 suit
1588 519 1765 556 conditum,
1789 517 1878 549 nulla
1901 500 2140 551 tieretinclina—

1172 563 1217 593 tio
1240 562 1283 593 ad
1305 560 1436 592 malum.
1481 561 1547 593 Sed
1576 567 1693 592 natura
1722 560 1887 592 hominum
1910 562 1973 592 iam
1997 568 2047 592 est
2069 573 2140 594 cor-

1172 610 1276 646 rupta.
1322 603 1399 635 ldeo
1422 605 1453 635 in
1477 603 1613 634 materia
1636 604 1867 641 contaminata,
1890 602 1973 635 alios
1985 614 2073 636 nunc
2096 602 2142 636 ef-

1173 645 1280 678 fectus
1309 645 1432 678 habent
1449 645 1581 680 stellae,
1617 656 1715 687 quam
1748 644 1942 677 habuissent
1971 647 2002 677 in
2026 653 2141 679 natura

1174 690 1312 731 integra.

1263 748 1418 780 Videmus
1441 749 1551 779 vinum
1573 758 1634 779 sua
1656 753 1774 779 natura
1785 748 1919 786 bonum,
1941 747 2065 780 habere
2084 750 2143 780 bo-

1173 801 1234 822 nas
1268 790 1459 823 effectiones
1493 791 1526 821 in
1560 791 1756 831 corporibus
1780 791 1886 827 sanis3
1921 790 2009 822 Idem
2034 797 2141 823 tamen

1172 834 1283 884 vinum
1316 839 1416 877 auget
1450 834 1584 865 morbos
1607 834 1639 864 in
1662 831 1935 871 febricitantibus,
1968 839 2001 865 et
2023 832 2142 876 hydro-

1173 887 1265 916 plcls.

1259 935 1351 973 Item,
1374 936 1403 967 si
1425 935 1524 967 homo
1547 945 1613 967 non
1635 941 1725 967 esset
1747 933 1874 976 lapsus,
1903 933 2073 967 habuisset
2095 946 2143 968 re·

1173 1020 1291 1060 ipsum.
1334 1021 1489 1052 fuissent
1513 1021 1611 1063 igitur
1634 1027 1711 1052 tunc
1734 1030 1847 1051 omnes
1861 1026 1968 1051 motus
1991 1022 2089 1052 animi
2112 1028 2142 1054 et

1174 1063 1325 1103 corporis
1348 1065 1430 1095 recti
1452 1070 1484 1094 et
1506 1064 1762 1095 incontaminati.
1829 1062 1896 1094 Sed
1930 1073 2017 1095 nunc
2047 1064 2143 1099 desiit

1172 1104 1271 1155 homo
1305 1116 1382 1137 esse
1415 1105 1570 1147 templum
1602 1105 1678 1144 Dei,
1711 1112 1745 1137 et
1767 1104 1822 1136 lux
1844 1116 1885 1137 ac
1902 1106 2065 1138 rectitudo
2087 1105 2143 1138 illa

1173 1157 1295 1178 annssa
1318 1155 1379 1179 est.

1258 1206 1353 1238 Hanc
1375 1208 1642 1249 depravationem
1665 1213 1801 1239 naturae
1812 1207 1973 1239 hnmanae
1991 1208 2143 1250 ignorant

1174 1248 1375 1291 Philosophi.
1421 1250 1498 1282 ldeo
1524 1257 1688 1293 vagantur
1716 1250 1968 1291 cogitationibus
1991 1250 2142 1283 mirabili-

1173 1298 1233 1327 ter,
1256 1293 1387 1334 quando
1410 1294 1576 1324 intuentur
1588 1299 1710 1324 tantam
1720 1291 1948 1324 confusionem
1970 1294 2003 1324 in
2025 1300 2142 1325 natura

1174 1335 1354 1372 hominum;
1377 1336 1410 1366 id
1432 1342 1494 1374 est,
1518 1334 1760 1373 mortalitatem,
1785 1341 1817 1366 et
1845 1336 1954 1366 varias
1977 1335 2142 1368 calamita-

1174 1382 1236 1415 tes,
1268 1383 1301 1408 et
1333 1378 1439 1419 ipsam
1465 1377 1718 1410 imbecillitatem
1740 1376 1906 1409 hominum
1928 1378 1960 1410 in
1988 1379 2142 1420 regendis

1173 1421 1358 1451 actionibus
1380 1421 1459 1453 suis.

1259 1479 1334 1511 Non
1368 1481 1465 1523 igitur
1498 1490 1539 1511 ex
1572 1478 1788 1522 Philosophia
1819 1485 1943 1513 tantum
1963 1480 2143 1516 discendae

1174 1528 1250 1553 sunt
1273 1532 1398 1554 causae
1430 1523 1634 1555 miseriarum
1662 1522 1888 1560 humanarum,
1917 1523 1977 1554 sed
2001 1524 2144 1556 omnium

1175 1565 1311 1596 maxime
1335 1566 1524 1606 aspicienda
1547 1571 1598 1597 est
1620 1564 1702 1597 haec
1726 1564 1914 1606 principalis
1938 1575 2054 1597 causa:
2077 1566 2142 1598 La-

1173 1617 1252 1648 psus
1270 1608 1450 1648 primorum
1483 1608 1656 1646 hominum,
1691 1618 1787 1649 quem
1814 1613 1930 1639 secuta
1958 1615 2009 1640 est
2031 1619 2143 1640 corru-

1173 1650 1240 1692 ptio
1265 1657 1412 1693 naturae,
1435 1661 1531 1692 quam
1554 1661 1620 1682 non
1644 1651 1759 1688 cernit,
1780 1660 1842 1682 nec
1864 1651 1984 1682 iudicat
2007 1652 2100 1683 ratio.

1259 1710 1397 1741 Accedit
1426 1716 1535 1741 autem
1564 1710 1606 1741 ad
1628 1716 1768 1741 naturae
1790 1710 2034 1751 corruptionem
2052 1711 2144 1748 furor

1173 1756 1203 1782 ee
1225 1752 1328 1782 odium
1350 1752 1492 1787 Diaboli,
1509 1753 1564 1794 qui
1581 1758 1730 1784 naturam
1749 1752 1900 1783 miseram
1925 1759 1956 1784 et
1978 1753 2142 1785 desertam

1172 1794 1307 1837 impellit
1329 1796 1361 1826 in
1385 1796 1580 1837 gravissima
1602 1793 1706 1833 mala,
1733 1800 1766 1826 et
1788 1793 1934 1832 scelera,
1958 1805 2044 1837 quae
2066 1802 2143 1831 sunt

1174 1844 1290 1870 contra
1311 1838 1417 1879 ipsam
1439 1842 1602 1876 naturam,
1617 1838 1650 1868 in
1672 1843 1829 1879 quantum
1851 1837 1960 1869 adhuc
1981 1837 2142 1881 reliquum

1173 1887 1223 1912 est
1246 1891 1330 1923 opus
1353 1879 1416 1911 Dei
1444 1881 1477 1911 in
1504 1887 1640 1918 natura3
1672 1887 1726 1918 ut,
1758 1889 1860 1921 saepe
1883 1881 2020 1919 accidit,
2054 1882 2142 1923 quod

1173 1930 1294 1955 matres
1323 1923 1521 1955 interficiunt
1548 1922 1707 1960 infantes;
1734 1929 1846 1963 patres
1869 1923 2064 1957 interficiunt
2085 1934 2142 1958 na-

1173 1972 1242 1998 tos:
1265 1966 1340 1998 Nati
1358 1966 1556 1998 interficiunt
1573 1972 1742 2007 parentes:
1765 1965 1934 2004 Homines,
1951 1966 2035 1997 inter
2057 1977 2141 2008 quos

1171 2019 1337 2050 nunquam
1365 2010 1441 2040 odia
1470 2007 1619 2046 fuerunt,
1651 2007 1797 2040 furenter
1826 2015 1923 2040 ruunt
1946 2009 1978 2040 in
2006 2016 2141 2046 mutuat

1173 2053 1305 2083 caedes.
1349 2051 1441 2083 Haec
1463 2061 1529 2082 non
1552 2051 1633 2083 fiunt
1653 2051 1852 2089 humanitus,
1877 2051 1951 2092 quia
1973 2058 2090 2085 natura
2113 2053 2141 2084 si

1172 2093 1283 2136 aliquo
1305 2095 1405 2126 modo
1427 2100 1519 2126 esset
1541 2104 1640 2132 sana,
1662 2104 1729 2125 non
1752 2093 1878 2125 faceret
1899 2093 1987 2125 talia.

1257 2137 1326 2168 Has
1357 2147 1494 2175 causaS,
1527 2147 1609 2178 quas
1638 2147 1704 2168 non
1733 2142 1869 2171 cernunt
1898 2135 2047 2168 homines
2071 2137 2142 2169 sine

1172 2179 1374 2212 revelatione
1402 2181 1527 2218 divina,
1556 2190 1628 2211 cum
1657 2189 1776 2220 magno
1800 2177 1915 2210 dolore
1938 2179 2088 2212 viderunt
2110 2185 2141 2211 et

1173 2223 1300 2265 experti
1322 2229 1400 2254 sunt
1421 2223 1513 2264 primi
1537 2228 1691 2263 parentes
1714 2223 1745 2252 in
1769 2231 1817 2258 se,
1840 2226 1873 2252 et
1893 2222 2036 2262 posteris
2059 2222 2140 2259 suis,

1172 2272 1206 2297 ut
1229 2276 1302 2298 cum
1326 2266 1474 2297 viderent
1498 2264 1583 2296 Abel
1611 2264 1747 2295 interfici
1770 2274 1789 2294 a
1812 2262 1922 2294 fratre.
1968 2262 2140 2305 Scriptura

1172 2309 1267 2340 etiam
1290 2307 1389 2349 plena
1413 2316 1463 2339 est
1485 2308 1743 2339 testimoniorum
1772 2306 1812 2337 de
1835 2305 1887 2335 his
1911 2307 2040 2344 causis,
2065 2317 2139 2348 pro·

1172 2358 1244 2393 pter
1267 2361 1349 2392 quas
1373 2358 1475 2382 totum
1499 2361 1602 2392 genus
1626 2349 1800 2380 humanum
1823 2348 2004 2380 subiectum
2024 2355 2075 2379 est
2091 2355 2139 2380 tot

1170 2404 1210 2425 ac
1234 2394 1331 2425 tantis
1355 2393 1604 2425 calamitatibus,

1255 2436 1322 2469 Sed
1344 2435 1398 2468 hic
1422 2436 1568 2477 sequitur
1590 2432 1653 2465 alia
1676 2433 1840 2475 quaestio:
