2324 2958
132 159 196 191 455

132 252 241 285 bimus
268 250 417 283 laborem
446 255 597 281 nostrum
619 258 688 281 non
716 247 792 280 fore
820 249 951 281 inanem
981 249 1014 280 in
1045 247 1113 280 Do-

131 296 231 328 mino.

219 338 358 376 Contra,
380 337 475 369 Deus
496 336 683 379 prohibuit,
707 335 760 368 Ne
777 335 889 376 facias
907 333 1046 375 furtum,
1070 343 1113 365 ne

131 392 270 415 moveas
288 381 497 419 seditionem,
516 389 558 412 ne
581 380 718 411 deseras
742 380 952 411 vocationem
976 382 1113 419 propter

131 430 378 468 paupertatem,
407 428 465 455 aut
486 429 608 455 metum
631 421 866 465 periculorum.
909 421 1001 452 llaec
1022 430 1112 452 man-

133 469 211 500 data
234 468 263 499 si
286 465 479 504 violaveris,
498 467 644 498 attrahes
667 467 724 497 tibi
748 475 905 508 poenam:
941 464 1028 503 Quia
1050 473 1113 496 nom

133 513 167 543 in
185 511 254 543 solo
270 520 367 552 pane,
386 510 444 542 sed
461 510 496 541 in
518 510 605 541 omni
623 509 722 541 verbo
744 508 811 540 Dei
832 509 967 540 vicitur:
990 507 1024 539 id
1047 512 1111 546 est,

132 554 227 586 Deus
251 553 396 585 vivificat
419 563 479 595 per
501 563 598 584 suum
631 554 786 584 verbum:
820 558 852 583 et
882 556 998 583 contra
1020 551 1113 592 punit

133 604 272 640 agentes
297 602 414 629 contra
436 596 575 628 verbum
598 602 631 628 et
653 595 872 627 vocationem.

240 764 304 805 De
336 763 515 804 secundo
546 762 677 817 gradu
707 761 990 802 tentationum.

219 855 286 887 lam
309 855 406 886 venio
430 855 472 886 ad
495 854 676 886 secundam
700 853 924 885 tentationem.

219 897 372 931 Christus
407 897 579 930 deducitur
612 902 714 938 super
747 894 959 938 pinnaculum
989 894 1113 937 templi.

131 941 256 974 'snrres
279 948 429 973 veterum
452 939 675 972 aedificiorum
698 950 765 972 non
788 939 920 971 fuerunt
943 949 1018 970 cum
1041 937 1113 970 tali-

132 985 196 1018 bus
219 985 359 1028 trigonis
383 991 414 1016 et
437 984 666 1026 pyramidibus
692 983 777 1014 sicut
798 989 915 1014 nostra
935 988 1034 1021 tecta,
1053 982 1115 1014 sed

131 1027 192 1060 fuit
213 1027 367 1070 planities
386 1028 418 1059 in
442 1028 578 1059 summis
601 1027 758 1065 turribus,
777 1031 954 1068 potuerunt
975 1026 1019 1057 ibi
1042 1024 1114 1056 fieri

132 1070 426 1104 deambulationes.
483 1069 650 1102 Fortassis
679 1068 845 1102 Diabolus
875 1067 1001 1111 impulit
1024 1068 1114 1100 Chri-

132 1121 220 1147 stum
252 1114 506 1157 imaginatione,
537 1120 571 1145 ut
603 1113 801 1145 ascenderet
834 1118 956 1144 tectum
990 1110 1115 1154 templi,

124 1158 197 1190 -nisi
226 1155 312 1189 sorte
343 1158 413 1199 ipse
437 1167 476 1188 eo
502 1157 600 1189 traxit
624 1166 698 1188 eum
721 1156 839 1198 quovis
863 1156 981 1194 modo,
1016 1161 1049 1187 et
1071 1155 1115 1187 ibi

132 1202 233 1232 stanti
267 1200 376 1232 iniecit
410 1199 494 1231 tales
529 1210 570 1231 co
596 1199 767 1231 itationes:
819 1197 967 1230 Deiicias
1001 1204 1050 1237 te,
1080 1204 1116 1230 ut

131 1243 236 1276 iacias
281 1242 432 1275 ulchrum
451 1243 576 1274 miracu
591 1253 662 1279 um;
692 1241 776 1278 Quia
798 1240 963 1273 Diabolus
987 1241 1116 1284 quaerit

132 1287 291 1319 miracua
325 1285 474 1324 inutilia,
509 1289 596 1317 sicut
630 1292 680 1316 est
715 1285 747 1316 in
776 1285 917 1316 historia
944 1284 1052 1326 Petri,
1083 1290 1116 1316 et

132 1329 276 1362 Simonis
299 1328 411 1371 Magi,
435 1328 567 1370 quando
593 1333 762 1360 certarunt
785 1338 898 1360 coram
920 1327 1064 1359 Nerone.

218 1372 266 1404 lbi
290 1371 404 1404 Simon
427 1371 549 1414 Magus
570 1370 674 1403 voluit
704 1369 887 1403 subvolare
910 1371 942 1401 in
967 1369 1115 1402 coelum:

131 1416 193 1448 sed
212 1415 332 1447 Petrus
352 1420 509 1457 precatus
528 1420 592 1453 est,
612 1420 647 1447 ut
668 1414 847 1446 decideret.
894 1412 1004 1445 Credo
1024 1413 1115 1455 Apo-

130 1457 239 1490 stolos
256 1458 414 1490 habuisse
433 1467 554 1500 magna
567 1457 760 1496 certamina,
775 1457 902 1488 etiamsi
919 1467 987 1489 non
1004 1457 1115 1488 omnia

130 1509 207 1534 sunt
232 1502 368 1543 scripta.
413 1501 559 1533 Faustus
579 1499 729 1532 Venetiis
752 1501 852 1532 etiam
874 1499 941 1531 hoc
964 1500 1115 1532 tentavit.

130 1545 199 1577 Sed
221 1543 307 1577 male
331 1550 383 1576 est
406 1543 524 1576 allisus
548 1542 634 1576 solo.

218 1587 306 1620 Citat
328 1588 383 1620 hic
405 1585 571 1619 Diabolus
601 1587 723 1618 dictum
745 1586 935 1628 Sripturae:
981 1586 1116 1628 Angelis

130 1635 198 1665 mis
224 1632 391 1663 mandarit
423 1631 462 1662 de
485 1634 524 1662 te.
569 1629 619 1662 Tu
649 1639 687 1662 es
710 1629 872 1668 Messias,
902 1627 981 1661 nihil
1005 1635 1116 1672 potest

129 1675 189 1708 tibi
213 1673 288 1707 mali
311 1674 476 1707 accidere.
523 1673 592 1706 Sed
615 1673 748 1705 omittit:
780 1674 814 1704 in
839 1674 902 1706 m'is
925 1673 1008 1710 [11:⁸85
1039 1673 1115 1716 quia

130 1717 201 1750 vult
225 1717 393 1750 Christum
418 1718 539 1750 ducere
563 1723 657 1749 extra
680 1716 790 1748 viam?
812 1715 883 1748 vult
906 1726 980 1748 eum
1002 1715 1115 1748 facere

130 1759 292 1795 miracula
325 1761 520 1799 ambitiosa,
556 1770 641 1803 quae
676 1758 871 1802 applausum
909 1765 940 1791 et
975 1760 1116 1792 admira·

127 1805 253 1837 tionem
276 1803 368 1847 vulgi
391 1810 557 1835 moveant.

218 1846 343 1879 Verum
367 1846 521 1879 Christus
545 1846 643 1879 habet
674 1845 740 1877 alla
763 1844 939 1884 miracula,
970 1851 1002 1877 et
1025 1846 1115 1877 testi-

133 1891 243 1923 monia
277 1888 476 1928 illustriora,
513 1897 547 1921 ut
582 1890 868 1921 resuscitationem
899 1895 1116 1927 mortuorum,

132 1944 219 1976 quae
242 1939 294 1965 est
318 1934 440 1972 maior,
465 1944 562 1975 quam
587 1933 745 1964 demissio
770 1932 811 1964 de
834 1933 925 1964 turri.

218 1975 308 2008 Nihil
331 1977 465 2008 dubium
489 1983 550 2015 est,
569 1976 646 2018 quin
665 1975 730 2007 hoc
750 1975 971 2018 significetur:
1007 1974 1115 2013 Quod,

155 2020 267 2053 nando
297 2018 440 2051 eluctata
470 2026 519 2051 est
549 2017 704 2051 Ecclesia
729 2029 768 2050 ex
801 2019 903 2059 prima
934 2020 1115 2050 tentatione

133 2031 174 2096 de
207 2068 420 2106 paupertate,
460 2070 491 2095 et
524 2063 778 2105 persecutione,
814 2068 891 2093 tunc
933 2069 1116 2104 sequuntur

133 2107 333 2139 tentationes
369 2116 502 2144 eorum,
538 2106 592 2148 qui
623 2112 699 2136 sunt.
728 2106 759 2136 in
791 2104 968 2147 pinnaculo
993 2103 1116 2147 templi,

131 2150 165 2182 id
196 2158 264 2188 est,
298 2148 484 2181 Doctorum
515 2156 546 2181 et
577 2149 836 2191 gubernatorum
866 2147 1057 2186 Ecclesiae,
1081 2155 1115 2179 ut

133 2200 294 2236 quaerant
317 2203 405 2225 nova
429 2193 601 2235 dogmata,
622 2190 676 2223 vel
700 2191 820 2224 cultus.

221 2236 256 2268 ln
290 2237 394 2278 prima
422 2235 597 2274 Ecclesia,
632 2245 706 2267 cum
737 2241 930 2266 cessassent
960 2245 1114 2277 persecu-

134 2281 255 2317 tiones,
267 2280 377 2311 statim
394 2285 503 2311 motae
522 2285 597 2311 sunt
616 2278 738 2310 multae
754 2277 930 2310 horribiles
948 2279 1116 2310 haereses.

222 2323 308 2355 ldem
345 2323 464 2355 accidit
498 2320 637 2365 singulis
673 2321 871 2353 hominibus.
935 2321 1115 2363 Postquam

135 2366 303 2398 desierunt
335 2376 411 2398 esse
439 2365 574 2397 solliciti
605 2365 645 2396 de
670 2365 777 2403 victu,
800 2376 875 2396 mox
901 2365 1047 2406 cogitant
1075 2365 1116 2395 de

133 2410 308 2442 movendis
331 2420 397 2441 non
422 2409 642 2447 necessariis,
666 2409 697 2440 id
721 2414 784 2446 est,
807 2409 955 2450 sequitur
979 2408 1116 2439 curiosi-

134 2459 207 2491 tas,
242 2454 331 2494 quod
363 2459 413 2484 est
438 2453 556 2495 ingens
580 2458 612 2484 et
637 2452 857 2493 perniciosum
882 2450 1014 2483 malum.
1062 2450 1116 2482 Di-

136 2506 249 2528 camus
274 2497 411 2536 primum
437 2497 477 2527 «le
502 2496 778 2538 «lisputationibus
802 2495 1002 2537 dogmatum.

223 2539 466 2571 Samosatenus
494 2546 560 2570 stat
590 2540 621 2571 in
652 2537 828 2580 pinnaculo
852 2537 980 2580 templi,
1010 2544 1061 2569 est
1085 2539 1117 2569 in

136 2581 211 2614 loco
231 2582 335 2621 celso,
354 2589 404 2614 est
422 2582 609 2624 Episcopus
632 2581 840 2619 Antiochiae,
861 2582 915 2613 ubi
940 2580 997 2612 suit
1017 2582 1117 2613 sedes

136 2625 242 2663 Petri,
277 2627 456 2658 admiratur
492 2637 585 2658 suum
617 2627 850 2663 eruditionem,
884 2623 1119 2667 eloquentiam,

770 153 880 186 PfflL.
905 153 1009 186 MEL.
1033 152 1220 187 SCRIPTA
1241 150 1506 185 EXEGETICA.

2078 152 2144 187 456

1164 251 1198 278 et
1219 250 1354 278 caetera
1375 246 1464 278 dona
1485 245 1622 289 ingenii:
1668 245 1787 277 Deiicit
1810 255 1848 278 se
1871 247 1913 278 de
1941 247 2083 290 templo,
2109 249 2143 282 id

1165 294 1232 327 est,
1255 288 1395 320 discedit
1424 299 1445 320 a
1473 287 1612 330 simplici
1642 288 1793 320 doctrina
1825 290 1946 321 tradita
1975 291 2143 329 divinitus,

1164 338 1197 364 et
1215 331 1308 374 fingit
1330 341 1436 364 novas
1459 332 1675 368 Phantasias;
1699 338 1797 374 negat
1815 333 1901 372 λόγον
1918 342 1996 365 esse
2018 333 2144 375 ὁφιστᾰ·

1162 387 1268 414 μενον,
1292 375 1418 417 cogitat
1439 375 1620 406 absurdum
1643 384 1732 414 esse,
1756 376 1866 407 dicere
1888 375 1998 408 Deum
2019 377 2145 409 habere

1164 418 1285 457 filium,
1315 417 1387 450 vult
1409 427 1583 450 removere
1606 417 1693 448 hanc
1716 419 1964 450 absurditatem.
2009 419 2145 456 Quaerit

1164 471 1272 493 novos
1303 459 1454 499 colores,
1483 461 1603 503 quibus
1635 467 1824 504 corrumpat
1846 467 1971 494 textum
1995 461 2145 494 loannis:

1163 507 1202 537 In
1224 505 1389 546 ym'ncipt’o
1411 507 1484 535 erat
1505 504 1644 535 verbum.

1250 547 1307 579 Sic
1324 547 1443 579 Arrius
1462 552 1527 578 stat
1543 547 1576 578 in
1595 545 1772 587 pinnaculo
1798 546 1921 590 templi,
1939 554 1990 580 aet
2011 549 2045 580 in
2068 547 2146 581 loco

1164 589 1278 629 celso,
1311 590 1407 622 sedet
1440 590 1472 621 in
1500 587 1634 632 fastigio
1663 589 1855 629 Ecclesiae,
1889 598 1940 623 est
1963 590 2145 634 eloquens:

1164 633 1286 666 Deiicit
1307 643 1357 672 se,
1380 633 1413 665 id
1437 638 1500 670 est,
1523 633 1649 675 spargit
1673 644 1795 666 novum
1814 634 1953 676 dogma;
1976 634 2072 678 fingit
2094 635 2146 666 Fi-

1163 675 1244 709 lium
1277 686 1354 708 esse
1387 674 1697 708 excellentissimam
1734 683 1937 715 creaturam,
1968 687 2010 709 ex
2043 677 2147 711 nihilo

1167 719 1344 752 conditam.

1252 761 1341 794 idem
1379 761 1529 794 fecerunt
1571 763 1692 793 caeteri
1739 762 1913 802 haeretici,
1959 764 2146 803 Nestorius,

1165 804 1355 848 Eutyches,
1378 803 1552 847 Pelagius,
1581 811 1614 836 et
1636 803 1708 844 alii,
1739 808 1794 848 qui
1825 806 1946 839 fiducia
1969 808 2092 851 ingenii
2115 814 2148 840 et

1166 849 1349 891 sapientiae
1382 857 1464 880 suae
1499 848 1654 880 deiiciunt
1689 859 1726 881 se
1760 850 1801 881 de
1835 849 1974 892 templo,
2014 857 2149 883 movent

1165 902 1255 924 nova
1273 892 1440 933 dogmata.
1485 889 1550 922 Alii
1569 892 1800 933 excogitarunt
1817 903 1924 925 novas
1943 894 2149 933 traditiones,

1166 936 1404 979 quaesiverunt
1427 931 1552 966 cultum
1575 933 1638 965 Dei
1661 936 1694 966 in
1712 934 1926 975 Monachatu,
1950 937 2149 970 invenerunt

1167 977 1376 1011 caelibatum.
1432 974 1526 1008 Talia
1556 977 1622 1008 cito
1653 978 1857 1020 irrepserunt
1885 980 1920 1011 in
1948 979 2148 1012 Ecclesiam.

1165 1022 1262 1055 Nunc
1284 1022 1398 1060 etiam,
1421 1030 1520 1063 quam
1542 1018 1677 1052 multum
1699 1027 1752 1052 est
1776 1022 2047 1063 disputationum!

1254 1065 1356 1097 Pauci
1395 1064 1539 1096 retinent
1572 1064 1795 1096 sinceritatem
1829 1065 2019 1103 doctrinae3
2053 1063 2151 1098 Multi

1167 1115 1244 1142 sunt
1256 1109 1422 1151 sapientes
1436 1105 1686 1146 reformatores,
1696 1114 1857 1150 arrogant
1869 1109 1933 1140 sibi
1945 1109 2151 1150 sapientiam,

1167 1151 1281 1184 volunt
1306 1151 1414 1183 omnia
1437 1149 1636 1187 reformare5
1666 1149 1836 1193 indulgent
1858 1152 1928 1184 suis
1951 1151 2152 1194 speculatio-

1166 1197 1276 1233 nibus,
1289 1193 1473 1227 distrahunt
1487 1192 1688 1231 Ecclesiam,
1700 1196 1834 1226 turbant
1854 1195 2040 1228 doctrinam
2057 1201 2152 1228 recte

1168 1239 1398 1276 constitutam,
1427 1241 1463 1268 ut
1491 1234 1670 1268 concilient
1701 1237 1762 1268 sibi
1791 1239 1938 1270 novitate
1960 1239 2152 1281 dogmatum

1167 1281 1363 1324 applausum
1393 1278 1502 1321 vulgiz
1532 1279 1610 1321 quia
1639 1278 1760 1322 vulgus
1789 1279 1856 1312 tale
1885 1286 1952 1320 est,
1987 1289 2020 1313 ut
2050 1282 2151 1314 admi·

1168 1331 1260 1357 retur
1282 1331 1314 1356 et
1337 1328 1424 1354 amet
1447 1331 1553 1359 nova,
1575 1322 1659 1353 sicut
1681 1322 1895 1365 Thucydides
1919 1325 1959 1356 de
1983 1325 2052 1356 suis
2076 1325 2152 1356 civi-

1169 1369 1231 1400 bus
1255 1368 1318 1406 ait,
1341 1366 1428 1408 quod
1445 1362 1627 1405 fastidiant
1648 1365 1793 1404 imitata,
1816 1370 1846 1398 et
1870 1367 2073 1400 admirentur
2095 1367 2152 1400 ab·

1167 1411 1282 1444 surda.
1327 1407 1420 1440 Talis
1443 1417 1524 1440 vere
1545 1413 1598 1439 est
1621 1407 1705 1439 haec
1727 1415 1845 1441 nostra
1867 1416 1974 1442 aetas.

1255 1453 1422 1485 Osiander
1440 1451 1518 1483 dicit
1535 1460 1598 1483 nos
1616 1451 1831 1492 praedicasse
1843 1453 2045 1486 dimidiatum
2057 1453 2152 1486 Chri-

1168 1504 1267 1536 stum,
1291 1506 1329 1528 se
1352 1495 1475 1527 vidisse
1497 1495 1661 1536 integrum
1680 1493 1862 1535 Christum,
1885 1497 2009 1529 invenit
2028 1507 2153 1530 novum

1167 1539 1369 1573 vocabulum
1387 1537 1532 1571 Iustitiae
1553 1537 1758 1575 essentialis3
1787 1538 1876 1571 Dicit
1898 1539 2062 1572 hominem
2084 1550 2152 1572 non

1166 1584 1341 1617 iustificari
1372 1582 1535 1624 sanguine
1559 1580 1700 1619 Christi,
1731 1582 1792 1613 sed
1822 1583 1944 1614 iustitia
1967 1581 2150 1616 essentiali.

1166 1628 1239 1660 Nos
1263 1636 1344 1659 vero
1369 1634 1434 1657 non
1458 1622 1602 1656 tollimus
1622 1623 1829 1656 effectionem
1849 1624 1972 1657 Christi
1991 1626 2024 1657 in
2042 1627 2153 1665 nobis,

1168 1671 1229 1703 sed
1252 1671 1410 1703 docemus
1433 1668 1598 1700 hominem
1619 1665 1754 1709 placere
1777 1674 1912 1710 propter
1931 1669 2153 1702 obedientiam

1168 1713 1240 1746 filii:
1286 1713 1386 1751 Quia,
1415 1710 1566 1754 quamvis
1603 1709 1704 1742 Filius
1733 1709 1796 1742 Dei
1820 1717 1872 1743 est
1894 1710 2014 1743 efficax
2038 1713 2070 1744 in
2091 1712 2152 1745 ho-

1168 1758 1274 1795 mine,
1310 1763 1419 1788 tamen
1449 1753 1549 1785 homo
1580 1759 1633 1786 est
1662 1755 1768 1785 iustus
1799 1764 1865 1786 non
1895 1763 2032 1797 propter
2061 1754 2151 1788 illam

1168 1800 1369 1838 efficaciam,
1397 1808 1457 1830 seu
1488 1797 1644 1830 iustitiam
1672 1795 1902 1836 essentialem,
1930 1798 1990 1830 sed
2015 1805 2152 1841 propter

1168 1844 1388 1876 obedientiam
1414 1841 1481 1873 tilii.

1255 1886 1312 1918 Sic
1334 1886 1493 1918 Sei-vetus
1517 1884 1630 1916 habuit
1653 1881 1874 1925 applausores
1897 1894 1996 1923 suos,
2025 1886 2150 1927 sparsit

1169 1932 1289 1972 dogma
1313 1934 1429 1961 contra
1453 1927 1663 1959 Divinitatem
1688 1925 1743 1958 tilii
1766 1926 1839 1959 Dei.

1255 1970 1570 2005 Schwencki'eldius
1595 1976 1751 2002 extenuat
1773 1971 1912 2003 verbum
1936 1969 2063 2003 vocale.

1256 2016 1316 2047 Est
1339 2022 1370 2047 et
1388 2016 1419 2046 in
1444 2017 1612 2046 iuventute
1636 2012 1732 2045 valde
1755 2014 1877 2045 usitata
1901 2013 1986 2045 haec
2002 2015 2150 2046 tentatio.

1168 2059 1387 2092 Delectantur
1416 2057 1507 2090 multi
1535 2057 1739 2100 prodigiosis
1763 2057 2058 2099 disputationibuS‚
2083 2063 2151 2089 tur·

1170 2105 1248 2135 bant
1272 2109 1304 2134 et
1327 2109 1479 2137 movent,
1510 2111 1595 2142 quae
1621 2111 1687 2132 non
1711 2108 1802 2131 erant
1829 2100 1980 2132 voranda
2003 2101 2034 2132 in
2058 2101 2151 2133 dubi·

1168 2147 1336 2183 tationem,
1355 2150 1386 2177 et
1409 2155 1494 2186 quae
1517 2151 1638 2176 temere
1661 2150 1751 2176 mota
1774 2145 1956 2176 obscurant
1980 2142 2087 2176 lucem
2111 2155 2152 2176 ac

1169 2191 1340 2221 veritatem
1371 2189 1552 2219 doctrinae.
1606 2187 1679 2219 Hoc
1708 2188 1806 2219 etiam
1830 2193 1881 2219 est
1904 2187 2026 2219 diicere
2049 2197 2088 2219 se
2110 2197 2152 2219 ex

1168 2231 1346 2275 pinnaculo
1371 2231 1493 2273 templi.

1257 2275 1378 2307 Postea
1396 2276 1427 2306 in
1452 2276 1516 2306 vita
1541 2274 1716 2311 communi,
1735 2280 1890 2314 quantuni
1914 2279 1964 2304 est
1989 2271 2152 2305 bellorum

1169 2327 1200 2352 et
1235 2317 1428 2351 tumultuum
1463 2328 1529 2349 non
1563 2316 1827 2349 necessariorum
1857 2316 1941 2347 inter
1969 2316 2150 2357 principes!

1169 2370 1325 2405 quantum
1356 2361 1508 2394 licentiae
1535 2362 1568 2394 in
1599 2361 1748 2393 homines
1779 2359 1945 2401 privatos!
1980 2365 2012 2390 et
2042 2366 2150 2391 tamen

1170 2412 1406 2448 prm-texuntur
1435 2405 1600 2447 tigmentis
1625 2413 1784 2436 novorum
1808 2403 1998 2445 dogmatum
2027 2408 2059 2434 et
2083 2400 2152 2434 cul-

1170 2457 1276 2486 tuum,
1311 2450 1386 2481 item
1416 2450 1601 2480 actionibus
1625 2447 1767 2479 curiosis
1789 2447 1985 2478 autoritates
2010 2452 2041 2478 et
2065 2446 2153 2478 dicta

1170 2494 1376 2534 scripturae:
1411 2493 1496 2523 sicut
1532 2493 1584 2524 hic
1615 2488 1778 2522 Diabolus
1813 2488 1935 2531 allegat
1971 2487 2153 2521 mutilatam

1170 2537 1364 2569 sententiam
1390 2534 1523 2567 Psalmi.

1258 2579 1316 2610 Est
1352 2586 1448 2611 vetus
1482 2578 1545 2610 hoc
1580 2578 1667 2619 apud
1700 2575 1979 2612 Demosthenem,
2059 2574 2102 2605 od
2130 2574 2150 2605 11

1172 2625 1224 2665 qui
1250 2622 1363 2654 volunt
1389 2620 1523 2659 saliere,
1548 2621 1646 2653 citant
1672 2619 1838 2652 mutilatas
1862 2618 1971 2661 legi-s:
2006 2616 2017 2649 Ι
2043 2629 2082 2649 eo
2106 2617 2151 2649 iu-
