2324 2958
44 201 108 234 ¹721

45 295 200 328 Christus
233 293 300 326 vult
327 302 446 325 sanare
473 291 687 323 contritiones
711 299 858 324 nostras,
901 291 1018 323 Linum

45 340 192 371 nominat
219 336 393 379 lychnum,
426 334 534 367 adhuc
562 332 685 375 aliquid
717 334 891 366 habentem
920 334 1017 372 lucis,

70 383 102 414 ui
130 381 275 413 nonduin
302 379 467 411 extinctus
497 383 563 415 θεῖς
595 376 654 405 das
685 387 752 405 mun
776 377 921 406 anblasen
945 377 1017 407 kun.

46 392 160 456 *alem
189 422 345 465 lychnum
375 421 586 464 fumigantem
613 429 679 450 non
702 419 772 450 vult
795 418 924 458 delere,
958 419 1017 450 sed

46 465 117 499 vult
139 476 212 497 eum
232 464 432 496 accendere:
456 461 526 494 vult
548 464 693 503 ζωπυρεΐν
715 472 830 493 rursus
853 462 1017 493 flammam

45 509 142 542 istius
169 506 290 550 lychni.
336 506 489 548 Cogitate
517 514 577 536 vos
607 514 737 545 quoque
760 514 837 536 esse
859 504 1018 543 infirmos,

47 558 80 584 et
108 552 223 593 petite,
250 556 285 581 ut
311 547 406 581 Deus
437 558 497 580 vos
521 547 700 585 exuscitet,
725 548 830 586 iuvet,
853 554 961 585 sanet,
984 554 1017 578 et

46 594 206 626 accendat
229 592 393 624 flammam
416 601 497 622 suae
518 590 613 621 lucis.
659 588 813 632 Cogitate
832 589 1017 622 Ecclesiam

45 646 125 671 esse
147 635 326 673 infirmam,
355 635 413 666 sed
448 631 605 670 docilem,
640 642 704 663 non
734 633 917 671 rabiosam,
951 643 1016 664 non

45 676 219 710 manifeste
243 678 520 708 contradicentem
542 676 686 713 veritati,
708 682 744 707 ut
767 675 860 707 multi
882 673 1017 713 faciunt,

45 722 101 763 qui
124 728 233 753 tamen
257 719 438 763 gloriantur
461 728 498 749 se
521 728 598 749 esse
619 717 812 749 Ecclesiam.
858 718 951 751 Deus
971 728 1017 750 re-

45 765 163 805 primat
185 763 331 795 furentes
355 768 386 794 et
408 768 502 793 sanet
526 767 686 792 errantes.

136 806 307 846 Oportebat
326 805 479 835 Christum
495 805 567 843 pati
584 807 615 833 et
632 807 812 842 resumere]
857 803 931 834 Non
952 813 1018 834 mo-

47 859 182 880 veamus
204 847 311 879 fatuas
334 848 557 889 quaestiones.
610 846 797 885 Oportebat:
825 847 901 887 quia
922 845 1017 877 Deus

47 901 108 923 sua
135 890 304 923 voluntate
332 889 494 921 liberrima
520 891 569 920 sic
593 890 801 927 decreverat,
833 895 865 920 et
889 889 1016 920 ordina-

46 940 139 965 verat
166 934 323 965 immensa
355 934 497 964 bonitate
529 939 559 963 et
588 932 812 963 misericordia
836 937 867 962 et
889 931 1017 962 inenar-

45 974 141 1007 rabili
164 976 339 1017 sapientia,
362 986 459 1017 quam
484 976 648 1005 discemus
671 975 702 1005 in
726 980 794 1006 tota
816 974 1017 1006 aeternitate.

46 1018 241 1050 Omittamus
265 1019 394 1050 Stoicas
419 1018 666 1060 disputationes.

101 1183 210 1234 Quid
241 1184 437 1238 significat
470 1183 653 1223 Verbum
686 1191 890 1234 προςποιεῑν
921 1187 963 1221 et

385 1270 551 1302 προςποιε
556 1258 655 1297 ῑςθαι
663 1259 678 1291 ‘2

130 1342 197 1374 Res
224 1343 342 1374 ondeo.

45 1353 312 1418 cabulumpsatis
335 1386 553 1417 conveniens:
588 1384 685 1424 Apud
708 1383 890 1415 Lucianum
914 1383 1017 1424 inquit

44 1427 175 1460 Moinus
199 1428 240 1458 ad
264 1427 386 1459 lovem:
412 1427 508 1458 Οὐδὲν
529 1427 657 1465 πάσχεις
678 1426 780 1463 κακὸν,
803 1423 840 1456 ἂν
861 1425 902 1464 μή
925 1436 1016 1466 προς-

44 1472 127 1511 ποιῇ.
171 1470 203 1500 Ν
217 1470 264 1499 hil
279 1472 402 1510 pateris
425 1470 516 1504 mali,
540 1479 621 1498 werin
645 1469 688 1498 (Ζιι
710 1467 783 1498 ‹lic-la
802 1469 909 1498 dessen
932 1468 1017 1498 nicht

45 1513 213 1547 amambsn
237 1520 289 1550 ut,
311 1513 339 1544 si
363 1514 437 1554 quis
460 1511 562 1543 inulta
585 1512 734 1543 convicia
755 1512 788 1542 in
812 1518 844 1542 te
867 1512 955 1547 iacit,
985 1517 1018 1542 et

0 1575 1 1579 =
45 1563 82 1587 m
103 1565 143 1587 ea
165 1555 254 1586 nihili
277 1554 376 1592 sacis,
400 1562 433 1586 et
455 1556 505 1586 vis
529 1553 692 1596 perferre,
715 1561 748 1585 et
770 1555 915 1596 cogitas:
938 1553 1019 1584 For-

43 1604 134 1630 tasse
163 1599 235 1639 ipse
264 1608 302 1629 se
330 1598 536 1635 emendabit,
565 1605 644 1627 tunc
665 1598 698 1628 in
722 1598 829 1638 ipsum
852 1597 1017 1628 redibunt:

42 1640 80 1672 Si
108 1641 170 1671 iam
201 1639 307 1671 velles
336 1651 503 1682 pugnare,
538 1638 613 1680 plus
643 1638 719 1670 mali
749 1649 962 1678 accersereS,
985 1646 1019 1671 et

43 1683 102 1715 tibi
125 1689 158 1714 et
179 1682 243 1713 illi:
264 1682 362 1713 Nihil
374 1685 508 1722 patieris
525 1682 616 1721 mali,
639 1684 667 1711 si
688 1693 749 1712 non
773 1684 928 1721 afficiare:
953 1680 1017 1720 vel,

43 1727 72 1755 ει·
93 1736 155 1756 non
173 1736 253 1765 prae.
275 1729 305 1755 te
323 1726 419 1763 feras.
474 1725 549 1757 Hoc
570 1726 726 1763 verbum,
754 1736 834 1766 prae
857 1735 894 1756 se
917 1723 1016 1762 ferre,

44 1770 86 1798 ist
108 1779 157 1797 am
177 1767 319 1798 nei-listen
342 1769 408 1797 dem
430 1772 615 1808 προςποιεῖι·;
641 1775 673 1799 et
692 1769 741 1798 sic
759 1778 890 1809 quoquc
909 1774 1019 1808 potest

44 1811 79 1843 in
100 1809 165 1842 hoc
188 1817 277 1842 textu
301 1812 406 1843 reddi:
433 1821 512 1850 prae
533 1821 565 1840 se
588 1811 675 1844 tuln,
699 1821 732 1839 er
755 1811 826 1840 ctelt
849 1811 914 1839 siel-
939 1810 1016 1840 also.

43 1857 250 1895 προςποιεΐιο,
274 1853 305 1884 id
328 1860 395 1891 est,
417 1852 515 1884 talem
538 1861 668 1895 gestum
692 1855 851 1884 sumebat.
903 1853 1018 1894 Neque

43 1897 182 1928 verbum
204 1894 389 1934 simulandi,
406 1906 510 1936 neque
529 1896 674 1938 fingendi
698 1896 850 1937 exprimit
867 1902 1016 1928 naturam
1042 1903 1045 1939 ξ
1069 1911 1208 1951 signem·

44 1939 137 1970 verbi
161 1938 294 1970 Graeci.

130 1980 217 2013 Dion
247 1981 287 2012 de
317 1980 360 2012 M.
384 1981 551 2012 Antonino
583 1980 787 2022 l’hilosoplio
815 1981 1017 2022 Imperatore
1041 1983 1045 2024 ι

44 2034 128 2057 usus
161 2031 212 2056 est
245 2025 359 2055 eodem
389 2024 506 2055 verbo:
539 2025 627 2064 quod
656 2025 776 2055 dictum
806 2029 1015 2061 mementote,

45 2068 121 2110 quia
150 2074 203 2098 est
230 2067 372 2098 maxima
401 2065 472 2096 laus
501 2068 756 2108 uniuscuiusque
779 2067 838 2097 viri
862 2067 956 2103 boni,
986 2074 1016 2097 et

44 2111 187 2142 maxime
208 2110 380 2151 principis:
397 2107 516 2152 ᾫμωος
540 2104 573 2146 ἧι
595 2111 688 2152 ἐαυτῷ
711 2109 760 2141 διὰ
782 2109 905 2146 navitis,
927 2105 961 2147 ἧν
984 2109 1015 2139 δε

45 2153 179 2192 ἀγαθὸς,
212 2156 262 2183 καὶ
295 2152 379 2183 ου’δει·
414 2154 447 2190 ἦν
480 2165 509 2182 εν
542 2151 622 2194 αὐτῷ
650 2153 861 2193 προςποιηιόν,
892 2153 924 2183 id
954 2160 1016 2190 est,

45 2195 137 2226 Nihil
157 2200 223 2225 erat
245 2197 278 2225 iu
300 2205 336 2225 eo
360 2199 427 2224 arte
457 2196 654 2229 accersitum,
679 2197 798 2234 fictum,
829 2195 1014 2229 sinmdatmm

47 2242 116 2268 emt
148 2240 256 2268 nativa
285 2238 420 2268 bonitus.
457 2248 517 2267 non
550 2237 736 2277 hypocrisis.
793 2238 923 2270 Seneca
956 2239 1015 2269 ait:

47 2281 186 2320 Difficile
203 2285 248 2311 est
266 2291 354 2310 mmm
376 2280 522 2310 hominem
545 2290 644 2319 affere.
690 2280 783 2312 Sicut
805 2282 934 2319 videtis,
957 2280 1016 2312 ho-

45 2324 100 2356 die
121 2322 212 2355 multi
234 2331 310 2355 sunt
329 2323 517 2361 Lutlierani,
537 2333 612 2354 cras
636 2323 801 2363 Papistae,
819 2323 918 2365 paulo
941 2331 1017 2365 post

47 2367 250 2403 Osiandrici3
275 2375 390 2407 postea
404 2367 652 2407 Anabaptistae.
686 2366 747 2397 Est
763 2367 861 2408 igitur
879 2366 1017 2407 pulchra

47 2408 120 2442 laus
143 2410 317 2445 Antonini3
345 2419 442 2450 quam
472 2410 640 2449 sapientes
662 2416 802 2449 possunt
823 2408 1015 2452 intelligere.
1040 2401 1045 2433 Ι

48 2451 159 2493 Saepe
183 2453 262 2483 dixi:
294 2453 434 2494 Oportet
456 2450 701 2483 adolescentem
725 2462 800 2483 esse
823 2453 1017 2484 instructum

48 2495 185 2536 copioso
213 2495 369 2527 thesauro
398 2493 621 2536 exemplorum
648 2495 808 2527 bonorum
835 2501 866 2526 et
889 2501 1018 2527 senten-

48 2538 173 2569 tiaram,

245 2603 263 2617 ,

201 2697 346 2718 nm.
361 2698 442 2719 OPE.
457 2698 511 2717 VOL
536 2698 611 2717 un.

731 195 950 233 POSTILLA
968 195 1363 229 MELANTHONJANA.

1042 978 1045 1004 ι
1069 979 1128 1010 per
1151 968 1236 1001 tales
1259 969 1328 1008 illa,
1351 980 1438 1011 quae
1460 971 1549 1002 dicta
1572 977 1648 1001 sunt
1671 971 1756 1001 inter
1779 971 1916 1002 amicos.

1219 291 1342 331 Estne
1375 292 1573 332 simulatio
1605 307 1667 333 res
1698 293 1888 348 pulchra?

1153 373 1363 414 Respondeo.
1398 372 1507 404 Ironia
1524 380 1557 405 et
1574 373 1736 406 simulatio
1749 375 1906 407 insidiosa
1918 383 2043 419 pugnat

1067 426 1141 448 eum
1163 417 1320 453 veritate,
1350 420 1383 446 et
1412 417 1587 457 opponitur
1615 417 1826 459 ingenuitati,
1861 429 1946 460 quae
1968 429 2041 460 per-

1067 459 1199 499 spicue,
1229 457 1404 489 manifeste
1427 465 1459 489 et
1482 457 1644 501 explicate
1667 458 1789 501 aliquid
1814 461 1902 492 dicit.
1947 461 2040 493 Euri-

1066 502 1161 542 pides
1180 501 1298 542 inquit:
1321 500 1352 531 τὸ
1369 501 1483 531 ἐσθλὸν
1500 505 1607 542 σαφέςε
1632 501 1726 531 Βοηα
1742 507 1855 532 natura
1874 507 1920 533 ost
1932 508 2042 543 aperta

1067 548 1097 574 et
1119 545 1262 583 ingenua.
1303 542 1539 576 Occultatores
1557 554 1723 585 nunquam
1748 545 1876 586 integra
1894 547 2042 579 oratione

1066 593 1211 618 utuntur.
1270 585 1425 617 Germani
1455 585 1538 617 tales
1569 593 1688 618 vocant
1720 587 1931 619 doc-knienser:
1966 590 2042 630 quia

1067 629 1175 660 onmia
1204 626 1356 666 audiunt,
1390 633 1422 659 et
1453 630 1652 665 observant3
1685 639 1757 660 cuin
1783 628 1855 660 aliis
1880 632 2041 669 assident,

1068 678 1100 704 et
1123 670 1202 702 nihil
1225 672 1287 712 ipsi
1317 671 1439 704 dieunt.
1495 670 1705 701 Dockmenser
1732 672 1897 713 significat
1926 673 2043 705 dolose

1067 715 1260 752 mussitare,
1299 715 1572 755 βαυκοπαιόυργεῖν.
1638 713 1743 745 Valde
1782 715 1943 756 ingratum
1980 723 2043 754 est,

1068 766 1146 788 esse
1168 757 1256 797 apud
1279 755 1505 788 occultator-es
1527 757 1687 788 eiusmodi
1711 757 1826 795 animi,
1851 756 2041 797 voluntatis,

1069 799 1331 831 benevolentiae.
1374 799 1451 828 Man
1481 801 1555 829 weis
1585 799 1686 833 ni'rlzt,
1717 801 1774 829 wie
1797 810 1865 829 mma
1887 800 1969 829 elran
1991 802 2044 839 ist,

1069 852 1152 871 werin
1186 853 1255 871 mcm
1289 842 1346 882 bey
1378 842 1502 872 solclwn
1536 842 1634 871 leuten
1669 844 1752 875 sim,
1788 842 1825 871 ob
1852 853 1920 872 man
1940 844 2044 881 feindt

1068 885 1145 913 oder
1163 885 1269 922 freunt
1291 895 1354 925 sey.

1154 926 1260 958 Multo
1290 929 1387 959 etiam
1419 928 1589 959 insuavius
1613 933 1681 966 est,
1704 928 1837 969 quando
1867 927 2044 960 efferuntur

1961 971 2044 1003 Nam

1068 1013 1100 1042 in
1125 1013 1276 1043 convivio
1300 1012 1401 1044 multa
1424 1014 1578 1044 dicuntur
1601 1011 1760 1051 hilariter,
1779 1023 1864 1054 quae
1882 1021 1948 1044 non
1969 1020 2044 1045 sunt

1069 1054 1235 1085 efferenda
1259 1056 1384 1086 onmia:
1418 1057 1517 1087 Μισῶ
1537 1056 1673 1095 μνήμονα
1696 1057 1868 1094 συμπότηνε
1902 1056 1969 1086 0(Ιί
1989 1067 2044 1086 me-

1068 1107 1178 1127 morem
1202 1102 1416 1136 computarem.

1155 1140 1190 1170 ln
1213 1141 1342 1182 magnis
1366 1141 1507 1183 negotiis
1530 1141 1657 1172 ironiae
1680 1141 1860 1173 insidiosae
1883 1150 1949 1173 non
1974 1147 2045 1173 tan-

1042 1173 1045 1194 ἶ
1068 1188 1137 1213 tum
1158 1183 1299 1214 vitiosae
1321 1189 1415 1221 sunt,
1439 1184 1499 1214 sed
1523 1184 1619 1215 etiam
1642 1184 1865 1225 perniciosae;
1894 1191 1927 1215 ut
1957 1194 2046 1216 nunc

1042 1243 1044 1255 i
1069 1225 1104 1256 fit
1127 1226 1159 1256 in
1183 1227 1420 1257 controversiis
1443 1227 1650 1268 dogmatum,
1674 1227 1729 1258 ubi
1754 1225 1845 1258 multi
1867 1226 2044 1259 moliuntur

1042 1297 1043 1301 ,
1068 1269 1291 1306 turbationes,
1315 1276 1572 1308 consusurrant,
1597 1268 1719 1301 faciunt
1742 1271 1927 1310 practicas,
1949 1269 2043 1301 fabri-

415 1342 422 1352 ,
626 1343 632 1348 ,
727 1341 732 1348 ,
755 1341 761 1349 ,
851 1340 857 1347 ,
1039 1317 1045 1350 ξ
1069 1319 1145 1341 cant
1168 1311 1316 1353 pericula
1338 1311 1428 1350 aliis,
1455 1318 1486 1343 et
1509 1319 1618 1343 tamen
1642 1313 1801 1344 insidiose
1824 1312 2043 1351 dissimulant,

394 1342 469 1373 hon
493 1348 601 1382 potest
625 1351 763 1372 inveniri
786 1341 936 1372 Latmum
961 1350 1017 1371 vo·
1040 1353 1044 1360 ·

1069 1354 1147 1396 quid
1169 1364 1278 1385 rerum
1300 1353 1486 1386 moliantur.

1155 1396 1190 1427 ln
1214 1396 1298 1428 aulis
1322 1398 1419 1428 etiam
1442 1397 1582 1438 plun'ma
1604 1395 1754 1438 exempla
1776 1406 1814 1428 se
1837 1397 1976 1429 offerunt
1997 1400 2044 1429 in·

1069 1439 1267 1470 sidiosarum
1291 1438 1561 1472 occultationum:
1592 1439 1732 1476 Quando
1755 1441 1885 1481 tyranni
1905 1441 2045 1473 maxime

1068 1480 1344 1520 abblandiuntur‚
1374 1489 1451 1514 tune
1479 1482 1652 1523 plurimum
1680 1484 1721 1514 ab
1745 1484 1793 1514 eis
1817 1489 1869 1515 est
1890 1482 2044 1525 periculi:

1070 1524 1137 1556 lmo
1160 1535 1216 1556 ars
1239 1525 1398 1566 quaedam
1423 1525 1530 1557 aulica
1553 1525 1709 1564 habetur,
1740 1526 1828 1557 bona
1851 1526 1980 1565 dicere,
2013 1532 2045 1558 et

1069 1566 1156 1599 mala
1178 1573 1306 1599 struere
1328 1569 1360 1599 in
1383 1575 1503 1600 niente.

1155 1609 1253 1642 Tales
1289 1610 1516 1643 simulationes
1554 1617 1751 1643 execrantur
1785 1612 1948 1653 ingenuae
1987 1622 2044 1643 na·

1068 1658 1172 1685 turae.
1230 1654 1289 1684 Est
1323 1660 1431 1685 autem
1461 1653 1547 1685 aliud
1577 1664 1717 1696 prorsus
1741 1664 1845 1696 genus
1869 1653 2044 1686 simulatio·

1069 1707 1146 1727 num
1169 1695 1222 1727 vel
1245 1695 1558 1735 dissimulationum,
1587 1707 1673 1739 quae
1697 1703 1773 1728 sunt
1802 1697 1946 1739 figurae,
1975 1698 2044 1739 qui-

1072 1740 1132 1769 bus
1157 1737 1332 1780 aliquando
1357 1740 1461 1781 magis
1484 1740 1694 1781 perducimur
1717 1741 1758 1771 ad
1777 1750 1857 1777 rem,
1877 1746 1907 1771 et
1925 1741 2044 1771 verita-

1042 1774 1045 1824 Ι
1070 1787 1134 1812 tem
1158 1782 1278 1823 ipsam,
1297 1788 1329 1812 et
1351 1789 1427 1812 sunt
1451 1781 1590 1814 alicuius
1613 1783 1690 1813 boni
1714 1789 1830 1824 gestus
1849 1784 2044 1823 assumptio,

1776 1825 1851 1856 Non
1881 1825 1961 1856 fiunt
1985 1836 2042 1855 no·

1071 1867 1165 1898 cendi
1200 1877 1318 1900 causa:
1353 1868 1412 1897 sed
1446 1875 1580 1908 propter
1613 1867 1786 1899 utilitatem
1820 1868 1963 1909 :·liquam
1996 1869 2042 1898 in-

1262 1911 1387 1941 Sumite
1420 1910 1604 1951 exemplum
1634 1922 1653 1941 a
1683 1911 1976 1949 medicationibus,
2010 1912 2041 1942 in

1070 1953 1188 1993 quibus
1222 1963 1322 1993 saepe
1356 1953 1503 1984 medicus
1538 1952 1619 1984 fauit
1650 1960 1839 1995 aegrotum,
1872 1960 1905 1984 ut
1934 1960 2043 1985 sumat

1068 1996 1251 2036 potionem,
1275 2006 1295 2026 a
1318 2006 1382 2037 qua
1404 1994 1527 2037 alioqui
1548 1996 1730 2027 abliorrere
1754 1997 1935 2028 videbatur.

1156 2037 1273 2069 Dicam
1297 2039 1392 2070 vobis
1416 2049 1588 2070 commune
1612 2039 1789 2070 remedium
1814 2043 1930 2070 contra
1952 2038 2042 2079 pleu-

1069 2081 1209 2115 ritidem,
1245 2091 1310 2122 quo
1347 2082 1534 2112 curavimus
1564 2081 1696 2113 multos.
1754 2082 1893 2117 Quando
1924 2080 2042 2123 aliquis

1068 2124 1168 2154 sentit
1197 2125 1356 2165 principia
1383 2123 1595 2165 pleuritidos,
1629 2125 1688 2154 das
1711 2125 1832 2154 seer-lien
1856 2126 1887 2153 ιἰι
1911 2124 1967 2153 der
1984 2125 2042 2153 sei·

1069 2171 1134 2202 ten,
1159 2174 1309 2198 sumatur
1332 2173 1462 2198 stercus
1486 2168 1657 2209 equinum,
1686 2174 1716 2198 et
1747 2168 1946 2208 exprimatur
1969 2175 2041 2198 suc-

1069 2220 1144 2241 cus:
1169 2210 1210 2241 ad
1234 2208 1412 2241 fallendum
1434 2216 1542 2241 autem
1566 2217 1748 2252 aegrotum,
1772 2208 1964 2240 infundatur
1986 2208 2042 2240 ali·

1069 2253 1146 2294 quid
1180 2253 1221 2284 de
1253 2263 1341 2294 aqua
1369 2252 1546 2291 Endiviae,
1581 2253 1734 2294 (Endivia
1765 2259 1813 2283 est
1844 2253 1884 2283 ab
1910 2252 2041 2294 lntybo)

1068 2297 1145 2327 item
1184 2296 1323 2327 addatur
1361 2294 1484 2337 aliquid
1522 2297 1665 2327 saccari:
1708 2295 1807 2333 Quia,
1846 2304 2041 2336 quamquam

1069 2349 1177 2370 avena
1206 2344 1239 2370 et
1267 2337 1400 2370 foenum
1432 2349 1496 2369 non
1521 2345 1596 2369 sunt
1620 2349 1675 2369 res
1699 2337 1819 2369 malae:
1851 2344 1960 2368 tamen
1983 2337 2042 2369 ho-

1069 2382 1173 2413 mines
1195 2387 1346 2424 agrestes
1370 2389 1400 2412 et
1425 2382 1555 2412 delicati
1579 2382 1745 2422 potionem
1770 2391 1809 2411 ex
1832 2389 1936 2411 succo
1960 2386 2042 2411 ster-

1071 2425 1159 2457 coris
1193 2424 1300 2466 equini
1333 2434 1399 2455 non
1436 2425 1582 2455 biberent
1611 2423 1764 2455 libenter:
1799 2428 1830 2455 et
1860 2429 1911 2454 est
1934 2430 2040 2454 tamen

1071 2469 1212 2506 bonum,
1236 2474 1268 2499 et
1290 2476 1450 2508 praesens
1470 2467 1657 2498 remedium.

1158 2510 1213 2542 Sic
1247 2509 1401 2551 Chirurgi
1434 2508 1612 2550 aliquando
1648 2506 1799 2540 officiose
1828 2506 1981 2543 simulant
2010 2515 2041 2540 et

1071 2551 1327 2585 abblandiuntur
1359 2553 1487 2593 pueris,
1527 2562 1599 2583 curn
1634 2550 1746 2583 luxata
1778 2557 1951 2592 reponunt.
2007 2550 2040 2582 ln

1074 2595 1168 2628 bellis
1208 2596 1416 2627 nominantur
1457 2594 1723 2635 strategemata,
1774 2592 2039 2625 reuterstncklein:

1074 2639 1204 2681 quando
1241 2639 1431 2679 capitaneus
1471 2638 1511 2667 ad
1548 2637 1775 2679 decipiendum
1816 2637 2040 2668 adversarium

1686 2697 1719 2721 46

1070 1823 1123 1855 vel
1157 1825 1314 1866 mitigatio
1348 1824 1488 1856 alicuius
1518 1825 1721 1857 acerbitatis.
