2324 2958
63 211 126 244 525

63 304 248 335 custodierit
269 303 430 333 civitatem.
475 300 541 332 Ista
563 299 651 331 dicta
674 299 781 331 omnia
799 306 875 331 sunt
898 299 1036 341 promis-

63 349 176 379 siones
199 343 400 387 corporales,
414 350 446 376 et
467 342 734 375 asseverationes
754 342 797 373 de
820 343 1036 383 providentia.

64 391 139 423 Sitis
161 388 310 420 instructi
333 392 452 429 magna
475 386 571 427 copia
602 384 713 415 talium
737 386 971 416 sententiarum
994 385 1036 416 ad

64 443 126 465 vos
149 431 318 463 docendos
342 436 373 460 et
397 428 650 461 confirmandos.
697 428 795 469 Apud
813 428 935 458 Oseam
960 428 1037 459 dici-

63 482 131 508 tur:
160 473 230 513 Eyo
264 472 306 502 do
340 473 385 501 eis
409 472 597 510 frumentum.
643 470 685 501 Et
717 470 815 502 valde
845 469 951 501 dulcis
987 476 1035 501 est

63 515 235 560 prophetia
257 515 298 546 de
327 514 481 546 Ecclesia
503 514 534 544 in
558 513 673 544 Esaia:
708 512 779 552 Eyo
800 514 865 550 feci
886 524 956 546 vos,
980 523 1036 552 eyo

62 559 201 600 ρεπαόο,
223 568 281 597 eqo
300 557 424 586 salvabo
451 567 521 594 ros,
552 556 632 585 ‘licit
658 556 757 585 Pilius
780 555 853 594 Dei,
878 558 969 585 etium
991 567 1037 585 us·
1063 582 1065 592 4

61 612 120 643 que
148 601 190 630 (ul
217 604 367 630 senectam
394 599 528 638 portabo
552 609 610 627 ror.
657 598 755 636 Item,
774 598 847 637 Ipse
865 600 944 637 fecit
971 609 1037 633 uos,

62 645 140 677 dicit
169 642 322 674 psalmus
352 642 428 676 100,
462 645 492 671 et
520 651 580 671 nou
609 642 672 680 ipsi
699 652 765 670 nos.

62 691 92 718 te
109 697 209 716 escam
227 685 383 723 colltyent,
407 692 468 715 etc.
515 684 595 715 Sunt
620 684 868 716 innumerabilia
887 685 974 716 dicta
998 684 1038 714 de

61 729 278 772 providentia,
301 728 389 769 quod
412 727 503 758 Deus
528 733 619 758 curet
642 725 717 764 illa,
742 733 773 758 et
797 728 884 768 quod
908 737 972 757 non
997 727 1039 757 sit

61 779 153 805 recte
176 771 296 802 (lictum
319 781 337 801 a
361 771 503 800 Seneca:
531 769 670 799 Fortuna
694 771 817 808 sparfflt
839 780 894 799 sna
916 779 1039 799 numera

64 825 159 845 caeca
180 823 279 843 mauu.

147 855 298 888 Secunda
322 864 439 889 causa,
471 860 505 886 ut
533 855 597 885 sint
619 855 818 893 testimonia,
840 855 928 896 quod
947 853 1038 885 Deus

62 899 141 932 velit
163 907 298 930 servare
320 896 517 935 Ecclesiam,
542 904 577 929 ut
596 896 718 929 Paulus
742 898 832 929 dicit:
856 897 966 928 Pietas
987 896 1039 926 lm-

61 943 109 973 bet
137 942 358 982 promissiones
383 942 558 979 praesentis
590 943 619 969 et
649 941 776 978 litturae
809 942 899 970 vitae.
945 939 1038 971 Deus

59 984 130 1017 vult
152 993 288 1016 servare
310 982 508 1020 Ecclesiam,
532 989 562 1014 et
585 984 658 1014 ideo
684 983 838 1024 promittit
861 983 948 1013 bona
967 992 1039 1014 cor-

83 1025 198 1059 oralia.
254 1025 325 1056 Non
360 1027 474 1057 morlai
507 1025 677 1056 Iamlubunt
712 1030 741 1056 ie
762 1026 905 1059 Domine,
935 1025 1038 1066 inquit

59 1039 222 1102 sssalmus.
269 1069 303 1099 Si
327 1075 363 1099 tu
387 1069 509 1099 debeas
533 1069 674 1105 discere,
706 1073 837 1109 oportet
861 1075 894 1098 te
915 1067 1039 1098 habere

61 1113 266 1155 magistrum,
287 1112 341 1152 qui
366 1118 397 1142 te
421 1111 538 1142 doceat
590 1111 728 1152 Oportet
752 1121 828 1141 esse
851 1111 959 1141 studia
982 1111 1039 1142 do-

62 1157 196 1188 ctrinae-
243 1153 305 1189 Qui
328 1153 423 1185 aliter
451 1154 577 1191 dicunt,
606 1154 781 1184 insaniunt·
827 1153 907 1184 Inde
931 1154 1039 1194 sequi-

61 1206 129 1230 tur:
164 1197 255 1228 Deus
280 1195 345 1226 vult
372 1207 447 1227 esse
472 1197 501 1226 in
525 1195 677 1227 Ecclesia
711 1196 818 1226 studia
851 1196 1038 1227 doctrinae:

61 1241 151 1282 Ergo
174 1245 302 1280 oportet
327 1237 457 1279 aliquos
481 1239 604 1269 habere
632 1237 731 1269 talem
764 1239 851 1269 vitae
875 1244 1038 1270 sustenta-

60 1284 192 1319 tionem,
227 1288 258 1311 nt
293 1281 413 1312 docere
444 1280 581 1321 possint.
629 1281 691 1315 Qui
719 1291 780 1310 non
809 1281 943 1315 laborat,
978 1292 1037 1311 nou

59 1324 230 1355 manducat.
277 1323 372 1354 Item:
402 1323 525 1362 Diynas
553 1328 598 1353 est
629 1325 791 1363 operm-ius
813 1325 948 1353 mercede
970 1335 1035 1353 sua.

58 1367 153 1399 ltem:
188 1366 320 1406 Oportet
350 1366 520 1405 styrie-olum
545 1368 676 1405 primum
709 1366 750 1396 tle
768 1366 922 1404 frat-{ibus
938 1368 1038 1406 perei-

56 1419 140 1450 pere.
186 1407 350 1450 Cogitate,
385 1409 472 1450 qu‹·d
498 1407 552 1439 illa
573 1407 711 1440 mirabili
735 1407 886 1447 consilio,
920 1415 951 1440 et
986 1419 1038 1440 sa·

57 1452 177 1494 pientia
200 1451 310 1482 divina
329 1449 549 1492 pulcherrime
572 1451 621 1481 sic
645 1452 794 1482 ordinata
819 1452 892 1482 sint.

142 1493 253 1526 Tertia
276 1503 388 1531 causa,
423 1499 456 1525 ut
480 1495 545 1525 sint
569 1494 726 1526 exercitia
748 1493 823 1525 fidei
849 1500 881 1525 et
903 1494 1037 1525 invoca-

59 1537 157 1569 tionis

472 1700 615 1740 Proba.

141 1789 257 1819 Invoca
275 1799 320 1819 me
341 1791 373 1819 in
395 1789 448 1819 die
465 1790 686 1829 tribulationis,
708 1794 738 1820 et
759 1801 817 1830 eya
841 1792 970 1830 eripiam
993 1795 1031 1820 te.

57 1833 151 1864 Deus
174 1831 243 1863 vult
266 1832 423 1869 invocari,
447 1833 519 1863 ideo
542 1842 604 1863 nos
628 1839 758 1865 exercet
783 1844 893 1871 cruce,
924 1840 956 1864 111
991 1831 1048 1865 sit*

57 1875 193 1907 occasio
223 1875 450 1905 invocationis.
497 1874 612 1906 Esaias
642 1875 760 1917 inquit:
789 1877 942 1916 Auynstia
972 1876 1032 1905 cla-

55 1920 149 1947 moris
172 1917 342 1956 disciplina
367 1920 418 1946 lna
442 1918 501 1946 eis:
532 1917 627 1949 Item:
662 1919 755 1948 Facit
784 1919 914 1948 alienum
943 1929 1030 1959 opus,

55 1965 90 1990 ut
114 1962 218 1999 saciat
247 1961 420 1999 proprium.
465 1958 556 1991 Deus
580 1962 683 2001 punit,
717 1963 857 2002 castigat
890 1972 964 1999 nOS,
998 1968 1032 1993 ut

57 2001 330 2035 commonefaciat
352 2013 413 2033 nos
426 2003 466 2033 de
478 2004 706 2042 conversione,
727 2011 762 2036 ut
785 2005 916 2036 dicitur:
941 2004 1031 2034 Post-

54 2056 144 2086 quam
178 2046 344 2083 casti-qussi
371 2055 424 2075 me.
459 2055 621 2075 conversus
641 2057 714 2077 sum.
760 2047 858 2078 Item:
902 2049 1029 2078 Vexari«)

55 2089 113 2118 dat
144 2087 338 2118 intellectum.
396 2087 489 2119 Deus
523 2087 591 2118 vult
627 2090 781 2121 exercitia
812 2091 1030 2121 invocationis

55 2141 141 2163 esse.
184 2130 278 2162 Deus
304 2131 387 2161 bene
410 2131 571 2171 potuisset
598 2141 659 2162 nos
693 2130 785 2164 alere
807 2133 877 2164 sine
901 2133 974 2164 cibo
998 2140 1028 2164 et

52 2178 149 2215 potu:
172 2174 257 2204 sicut
278 2174 418 2204 arbores
442 2179 471 2204 et
495 2171 626 2213 plantae
644 2173 774 2207 aluntur
785 2185 887 2207 succo
910 2181 1029 2213 terrae,

55 2218 101 2248 ito
125 2226 186 2247 nos
205 2216 369 2256 potuisset
390 2214 479 2247 alere
505 2226 591 2247 aere.
637 2216 702 2248 Sed
732 2216 834 2249 voluit
859 2228 922 2250 nos
950 2218 1031 2249 indi-

79 2269 134 2290 ere
157 2257 266 2290 multis
289 2259 409 2297 rebus,
429 2265 460 2290 ut
485 2264 598 2289 essent
620 2260 776 2291 exercitia
798 2261 1028 2292 invocationis.

69 2301 156 2344 gitur
198 2302 432 2332 accumbentes
483 2310 618 2333 mensae
656 2304 846 2342 precemini:
913 2304 1030 2335 deinde

54 2350 163 2375 sumto
185 2343 339 2375 alimento
363 2344 486 2385 gratias
517 2343 616 2385 agite.
661 2344 799 2377 Debetis
823 2346 932 2377 dicere
955 2358 1028 2388 prc-

55 2386 228 2424 cationem,
252 2392 283 2417 et
302 2386 460 2427 profiteri,
484 2387 572 2428 quod
595 2387 660 2417 sint
689 2388 775 2419 dona
802 2388 875 2426 Dei,
900 2395 931 2420 et
954 2400 1027 2431 gra-

55 2429 117 2460 tias
140 2439 251 2470 agere,
274 2430 362 2470 quod
386 2430 441 2460 dat
464 2430 582 2467 vitam,
604 2435 636 2460 et
659 2429 759 2462 multa
781 2431 878 2462 bona.

140 2469 213 2502 Vos
235 2472 419 2503 inordinate
442 2473 568 2510 vixitis,
594 2477 626 2502 et
649 2478 735 2504 totas
760 2480 873 2505 noctes
897 2484 1027 2516 sympo-

55 2513 115 2544 siis
137 2514 342 2552 consumitis,
365 2521 395 2546 et
420 2515 593 2546 accersitis
616 2515 712 2546 vobis
736 2517 880 2548 morbos.
915 2517 950 2548 ln
963 2518 1026 2549 ista

54 2555 164 2587 ataxia
199 2555 364 2599 negligitis
393 2558 648 2597 invocationem,
683 2565 713 2589 et
737 2559 884 2599 peccatis
907 2560 939 2590 in
963 2570 1024 2591 vos

55 2599 157 2629 isos.
202 2597 296 2630 Deus
329 2598 397 2631 vult
431 2611 492 2631 nos
528 2600 650 2632 habere
687 2599 846 2633 honorem
881 2603 1022 2643 corpori.

86 2651 169 2672 onos
194 2648 243 2672 est
268 2642 420 2684 quiddam
444 2643 606 2679 divinum,
641 2648 673 2674 et
696 2644 890 2686 cuicumque
911 2645 1022 2676 tribui·

745 204 963 238 POSTILLA
983 202 1383 237 MELANTHONJANA.

812 642 888 672 item
897 664 906 679 ,
936 641 1038 671 Dante
1064 668 1065 673 ,

1993 206 2057 237 526

1087 303 1139 329 tur
1161 297 1285 335 honos,
1308 295 1374 328 hoc
1395 296 1430 327 fit
1452 303 1646 338 propterea,
1669 297 1756 340 quod
1779 304 1831 330 est
1852 309 1908 331 res
1932 300 2058 332 divina.

1087 340 1254 372 Tribuitur
1287 339 1395 371 honos
1431 341 1574 380 corpori,
1611 341 1641 371 in
1667 348 1821 382 quantum
1849 343 1894 374 rei
1917 343 2057 380 divinae3

1088 383 1164 425 quia
1196 388 1248 414 est
1281 392 1454 424 organum,
1485 388 1516 413 et
1542 383 1738 414 domicilium
1767 383 1840 415 Dei.
1886 385 2059 421 Quomodo

1062 453 1063 471 χ
1089 427 1230 468 potestis
1252 424 1359 456 Deum
1394 426 1568 463 invocare,
1603 432 1637 456 ut
1671 427 1713 457 sit
1747 427 1865 458 efficax
1890 428 1920 459 in
1945 435 2059 461 vestro

1062 474 1064 496 t
1091 478 1242 510 corpore,
1264 473 1296 499 et
1317 469 1425 498 anima
1448 474 1575 505 vestra,
1608 468 1635 498 si
1657 468 1702 499 ita
1725 469 1906 502 inordinate
1929 472 2060 502 vivitis?

1062 501 1064 517 ¹
1090 511 1245 543 Homines
1275 516 1352 541 sunt
1380 510 1563 551 parricidae
1587 516 1617 541 et
1640 510 1806 552 αὐτόχειρες
1829 514 1878 544 sui
1901 514 2059 554 ipsorum,

1091 559 1267 586 accersunt
1288 553 1351 584 sibi
1374 551 1475 584 multa
1497 551 1595 590 mala,
1619 560 1652 584 ut
1676 555 1805 586 dicitur:
1830 559 1879 586 καὶ
1892 557 1966 596 τάχα
1982 552 2061 597 Ἶρος

1061 601 1066 657 l
1084 595 1183 639 ’Ἄϊρος
1205 595 1389 627 ἐπισπασῐόν
1411 595 1501 626 κακὸν
1522 595 1587 635 ἕξει.

1178 639 1320 677 Quarta,
1344 644 1381 670 ut
1402 639 1640 679 promissiones
1665 638 1856 680 corporales
1887 642 1951 672 sint
1973 651 2060 673 com-

1064 676 1065 692 *
1091 680 1353 713 monefactiones
1377 682 1417 712 de
1436 682 1710 722 promissionibus
1724 681 1961 723 spiritualibus:
1986 685 2061 725 quia

1091 726 1200 756 onmia
1223 723 1409 765 corporalia
1433 725 1594 764 promissa
1617 731 1694 755 sunt
1714 732 1849 765 propter
1865 726 2060 766 spiritualia:

1091 766 1293 808 Corporales
1317 767 1552 808 promissiones
1576 777 1691 798 omnes
1716 768 1845 805 dantur,
1869 775 1900 799 et
1923 775 1996 800 sunt
2012 779 2062 800 ra—

1091 816 1143 841 tae
1167 816 1301 852 propter
1322 809 1527 851 spirituales:
1552 809 1652 841 Item:
1676 809 1776 841 Nulla
1798 817 1907 851 potest
1930 812 2062 843 invoca-

1091 853 1136 883 tio
1159 862 1247 891 esse,
1269 853 1332 884 nisi
1354 852 1563 893 apprehensa
1586 853 1676 893 prius
1700 852 1859 894 spirituali
1873 854 2062 895 promissio-

1091 906 1143 926 ne.
1188 894 1269 926 Cum
1293 896 1428 926 accedis
1458 896 1499 927 ad
1528 895 1786 933 invocationem,
1821 897 1983 937 obstrepit
2005 897 2061 928 tibi

1092 938 1200 969 statim
1219 938 1394 980 indignitas
1418 944 1489 969 tua:
1512 938 1671 969 Fortasse
1693 937 1859 980 neg-ligor:
1905 939 1972 971 lmo
1996 950 2062 971 non

1091 979 1286 1022 negliget-is3
1310 980 1392 1012 Cum
1415 981 1499 1022 petis
1523 981 1748 1012 remissionem
1763 983 2062 1022 peccatorum,sci-

1091 1033 1131 1054 as
1154 1029 1187 1054 te
1211 1030 1302 1055 certo
1326 1024 1427 1065 recipi
1449 1030 1583 1064 propter
1594 1023 1770 1055 Christum.
1802 1024 1876 1066 lpse
1894 1030 2062 1065 precatur:

1092 1067 1200 1104 Pater,
1222 1068 1320 1105 (tiliae
1341 1077 1404 1106 eos,
1428 1068 1596 1098 dilectione
1618 1077 1671 1106 ea,
1695 1077 1756 1106 qua
1778 1077 1829 1099 me
1850 1069 1979 1107 diligis:
2011 1067 2063 1098 Fi-

1091 1107 1154 1140 lius
1177 1109 1257 1150 petit
1281 1115 1313 1140 te
1332 1108 1434 1151 diligi,
1457 1110 1541 1141 sicut
1564 1110 1636 1150 ipse
1655 1109 1807 1152 diligitur.
1856 1110 1941 1145 Quid
1952 1116 2063 1152 potest

1090 1160 1169 1183 esse
1191 1152 1318 1184 maius?
1342 1152 1432 1184 Haec
1456 1153 1712 1184 estnecessaria
1726 1154 1876 1184 doctrina
1893 1154 2062 1185 omnibus:

1091 1193 1165 1226 Non
1189 1200 1265 1226 sunt
1289 1193 1504 1233 subtilitates,
1537 1194 1689 1236 qualibus
1724 1194 1816 1227 multi
1845 1194 2060 1232 delectantur,

1091 1247 1175 1278 quae
1199 1236 1324 1268 nullum
1347 1237 1469 1269 habent
1492 1248 1599 1269 usum.

1177 1279 1316 1318 Quinta,
1351 1286 1386 1311 ut
1421 1281 1589 1311 mirandae
1622 1279 1836 1313 liberationes
1871 1288 2061 1313 sanc'orum

1091 1322 1157 1353 sint
1179 1323 1364 1354 testimonia
1387 1324 1418 1354 in
1440 1322 1592 1355 Ecclesia
1612 1324 1651 1355 de
1674 1323 1763 1355 Deo:
1788 1324 1831 1355 Ut
1849 1323 1970 1355 Daniel
1991 1334 2060 1355 ser-

1090 1370 1187 1397 vatur
1209 1366 1249 1396 ἰηι
1264 1364 1340 1397 lacu
1362 1366 1446 1397 inter
1467 1365 1594 1398 leones.
1625 1366 1670 1398 lbi
1683 1365 1777 1398 Deus
1801 1373 1950 1405 testatur,
1972 1367 2061 1409 quod

1089 1408 1178 1439 adsit
1201 1407 1392 1440 Ecclesiae:
1437 1410 1483 1440 ita
1512 1420 1599 1441 nunc
1622 1410 1719 1440 etiam
1743 1416 1885 1442 testatur
1903 1420 1940 1441 se
1964 1410 2060 1441 nobis

1089 1450 1222 1489 adesse,
1244 1453 1320 1493 quia
1343 1461 1514 1483 servamur
1532 1451 1742 1489 mirabiliter3
1765 1459 1797 1483 et
1810 1462 1997 1494 quanquam
2009 1462 2060 1484 ac-

1090 1493 1201 1524 cidunt
1223 1493 1324 1525 multa
1347 1494 1463 1531 tristia,
1486 1500 1594 1526 tamen
1616 1493 1710 1526 Deus
1734 1501 1876 1527 testatur
1894 1496 1927 1526 in
1949 1494 2059 1527 multis

1089 1533 1350 1574 liberationibus,
1369 1537 1457 1577 quod
1480 1537 1566 1568 adsit
1589 1538 1696 1568 nobis.
1741 1539 1965 1570 Misericordia
1997 1540 2059 1570 Do-

1089 1581 1176 1618 mini,
1199 1579 1282 1618 quod
1303 1589 1367 1610 non
1389 1583 1567 1620 consumpte·
1585 1590 1704 1612 sumus.

1173 1620 1313 1653 Debetis
1341 1632 1402 1652 vos
1431 1632 1588 1654 exercere
1617 1623 1650 1653 in
1678 1623 1832 1663 petitione
1855 1633 1963 1655 rerum
1987 1633 2058 1654 cor-

1087 1662 1260 1703 poralium.
1305 1663 1371 1695 Iste
1394 1674 1498 1696 annus
1522 1674 1680 1705 praesens
1704 1665 1803 1697 habet
1826 1665 1928 1697 multa
1952 1666 2058 1697 tristia

1087 1706 1192 1747 signa.
1249 1705 1386 1738 Cometa
1418 1707 1557 1748 flagrat,
1597 1709 1685 1749 quod
1718 1708 1883 1749 significat
1918 1719 2058 1751 magnos

1086 1754 1205 1779 motus.
1251 1748 1378 1780 Dicitur
1402 1760 1506 1790 nuper
1528 1749 1632 1781 fuisse
1655 1756 1762 1781 terrac
1787 1757 1910 1789 motus,
1933 1757 1965 1783 et
1987 1751 2057 1792 plu—

1085 1791 1155 1822 isse
1188 1792 1348 1832 sanguine
1381 1793 1415 1823 in
1449 1793 1569 1833 oppido
1597 1793 1707 1824 vicino
1739 1792 1927 1825 Bobemiae.
1973 1793 2056 1826 Cras

1086 1834 1145 1864 erit
1169 1835 1357 1865 coniunctio
1387 1841 1470 1866 tetra
1493 1842 1524 1866 et
1549 1835 1651 1866 tristis
1677 1836 1808 1868 Saturni
1833 1842 1864 1867 et
1886 1836 2003 1868 Martis
2025 1838 2056 1868 in

1084 1875 1206 1907 Ariete.
1261 1877 1429 1908 Fortassis
1462 1883 1558 1909 erunt
1590 1879 1758 1910 siccitates
1787 1886 1816 1910 et
1850 1878 2057 1912 sterilitates:

1083 1917 1177 1950 Deus
1202 1920 1373 1961 gubernet,
1397 1927 1429 1951 et
1452 1921 1589 1951 enutriat
1613 1932 1686 1952 nos.
1731 1921 1868 1953 Debetis
1891 1921 2056 1963 publicam

1084 1963 1314 1993 necessitatem
1345 1969 1377 1994 et
1409 1963 1570 2004 privatam
1604 1962 1678 1995 Deo
1714 1965 1954 1996 commendare.
2004 1969 2055 1999 In-

1084 2008 1173 2035 tram
1202 2006 1233 2035 ιή
1262 2005 1419 2037 thalamos
1446 2006 1575 2045 publica.
1602 2007 1721 2038 damna
1751 2011 1832 2038 titos.
1878 2007 1959 2039 Cum
1982 2007 2056 2039 Rei-

1083 2046 1235 2088 publicae
1260 2047 1345 2079 male
1369 2054 1438 2087 est,
1464 2049 1614 2080 omnibus
1639 2049 1724 2081 male
1748 2056 1808 2081 est.

1169 2090 1282 2131 ltaque
1308 2098 1461 2122 exercete
1491 2102 1551 2122 vos
1575 2093 1605 2123 in
1631 2093 1894 2124 consideratione
1919 2093 2054 2125 istarum

1084 2142 1277 2170 causarum,
1306 2141 1337 2164 et
1367 2135 1466 2174 petite
1489 2146 1507 2166 a
1532 2134 1604 2166 Deo
1629 2136 1880 2177 mitigationem,
1904 2142 1937 2166 ut
1961 2143 2055 2167 sanet

1084 2174 1219 2207 xulnera
1249 2175 1433 2208 Ecclesiae.
1491 2178 1526 2209 Si
1556 2177 1633 2208 nibil
1659 2177 1746 2209 aliud
1770 2186 1860 2209 esset
1883 2176 2055 2216 malorum,

1082 2228 1178 2258 quam
1203 2219 1373 2260 dissipatio
1396 2219 1568 2251 Ecclesiae
1591 2221 1674 2252 inter
1696 2231 1757 2253 nos
1781 2232 1861 2255 (non
1885 2221 1990 2252 dicam
2013 2222 2054 2253 de

1082 2261 1206 2292 insanis
1242 2262 1402 2303 Papistis)
1438 2264 1520 2294 satis
1555 2274 1705 2305 magnam
1746 2274 1880 2295 eausam
1919 2264 2054 2295 assidue

1081 2305 1194 2335 orandi
1220 2303 1426 2337 haberemus.
1473 2306 1611 2348 Magna.
1641 2313 1670 2336 ct
1695 2317 1758 2337 11011
1783 2316 1885 2347 parva
1909 2313 1984 2337 sunt
2006 2307 2053 2338 in-

1081 2353 1130 2378 ter
1158 2357 1218 2378 nos
1249 2347 1397 2379 vulnera.
1449 2349 1547 2390 Igitur
1579 2348 1756 2380 clamemus
1782 2360 1852 2379 cum
1877 2348 2051 2381 cananaea

1080 2389 1232 2421 muliere:
1278 2391 1416 2423 Domine
1438 2394 1527 2428 Ινκιι,
1548 2392 1597 2433 fili
1620 2391 1746 2429 Dae-id,
1773 2393 1924 2423 miserere
1947 2392 2052 2423 Eccle-

1079 2433 1148 2463 siae
1171 2436 1246 2464 tuae
1266 2435 1415 2471 sauciae,
1440 2438 1611 2475 aegrotae,
1634 2435 1800 2467 laceratae
1820 2434 2030 2466 horribiliter.
2078 2454 2082 2456 -

1164 2475 1235 2507 Hac
1264 2476 1369 2507 hieme
1399 2478 1463 2508 duo
1494 2477 1612 2508 fratre*
1639 2478 1798 2509 combusti
1823 2484 1897 2509 sunt
1923 2478 1954 2509 in
1976 2477 2051 2510 Bel-

1077 2518 1131 2559 gio
1160 2524 1295 2560 propter
1326 2521 1492 2561 egregiam
1524 2518 1784 2551 confessionem:
1819 2527 1850 2551 et
1880 2521 1954 2562 quia
1986 2519 2051 2553 cla-

1076 2566 1206 2592 marunt
1226 2563 1267 2592 ad
1285 2561 1452 2602 populum,
1472 2567 1503 2592 et
1521 2560 1640 2593 hortati
1660 2568 1735 2593 sunt
1755 2563 1797 2595 ad
1822 2564 2051 2601 constantiam,

1075 2601 1164 2644 ligna
1192 2604 1241 2634 ori
1271 2603 1403 2645 alligata
1434 2610 1527 2641 sunt,
1562 2614 1603 2635 ne
1626 2612 1763 2646 possent
1786 2605 1926 2647 amplius
1950 2605 2050 2648 loqui,

1073 2646 1132 2676 sed
1152 2651 1259 2677 tamen
1283 2647 1475 2679 exciderunt
1498 2645 1683 2688 aliquoties.
1731 2648 1851 2681 Postea
1874 2650 2047 2691 petierunt.
