2324 2958
85 199 150 232 649

87 293 179 325 Deus
202 290 368 323 israelitas
391 290 482 322 vesci
504 289 568 321 hoc
584 298 683 330 agno.

88 346 149 368 suo
173 335 267 372 Filio,
286 340 322 365 ut
339 333 491 365 Christus
513 332 607 363 dicit:
630 330 704 360 Nisi
726 341 845 359 carnem
868 341 962 360 meam
985 331 1055 360 ede-

87 380 172 413 ritis,
207 381 236 407 et
262 378 437 415 sanquinem
463 385 556 404 meum
584 373 736 407 biberitis,
770 383 831 402 non
855 375 914 402 erit
936 375 1001 403 vita
1022 374 1055 402 in

88 422 182 451 nobis.
223 420 302 450 {stis
326 419 435 449 verbis
458 415 571 449 alludit
593 417 635 448 ad
657 416 721 447 hoc
743 414 880 456 pascha.

173 463 267 495 Stant
290 462 397 492 sancti
418 465 530 501 patres
558 460 591 490 in
615 457 670 490 illo
693 468 754 490 suo
777 456 883 495 sesto,
907 464 939 488 et
962 457 1055 488 intel-

88 505 194 548 ligunt
222 515 263 536 ex
292 504 488 534 mactatione
514 502 610 544 agni,
643 499 716 532 sore
736 507 770 532 ut
795 506 956 531 mactetur
978 510 1055 531 ven-

89 554 182 580 turus
204 546 356 578 Messias.

88 596 168 633 gunt
195 599 233 620 se
262 599 340 620 esse
367 589 512 619 mcmbra
539 587 701 618 mactandi
731 585 825 627 agni,
860 591 891 616 et
914 585 962 617 sie
987 585 1056 616 fieri

87 633 250 669 membra,
284 642 357 663 cum
388 631 525 662 credunt
551 628 639 660 hunc
668 639 788 670 agnum
817 629 897 658 mitti
928 638 947 658 a
970 627 1056 666 Deo,

87 681 120 705 et
142 684 180 705 se
204 673 249 705 illi
272 674 392 711 inseri,
424 680 456 704 et
478 673 610 714 adiungi
634 678 796 712 tamquam
821 671 936 711 capiti,
965 676 997 701 et
1019 680 1056 701 se

87 717 213 748 servari
237 722 269 747 et
291 716 448 747 custodiri
471 716 512 746 ab
536 716 599 746 isto
624 724 722 755 agno.

173 758 254 790 illud
289 759 462 790 comedere
496 758 536 788 de
570 767 656 798 agno
688 755 897 797 significabat
919 755 1056 786 credere

87 812 147 833 eos
169 803 201 832 in
223 801 396 838 Messiam,
426 801 513 841 quod
544 800 641 831 homo
674 799 859 829 nasciturus
882 805 991 836 esset,
1024 803 1056 828 et

87 853 147 875 eos
170 853 299 874 massae
318 852 399 874 suae
418 843 643 879 adiuncturuS,
662 847 694 872 et
713 842 799 882 quod
816 846 952 881 propter
968 839 1056 870 hunc

87 885 244 917 Messiam
273 892 385 915 essent
408 886 550 925 recepti,
585 891 615 916 et
648 882 849 915 reconciliati
873 893 946 914 cum
970 882 1056 920 Deo,

85 933 119 959 et
147 927 234 969 quod
265 937 323 967 pet·
351 938 423 958 eum
453 933 531 958 tunc
554 936 683 968 quoque
707 932 937 957 servarentur:
971 924 1056 960 Quia

85 970 200 1001 eadem
222 968 301 1000 sacit
323 969 425 1001 Filius
443 969 506 1000 Dei
525 977 600 1000 ante
620 969 875 1009 assumptionem
895 966 1056 998 humanae

84 1018 234 1050 naturae,
254 1023 338 1053 quae
350 1020 466 1053 postea
478 1011 555 1043 facit
567 1018 643 1053 pwt
662 1017 864 1051 assumptam
882 1009 1055 1042 humanam

86 1060 251 1086 naturam:
275 1056 306 1086 id
324 1061 385 1092 cst,
407 1053 532 1096 colligit
549 1061 580 1085 et
600 1059 712 1085 servat
729 1051 924 1084 Ecclesiam.
966 1051 1056 1083 Haec

84 1103 137 1129 est
156 1098 219 1128 ista
241 1107 356 1135 coena,
373 1104 403 1128 et
423 1108 501 1128 esus
521 1098 614 1128 istius
635 1096 728 1136 agni:
753 1095 897 1126 Credere
917 1095 949 1125 in
967 1095 1055 1126 hunc

86 1138 258 1175 Messiam,
286 1141 340 1181 qui
371 1146 448 1171 tunc
475 1140 579 1171 adsuit
601 1140 632 1169 in
656 1138 827 1175 Ecclesia,
856 1143 888 1168 et
910 1143 981 1168 erat
1003 1147 1055 1168 as-

85 1188 275 1223 sumpturus
299 1193 430 1213 carnem
453 1188 611 1219 nostram,
634 1190 806 1221 passurus,
826 1179 1054 1217 immolandus,

84 1230 118 1255 et
139 1224 268 1255 futurus
292 1225 436 1254 victima:
460 1231 490 1254 et
516 1224 663 1260 credere,
682 1223 769 1264 quod
794 1224 863 1263 ipse
885 1222 928 1252 sit
946 1229 1055 1263 caput,

83 1272 116 1297 et
137 1267 191 1308 qui
216 1266 278 1297 tide
301 1265 480 1297 adhaerent
497 1267 538 1304 ei,
558 1267 622 1296 sint
643 1266 713 1296 eius
732 1266 891 1297 membra:
917 1271 947 1296 et
967 1265 1055 1306 quod

82 1316 216 1349 propter
243 1309 349 1349 ipsum
378 1309 442 1339 sint
472 1308 694 1345 reconciliati,
729 1314 761 1338 et
788 1318 846 1348 per
868 1308 974 1347 ipsum
998 1308 1055 1339 lta-

84 1351 178 1382 bituri
201 1351 355 1382 iustitiam
379 1358 411 1382 et
434 1352 532 1382 vitam
554 1358 731 1382 aeternam.

170 1393 260 1425 Haec
295 1400 344 1425 est
378 1404 504 1424 summa
539 1394 634 1424 liuius
665 1393 751 1433 typi3
783 1399 899 1432 postea
933 1391 1055 1424 multae

81 1435 169 1467 aliae
196 1437 460 1467 circumstantiae
488 1442 565 1467 sunt
587 1441 707 1466 textus.
763 1435 851 1466 Dicit
873 1445 984 1473 aymam
1007 1446 1055 1464 as-

83 1478 212 1508 sandam
235 1488 315 1513 esse,
339 1479 428 1519 quod
452 1479 615 1519 significat
640 1479 839 1508 assationem
865 1477 998 1514 Christi,
1021 1484 1056 1508 ut

82 1530 200 1552 revera
224 1526 275 1552 est
297 1522 444 1559 assatio,
475 1521 604 1562 quando
628 1521 673 1551 ita
697 1520 822 1551 torrelit
843 1521 884 1551 ab
908 1521 956 1551 ira
980 1519 1073 1562 Dei.—

82 1569 118 1594 ut
141 1562 236 1593 sudet
259 1564 469 1604 sanguineum
498 1570 533 1594 ut
556 1563 691 1594 dicitur:
725 1564 817 1592 Amit
840 1567 873 1592 ut
895 1567 974 1592 testa
997 1564 1044 1592 vir

82 1609 132 1634 tus
155 1615 230 1634 mea.
288 1605 332 1635 lta
357 1607 441 1636 enini
466 1606 515 1636 fit:
546 1616 604 1636 cor
627 1615 775 1636 maerore
799 1606 999 1637 desiccatur:
1024 1611 1055 1636 et

81 1647 234 1689 angustia
257 1648 367 1678 cordis
391 1647 468 1678 sacit
492 1648 747 1686 resolutionem,
777 1654 813 1678 ut
835 1649 972 1689 sanguis
996 1647 1055 1678 dif-

81 1689 169 1721 fluat.
215 1688 282 1720 Cor
304 1688 484 1721 arefactum
506 1701 572 1721 non
595 1689 734 1731 amplius
759 1691 857 1731 regit,
881 1701 946 1722 non
971 1691 1054 1721 intra

79 1739 184 1764 metas
209 1732 323 1764 retinet.
351 1732 515 1764 officinam
542 1732 652 1771 illam,
686 1739 717 1763 et
739 1742 844 1764 venas
867 1734 1055 1776 sanguinis:

81 1774 172 1816 Ergo
202 1774 233 1805 fii
259 1774 419 1806 resolutio
442 1782 474 1807 et
496 1774 599 1807 esssuit
622 1776 768 1817 sanguis.
823 1775 875 1806 Fit
896 1775 1053 1807 mit-abilis

80 1818 284 1858 compressio
309 1812 437 1849 cordisi
467 1819 498 1849 in
528 1817 590 1850 hac
612 1820 749 1859 sanguis
772 1817 920 1859 pellitur,
943 1826 973 1850 ct
999 1829 1052 1850 ex-

80 1861 229 1892 truditur.

168 1904 290 1934 Postea
314 1903 391 1934 dicit
414 1909 538 1935 textus:
576 1904 682 1934 Totum
706 1915 814 1943 aquam
839 1902 1002 1934 assandum
1024 1908 1054 1934 et

80 1945 297 1976 comedendam
321 1956 400 1979 esse,
423 1946 454 1976 id
479 1954 548 1984 cst,
580 1954 668 1978 totus
693 1946 844 1978 Christus
868 1957 1053 1988 agnoscen-

79 1990 141 2020 dus
165 1995 228 2020 est.
287 1988 464 2029 Antiquum
488 1989 608 2020 dictum
634 1996 700 2020 est:
735 1989 891 2019 Doctrina
911 1990 986 2028 fidei
1008 1994 1054 2019 est

78 2042 140 2061 una
182 2030 370 2069 copulativa.

436 2032 497 2065 Qui
537 2031 687 2071 delinquit
727 2034 759 2061 in
793 2043 870 2067 nno,
886 2071 887 2074 Ἴ
906 2043 974 2062 reas
1008 2037 1053 2063 est

81 2076 219 2107 munium,
245 2074 319 2104 dicit
336 2073 488 2112 lacobus,
501 2073 650 2105 videlieet
668 2075 699 2106 in
720 2075 876 2106 doctrina.

923 2075 956 2106 ld
981 2076 1052 2107 sine

77 2116 147 2149 ulla
180 2116 386 2147 dubitatione
421 2127 532 2148 verum
565 2123 629 2151 est;
664 2128 727 2148 uno
760 2117 899 2149 articulo
928 2117 1078 2150 labesa·'

78 2165 183 2197 clato,
222 2157 468 2191 labefactantur
500 2158 628 2200 reliqui.
689 2159 902 2192 Labefactato
937 2159 1051 2192 funda-

77 2208 207 2239 mento,
231 2208 336 2234 totum
360 2208 505 2243 systema
529 2202 697 2234 doctrinae
720 2204 879 2234 turbatur.

76 2250 175 2286 negat
197 2243 285 2285 λόγον
311 2252 427 2276 natura
451 2255 527 2275 esse
550 2244 663 2276 Deum.

76 2288 151 2319 sitio
181 2286 237 2319 illa
266 2286 366 2319 falsa:
399 2287 470 2325 Eyu
499 2290 589 2316 citam
614 2292 766 2317 aeternam
788 2289 829 2318 (Io
853 2291 906 2318 eis.

76 2331 211 2371 prodest
234 2330 387 2362 Christus
411 2329 493 2367 illis,
522 2331 574 2371 qui
605 2331 728 2362 dicunt:
761 2330 860 2362 Homo
884 2330 928 2361 est
950 2334 1049 2362 iustus

76 2373 254 2412 impletione
277 2373 370 2411 'effi-¹⁸2
395 2373 442 2402 cel
460 2375 523 2402 sais
548 2373 699 2412 operibus,
723 2380 756 2404 ut
781 2373 960 2415 pelagiani,
983 2375 1044 2406 Pa-

75 2416 182 2456 pistae
205 2422 237 2447 et
259 2415 435 2448 Monachi'?
481 2414 602 2447 Paulus
626 2426 782 2456 expresse
804 2417 922 2457 inquit:
948 2418 985 2447 Si
1007 2428 1047 2447 ex

77 2458 222 2496 operibus
250 2458 328 2497 leyis
350 2460 571 2495 iustifirwnnr,
602 2459 722 2496 frastra
747 2459 890 2490 Christus
912 2464 1049 2490 mortuus

77 2504 132 2529 est.
177 2500 429 2533 Mahometistae
464 2503 603 2532 retinent
636 2500 828 2541 particulam
863 2502 1048 2540 doctrinae3

77 2542 188 2574 dicunt
210 2553 286 2575 esse
307 2544 430 2582 Deum,
455 2551 488 2575 et
510 2554 586 2575 esse
610 2554 682 2575 eum
705 2544 918 2576 iudicaturum
942 2553 974 2577 et
997 2557 1048 2577 re-

769 194 986 227 POSTILLA
1003 192 1397 227 MELANTHONIANA.

1105 377 1156 403 est
1191 377 1293 403 totum
1321 380 1442 411 corpus
1473 371 1652 402 doctrinae:

1104 415 1232 456 integre
1254 414 1385 444 tenendi
1409 420 1495 444 sunt.

400 545 442 576 Et
465 550 643 576 vescuntur
665 554 769 584 agno,
793 543 825 573 id
849 548 915 581 est,
940 541 1056 573 intelli·
1077 554 1084 858 1

2011 191 2075 222 650

729 288 776 319 lta
795 287 865 320 vult
883 299 945 319 nos
964 288 1054 319 vesci
1103 286 1174 318 Nos
1195 286 1227 317 in
1251 285 1403 317 Ecclesia
1426 292 1556 326 oportet
1581 286 1753 328 complecti
1776 287 1936 327 integram
1954 286 2075 317 doctri·

1105 340 1191 360 nam.

1235 329 1483 370 Agnoscendus
1503 335 1553 359 est
1571 329 1722 360 Christus
1743 336 1840 360 totus.
1886 328 2075 359 Tenendum

1698 372 1820 403 Omnes
1849 371 1977 402 articuli
2000 371 2073 402 fidei

1195 455 1271 487 Vult
1295 457 1391 487 etiam
1414 462 1535 493 textuS,
1559 461 1592 486 ut
1616 460 1733 485 stantes
1755 460 1783 485 et
1807 458 1942 485 acam-ti
1964 456 2075 486 edant:

1107 500 1138 530 id
1163 505 1230 537 est,
1265 506 1298 530 ut
1319 508 1450 538 semper
1474 499 1537 528 sint
1562 497 1735 539 vigilantes
1760 506 1789 529 et
1813 500 1916 539 parati
1941 499 1982 529 ad
2006 509 2078 530 cru-

1107 552 1188 573 cem.
1235 540 1314 572 Vult
1333 543 1429 572 etiam
1446 540 1520 571 addi
1543 541 1737 573 salsamenta,
1762 543 1954 581 praesertim
1978 540 2076 572 lactu-

1108 594 1196 622 cam,
1229 584 1260 615 id
1296 591 1364 621 est,
1405 581 1474 614 vult
1507 584 1582 614 addi
1618 585 1856 613 enarrationem
1897 584 2075 614 doctrinae.

1106 626 1253 658 Lactuca
1286 628 1317 657 in
1351 625 1464 667 lingua
1497 625 1614 656 Latina
1648 636 1767 656 nomen
1803 625 1899 656 habet
1934 636 1953 656 a
1980 624 2077 663 lacte,

1106 670 1182 710 quia
1205 669 1327 700 herbae
1350 667 1427 700 illae
1451 674 1527 699 sunt
1549 667 1677 699 lact-*ae
1701 674 1732 698 et
1757 666 1883 700 dulces.
1903 674 1933 697 et
1957 667 2077 699 liabent

1108 712 1228 742 honum
1265 722 1412 743 succum.
1468 711 1564 752 Apud
1599 710 1749 741 Graecos
1783 710 1928 751 θρίδακες
1957 709 2077 740 habunt

1106 763 1224 785 nomen
1248 765 1268 785 a
1290 759 1404 795 τρίχες,
1432 754 1465 784 id
1489 759 1554 791 est,
1587 752 1674 791 villi,
1710 753 1803 794 quasi
1827 753 1935 789 dicas,
1969 753 2078 782 herbae

1106 796 1246 831 villosae,
1271 807 1330 828 seu
1354 795 1534 835 capillos-ae.
1581 796 1740 826 Doctrina
1764 801 1814 826 est
1840 795 1910 833 lac,
1934 806 1998 836 quo
2022 794 2078 826 ali-

1107 850 1194 869 mur:
1217 846 1247 870 et
1271 846 1323 871 est
1346 838 1481 874 villosa,
1505 837 1606 870 multa
1630 848 1759 879 semper
1783 836 2020 878 complectitur,
2044 843 2079 869 ut

1107 882 1187 917 dixi;
1211 888 1341 923 oportet
1359 882 1540 914 doctrinam
1557 882 1684 923 integre
1702 880 1887 922 complecti,
1904 891 1970 911 non
1991 881 2078 922 quod

1106 925 1212 964 possit
1236 925 1346 955 subito
1372 923 1553 955 exhauriri:
1583 925 1642 955 sed
1666 924 1741 965 quia
1764 934 1884 964 corpus
1911 923 2078 954 doctrinae

1106 967 1268 1007 integrum
1292 968 1396 998 teneri
1419 972 1557 1008 oportet.

1193 1009 1272 1040 ltem
1296 1010 1373 1042 dicit
1395 1020 1516 1051 agnum
1540 1010 1700 1040 edendum
1725 1020 1796 1041 cum
1817 1019 1901 1050 pane
1925 1019 1991 1040 non
2015 1008 2078 1040 ser-

1106 1058 1258 1083 mentato.
1304 1052 1338 1082 ld
1362 1063 1462 1093 saepe
1486 1054 1641 1093 repetitur
1664 1052 1695 1082 in
1716 1053 1821 1082 sacris
1840 1051 1955 1082 literis.
2001 1051 2079 1082 Fet·-

1108 1100 1250 1125 mentum
1281 1095 1445 1136 significat
1474 1096 1646 1126 mixturam
1676 1095 1869 1136 peregrinae
1899 1095 2079 1126 doctrinae.

1107 1136 1179 1167 Non
1204 1137 1362 1168 debemus
1386 1138 1526 1168 miscere
1549 1137 1696 1168 articulis
1716 1137 1788 1169 fidei
1809 1138 1991 1168 doctrinam
2009 1136 2078 1168 Ma-

1106 1178 1320 1217 honteticam,
1343 1179 1554 1220 Papisticam,
1581 1180 1755 1218 iudaicam,
1786 1187 1841 1211 aut,
1865 1190 2078 1221 quascunque

1078 1212 1083 1256 Ι
1107 1221 1326 1263 corruptelas,
1376 1223 1440 1254 Iste
1463 1230 1562 1264 typus
1585 1230 1736 1254 servatus
1766 1230 1813 1253 est
1838 1229 1883 1253 tot
1907 1224 2001 1253 annis
2027 1233 2078 1253 us-

1105 1274 1168 1305 que
1201 1265 1243 1295 ad
1277 1267 1465 1306 passionem
1500 1265 1637 1296 Christi:
1678 1267 1707 1297 id
1745 1267 1941 1303 esu-annis
1975 1265 2076 1296 1542:

1107 1308 1191 1342 Quia
1214 1315 1292 1349 post
1314 1309 1586 1340 resurrectionem
1611 1308 1733 1339 fin-isti
1765 1319 1829 1339 non
1853 1308 1912 1340 fuit
1935 1315 2077 1339 mactan-

1107 1350 1168 1381 dus
1201 1349 1342 1391 amplius
1371 1361 1488 1393 agnus·
1545 1351 1609 1382 lant
1644 1358 1719 1383 sunt
1749 1353 1790 1382 ab
1825 1350 1881 1381 illo
1917 1352 2002 1382 exitu
2037 1362 2077 1382 ex

1106 1392 1260 1434 Aegypto
1289 1394 1332 1423 ad
1362 1393 1451 1424 hunc
1473 1404 1592 1425 annunt
1616 1394 1676 1432 55,
1700 1395 1776 1425 anni
1800 1393 1894 1425 3064.
1952 1393 2076 1425 Horum

1106 1445 1264 1466 annorum
1300 1437 1520 1468 consideratio
1549 1447 1589 1467 eo
1619 1436 1705 1471 utilis
1737 1444 1804 1474 est,
1838 1443 1872 1467 nt
1895 1437 2077 1478 cogitemus

1107 1484 1171 1508 tam
1195 1477 1296 1519 longo
1320 1484 1466 1520 tempore
1489 1485 1652 1510 servatam
1676 1490 1751 1511 esse
1775 1478 1970 1517 Ecclesiam,
1993 1489 2078 1520 quae

1107 1526 1139 1550 et
1173 1524 1269 1552 antea
1303 1528 1436 1552 servata
1469 1528 1519 1552 est
1552 1520 1660 1552 multis
1689 1521 1891 1553 mirabilibus
1921 1523 2076 1563 operibus

1108 1568 1182 1593 ante
1211 1564 1350 1601 exitum,
1383 1570 1414 1595 et
1443 1570 1519 1606 post
1541 1565 1671 1595 exitum.
1729 1565 1848 1596 Postea
1873 1565 1912 1596 ad
1937 1565 2001 1596 hoc
2023 1575 2077 1597 us—

1108 1615 1170 1646 que
1194 1612 1322 1646 tempus
1346 1607 1429 1638 inter
1457 1612 1566 1638 tantas
1590 1608 1818 1648 quassationes
1848 1614 1879 1639 et
1907 1606 2076 1639 contusio—

1106 1658 1166 1678 nes
1191 1649 1428 1687 doctrinarum,
1456 1656 1563 1680 tamen
1586 1649 1643 1681 fuit
1667 1657 1780 1681 coetus
1804 1657 1893 1682 recte
1916 1651 2075 1682 invocans

1106 1689 1225 1725 Deum,
1250 1693 1311 1722 etsi
1335 1693 1366 1722 in
1389 1692 1454 1723 hoc
1477 1693 1548 1733 ipso
1573 1699 1669 1724 coetu
1692 1693 1834 1730 fuerunt,
1858 1700 1934 1724 sunt
1957 1699 1987 1724 et
2010 1704 2075 1725 nta-

1106 1741 1181 1764 nent
1205 1733 1323 1765 multae
1346 1734 1548 1773 infirmitates
1572 1741 1604 1766 et
1626 1736 1787 1767 miseriae.

1194 1775 1365 1808 israelitae
1394 1778 1547 1808 viderunt
1576 1788 1613 1808 se
1635 1779 1762 1809 servari
1794 1779 1823 1809 in
1853 1780 1932 1810 mari
1964 1780 2075 1817 rubro,

1107 1820 1138 1849 in
1164 1829 1228 1860 quo
1252 1830 1310 1859 per
1332 1819 1456 1861 aliquot
1479 1821 1550 1851 dies
1577 1821 1637 1851 iter
1660 1820 1825 1859 fecerunt,
1850 1832 1923 1852 cum
1947 1821 2075 1853 illorum

1105 1869 1218 1892 essent
1243 1862 1381 1893 600000.
1415 1862 1454 1893 Et
1478 1864 1618 1904 spatium
1642 1865 1739 1895 maris
1763 1865 1803 1894 ad
1829 1865 1991 1895 minimum
2015 1866 2074 1896 tuit

1106 1903 1274 1936 miliarium
1297 1905 1317 1935 9
1335 1905 1389 1936 vel
1410 1906 1465 1942 103
1488 1916 1527 1937 ea
1546 1913 1649 1947 parte,
1670 1917 1733 1949 qua
1753 1909 1984 1939 transeundum
2005 1907 2073 1939 suit.

1106 1948 1201 1978 Stetit
1238 1949 1336 1989 igitur
1369 1946 1566 1990 aliquamdiu
1593 1960 1697 1991 aqua,
1731 1956 1762 1981 ut
1794 1949 1922 1981 Pharao
1945 1958 2073 1991 putaret

1106 1990 1342 2021 diuturniorum
1369 1990 1442 2023 sore
1471 1992 1643 2023 stationem
1674 2003 1796 2034 aquae,
1832 1999 1863 2024 et
1887 1993 1965 2024 nihil
1989 1995 2073 2034 peri—

1105 2032 1169 2064 culi
1194 2043 1279 2064 esse.
1326 2034 1502 2076 ingressus
1526 2041 1652 2073 autem,
1676 2036 1762 2066 mole
1785 2046 1940 2077 aquarum
1965 2037 2073 2067 obrui—

1104 2081 1156 2107 tur
1179 2086 1251 2107 cum
1275 2082 1345 2108 toto
1370 2078 1527 2109 exercitu.
1579 2078 1660 2109 Cum
1688 2079 1751 2109 hoc
1775 2079 1921 2110 viderunt
1947 2078 2071 2110 Israeli-

1104 2125 1174 2156 tae,
1210 2120 1435 2158 crediderunt,
1470 2126 1502 2152 et
1532 2127 1638 2152 tamen
1668 2127 1782 2162 postea
1812 2119 1985 2162 aliquoties
2010 2121 2072 2153 fre-

1102 2168 1193 2192 munt
1217 2169 1334 2194 contra
1356 2162 1492 2202 Mosen,
1522 2169 1554 2194 et
1576 2164 1759 2195 Aaronem:
1794 2164 1896 2197 Qum-e
1922 2175 1978 2193 uos
2001 2166 2071 2194 edu·

931 2204 1048 2235 Arrius
1070 2207 1078 2250 j
1102 2206 1196 2239 misti,
1231 2209 1264 2235 uc
1295 2205 1378 2243 same
1410 2205 1462 2235 Ιιίο
1496 2207 1681 2237 moriamur?
1725 2206 1866 2237 Fuerunt
1901 2207 1991 2238 multi
2025 2208 2070 2238 in-

721 2245 788 2276 Erit
811 2246 908 2287 igitur
931 2257 1049 2325 prgpod
1070 2253 1077 2301 ἶ
1102 2246 1245 2297 firmi-in
1275 2247 1331 2279 illo
1363 2255 1479 2286 coetu,
1508 2247 1561 2280 alii
1586 2249 1728 2287 dociles,
1756 2248 1809 2280 alii
1834 2247 1927 2285 mali,
1951 2256 1980 2280 et
2005 2261 2070 2281 non

996 2301 1025 2321 ui
1100 2297 1217 2322 sancti.

1186 2333 1243 2365 Sic
1265 2334 1364 2376 igitur
1386 2334 1482 2365 istam
1506 2335 1673 2366 historiam
1697 2341 1797 2365 totam
1816 2342 1844 2365 et
1865 2341 1976 2376 typum
1992 2337 2069 2378 agni

1101 2377 1365 2415 consideremus,
1394 2383 1430 2408 ut
1452 2378 1670 2409 exuscitemus
1695 2388 1757 2407 nos
1780 2377 1820 2408 ad
1845 2388 1956 2408 veram
1978 2379 2068 2419 agni-

1101 2419 1221 2450 tionem
1243 2418 1314 2451 Filii
1338 2419 1416 2456 Dei3
1447 2421 1613 2451 discamus
1645 2418 1733 2450 illum
1763 2430 1841 2451 vere
1863 2421 1985 2452 adesse
2007 2421 2069 2454 Ec·

1101 2459 1241 2500 clesiae,
1272 2469 1301 2493 et
1332 2474 1403 2494 eum
1433 2461 1516 2494 velle
1547 2472 1607 2492 nos
1633 2462 1742 2494 fact-re
1765 2473 1826 2494 sua
1849 2465 2013 2503 membra,
2036 2472 2068 2496 et

1099 2505 1204 2544 ipsum
1241 2507 1357 2537 mereri
1392 2515 1452 2536 sua
1487 2505 1682 2535 mactatione
1718 2506 1812 2537 nobis
1842 2507 2067 2538 remissionem

1098 2554 1328 2587 peccatorum,
1359 2554 1389 2578 ct
1418 2553 1534 2589 postea
1563 2548 1830 2579 vivificationem:
1861 2549 1935 2590 qnia
1966 2551 2068 2581 corda

76 2586 308 2618 suscitaturum
330 2594 498 2625 mortuOS,
527 2587 675 2618 daturum
706 2587 799 2618 iustis
822 2587 920 2618 vitam
943 2594 1047 2620 aeter·
1069 2585 1074 2618 Ι
1099 2590 1316 2627 credentium,
1341 2590 1394 2631 qui
1418 2590 1459 2620 ad
1482 2591 1586 2631 ipsum
1611 2597 1855 2629 convertuntur,
1880 2598 1910 2622 et
1934 2593 1964 2623 in
1989 2603 2066 2624 con-

75 2637 175 2659 nam.=
207 2628 273 2661 Sed
297 2641 362 2661 non
388 2629 649 2671 complectuntur
671 2630 830 2671 integram
853 2630 1046 2663 doctrinam.

1098 2633 1250 2664 versione
1279 2633 1343 2663 fide
1374 2631 1462 2663 illum
1493 2632 1758 2674 apprehendunt,
1794 2633 1887 2665 simul
1916 2634 1977 2666 hac
2002 2636 2066 2667 tide
