2324 2958
233 173 295 204 127
868 170 978 202 PHlL.
1003 168 1104 201 MEL.
1129 165 1315 200 SCRtPTA
1337 163 1600 197 EXEGETICA.
2175 168 2238 201 128

233 266 409 298 sustinuit?
443 265 510 297 Sed
534 265 587 295 isti
610 263 744 296 labores
766 271 890 296 tantum
913 262 1107 306 prosuerunt
1129 262 1206 293 huic
1258 257 1381 289 habent
1405 257 1426 289 3
1447 257 1490 289 ad
1512 257 1548 289 6:
1582 258 1630 290 lta
1651 269 1689 291 se
1712 258 1836 292 habent
1859 260 1880 291 4
1901 260 1944 291 atl
1968 259 2000 292 8.
2044 259 2090 292 lbi
2115 259 2236 294 Graeci

232 307 360 340 mortali
385 309 480 340 rime.
518 305 630 338 Multis
653 308 750 339 etiam
770 307 921 338 inanibus
942 305 1205 338 contentionibus
1257 306 1390 332 utuntur
1411 300 1573 342 particula
1595 302 1682 343 πρός·
1718 302 1773 334 Sic
1796 303 1894 344 igitur
1915 303 2148 344 interpretatur
2164 303 2236 337 Mo-

233 353 298 383 w'ta
321 352 457 382 istorum
488 348 595 381 fracta
619 356 678 381 est.
723 350 794 381 Nos
823 351 919 382 etiam
950 349 979 380 si
1007 358 1120 380 sumus
1149 347 1205 377 im-
1257 341 1418 384 scopulus
1434 344 1536 375 verba
1548 345 1717 376 Iohannis:
1742 345 1828 385 λόγος
1846 350 1919 377 erae
1933 347 2106 378 sectmdum
2118 346 2236 387 Deum,

232 392 387 431 becilles,
417 394 602 433 experimur
631 399 762 423 nostras
792 393 959 430 miserias,
993 398 1099 422 tamen
1130 399 1204 420 cum
1257 391 1289 416 et
1311 385 1492 418 Iohannem
1516 387 1564 419 sic
1587 386 1734 420 locutum
1757 398 1834 419 esse
1861 389 2042 427 existimat,
2070 394 2106 421 ut
2134 391 2235 432 signi·

234 437 389 468 discimus
418 435 663 467 doctrinamde
687 435 777 473 Deo,
805 435 935 476 quando
965 444 1035 465 eam
1066 430 1205 463 fideliter
1257 427 1381 467 ficaret,
1407 429 1492 469 λόγον
1514 439 1590 461 esse
1613 431 1786 473 imaginem
1809 431 1935 462 aeterni
1956 433 2071 474 patris.

232 479 462 520 proponimu5‚
496 484 528 509 et
558 478 726 510 studemus
755 487 941 519 propagare
970 477 1012 507 ad
1036 480 1203 516 posterOS,
1342 471 1378 502 ln
1392 471 1531 503 Graecis
1548 474 1767 514 scriptoribus
1787 483 1888 515 saepe
1905 475 2049 506 occurrit
2064 474 2141 517 πρὸς
2160 486 2233 508 cum

232 532 298 553 non
333 521 554 553 consumimus
585 522 682 552 vitam
717 519 832 551 labore
865 518 979 550 inutili.
1024 518 1065 548 Et
1098 515 1205 558 placet
1254 515 1449 546 accusativo
1471 516 1634 554 iunctum,
1663 522 1695 548 et
1722 516 1889 558 significat
1914 519 2166 557 convenienter,
2196 525 2234 551 ut

231 565 305 596 Deo
329 562 382 595 hic
406 563 501 594 labor
524 570 651 601 noster,
677 569 707 595 et
730 563 864 605 prodest
888 563 982 593 nobis
1006 560 1048 591 ad
1071 565 1202 602 gustum
1255 557 1342 598 apud
1365 556 1557 597 Isocratem,
1580 559 1661 590 dare
1683 560 1830 601 praemia
1852 559 1929 602 πρός
1947 559 1979 591 1⁴3
2001 562 2157 603 πρθςῆκον.
2190 560 2234 594 Et

232 614 263 638 et
298 607 387 637 initia
420 607 506 638 vitae
539 613 710 644 aeternae,
747 616 843 647 quam
876 613 972 635 nemo
1008 603 1203 645 possidebit,
1253 600 1342 649 apud
1358 599 1589 633 Aristotelem:
1619 600 1746 634 Civitas
1769 603 1866 634 situm
1889 603 2009 635 habeat
2031 603 2108 646 πρός
2129 603 2232 643 mirrhe,

231 649 294 680 nisi
324 650 356 680 in
385 648 448 681 hac
477 650 544 680 vita
574 649 721 680 didicerit
749 656 934 689 agnoscere
963 646 1088 682 Deum,
1118 646 1204 676 sicut
1253 643 1286 673 ld
1309 648 1374 680 est,
1404 644 1671 684 convenientem,
1698 655 1759 686 pro
1787 645 1873 676 κατά.
1919 645 1987 678 Sed
2014 645 2136 679 Graeci
2164 655 2231 679 non

232 693 367 723 dicitur:
402 692 502 723 Beati
521 693 647 729 mortui,
671 692 726 733 φη·
746 693 924 721 moriuntur
946 690 979 720 z'n
996 687 1146 726 Domino,
1169 688 1202 719 id
1254 685 1298 716 ita
1320 684 1512 726 loquuntur,
1533 687 1611 729 πρός
1632 701 1692 718 nra
1715 688 1803 729 apud
1825 689 1985 730 aliquem,
2014 689 2101 731 quod
2124 691 2230 732 potius

226 741 288 773 est,
311 735 366 776 qui
388 735 510 766 habent
534 733 716 766 inchoatam
739 733 824 765 hanc
847 731 953 764 lucem
977 732 1009 763 in
1032 731 1200 763 cordibus.
1253 727 1420 759 diceretur
1441 729 1534 770 παρά.
1581 730 1650 762 Sed
1675 741 1749 762 cum
1772 732 1900 769 dativo,
1930 738 1964 763 ut
1987 731 2065 774 πρὸς
2089 737 2155 769 ταῖς
2172 733 2229 764 πό-

1251 772 1316 806 λαις
1338 770 1427 812 apud
1449 780 1509 802 scu
1530 771 1621 804 iuxta
1642 780 1769 815 portaS,
1791 775 1824 806 in
1846 772 2050 817 ssucydide.

1338 812 1421 844 Cum
1450 816 1644 847 accusativo
1675 826 1806 858 semper
1834 817 2021 860 intelligunt
2047 818 2119 850 Ad:
2152 818 2230 862 πρὸς

1250 855 1301 887 τὸν
1326 855 1401 887 θεὸν
1428 855 1622 897 ἀφικόμεθα,
1653 860 1696 891 ad
1720 859 1828 891 Deum
1857 862 2074 893 accessimus.
2119 861 2229 905 Saepe

654 899 768 939 Item.
1250 905 1360 931 autem
1383 899 1424 930 de
1448 898 1615 941 colloquio
1638 908 1818 944 usurpant,
1843 910 1878 935 ut
1900 903 2074 943 διαλέγομαι
2096 905 2172 946 πρός
2194 916 2228 937 σε

1223 980 1225 982 q
1250 942 1337 983 apud
1354 940 1621 983 Xenophontem,
1641 943 1816 986 colloquor
1833 951 1953 979 tecum.
1981 946 2022 978 Et
2041 948 2128 988 apud
2140 947 2228 980 Thu-

310 989 504 1031 Quanquam
524 989 608 1021 haec
623 989 771 1021 doctrina
787 987 888 1030 longe
905 994 1039 1030 superat
1057 988 1198 1019 omnium
1251 985 1412 1027 cyditlem,
1435 984 1539 1025 λόγοῦς
1557 988 1706 1017 ἐποιοῦντο
1728 987 1804 1029 πρὸς
1823 990 1890 1026 τούς
1911 990 2101 1032 στρατηγούς,
2125 989 2229 1023 locuti

223 1038 447 1064 creaturarum
470 1033 676 1074 sapientiam:
699 1038 806 1063 tamen
829 1031 923 1063 Deus
946 1029 1016 1063 vult
1036 1039 1102 1062 nos
1126 1038 1199 1062 eam
1250 1034 1328 1060 sunt
1351 1028 1393 1058 ad
1416 1027 1530 1059 ‹luces-

221 1074 367 1116 profiteri
390 1075 554 1106 adversus
577 1075 769 1116 sapientiam
793 1072 944 1112 Diaboli,
973 1080 1005 1105 et
1034 1073 1198 1105 adversus
1336 1070 1429 1102 Haec
1455 1071 1548 1110 ᾶίεο,
1578 1078 1614 1103 ut
1642 1070 1878 1106 adolescentes
1906 1074 2017 1106 studia
2043 1074 2230 1117 linguarum

222 1127 336 1149 omnes
360 1117 508 1156 furores,
538 1124 569 1149 et
599 1117 688 1149 idola
711 1117 833 1148 mundi.
877 1115 957 1148 Vult
986 1118 1019 1149 in
1047 1116 1113 1148 hac
1143 1117 1198 1147 mi·
1251 1113 1357 1156 magis
1381 1120 1501 1145 ament.
1535 1114 1607 1146 Nec
1622 1122 1674 1147 est
1692 1117 1911 1158 vituperanda
1928 1116 2110 1160 diligentia,
2132 1123 2231 1160 q‘u'ae·

222 1161 359 1191 serrima
381 1161 447 1192 vita
470 1160 618 1192 inchoari
646 1160 733 1191 hanc
762 1160 962 1199 doctrinam,
990 1159 1199 1202 quantumvis
1251 1166 1326 1188 rere
1349 1157 1612 1198 significationes
1634 1157 1820 1200 phrasium,
1850 1161 2047 1202 praesertim
2073 1171 2147 1192 cum
2172 1160 2231 1193 ali·

219 1211 340 1245 magna
362 1204 404 1235 sit
428 1202 537 1246 caligo
560 1208 749 1235 nostrarum
773 1203 939 1241 mentium,
962 1205 1028 1235 etc.
1222 1167 1229 1246 Ι
1251 1199 1330 1242 quid
1352 1200 1466 1231 arcani
1487 1199 1567 1232 latet
1589 1202 1622 1232 in
1644 1201 1794 1244 Syntaxi.

1338 1241 1533 1284 Philelphus
1573 1250 1689 1276 contra
1722 1244 1957 1287 Moscopulum
1996 1246 2157 1288 disputat,
2198 1252 2232 1279 et

1252 1284 1328 1327 πρὸς
1350 1285 1584 1327 interpretatur
1618 1290 1740 1329 penes:
1768 1295 1803 1320 ut
1822 1290 1880 1320 sit:
1911 1288 2060 1322 Verbum
2083 1296 2154 1322 erat
2175 1295 2233 1332 pe·

507 1330 509 1334 ’
968 1367 970 1370 .
1251 1336 1311 1359 nes
1336 1327 1442 1360 Dc‘um
1469 1330 1545 1368 (etsi
1564 1329 1640 1371 ipse
1662 1340 1723 1373 pro
1746 1330 1861 1364 Verbo
1884 1342 1968 1365 usus
1991 1339 2042 1365 est
2065 1331 2232 1365 vocabulo

334 1367 399 1408 De
431 1367 555 1408 dicto:
604 1363 745 1411 stade!
773 1371 936 1423 reynum
966 1365 1088 1412 Patri,
1252 1369 1416 1410 nationis)
1440 1381 1471 1414 q.
1491 1372 1522 1403 d.
1545 1373 1579 1404 tn
1601 1379 1768 1416 potestate
1784 1373 1867 1406 netz
1889 1381 1925 1407 ut
1949 1376 2106 1408 dicimus:
2131 1375 2233 1408 Liber

1252 1420 1304 1445 est
1326 1421 1430 1455 penes
1453 1424 1522 1453 me,
1546 1416 1579 1447 id
1602 1421 1670 1455 est,
1691 1418 1724 1448 in
1746 1419 1913 1459 potestate
1932 1422 2018 1450 mea.
2064 1417 2135 1450 Sed
2157 1419 2232 1451 reii-

308 1457 344 1489 ln
376 1457 442 1490 hac
470 1459 538 1490 vita
567 1464 723 1491 aeternus
755 1465 850 1502 pater
881 1458 1040 1502 patefecit
1073 1468 1112 1491 se
1139 1469 1200 1501 per
1252 1457 1302 1489 cio
1336 1456 1423 1488 hanc
1455 1458 1771 1500 interpretationem.
1816 1459 1887 1492 Nec
1920 1471 2063 1504 usquam
2092 1461 2232 1494 Graecis

223 1502 317 1541 λόγον.
362 1500 405 1533 Et
431 1500 486 1533 hic
513 1502 598 1541 λόγος
627 1502 703 1534 inde
731 1511 836 1544 usquc
867 1503 910 1535 'ab
945 1503 1036 1534 initio
1067 1501 1198 1534 locutus
1249 1499 1325 1541 πρὸς
1358 1500 1525 1542 Significat
1557 1502 1662 1542 idem,
1697 1503 1786 1546 quod
1819 1514 1939 1545 penes,
1975 1504 2064 1547 quod
2093 1514 2153 1546 per
2181 1506 2233 1536 ἐπὶ

222 1550 272 1576 est
296 1555 369 1576 cum
390 1544 498 1576 Adam
520 1551 552 1576 et
573 1544 664 1584 Eva,
694 1545 811 1577 deinde
840 1554 912 1578 cum
939 1551 1013 1577 tota
1034 1544 1197 1578 Ecclesia.
1250 1543 1342 1574 reddi
1363 1549 1486 1585 potest.

221 1587 280 1620 Sic
303 1588 420 1619 dicitur
442 1589 473 1619 in
498 1587 674 1619 Zacharia:
712 1589 851 1631 Aayelus
873 1592 907 1621 in
928 1599 978 1621 me
999 1589 1197 1631 loquebatur,
1335 1585 1416 1618 Mihi
1448 1597 1516 1618 non
1546 1588 1680 1620 'videtur
1717 1588 1915 1627 absurdum,
1955 1589 1984 1619 si
2025 1597 2231 1620 communem

221 1631 272 1661 vel
292 1631 335 1661 ad
358 1641 407 1662 me
428 1631 626 1670 loquebatur.
672 1630 760 1664 Dicit
785 1632 826 1663 tle
849 1630 907 1663 illa
931 1642 1087 1674 persona,
1113 1642 1199 1674 quae
1252 1629 1402 1661 Graecae
1424 1628 1558 1672 linguae
1586 1631 1860 1663 consuetudinem
1888 1637 2084 1672 ¹sequamur,
2114 1641 2154 1663 ac
2184 1631 2232 1662 in·

222 1679 273 1705 est
295 1673 389 1712 λόγος.
436 1673 527 1705 llaec
550 1684 693 1715 persona
723 1676 830 1706 sanxit
857 1675 1069 1707 ministerium
1092 1675 1198 1706 Evan-
1251 1671 1456 1714 telligamus:
1480 1673 1566 1712 λόγος
1583 1669 1616 1713 ἦν
1633 1673 1708 1715 πρίς
1727 1673 1862 1711 τὸνθεόν,
1888 1673 2034 1711 Verbum,
2057 1674 2231 1706 autetiam

222 1715 298 1759 gelii
321 1717 353 1747 in
377 1715 546 1756 Ecclesia,
577 1723 607 1748 et
631 1725 744 1749 servat
763 1718 914 1750 omnibus
934 1719 1138 1760 temporibus
1166 1719 1197 1749 in
1250 1725 1356 1747 sermo
1384 1715 1482 1754 (Nam
1510 1715 1575 1748 hoc
1605 1718 1709 1759 magis
1736 1716 1813 1748 mihi
1837 1715 1965 1758 placet,
1998 1726 2095 1758 quam
2118 1716 2232 1755 Ratio)

221 1769 344 1801 genere
366 1758 522 1798 humano,
547 1765 578 1791 et
601 1766 652 1791 est
675 1758 795 1793 efficax
818 1771 877 1801 per
899 1760 999 1800 illud,
1024 1762 1100 1793 dato
1125 1760 1198 1802 Spi-
1251 1762 1325 1789 erat
1347 1758 1392 1789 ml
1414 1757 1528 1789 Deum.
1574 1759 1664 1791 Haec
1689 1761 1912 1801 interpretatio
1941 1767 1974 1791 ct
1998 1769 2160 1801 personas
2185 1760 2231 1791 di-

219 1803 284 1834 ritu
306 1808 432 1833 sancto.
1251 1801 1394 1838 scernit,
1422 1807 1455 1832 ct
1477 1803 1642 1844 significat
1667 1801 1937 1834 deliberationem
1960 1810 1992 1834 et
2018 1801 2231 1845 colloquium.

307 1845 371 1876 Per
393 1844 458 1876 hoc
488 1845 701 1877 ministerium
732 1853 850 1889 regnat
880 1845 965 1877 filius
990 1845 1053 1878 Dei
1082 1847 1113 1877 in
1137 1846 1199 1877 Ec·
1250 1846 1415 1875 Aeternus
1439 1851 1533 1885 pater
1557 1856 1594 1877 se
1616 1847 1785 1887 aspiciens
1808 1856 1848 1876 ac
1873 1846 2102 1884 considerans,
2126 1846 2232 1888 gignit

221 1886 337 1925 clesia,
360 1887 452 1919 Tunc
475 1897 556 1919 vero
580 1889 686 1920 tradet
708 1899 844 1931 regnum
867 1890 964 1931 patri,
986 1889 1017 1920 id
1042 1895 1110 1927 est,
1133 1899 1198 1920 non
1251 1886 1351 1918 filium
1385 1888 1545 1929 integram
1578 1889 1628 1919 sui
1664 1890 1847 1930 imaginem.
1894 1889 1934 1920 Et
1974 1896 2051 1920 sunt
2090 1890 2122 1920 in
2162 1894 2232 1920 tota

220 1937 297 1972 aget
316 1929 457 1972 amplius
476 1940 536 1972 per
553 1932 778 1970 ministerium,
802 1933 861 1964 sed
882 1930 1031 1963 Ecclesia
1055 1933 1199 1964 adducta
1251 1930 1444 1961 aeternitate
1467 1930 1722 1962 deliberationes
1752 1939 1782 1962 ct
1808 1930 2082 1974 colloquiointer
2105 1939 2232 1974 patrem

220 1974 263 2005 ad
291 1979 457 2004 aeternam
482 1975 751 2006 consuetudinem
782 1984 854 2006 cum
882 1975 972 2013 Deo,
1007 1981 1118 2006 cernet
1143 1986 1200 2017 pu·
1251 1980 1282 2004 et
1307 1972 1422 2004 filium:
1452 1973 1529 2004 Erat
1553 1975 1650 2016 igitur
1674 1975 1713 2005 ad
1740 1974 1845 2006 Deum
1870 1986 1997 2013 sermo,
2026 1975 2058 2005 id
2082 1980 2152 2013 est,
2182 1973 2231 2005 lo-

220 2022 303 2047 trem
328 2025 450 2055 coram,
474 2023 505 2048 et
526 2016 617 2048 Deus
642 2019 702 2049 erit
720 2018 827 2049 onmia
850 2018 882 2049 in
903 2018 1065 2055 omnibus,
1086 2018 1117 2049 id
1138 2023 1199 2055 est,
1252 2017 1415 2059 quebatur
1437 2018 1477 2048 ad
1503 2016 1621 2049 Deum.

222 2069 286 2090 non
310 2069 368 2100 per
390 2060 526 2091 verbum
551 2066 583 2091 et
607 2060 843 2099 Sacramenta,
878 2061 937 2092 sed
967 2060 1138 2092 visibiliter
1168 2068 1199 2092 et

222 2102 404 2133 immediate
427 2110 502 2144 aget
527 2113 600 2134 cum
625 2103 759 2136 electis:
794 2103 1026 2144 conspicietur
1054 2115 1137 2142 non,
1165 2111 1199 2135 ut

221 2155 325 2183 nunc,
358 2146 388 2176 in
419 2144 567 2177 revelato
593 2147 714 2185 verbo,
743 2147 802 2178 sm!
832 2147 863 2177 in
895 2145 968 2179 lucc
997 2146 1132 2185 visibili,
1168 2154 1197 2178 et
1225 2151 1227 2173 ὲ

223 2198 334 2219 coram
359 2189 612 2220 communicabit
636 2199 672 2220 se
705 2196 736 2221 ct
767 2191 854 2221 bona
882 2200 943 2221 sua
973 2190 1094 2227 beati&
1128 2190 1200 2221 ¹«sine
1320 2183 1383 2223 Do
1414 2183 1542 2223 dicto:
1589 2180 1751 2226 l't’rlmm
1784 2193 1880 2226 (ὙΙΙῸ
1912 2182 2059 2235 [(ΙΓῘῙΙΙΗ
2091 2187 2159 2226 t’SI.

223 2232 330 2263 medio
345 2232 436 2263 verbi
461 2238 492 2263 et
507 2232 806 2265 sacramentorum.
842 2232 996 2264 Cessabit
1019 2234 1102 2264 enim
1123 2239 1199 2264 tunt»,

223 2274 445 2306 ministerium.
1226 2296 1227 2307 ,
1340 2275 1438 2309 Λόλης
1469 2286 1532 2307 nou
1567 2274 1839 2312 intelligatur-,de
1871 2285 2025 2306 set-nimie
2055 2285 2115 2306 scu
2146 2285 2231 2307 voce

1226 2319 1227 2323 ’
1254 2326 1487 2356 evanescente,
1511 2320 1569 2349 sed
1595 2319 1635 2349 de
1658 2309 1725 2350 lilio
1745 2317 1819 2356 Dei,
1844 2319 1897 2360 qui
1918 2326 1966 2349 cst
1988 2318 2095 2359 imago
2159 2319 2231 2356 tris,

1226 2358 1227 2361 ¹
1253 2369 1284 2392 ct
1305 2371 1445 2401 persona
1472 2362 1581 2403 genita
1605 2373 1622 2393 a
1648 2369 1740 2404 patre
1764 2368 1911 2399 aeterno,
1936 2361 2019 2396 Quia
2042 2361 2095 2392 hic
2128 2360 2230 2392 ohan-

1256 2415 1313 2435 ncs
1338 2405 1408 2445 ipsc
1432 2405 1517 2443 λόγον
1540 2412 1657 2446 postea
1682 2405 1827 2436 nominat
1856 2405 2046 2445 um‘yrm'tum
2075 2415 2094 2435 a
2122 2408 2231 2445 punire,

442 2443 561 2490 Λόγος
593 2444 681 2484 (ἸἹΙΙ
710 2440 818 2497 [Illud
851 2438 982 2484 lh'um,
1226 2463 1229 2500 Ι
1253 2452 1282 2477 rt
1305 2447 1401 2488 filium
1426 2449 1615 2488 lllll‘yt‘llllnm
1640 2449 1696 2489 (μα’
1716 2452 1761 2478 rs!
1785 2449 1815 2478 t'n
1841 2449 1911 2478 st'nu
1933 2448 2052 2488 patris.

1226 2506 1229 2551 ἱ
1341 2490 1459 2521 Carnis
1476 2490 1697 2532 appellatione
1717 2490 1920 2533 intelligatur
1938 2501 2003 2522 nnn
2021 2496 2142 2521 tantum
2160 2500 2232 2521 cor-

314 2531 370 2562 Est
397 2533 638 2563 Grammaticus
668 2532 796 2573 quidam
827 2532 995 2564 (araceus.
1027 2533 1202 2574 Mose-opu-
1254 2545 1328 2574 pus,
1353 2534 1410 2563 scd
1436 2541 1523 2565 totus
1548 2535 1662 2573 homo,
1692 2535 1745 2576 qui
1770 2535 1866 2565 habet
1892 2545 2014 2575 corpus
2039 2540 2069 2564 et
2092 2533 2232 2564 animam

226 2575 295 2613 lus,
324 2576 376 2617 qui
406 2577 435 2607 in
461 2575 608 2606 doctrina
633 2575 673 2607 tle
697 2574 1001 2616 Praepositionibus
1026 2576 1102 2606 dicit
1127 2576 1202 2616 πριῖς
1255 2576 1457 2608 ratium-lom.
1507 2579 1562 2609 Sic
1588 2578 1671 2609 onim
1696 2587 1797 2618 saepe
1821 2575 1966 2618 loquitur
1988 2577 2167 2618 scripturn:
2200 2582 2233 2607 ut

226 2619 414 2661 significare
438 2617 690 2655 similitudine-m,
715 2625 747 2649 ut
771 2620 904 2659 quintulo
929 2619 1019 2651 tlico:
1048 2620 1140 2651 slent
1166 2631 1202 2648 st·
1256 2620 1347 2651 lioni.
1376 2621 1405 2650 ll.
1459 2622 1524 2659 Qui
1551 2625 1622 2652 sun!
1652 2622 1783 2661 cognati
1809 2622 1869 2651 nit-e'
1894 2621 2062 2650 seeundum
2093 2628 2232 2649 carnem.

1327 2742 1337 2757 N
