2324 2958
162 223 226 257 741
399 264 402 265 ⁷
842 222 1057 255 POSTlLLA
1083 221 1477 256 MELANTHONIANA.
2097 231 2158 262 742

163 317 271 360 portio
294 317 379 349 idem
401 323 465 355 est,
499 317 585 358 quod
609 315 766 348 choenix:
800 317 889 358 quod
918 318 1063 350 verbum⁴
1078 323 1130 349 est
1184 322 1237 347 tur
1257 316 1379 355 dicere,
1402 318 1464 348 alle
1487 319 1583 349 moine
1604 319 1794 360 111-(1171117111
1815 321 1921 353 stes-ck
1942 323 1984 354 ist
2006 324 2068 354 mir
2089 323 2157 356 hin-

164 363 195 391 in
220 359 434 401 Apocalypsi.
610 376 615 388 ,ν
926 380 927 385 ,
1184 368 1383 400 weyyanyeu.

249 402 375 440 Funes.]
400 403 429 432 id
453 407 516 440 est,
540 412 617 443 pais
630 410 713 442 quae
735 401 931 433 dimetiendo
954 401 1030 433 mihi
1054 413 1131 433 eon·
1270 401 1307 432 171
1328 405 1442 441 nocte]
1466 403 1498 433 id
1520 408 1589 441 est,
1621 403 1872 437 calamitatibus.
1917 406 1992 440 Non
2015 409 2092 440 dicit
2115 410 2157 442 de

163 442 262 477 cessa
283 451 350 475 est:
374 453 465 475 wumz
488 455 560 476 mavi
583 446 688 475 inisset
699 443 806 482 acker,
827 454 864 476 so
883 444 1070 476 :euchtman
1083 446 1133 476 ein
1185 442 1328 482 libidine,
1351 445 1436 476 sicut
1458 445 1579 477 indocti
1602 449 1795 487 interpretes
1819 449 1980 481 dixerunt.
2024 452 2087 483 Sed
2110 451 2156 483 lo-

160 487 288 525 11011ηο73
310 487 391 518 oder
412 488 473 528 1091
497 488 652 528 perticas,
678 490 822 528 stanyen.
868 486 970 528 lgitur
996 486 1131 519 1111110011
1185 487 1293 527 quitur
1316 487 1357 518 de
1381 489 1509 529 magnis
1533 487 1717 528 doloribus,
1748 490 1803 531 qui
1825 493 2008 524 sentiuntur
2029 495 2061 525 in
2085 504 2156 526 001-

161 535 326 571 ponuntnr
348 529 400 560 hic
422 541 482 570 pro
505 536 608 567 sorte,
630 529 684 560 vel
706 540 765 570 pro
788 530 860 570 ipsa
894 540 929 561 re
962 531 1131 569 3111110053,
1185 530 1238 567 110,
1262 536 1294 560 01
1317 530 1349 560 10
1372 528 1456 562 locis·
1479 531 1608 569 vicinis,
1632 532 1688 563 ubi
1711 539 1763 563 est
1774 543 1956 566 concursus
1969 545 2155 568 nervorum.

160 581 220 614 per
243 571 483 613 Metonymiam.
528 572 719 603 Nominatur
742 579 848 603 autem
862 570 1014 604 Ecclesia
1033 582 1132 613 prue-
1185 571 1310 603 Alludit
1333 573 1429 603 etiam
1453 573 1493 604 ad
1518 572 1650 605 dolores
1674 574 1975 616 hypochondrinos.

160 615 256 646 clara
278 614 480 646 haereditas.-
500 614 585 650 'Quia
608 613 760 646 Ecclesia
784 621 837 646 est
858 613 996 656 pulchra
1020 625 1132 647 coram
1273 615 1427 647 Dominus
1449 615 1526 646 mihi
1547 626 1568 646 α
1590 617 1739 656 demitis]
1762 618 1794 648 id
1818 623 1880 656 est,
1908 629 1973 660 ego
1995 621 2061 652 vidi
2084 621 2153 652 Do-

161 655 248 695 Deo,
282 658 408 689 etiamsi
430 664 481 689 est
514 657 681 694 11010111115,
710 658 842 695 misera,
873 664 905 689 et
927 657 1132 698 proculcata,
1184 657 1304 689 minum
1325 664 1534 699 praesentem
1557 660 1589 689 in
1612 660 1728 692 verbo.
1750 659 1825 701 Ipse
1847 667 2009 693 sustentat
2030 673 2081 694 me
2099 675 2154 696 re-

161 700 311 731 subiecta
334 701 439 735 cruci3
463 706 571 731 tamen
594 706 646 730 est
667 698 818 740 pulchra,
842 702 997 740 speciosa
1020 711 1132 733 001301
1184 701 1340 731 tinentem
1364 702 1508 733 verbum.
1554 701 1695 734 Laetam
1717 707 1765 734 est
1785 703 1895 743 ylori'a
1918 714 2008 735 mea.-
2041 707 2075 737 z‘d
2097 711 2154 744 est,

160 741 255 779 Deo,
291 749 577 784 quantumcunque
607 743 648 772 ab
673 743 777 782 impiis
801 742 1024 774 conculcetur.
1070 743 1133 775 Ec-
1184 741 1229 773 sui
1251 741 1370 779 laetus3
1394 744 1459 775 dixi
1482 743 1580 782 laeta,
1604 745 1733 777 ostendi
1755 745 1858 777 iubilo
1870 756 1974 778 meam
1986 745 2156 780 laetitiam:

161 784 265 816 010513
287 792 340 817 est
361 784 546 816 haereditas
569 785 641 816 Filii
664 784 746 823 Dei,
783 791 815 816 et
837 796 918 823 nos,
940 787 994 827 qui
1018 796 1132 818 sumus
1184 783 1296 817 exulto
1318 785 1423 818 laetus
1446 787 1594 819 victoria.
1661 786 1773 820 Causa
1802 789 1911 829 posita
1944 796 1995 821 est
2016 801 2076 832 pro
2111 791 2156 823 es-

159 827 191 858 ln
215 826 377 867 Ecclesia,
400 838 514 860 sumus
538 827 682 859 membra
705 834 737 859 et
758 828 947 860 haereditas
968 827 1040 860 Filii
1059 828 1132 860 Dei.
1185 826 1283 859 fectu.

1268 872 1337 902 Non
1359 872 1451 903 dabis
1471 876 1617 904 sanctum
1645 877 1731 904 tuum
1760 874 1868 905 videre
1898 879 2154 916 corruptionem]

1186 912 1257 944 Hoc
1281 920 1332 944 est
1355 913 1522 955 singulare
1544 916 1575 945 in
1599 914 1745 947 Christo.
1772 915 1928 948 Homines
1952 919 2074 949 caeteri
2098 930 2154 960 pu·

1183 955 1327 994 tretium,
1349 958 1409 987 sed
1429 967 1493 988 non
1517 958 1634 989 eodem
1655 958 1753 990 modo
1775 968 1854 990 caro
1878 958 1949 990 Filii
1965 959 2039 992 Dei.
2064 960 2155 993 Chri-

1182 998 1225 1028 sti
1246 1008 1370 1039 corpus
1393 1010 1459 1031 non
1481 1001 1600 1031 sentiet
1623 999 1912 1041 putrefactionem,
1947 1013 2014 1034 non
2047 1004 2154 1035 disso-

1183 1038 1360 1078 lutionem,
1395 1043 1480 1073 sicut
1514 1042 1652 1075 aliorum
1674 1042 1840 1075 bominum
1863 1054 2015 1085 corpora.
2081 1046 2155 1079 Non

1182 1081 1291 1114 solum
1325 1094 1390 1115 non
1424 1086 1568 1116 manebit
1595 1086 1625 1116 in
1649 1092 1775 1125 morte,
1801 1087 1863 1118 sed
1886 1088 1986 1119 etiam
2008 1090 2153 1121 manebit

1181 1125 1353 1166 integrum.
1420 1127 1544 1158 Nostra
1586 1139 1728 1169 corpora
1770 1130 1904 1161 redacta
1934 1131 1967 1162 in
2006 1130 2153 1171 nihilum,

1180 1178 1297 1199 rursus
1316 1167 1514 1211 colligentur
1536 1171 1568 1201 in
1592 1169 1738 1209 Christo,
1762 1177 1795 1203 et
1813 1171 1983 1205 habebunt
2004 1184 2149 1206 resurre—

1181 1211 1335 1242 ctionem.

1265 1255 1335 1285 Non
1356 1256 1558 1295 derelinques
1578 1259 1718 1288 animam
1739 1267 1842 1289 meam
1864 1261 1897 1290 in
1914 1261 2068 1298 inferna]
2092 1259 2154 1291 Hic

1180 1301 1232 1327 est
1265 1296 1442 1337 disputatio
1476 1299 1517 1329 de
1550 1299 1717 1331 descensu
1741 1301 1787 1331 ad
1817 1299 1952 1332 inferos.
1997 1301 2154 1334 Libenter

1181 1338 1294 1370 omitto
1328 1338 1417 1371 illam
1451 1341 1720 1382 disputationem:
1757 1349 1789 1374 et
1824 1353 1897 1375 sum
1919 1343 2085 1383 hortator,
2117 1351 2154 1377 ut

1180 1391 1294 1412 omnes
1317 1381 1444 1424 fugiant
1467 1384 1706 1424 disputationes
1729 1395 1796 1417 1100
1830 1386 2058 1418 necessarias:
2092 1388 2153 1419 sed

243 1423 299 1455 Sic
321 1423 420 1464 igitur
442 1423 495 1455 hic
518 1425 609 1455 dicit:
633 1424 803 1460 Benedim,
826 1425 859 1455 id
881 1431 949 1462 est,
973 1423 1073 1456 laudo
1097 1431 1129 1456 et
1180 1423 1260 1454 illud
1285 1435 1350 1456 non
1374 1426 1499 1464 dubito,
1517 1427 1594 1468 quin
1618 1426 1773 1459 Christus
1797 1429 1977 1460 ostenderit
1999 1439 2037 1461 se
2059 1440 2151 1462 resu-

156 1464 289 1498 celebro
323 1465 441 1504 Deum,
475 1465 616 1504 affirmo,
650 1467 738 1507 quod
770 1466 864 1498 Deus
893 1467 1019 1498 dederit
1052 1468 1128 1499 mihi
1180 1467 1333 1498 scitatum
1369 1467 1522 1507 diabolis,
1557 1477 1589 1500 et
1621 1470 1799 1502 incusserit
1822 1469 1888 1502 illis
1912 1477 2084 1511 terrorem,
2118 1478 2153 1506 ut

279 1010 571 1065 Propositio
604 1010 809 1050 alterius
839 1011 1010 1065 partis.
1153 971 1159 1105 Ι

157 1508 348 1545 000511101ος
381 1509 463 1539 scivi
486 1509 689 1549 praedictum
713 1519 790 1540 esse
812 1519 863 1541 me
885 1519 1073 1550 passurum,
1096 1516 1128 1541 et
1181 1509 1328 1540 viderent
1360 1520 1398 1541 50
1431 1521 1497 1542 000
1531 1521 1635 1551 posse
1657 1522 1812 1544 exercere
1835 1512 1933 1545 talem
1967 1516 2152 1554 saevitiam,

246 1125 432 1158 Gratiarum
456 1127 541 1158 aetio
565 1132 633 1160 est,
656 1127 688 1157 in
708 1136 774 1167 qua
795 1125 893 1157 simul
915 1132 968 1158 est
989 1125 1129 1167 prophe·-

159 1169 205 1200 tia
223 1168 264 1200 de
287 1169 540 1200 resurrectione.
586 1169 621 1200 ln
644 1170 822 1210 gratiarum
846 1169 977 1200 actione
1005 1170 1129 1209 praeci-

157 1222 256 1253 puum
280 1218 342 1249 est,
365 1212 496 1253 quando
520 1212 606 1242 serio
628 1216 765 1252 pectore
788 1211 944 1242 dicimus:
977 1211 1051 1242 Hoc
1075 1212 1130 1243 be·-

157 1253 310 1285 1101101001
334 1264 353 1285 3
371 1261 402 1285 10
424 1254 548 1294 accepi.
615 1253 789 1291 Dancken,
823 1254 913 1285 venit
934 1264 956 1285 a
977 1254 1127 1293 demit-en,

156 1297 354 1327 meminisse.
384 1296 441 1327 Sic
464 1296 583 1328 Graeci
597 1297 709 1327 11100111
729 1295 797 1326 οῖδα
817 1296 916 1338 χάριν.
939 1297 1052 1338 Χάρις,
1077 1303 1129 1328 051

156 1348 177 1370 a
197 1338 290 1379 χαρά,
311 1338 345 1369 111
367 1345 430 1376 051,
454 1349 473 1370 a
496 1337 629 1377 laetitia,
652 1339 728 1380 quia
752 1339 946 1371 beneficium
974 1345 1027 1371 est
1050 1340 1128 1371 dan-

156 1381 234 1413 dum
256 1387 289 1412 et
310 1381 535 1422 accipiendum
559 1381 654 1413 hilari
677 1382 796 1414 animo.

156 1552 229 1593 ipse
251 1561 301 1581 me
324 1551 354 1582 in
377 1561 486 1592 agone
508 1553 626 1587 erexit3
650 1552 736 1583 sicut
758 1552 863 1590 scitis,
886 1552 975 1594 quod
987 1552 1126 1594 angelus
1179 1550 1308 1592 qualem
1332 1559 1504 1593 cuperent:
1528 1554 1616 1592 item,
1640 1556 1829 1587 ostenderit
1844 1566 1937 1588 suam
1961 1558 2150 1598 potentiam.

157 1592 349 1626 consolatus
372 1595 414 1625 sit
437 1603 521 1625 eum.
566 1594 691 1625 Tantus
715 1593 774 1625 suit
792 1605 892 1637 agon,
923 1602 957 1626 ut
980 1605 1046 1628 non
1070 1605 1127 1636 po-
1180 1593 1270 1625 Haec
1294 1596 1394 1627 010110
1419 1594 1566 1638 gloriose
1589 1596 1688 1635 13013,
1711 1604 1743 1630 et
1766 1599 1810 1630 ita
1833 1597 1997 1640 gloriose,
2030 1606 2066 1632 ut
2088 1606 2151 1632 tre-

155 1637 255 1668 tuerit
287 1646 324 1667 se
354 1637 489 1678 erigere¹
509 1637 582 1668 sine
611 1635 770 1678 singulari
793 1638 900 1669 modo.
966 1637 1038 1671 Nos
1060 1648 1127 1669 non
1179 1637 1318 1668 muerint
1342 1644 1373 1668 et
1395 1638 1540 1680 fugerint
1563 1639 1706 1671 Diaboli.
1775 1640 1884 1672 Credo
1914 1652 2067 1684 magnam
2093 1654 2151 1684 pu-

155 1688 333 1720 possumus
377 1679 657 1720 comprehendere
701 1680 959 1721 magnitudinem
1001 1679 1126 1712 doloris
1179 1689 1277 1720 gnam
1294 1679 1410 1712 fuisse.
1455 1681 1546 1712 Haec
1565 1684 1661 1713 etiam
1684 1682 1878 1724 placuerunt
1899 1683 2055 1723 Luthero,
2078 1696 2153 1717 cum

156 1720 290 1759 Christi,
315 1731 377 1752 nec
400 1722 562 1762 potuisset
586 1720 674 1752 ullus
696 1721 861 1754 hominum
886 1722 1034 1763 perferre
1057 1730 1126 1755 tau-
1180 1720 1442 1763 colloqueremur
1476 1725 1516 1755 de
1546 1723 1596 1754 his
1626 1726 1726 1757 rebus
1757 1726 1788 1756 in
1812 1725 2027 1759 familiaribus
2050 1727 2151 1759 collo-

157 1769 210 1795 105
233 1762 378 1795 11010105.
444 1764 619 1796 Hominum
653 1765 740 1795 vires
774 1776 840 1796 non
865 1764 1005 1797 fuissent
1027 1776 1126 1807 pares
1179 1766 1279 1805 quiis:
1303 1764 1407 1796 noluit
1429 1772 1536 1797 tamen
1560 1766 1615 1798 illa
1647 1766 1778 1808 publice
1805 1769 1932 1810 agitari.
1994 1769 2151 1813 Evange-

157 1806 370 1847 magnitudini
404 1805 566 1838 dolorum.
632 1806 830 1839 Laurentius
865 1819 930 1839 non
965 1810 1126 1849 potuisset
1179 1806 1275 1838 listae
1299 1807 1472 1840 voluerunt
1495 1810 1559 1841 ista
1583 1811 1697 1851 paucis
1721 1811 1925 1853 significare,
1961 1819 1993 1844 et
2012 1812 2150 1855 relique-

157 1846 258 1879 serre:
293 1849 353 1880 sed
375 1849 448 1880 ideo
472 1848 623 1881 Christus
645 1848 720 1887 fert,
752 1860 794 1881 ne
812 1850 1009 1882 Laurentius
1031 1850 1125 1882 ferat.
1180 1856 1254 1881 runt
1279 1852 1454 1891 cogitanda
1479 1853 1550 1892 piis.

157 1889 219 1921 Est
240 1889 389 1933 vulgaris
413 1901 550 1923 versus:
1266 1893 1362 1933 Apud
1399 1895 1522 1926 0503111
1560 1895 1610 1926 13.
1634 1896 1766 1927 dicitur:
1801 1896 1832 1928 O
1849 1907 1952 1936 mor-⁸,
1985 1908 2042 1930 ero
2063 1908 2151 1931 mors

1179 1939 1244 1972 lua,
1267 1941 1300 1966 et
1320 1934 1457 1975 inferne,
1480 1948 1534 1969 ero
1556 1940 1658 1973 vestis
1675 1943 1749 1970 tua:
1771 1939 1804 1970 id
1827 1945 1888 1978 est,
1914 1940 1999 1972 tilius
2011 1940 2073 1972 Dei
2096 1943 2150 1973 de—

1179 1984 1284 2008 struet
1306 1988 1441 2020 regnum
1465 1979 1652 2018 inferorum,
1676 1987 1707 2012 et
1729 1980 1952 2023 languesaciet
1972 1984 2149 2025 potentiam

1180 2019 1320 2052 Diaboli.
1366 2022 1488 2054 Postea
1510 2024 1542 2054 iu
1561 2029 1664 2055 totum
1687 2025 1848 2065 opprimet
1866 2026 1936 2056 eius
1959 2027 2147 2066 potentiam.

1179 2062 1396 2101 Vocabulum,
1430 2065 1561 2104 inferni,
1595 2067 1758 2107 significat
1791 2066 1902 2099 locum
1935 2074 2147 2108 mortuorum,

245 1951 283 1981 Et
300 1951 435 1982 miseros
458 1961 524 1981 rum
547 1961 603 1991 spv
625 1953 850 1993 consiliumque
867 1949 964 1993 fuyit.

241 2018 282 2050 Et
305 2019 432 2050 Seneca
456 2019 575 2060 inquit:
598 2021 705 2059 Aeyer
727 2021 851 2052 animus
876 2031 1001 2062 seraper
1022 2026 1126 2052 errm.

156 2061 224 2093 Sed
249 2060 400 2092 Psalinus
424 2062 516 2093 dicit:
557 2062 627 2093 Tibi
647 2063 747 2094 habeo
767 2065 922 2104 qratiam,
945 2065 1031 2104 quod
1052 2064 1128 2095 milii

154 2113 218 2135 non
250 2102 352 2143 defuit
386 2105 557 2135 consilium.
624 2104 683 2136 Est
716 2112 823 2138 autem
852 2105 1125 2138 consiliumillud
1178 2112 1210 2136 et
1233 2107 1406 2147 praecipue
1430 2109 1666 2140 damnatorum.
1712 2109 1821 2141 ludaei
1848 2117 2015 2150 exponunt
2045 2113 2148 2144 Iocum

155 2146 243 2178 haud
266 2147 363 2178 dubie
386 2148 521 2178 10111010
545 2147 617 2178 Dei.
684 2147 784 2189 lgitur
811 2149 968 2181 debemus
992 2160 1125 2181 manere
1149 2183 1152 2198 Ι
1176 2149 1345 2188 sepulchri.
1402 2151 1468 2182 Sed
1492 2161 1554 2192 ego
1575 2153 1675 2183 credo
1699 2152 1880 2192 significari
1910 2152 1951 2184 ali
1978 2154 2032 2185 uid
2054 2165 2147 2195 prae-

154 2189 187 2220 10
210 2191 324 2227 verbo,
348 2197 377 2220 et
404 2197 526 2230 petere,
549 2197 581 2220 111
607 2200 664 2230 pcr
688 2191 752 2222 hoc
774 2190 866 2223 Deus
889 2193 931 2223 sit
950 2191 1069 2223 efficax
1092 2193 1124 2223 in
1149 2215 1151 2232 2
1176 2198 1226 2222 ter
1248 2191 1472 2232 sepulchrum:
1495 2202 1529 2225 ut
1552 2205 1624 2226 cum
1649 2195 1778 2233 «licitur,
1801 2194 1910 2226 Lucae
1936 2196 1951 2226 1
1976 2218 1985 2226 .
2009 2197 2050 2228 de
2068 2207 2147 2238 epu-

154 2233 278 2263 nostris
301 2233 468 2264 cordibus.
525 2233 692 2267 Quaedam
715 2232 855 2266 honesta
883 2235 999 2267 mulier
1020 2245 1125 2276 nuper
1148 2234 1152 2261 l
1176 2232 1267 2265 lone:
1288 2235 1440 2267 Mortuus
1463 2241 1509 2267 est
1532 2238 1639 2275 (lires,
1674 2241 1703 2268 ei
1725 2238 1866 2276 sepultus
1889 2242 1946 2269 est.
1991 2237 2033 2270 Et
2053 2239 2145 2270 addi-

155 2275 285 2306 dicebat
317 2276 358 2306 ad
392 2286 461 2307 me:
498 2276 620 2307 Medici
647 2276 721 2306 milei
739 2278 929 2316 yffoiuitttmt
951 2279 1125 2318 lonyiorcm
1148 2267 1150 2305 i
1175 2282 1226 2308 tur
1250 2284 1383 2317 postea:
1416 2278 1450 2309 In
1472 2278 1601 2319 inferno
1624 2281 1749 2311 elevans
1772 2281 1879 2311 oculos
1901 2290 1992 2319 suos,
2014 2288 2076 2312 etc.
2100 2282 2144 2313 ibi

153 2319 265 2355 vitam,
287 2318 343 2349 sed
365 2329 422 2359 eyo
445 2320 544 2350 sentio
567 2328 654 2349 meas
677 2318 914 2351 imbecillitates.
958 2320 1051 2352 Nilzil
1067 2331 1123 2352 au-
1148 2306 1150 2359 i
1175 2326 1226 2350 est
1249 2321 1436 2352 distinctum
1461 2322 1673 2363 sepulchrum
1697 2323 1738 2353 ab
1767 2322 1905 2354 inferno.
1971 2323 2046 2355 Nou
2069 2324 2143 2356 dico

153 2364 214 2391 tem
236 2362 338 2402 mayis
359 2371 488 2402 precor,
511 2371 604 2402 quum
622 2365 656 2392 ut
683 2361 769 2393 Deus
791 2363 823 2392 iu
847 2363 942 2394 corde
961 2374 1027 2395 meo
1050 2374 1122 2395 σιγη-
1146 2364 1149 2399 j
1174 2361 1256 2393 haec
1281 2365 1499 2396 contendendi
1534 2376 1651 2397 causa:
1686 2366 1772 2396 sicut
1794 2364 1893 2405 aliqui
1921 2363 2060 2398 faciunt:
2092 2376 2144 2398 ra—

152 2408 258 2435 servet
280 2405 528 2435 comolatae'onrm
550 2404 642 2435 serbi
660 2405 719 2435 sni.
1146 2413 1147 2432 1
1174 2407 1265 2446 piunt
1290 2407 1530 2446 sermunculos,
1564 2409 1695 2439 macheu
1719 2408 1807 2438 t‘inen
1830 2409 1966 2446 lev-men,
1999 2409 2061 2440 das
2081 2410 2145 2441 viel

239 2445 307 2477 Cur
330 2447 421 2478 dicit:
449 2447 549 2478 Renes
574 2448 634 2477 mei
654 2447 894 2487 camimum-imi
912 2448 980 2479 me?
1172 2455 1287 2489 gentes
1311 2450 1434 2481 dormit
1456 2461 1492 2481 :u
1516 2451 1591 2481 rhun
1613 2451 1750 2491 ltrieyen.
1818 2451 1876 2480 Als
1899 2451 2068 2490 jetzunder
2088 2461 2142 2483 εα-

241 2488 312 2520 1100
347 2490 423 2521 dicit
447 2497 580 2531 propter
603 2490 729 2530 spinam
753 2491 860 2528 dorsi,
893 2501 978 2531 quae
999 2493 1032 2520 in
1054 2502 1120 2522 ma·
1143 2494 1146 2529 ξ
1169 2501 1229 2531 qen
1251 2492 1362 2523 ellit-hc
1385 2493 1538 2534 tropsl'en,
1564 2493 1656 2524 Bona
1679 2503 1779 2533 opera
1802 2502 1867 2523 non
1890 2493 2031 2524 retinent
2054 2494 2142 2526 dona

153 2531 228 2573 gnis
263 2529 431 2563 doloribus
466 2531 637 2573 languefit:
674 2532 776 2573 91e1‘clz
809 2533 859 2564 als
898 2544 990 2565 ‘isaim
1033 2535 1120 2565 einer
1143 2547 1146 2577 1
1171 2533 1246 2570 Dei,
1268 2536 1327 2566 sed
1350 2534 1435 2566 mala
1459 2535 1632 2567 effundunt.
1679 2534 1769 2572 Item,
1791 2541 1867 2566 sunt
1889 2536 2077 2576 perniciosa
2098 2537 2141 2568 ad

152 2574 243 2604 volte
270 2574 472 2606 zerbrechen:
509 2576 639 2616 quando
674 2575 833 2616 languefit
859 2576 962 2608 virtus
996 2577 1119 2615 cordis,
1143 2580 1146 2604 1
1172 2575 1322 2608 salutem.
1390 2577 1447 2608 Est
1472 2577 1646 2609 cavillatio.
1713 2578 1788 2608 Non
1818 2577 2004 2610 excluditur
2030 2577 2140 2611 Deus:

152 2622 220 2647 tum
243 2617 337 2657 spina
361 2618 449 2649 dorsi
473 2628 536 2648 non
557 2617 696 2658 amplius
719 2616 797 2649 facit
821 2617 980 2658 officium,
1002 2625 1034 2649 et
1056 2620 1120 2660 spi·
1144 2616 1146 2646 Ι
1172 2619 1266 2651 Βο05
1288 2621 1403 2650 retinet
1425 2621 1511 2651 ‹lona
1534 2621 1566 2651 in
1584 2620 1718 2658 sanctis,
1743 2627 1773 2651 et
1797 2620 1925 2661 quidem
1952 2621 1986 2652 in
2008 2619 2139 2659 talibus,

151 2659 238 2693 ritus>
266 2659 298 2691 in
317 2661 426 2692 nervis
457 2661 689 2702 extinguuntur
712 2667 743 2691 et
766 2660 914 2692 arefiunt,
961 2660 1041 2692 Vult
1062 2662 1120 2703 igi-
1143 2649 1147 2673 ¹
1172 2662 1227 2703 qui
1259 2672 1325 2694 non
1359 2669 1456 2694 ruunt
1485 2669 1599 2695 contra
1623 2663 1867 2695 conscientiam.
1933 2662 2029 2699 Quod
2052 2662 2138 2695 mala

1883 2722 1936 2747 47·
