2324 2958
49 175 114 210 145‘

49 271 275 303 liberationem
306 269 341 299 in
368 266 546 302 aerumnis,
581 273 664 306 quas
698 261 752 293 vei
782 263 941 293 sentimus
972 260 1025 293 vel

51 314 238 346 metuimus.
281 311 336 342 Sic
353 308 489 345 laetari,
522 312 575 339 est
596 304 676 337 illud
698 305 853 345 excipere
872 315 947 336 cum
969 305 1026 335 ba-

51 358 115 396 sio,
137 366 197 388 sen
218 351 364 386 osculari
385 351 555 383 Messinm.
599 350 724 380 Omnes
747 348 914 388 sapientes
932 345 1026 378 intel-

52 399 157 432 liount
181 403 257 430 esse
274 395 437 438 pathetice
460 394 591 425 dictum.
658 390 811 433 Cogitate
833 395 866 421 et
887 388 970 421 illud
991 389 1024 419 in

51 427 116 474 1130
136 441 286 474 imae-ine.
353 435 478 471 Osculo
501 433 742 466 transfunditur
765 433 911 474 spirituS.
978 432 1026 462 lta

51 467 222 517 Dominus&
240 481 333 515 afflat
362 477 534 521 Apostolis
556 477 706 518 spiritum
730 485 791 506 suo
814 474 940 506 habitu.
984 474 1027 504 Et

51 537 112 569 per
132 527 269 558 verbum
292 525 387 556 datur
409 522 551 564 Spiritus
574 525 712 551 sanctus
736 518 791 560 qui
814 527 877 548 nos
891 515 1026 559 copulat

53 580 127 602 cum
147 569 231 600 Deo.
719 603 728 611 Α
1004 603 1011 610 ¹

138 611 203 642 lam
236 609 335 641 facite
367 606 554 645 antithesin,
590 610 623 635 et
653 608 808 645 cogitate,
839 608 962 644 quanta
984 608 1027 633 sit

51 654 217 687 acerbitas
239 653 389 684 odiorum
410 651 443 681 in
455 648 660 689 sapientibus
673 653 704 678 et
717 647 907 686 potentibus
930 644 1026 676 huius

51 697 174 728 muudi.
219 695 351 731 Quanta
371 692 433 725 fuit
453 693 486 723 in
508 691 645 722 summis
663 689 893 721 sacerdotibus
916 688 1026 718 imma·

52 740 138 771 nitas
162 745 280 770 contra
302 735 481 773 Christum,
516 733 652 775 quando
682 732 876 763 audiverunt
898 741 940 762 ex
974 740 1026 767 eo,

53 783 142 824 quod
164 791 230 813 non
252 785 408 821 perpetua
430 779 473 809 sit
495 776 606 808 futura
627 776 774 816 ipsorum
796 772 932 814 politia?
963 772 1027 803 Co—

54 826 158 867 gitate
189 825 252 855 iam
286 824 328 854 de
357 821 492 853 summis
520 819 706 850 hominibus
729 823 843 849 nostro
866 822 1026 865 tempore,

53 874 175 909 quanta
197 867 318 903 rabies,
342 871 373 895 et
396 863 536 895 saevitia
558 863 590 892 iu
614 862 663 893 eis
682 862 741 898 sit,
771 865 887 891 contra
908 863 1027 890 venta-

53 915 128 941 tem.
152 934 154 936 ,
175 909 238 944 Qui
262 918 336 940 cum
358 905 478 938 talibus
502 911 615 947 agunt,
638 904 659 935 ii
682 903 904 944 experiuntur,
928 899 1026 942 quale

53 951 118 984 hoc
140 953 194 983 sit.
259 951 333 982 Non
357 956 408 981 est
426 959 530 990 parva
554 958 647 984 crux,
671 946 800 977 versari
822 946 906 975 inter
929 941 1026 980 tales,

53 995 108 1036 qui
129 994 244 1026 ardent
269 993 352 1024 odiis
376 999 407 1023 et
430 992 650 1022 adversantur
671 988 808 1019 veritati.

139 1037 174 1067 ln
197 1045 342 1073 sumnia,
377 1035 469 1066 Sicut
492 1035 524 1064 in
547 1033 671 1063 sanctis
695 1036 745 1062 est
767 1029 908 1067 laetitia,
942 1037 1027 1070 quae

53 1080 236 1121 acquiescit
265 1079 298 1109 in
332 1076 410 1115 filio,
445 1082 477 1107 et
499 1075 621 1116 accipit
642 1083 716 1105 eum
739 1079 893 1114 tanquam
916 1070 1026 1112 hospi-

58 1129 123 1153 tem
162 1121 401 1163 gratissimum,
442 1117 557 1150 osculo
594 1126 673 1147 vere
713 1114 934 1157 philostorgo:
970 1114 1028 1145 Sic

55 1165 240 1196 econtrario
273 1165 304 1194 in
339 1163 444 1202 impiis
479 1167 530 1192 est
557 1157 730 1190 ineffabilis
753 1159 938 1189 immanitas
962 1157 1029 1188 odii

54 1208 216 1238 adversus
250 1204 453 1241 Ecclesiam,
494 1208 526 1234 et
554 1212 618 1232 nos
653 1211 778 1232 omnes.
844 1200 886 1231 Et
918 1207 1027 1231 tamen

54 1248 148 1280 Deus
172 1253 347 1279 conservat
370 1255 464 1284 suos,
486 1246 570 1276 sicut
594 1243 763 1275 Pharisaei
775 1254 840 1274 non
853 1249 1029 1284 potuerunt

53 1292 238 1322 interficere
262 1288 408 1320 Paulum.
454 1289 578 1320 Postea
600 1298 675 1318 cum
697 1285 932 1328 complevisset
955 1296 1028 1318 cur·

53 1332 192 1366 riculum
214 1342 319 1371 suum,
337 1329 530 1363 interfectus
553 1336 606 1362 est
628 1340 648 1361 a
669 1329 811 1361 Nerone.

140 1376 296 1417 Magnum
320 1376 441 1406 bonum
465 1380 528 1412 est,
550 1379 665 1404 tenere
683 1373 930 1414 grammaticum
953 1382 1029 1403 sen-

54 1428 128 1451 sum
150 1424 387 1460 congruentem
411 1427 486 1448 cum
506 1415 662 1447 tontibus.
708 1415 784 1446 Ideo
809 1416 929 1446 debent
952 1424 1030 1446 esse

54 1461 162 1493 studia
184 1460 382 1503 linguarum,
403 1465 440 1490 ut
456 1458 566 1490 sontes
583 1458 800 1499 inquirantur,
824 1457 909 1493 Quia
920 1463 1029 1489 textus

55 1504 176 1535 debent
210 1512 287 1535 esse
321 1501 588 1533 confirmationes
617 1500 704 1531 fidei.
770 1500 910 1541 Oportet
931 1500 1031 1541 igitur

53 1544 119 1587 legi
142 1544 265 1582 sontes,
289 1550 321 1575 et
345 1544 547 1575 considerari
560 1543 755 1574 sententiam
768 1544 1031 1584 grammaticam;

54 1587 219 1623 Quantum
243 1586 440 1618 beneficium
464 1591 515 1617 est
537 1585 612 1624 Dei,
641 1586 729 1627 quod
752 1595 840 1616 nunc
862 1586 895 1616 in
918 1586 1030 1627 singu-

55 1628 96 1661 lis
130 1628 202 1661 sere
234 1629 363 1671 oppidis
386 1629 594 1670 reperiuntur
616 1627 726 1658 sontes
757 1628 936 1666 doctrinae,
964 1628 1031 1659 No-

54 1683 131 1705 vum
153 1672 399 1705 Testamentum
418 1681 586 1713 graecum,
609 1676 644 1702 et
664 1669 773 1701 Biblia
795 1670 972 1708 Hebraica,
1000 1676 1031 1701 et

54 1715 144 1757 quod
165 1715 199 1746 in
233 1713 360 1746 scholis
393 1713 620 1745 adolescentia
644 1713 818 1744 deducitur
847 1714 888 1744 ad
911 1713 1032 1751 fontes,

56 1763 88 1789 et
111 1756 305 1789 excoluntur
326 1755 512 1798 linguarum
535 1756 667 1788 studia?
695 1755 891 1796 Quanquam
914 1754 1032 1788 leviter

57 1801 148 1831 tincti
171 1809 286 1831 sumus
308 1798 365 1830 illa
386 1798 574 1840 linguarum
597 1799 799 1840 cognitione,
832 1804 942 1829 tamen
964 1809 1032 1829 ma-

57 1843 145 1874 iores
168 1843 296 1874 divitias
319 1851 398 1873 esse
414 1842 650 1880 existimemus,
673 1851 770 1883 quam
787 1841 926 1872 Fuccari
938 1851 1032 1883 opes,

57 1892 89 1917 et
111 1895 251 1929 regnum
268 1885 454 1916 Turcicum.
499 1884 629 1916 Homini
651 1885 706 1926 qui
723 1883 830 1915 Deum
854 1885 955 1919 timet,
977 1885 1032 1925 qui

57 1938 123 1960 non
145 1934 198 1960 est
220 1927 325 1966 ἄθεος,
348 1926 573 1968 blasphemus,
595 1926 809 1969 prophanus,
838 1928 956 1969 ingens
978 1927 1034 1959 hic

57 1970 232 2002 thesaurus
256 1977 318 2008 est,
336 1970 461 2007 videre,
483 1971 560 2011 quir!
583 1971 625 2001 sit
647 1971 680 2002 in
703 1968 859 2001 tontibus

143 2014 196 2045 Sic
228 2014 327 2055 igitur
359 2013 461 2054 inquit
491 2012 659 2044 Psalmus:
697 2013 892 2044 Osculamz'ni
918 2014 1030 2052 filium.

58 2055 99 2087 Et
121 2056 211 2087 addit
234 2057 274 2087 de
296 2056 413 2097 poenis
437 2057 714 2087 contemnentium
731 2054 843 2087 filium.
872 2055 947 2087 Non
971 2062 1033 2094 est,

80 2099 146 2130 uod
181 2099 346 2139 cogitetis,
383 2099 515 2139 impune
547 2107 610 2130 vos
642 2100 796 2140 persequi
819 2108 923 2140 posse
945 2098 1033 2131 bunc

58 2109 170 2179 alium,
188 2147 244 2172 aut
263 2141 349 2172 aliud
373 2139 498 2181 aliquid
518 2140 630 2173 tacere
652 2147 768 2173 contra
792 2142 878 2173 bunc
902 2142 1034 2173 concio-

56 2190 218 2221 natorem,
239 2181 404 2221 laborare,
425 2189 462 2214 ut
484 2182 633 2215 deleatur
653 2194 719 2216 vox
747 2183 930 2226 Evangelii.
997 2184 1032 2216 ln

57 2226 176 2258 Latina
207 2227 364 2258 versione
396 2226 530 2257 dicitur:
558 2228 747 2267 niver-eatis
778 2229 820 2258 de
852 2231 903 2259 ria
937 2228 1032 2260 iusta.

56 2269 148 2301 Haec
171 2267 334 2310 particule
355 2272 443 2300 iusta
464 2279 531 2300 non
555 2269 696 2301 debebat
717 2279 793 2301 esse
816 2270 937 2301 addita.
968 2270 1031 2301 Po-

55 2312 121 2344 tius
144 2313 185 2343 de
204 2310 299 2343 malis
321 2312 383 2342 tiis
406 2313 577 2353 impiorum
599 2311 736 2354 intelligi
759 2313 876 2351 debet,
906 2314 939 2344 in
963 2315 1032 2355 qui-

56 2355 119 2386 bus
141 2355 344 2396 pereundum
368 2355 415 2385 eis
438 2355 569 2385 tandem
591 2360 654 2393 est,
673 2362 711 2386 ut
722 2355 812 2386 Nero
835 2356 952 2387 eodem
974 2367 1030 2387 an-

55 2407 99 2429 no
132 2398 264 2434 interiit.
299 2408 365 2439 quo
399 2397 536 2428 Paulum
570 2396 743 2430 interfecit.
810 2398 899 2430 Dicit
922 2405 1029 2430 autem

56 2439 226 2471 Psalmus:
249 2441 289 2471 Ιιι
311 2442 402 2472 bret-i
422 2442 618 2472 exardescet
634 2441 686 2472 ira
707 2443 795 2473 er'us:
828 2442 912 2476 Quia
937 2442 1030 2473 Chri·

57 2488 129 2514 stus
162 2484 301 2514 assumit.
323 2483 498 2514 humanam
522 2489 671 2514 naturam
695 2484 726 2514 in
754 2490 900 2516 extrema
923 2491 1031 2516 aetate

55 2525 178 2563 mundi,
199 2526 232 2557 in
256 2531 372 2567 quarta
397 2525 600 2566 monarchia,
623 2527 709 2558 sicut
726 2526 889 2558 lohannes
911 2528 1029 2569 inquit:

55 2569 235 2600 ,waetseima
257 2570 338 2600 hora
360 2574 424 2602 ose:
448 2577 477 2599 et
503 2568 641 2600 Paulus:
663 2571 729 2601 Noe
749 2579 869 2609 snmus,
898 2574 931 2602 in
953 2581 1030 2610 qno-5·

54 2612 136 2649 fines
158 2614 373 2653 saeculorum,
397 2612 595 2643 dez-ererum.
626 2611 755 2643 Deinde
777 2613 909 2651 videtis,
931 2624 1028 2655 quam

213 2679 358 2698 “Eun-'sik
375 2680 447 2699 opti:
473 2681 533 2697 ¹'·*l.
551 2680 621 2700 xxm·

745 168 963 201 PosTiLLA
984 165 1385 199 MELANTHONJANA.

1991 167 2051 199 146

1077 261 1180 292 breve
1202 260 1246 291 sit
1268 258 1467 291 curriculum
1490 260 1577 291 vitae
1589 261 1856 302 uniuscuiusque.
1900 260 1971 292 Etsi
1994 262 2052 304 igi-

1078 309 1131 334 tu‘r
1162 303 1260 334 nobis
1293 303 1348 333 diu
1382 312 1458 333 esse
1480 302 1623 341 videtur?
1649 314 1722 335 cum
1745 305 1842 334 nobis
1864 305 2052 344 patiendum

1078 352 1141 383 est,
1163 351 1274 376 tamen
1297 355 1359 376 nec
1387 350 1522 376 nostrae
1551 346 1700 377 miseriae
1733 353 1828 378 erunt
1860 353 2052 388 perpetuae,

1079 398 1142 419 nec
1163 387 1306 419 hostium
1329 388 1438 419 rabies
1463 388 1624 426 diuturna,
1648 387 1736 420 Vere
1758 389 1913 421 iudicabit
1936 396 1968 420 et
1980 400 2052 430 per-

1078 431 1133 462 det
1154 430 1260 468 Deus,
1283 431 1339 472 qui
1361 440 1428 461 non
1446 429 1562 462 volunt
1584 432 1732 471 recipere
1755 431 1874 470 filium,
1909 433 1963 474 qui
1987 442 2052 463 non

1077 472 1193 505 volunt
1210 473 1336 511 audire,
1357 473 1413 514 qui
1431 479 1686 514 persequuntur.

1165 516 1318 558 Sequitur
1341 515 1525 554 conclusio,
1548 526 1633 558 quae
1656 522 1708 547 est
1736 517 1839 547 instar
1866 517 2054 559 Epiphone·

1079 559 1186 590 matis.
1231 561 1326 590 Beati
1346 568 1464 598 omnes,
1487 562 1541 598 qui
1565 560 1727 598 confidunt
1758 563 1791 590 in
1814 570 1859 591 eo.
1907 560 2054 592 Comme-

1079 601 1230 639 moravit,
1253 611 1338 642 quae
1360 601 1403 631 sit
1425 612 1580 642 persona,
1606 602 1693 643 quod
1717 599 1872 633 officium.
1919 603 1979 634 Hic
1997 603 2055 634 do-

1079 650 1130 675 cet
1155 644 1195 675 de
1218 643 1450 685 applicatione,
1474 645 1533 675 etsi
1557 655 1597 675 ea
1625 643 1737 685 aliquo
1765 645 1863 675 modo
1894 646 1989 676 etiam
2007 647 2055 676 in-

1079 685 1193 717 voluta
1216 694 1265 717 est
1291 687 1321 717 in
1346 687 1448 717 verbo
1476 688 1680 718 Oseulmnittz‘.
1747 687 1808 718 Est
1831 693 1939 719 autem
1970 688 2056 720 haec

1080 729 1232 759 doctrina
1256 728 1342 767 fidei,
1379 735 1410 759 et
1434 730 1603 771 congruit,
1635 730 1723 771 quod
1747 729 1869 761 Paulus
1894 741 1933 761 ex
1950 729 2055 762 Esaia

1079 770 1220 813 allegat:
1249 772 1365 803 Orsines
1387 777 1440 811 quc·
1462 773 1624 811 confidunt
1646 776 1679 804 in
1703 782 1748 809 eo,
1772 782 1835 804 mm
1858 775 2055 812 confunden-

1078 819 1141 845 [ην.
1209 813 1364 845 Attii-mat
1394 813 1547 846 psalmus
1582 816 1699 846 beatos
1733 813 1804 846 sore
1837 815 1999 853 homines,
2023 817 2055 847 id

1079 863 1141 894 est,
1166 856 1289 888 liberos
1313 867 1331 887 a
1354 862 1503 897 peccato,
1528 863 1645 896 morte,
1668 858 1842 899 tyrannide
1860 857 2003 896 Diaboli,
2027 859 2057 889 si

1079 899 1245 930 confidant
1269 910 1306 931 se
1329 910 1348 931 a
1372 899 1446 930 Deo
1470 901 1585 941 recipi,
1608 907 1641 931 et
1662 910 1722 942 per
1741 900 1842 932 filium
1863 900 1994 932 defendi
2017 911 2057 932 ac

1081 952 1219 973 servari.

1163 985 1271 1015 Simus
1295 984 1446 1026 discipuli
1469 986 1563 1016 istius
1587 985 1746 1019 doctoris.
1812 986 1887 1017 Non
1912 996 2057 1018 corrum-

1078 1037 1193 1068 pamus
1226 1027 1313 1058 hanc
1346 1028 1451 1065 dicta,
1490 1037 1596 1069 neque
1629 1027 1828 1070 affingamus
1863 1029 2057 1061 sententiam

1078 1069 1230 1107 alienam,
1253 1069 1478 1111 Exponamus,
1503 1072 1588 1102 sicut
1601 1072 1786 1112 proprietas
1800 1073 1976 1103 verborum
2000 1082 2057 1113 po-

1077 1111 1189 1144 stulat.
1258 1112 1430 1144 Pharisaei
1453 1120 1484 1144 et
1507 1112 1559 1144 alii
1590 1113 1784 1155 hypocritae
1807 1125 1872 1146 non
1895 1113 2056 1156 intellige-

1078 1156 1156 1186 bant
1178 1154 1264 1187 hanc
1287 1156 1482 1194 doctrinam,
1506 1156 1591 1191 Quia
1609 1163 1704 1188 erant
1722 1158 1876 1199 oppressi
1899 1157 2054 1198 imagina-

1077 1198 1222 1230 tionibus
1256 1199 1408 1230 humanis
1442 1191 1483 1230 δε
1516 1200 1638 1230 iustitia
1672 1201 1794 1238 carnis,
1823 1200 1919 1231 etde
1941 1201 2057 1231 merito

1079 1240 1281 1282 disciplinae.
1329 1241 1385 1273 Sic
1407 1241 1454 1273 illi
1477 1252 1544 1274 non
1567 1241 1812 1284 intelligebant,
1847 1243 1902 1283 qui
1925 1242 2058 1274 invoca-

1079 1285 1157 1315 bant
1190 1283 1298 1315 Deum
1333 1295 1406 1316 cum
1436 1285 1648 1316 dubitatione.
1715 1285 1781 1316 Sed
1804 1284 1986 1327 prophetae
2010 1286 2056 1317 in-

1079 1326 1253 1359 culcarunt
1275 1337 1388 1359 veram
1411 1329 1591 1359 doctrinam
1617 1329 1658 1360 de
1682 1328 1757 1366 fide,
1779 1328 1821 1359 Et
1833 1334 1950 1370 postea
1963 1327 2057 1359 Chri-

1080 1376 1152 1401 stus
1175 1377 1207 1401 et
1231 1369 1396 1412 Apostoli.
1462 1370 1505 1402 Et
1532 1371 1615 1402 haec
1645 1371 1806 1404 discenda
1835 1377 1886 1402 est
1914 1372 1947 1402 in
1971 1371 2058 1401 veris

1080 1414 1246 1445 exercitiis
1278 1414 1507 1446 invocationis.
1574 1413 1699 1446 Paulus
1734 1413 1909 1456 diligenter
1938 1419 2059 1445 tractat

1063 1456 1169 1486 ·hunc
1201 1456 1394 1495 articulum,
1428 1458 1559 1498 quoties
1593 1458 1634 1488 de
1663 1458 1781 1489 iustitia
1805 1456 1880 1488 fidei
1904 1456 2058 1497 disputat.

1081 1497 1123 1529 Et
1145 1507 1271 1530 summa
1293 1505 1345 1531 est
1369 1501 1403 1530 in
1425 1499 1489 1531 hac
1517 1501 1679 1531 sententia
1709 1500 1970 1540 comprehensa:
2004 1498 2058 1530 Iu-

1081 1543 1211 1579 ste'ficati
1236 1543 1301 1581 fide
1331 1552 1443 1582 pacem
1471 1544 1631 1574 [labemus.
1697 1542 1733 1574 ld
1757 1549 1818 1579 est,
1839 1547 1971 1583 oportet
1994 1541 2060 1573 fide

1083 1585 1222 1626 agnosci
1245 1585 1341 1616 istum
1360 1585 1549 1624 Dominum,
1582 1591 1614 1617 et
1633 1585 1698 1616 fide
1721 1586 1833 1622 statui,
1868 1584 1957 1625 quod
1979 1594 2059 1617 vere

1082 1627 1180 1657 nobis
1214 1627 1374 1658 beneficia
1397 1627 1452 1659 illa
1475 1629 1578 1670 gratis
1603 1626 1764 1666 exhibeat,
1798 1627 1839 1658 R.
1862 1627 1900 1659 P.
1923 1628 2058 1668 imputa-

1084 1670 1204 1700 tionem
1216 1670 1369 1708 iustitiae,
1393 1670 1708 1708 reconciliationem,
1733 1670 1889 1712 Spiritum
1907 1676 2059 1702 Sanctum

1083 1718 1115 1742 et
1137 1712 1238 1743 vitam
1261 1718 1438 1744 aeternam.
1472 1713 1566 1745 Huec
1587 1719 1664 1745 sunt
1687 1713 1850 1745 beneficia
1872 1711 2059 1755 Evangelii,

1083 1761 1115 1785 et
1149 1754 1234 1786 haec
1270 1756 1343 1787 sine
1365 1757 1569 1788 dubitatione
1597 1757 1639 1787 ab
1675 1766 1715 1787 eo
1738 1757 1880 1797 petenda
1903 1761 1936 1787 et
1964 1765 2060 1797 expe·

1084 1798 1203 1828 ctanda
1226 1803 1312 1829 sunt.

1170 1840 1324 1882 Apostoli
1346 1847 1423 1873 sunt
1445 1840 1670 1873 illustratores
1691 1840 1936 1883 prophetarum.
1982 1841 2060 1873 ldeo

1085 1892 1151 1914 vox
1185 1882 1379 1924 Apostolica
1419 1885 1515 1916 debet
1549 1894 1626 1916 esse
1661 1883 1770 1916 lumen
1805 1884 2059 1926 prophetiarum.

1083 1928 1154 1958 Non
1172 1931 1308 1967 propter
1329 1937 1438 1967 opera,
1456 1929 1515 1959 secl
1532 1929 1605 1967 fide,
1628 1927 1731 1969 inquit
1754 1926 1888 1966 Paulus,
1912 1928 2060 1966 iustifica-

1085 1979 1167 2000 nmr.
1213 1969 1253 2000 Et
1276 1970 1367 2001 addit
1388 1969 1583 2011 particulam
1603 1975 1721 2010 ,qr-alix,
1751 1976 1784 2001 ez
1806 1969 1876 2002 vult
1899 1980 1961 2001 nos
1986 1980 2059 2001 cum

1086 2012 1206 2043 fiducia
1239 2014 1400 2044 accedere
1433 2014 1600 2045 audacter.
1667 2014 1723 2045 Sic
1756 2013 1858 2054 inquit
1892 2012 2060 2054 Baptista:

1090 2056 1151 2092 Qut·
1170 2056 1276 2087 credit
1295 2059 1329 2087 in
1349 2058 1459 2097 filium,
1478 2058 1574 2088 habet
1594 2060 1688 2088 rilam
1712 2061 1886 2088 aeternam.
1942 2055 1991 2086 lta
2015 2056 2060 2087 ri-

1086 2099 1170 2129 detis
1193 2108 1270 2129 esse
1292 2099 1500 2140 perspicuam
1524 2105 1556 2130 et
1578 2097 1708 2140 planam
1720 2099 1914 2130 concionem
1928 2096 2059 2129 Psalmi.

1085 2141 1315 2183 Principaliter
1337 2147 1389 2173 est
1412 2142 1619 2173 confirmatio
1643 2142 1683 2172 de
1706 2141 1757 2173 his
1785 2140 1949 2172 articulis:
1979 2140 2060 2175 Quis

1085 2185 1127 2215 sit
1150 2183 1306 2222 Messias,
1329 2190 1361 2215 et
1383 2185 1472 2226 quod
1496 2184 1640 2216 officium
1665 2185 1837 2222 sustineat,
1861 2183 1901 2214 Et
1926 2193 2061 2224 quomo-

1085 2227 1126 2257 do
1140 2227 1299 2259 beneficia
1323 2229 1394 2259 eius
1417 2229 1628 2269 accipiamus.
1653 2226 1775 2258 Postea
1798 2226 2060 2264 adhortationes,

1085 2269 1439 2309 commonefactiones,
1475 2269 1740 2307 consolatione&
1781 2269 2061 2307 comminationes,

1083 2319 1262 2355 praecepta
1273 2319 1349 2345 sunt
1362 2314 1572 2355 interspersa.
1598 2314 1733 2348 Quoties
1742 2313 1825 2343 enim
1839 2312 1987 2343 doctrina
1996 2317 2060 2343 tra-

1084 2357 1180 2394 ditur,
1195 2358 1315 2388 debent
1326 2357 1458 2388 misceri
1477 2363 1596 2394 motus,
1611 2355 1651 2386 Et
1664 2356 1705 2386 ad
1716 2362 1897 2386 extremum
1909 2355 2061 2386 doctrina

1082 2399 1283 2431 traducenda
1307 2406 1357 2430 est
1369 2400 1410 2430 ad
1422 2399 1568 2431 timorem
1582 2405 1611 2429 et
1625 2398 1731 2429 fidem.
1755 2398 1807 2429 Ad
1821 2398 1967 2429 timorem
1987 2407 2061 2438 per-

1084 2442 1181 2481 tinet,
1204 2443 1294 2484 quod
1316 2443 1457 2474 minatur
1479 2442 1558 2473 illis.
1578 2441 1710 2481 quinon
1734 2446 1882 2472 amanter
1893 2440 2061 2482 excipiunt

1082 2484 1169 2515 hunc
1202 2484 1387 2516 Dominum.
1455 2485 1508 2515 Ad
1539 2484 1653 2521 fidem,
1689 2484 1775 2524 quod
1812 2481 2005 2515 consolatur
2028 2488 2059 2514 et

1082 2528 1189 2559 omnia
1212 2529 1300 2559 bona
1322 2528 1478 2569 promittit
1500 2526 1563 2565 his,
1586 2526 1638 2567 qui
1663 2527 1829 2567 excipiunt
1851 2535 1936 2558 eum.

1168 2571 1259 2602 Haec
1281 2581 1357 2609 vox,
1383 2571 1478 2602 Beati
1497 2579 1604 2601 amnes
1627 2570 1682 2608 φη·
1697 2570 1859 2608 confidunt
1880 2572 1912 2600 in
1936 2578 1983 2605 eo,
2005 2568 2059 2598 de-

1082 2615 1134 2645 bet
1159 2614 1191 2644 in
1215 2615 1311 2645 nobis
1336 2612 1476 2655 singulis
1501 2613 1647 2643 excitare
1669 2611 1778 2649 fidem,
1809 2612 1839 2643 id
1865 2617 1926 2649 est,
1948 2611 2056 2641 tradu-

1861 2673 1889 2694 10
