2324 2958
102 190 167 224 409

104 285 206 326 longa
231 280 466 314 declaratione.
511 278 653 318 Videtis,
676 288 773 320 quam
804 278 897 310 multi
926 279 1006 311 fiant
1027 289 1083 312 ne·

106 325 270 370 gligentes
303 323 382 361 otio,
416 331 515 364 quam
537 321 630 353 multi
653 320 808 353 deficiant
836 332 941 363 pravo
972 323 1082 354 studio

105 369 273 406 avaritiae,
304 365 494 403 ambitione,
528 365 707 406 cupiditate
740 364 974 406 acquirendae,
1008 365 1083 396 reti-

106 412 247 448 nendae,
279 414 313 441 et
334 408 510 450 augendae
532 408 701 449 potentiae
722 417 816 445 suae,
849 406 1083 449 aemulatione,

106 453 306 498 appetitione
327 450 502 489 honorum,
525 449 741 493 voluptatum,
765 450 883 492 quibus
908 461 987 482 caro
1011 460 1082 481 cor-

107 502 202 539 rupta
223 493 418 527 delectatur.

185 537 437 569 ’Meminerimus
471 542 581 567 autem
614 535 666 567 his
690 536 837 578 extingui
871 545 985 567 semen
1009 535 1083 574 Dei,

106 589 140 615 et
162 581 233 613 eiici
256 580 388 621 pietatis
411 579 513 618 initia,
537 588 623 620 quae
645 584 741 610 antea
764 579 797 610 in
820 579 936 609 animis
963 589 1083 610 accen-

104 635 145 657 sa
165 628 272 661 erant,
295 629 326 654 et
350 628 437 654 metu
460 623 543 653 tanti
565 620 717 663 periculi,
739 620 947 653 ambulemus
960 632 1026 653 non
1049 627 1084 652 ut

104 666 196 704 fatui,
219 665 280 697 sed
302 671 339 696 ut
360 665 554 707 prudentes.
599 664 634 695 ln
659 662 770 696 multis
793 663 878 696 aulis
903 664 1084 696 suffocatur

103 709 240 741 verbum
272 707 348 746 Dei,
382 709 492 739 studio
515 707 657 749 augendi
680 708 817 748 imperii.
885 708 953 739 Sed
981 706 1083 738 multo

102 751 210 793 magis
232 757 370 793 propter
392 760 490 783 curas
509 751 694 782 mundanas
717 751 749 781 in
762 749 870 782 multis
889 751 986 782 etiam
1010 749 1084 781 aliis

102 794 285 827 suffocatur
318 794 472 826 verbum.
507 799 544 825 ut
577 794 764 834 experimur
797 794 936 835 primam
971 803 1085 825 curam

103 836 320 879 plurimorum
353 846 432 868 esse
467 837 509 867 de
540 847 579 868 re
601 834 765 874 familiari,
788 844 820 868 et
844 837 886 868 de
909 836 1085 878 dignitate:

103 881 228 913 Postea
262 880 358 921 quasi
391 880 539 921 πάρεργον
573 880 621 911 eis
644 885 696 910 est
717 878 847 921 religio.
913 878 1011 910 Unde
1034 883 1086 910 est

102 923 241 955 verbum
263 922 440 954 suffocari?
484 922 564 953 ltem
587 921 812 964 strangulari?
843 921 997 953 Suffocor
1018 931 1086 952 me·

103 967 158 998 dia
179 965 294 1007 longa,
329 972 381 997 est
415 976 435 996 a
464 966 526 996 sub
551 970 584 996 et
606 964 697 1002 saux,
721 966 817 1006 quasi
840 965 944 1003 dicas,
968 963 1084 996 fauces

103 1009 272 1050 supprimi.
319 1007 548 1050 ‘strangulari
571 1014 622 1039 est
644 1006 698 1039 vel
720 1018 741 1039 a
762 1008 967 1049 stringendo,
989 1005 1043 1038 vel
1066 1017 1087 1038 a

104 1051 237 1084 Graeco
260 1052 409 1092 στράγγα),
432 1062 506 1083 cum
529 1062 595 1092 quo
618 1051 772 1092 congruit
794 1057 826 1082 et
850 1050 1086 1082 Germanicum

103 1100 254 1126 nostrum
295 1095 394 1137 ἴασπις.
464 1093 647 1135 Utrumque
684 1094 822 1125 verbum
864 1093 1019 1125 suffocari
1054 1098 1086 1124 et

104 1136 307 1179 stranguiari
331 1137 497 1179 significat
521 1137 648 1174 etsticfen,
673 1136 832 1178 etmtitgen.

191 1180 337 1216 Quartus
350 1181 479 1212 demum
492 1179 616 1222 gradus
640 1185 691 1209 est
703 1189 829 1218 eorum,
853 1180 908 1221 qui
926 1179 959 1210 in
983 1178 1086 1210 corde

104 1222 245 1255 honesto
270 1223 317 1259 (id
341 1230 404 1261 est,
429 1224 535 1263 probe
558 1220 717 1257 emollito,
741 1228 772 1253 et
797 1223 956 1264 purgato)
981 1227 1013 1253 et
1025 1222 1084 1253 bo-

103 1276 159 1304 no,
191 1265 225 1297 id
258 1271 322 1304 est,
357 1267 493 1297 timente
526 1265 635 1296 Deum
669 1269 701 1296 et
724 1264 877 1296 fiduciam
900 1266 933 1295 in
956 1274 996 1296 eo
1019 1275 1085 1296 uno

102 1307 291 1340 collocante
314 1309 455 1342 retinent
480 1309 617 1339 verbum
640 1306 794 1346 finaliter,
819 1314 851 1339 et
871 1306 1015 1339 fructum
1038 1306 1085 1338 af-

101 1350 211 1383 ferunt
235 1361 309 1383 cum
332 1352 498 1391 patientia.
528 1351 684 1382 Nominat
706 1349 860 1381 Christus
883 1351 1085 1391 patientiam,

102 1393 189 1429 Quia
212 1394 245 1424 in
268 1394 433 1425 aerumnis
456 1394 553 1425 huius
577 1394 682 1430 vitae,
718 1394 751 1423 in
773 1394 1019 1434 persecutione,
1054 1394 1086 1424 in

103 1435 273 1478 periculis,
310 1436 482 1467 retinenda
505 1442 557 1467 est
581 1434 762 1474 confessio,
796 1441 827 1466 et
851 1436 1031 1474 invocatio,
1055 1441 1088 1467 et

103 1484 238 1510 caetera
271 1477 363 1510 fidei⁴
382 1479 550 1516 exercitia,
587 1488 662 1510 cum
697 1478 839 1520 quadam
872 1478 1026 1510 firmitate
1055 1484 1087 1510 et

103 1519 296 1554 fortitudine
322 1521 420 1552 animi
443 1528 473 1552 et
497 1519 682 1552 tolerantia.
712 1520 748 1551 ln
771 1519 941 1552 Matthaeo
965 1521 1087 1553 discer-

101 1570 226 1595 nuntur
249 1564 372 1594 diversi
395 1563 535 1595 fructus
603 1562 669 1594 Alii
699 1562 823 1595 faciunt
847 1562 989 1595 fructum
1013 1574 1088 1595 cen-

101 1604 240 1647 tuplum,
263 1604 318 1637 alii
341 1604 612 1647 sexagecuplum‚
636 1605 691 1637 alii
713 1606 944 1648 trigecuplum.
971 1606 1007 1638 ld
1031 1616 1088 1649 ge-

102 1647 261 1681 neraliter
283 1647 457 1690 intelligite
487 1649 528 1680 de
558 1649 654 1680 donis
678 1648 885 1691 singulorum
908 1657 941 1681 et
965 1650 1007 1681 de
1030 1650 1088 1681 mi-

102 1691 260 1723 nisteriis.
306 1690 372 1722 Alii
396 1689 564 1723 excellunt
586 1690 660 1722 aliis
684 1691 798 1724 donis:
822 1692 864 1723 Et
887 1693 919 1723 in
946 1692 1087 1734 singulis

103 1734 336 1766 vocationibus
360 1733 414 1765 alii
438 1733 513 1775 plus
537 1733 690 1765 laborant
713 1733 796 1766 aliis.
828 1734 949 1776 loseph
974 1736 1088 1777 copio-

103 1777 226 1809 siorem
249 1775 393 1808 fructum
414 1776 501 1815 tulit,
526 1787 624 1818 quam
648 1775 765 1818 reliqui
788 1777 922 1817 fratres,
947 1778 1012 1810 hoc
1025 1784 1088 1818 est,

103 1826 137 1852 et
155 1820 252 1851 donis
276 1817 443 1858 excelluit,
465 1826 496 1851 et
519 1819 632 1861 plures
645 1821 819 1852 convertit.
867 1820 993 1853 Paulus
1016 1821 1088 1862 plu-

104 1863 197 1894 ribus
220 1862 437 1903 praedicavit,
460 1873 557 1904 quam
580 1861 699 1904 aliquis
722 1862 818 1895 alius.

192 1905 347 1937 Christus
369 1906 441 1946 ipse
465 1904 619 1936 Iohannis
636 1905 686 1936 15.
710 1907 922 1948 praecipuum
946 1905 1089 1939 fructum

105 1957 184 1980 esse
218 1949 275 1986 ait,
310 1947 469 1979 Confiteri
492 1954 525 1979 et
548 1949 687 1980 docere:
723 1949 780 1981 Sic
815 1955 908 1990 pater
931 1949 1088 1981 coelestis

105 1990 363 2035 glorificabitur,
385 1991 504 2031 inquit,
533 1991 562 2022 si
585 1991 676 2023 eritis
698 1993 762 2024 mei
785 1992 957 2034 discipuli,
979 1999 1011 2024 et
1033 2003 1088 2025 co-

106 2035 237 2076 piosum
259 2032 403 2065 fructum
427 2033 553 2071 seretis,
576 2034 609 2065 id
622 2041 684 2072 est,
706 2036 936 2077 propogabitis
961 2042 992 2067 et
1011 2047 1089 2068 con-

106 2077 284 2109 servabitis
324 2075 553 2118 Evangelium.
619 2076 693 2109 Hoc
727 2079 1016 2111 accommodemus
1045 2080 1088 2111 ad

106 2125 258 2153 nostram
280 2120 503 2157 vocationem,
531 2120 565 2151 id
588 2125 651 2158 est,
682 2121 724 2151 ad
748 2130 854 2163 genus
877 2123 965 2154 vitae
988 2121 1087 2154 scho-

106 2161 272 2201 lasticum,
297 2163 386 2205 quod
410 2173 476 2194 non
496 2163 655 2194 debemus
677 2164 821 2196 abiicere
851 2171 987 2206 propter
1010 2176 1088 2198 con-

106 2211 275 2247 temptum,
305 2211 363 2237 aut
386 2206 462 2237 odia
480 2202 590 2237 muti-li
604 2229 613 2244 ,
647 2212 703 2237 aut
725 2206 940 2240 difficultates
963 2214 1088 2251 tempo-

106 2259 188 2280 rum.
237 2248 285 2280 Su
309 2248 466 2280 fortassis
489 2249 534 2279 ita
557 2249 702 2291 cogitasc
736 2249 824 2286 Quid
847 2252 924 2283 mihi
947 2258 1088 2292 prosunt

105 2301 180 2324 mea
203 2291 333 2324 studia?
377 2291 446 2323 Cur
469 2292 595 2323 discam
618 2292 651 2323 in
674 2292 1011 2328 tantistumultibus?

194 2334 241 2368 (ξΰ
264 2335 363 2374 flubirt
386 2334 436 2375 sid)
461 2345 491 2375 31¹
515 2336 592 2373 mabl
620 2337 697 2372 nbet,
734 2343 817 2369 menn
852 2341 884 2368 ce
914 2338 940 2373 io
983 2339 1087 2378 feteam

107 2378 222 2419 ,ageret
239 2379 268 2410 in
290 2379 339 2410 bet
363 2378 448 2412 Qssctt.
474 2378 599 2409 Omnes
623 2378 778 2410 discimus
801 2378 988 2422 languidius
1012 2392 1086 2414 cum

107 2421 293 2460 experimur
314 2427 426 2452 tantas
449 2422 582 2459 turbas,
617 2427 724 2452 tantas
748 2421 971 2455 confusiones.
1018 2424 1086 2456 Sed

108 2461 266 2495 debemus
298 2473 485 2506 repugnare
518 2465 593 2496 huic
632 2463 846 2497 imbecillitati
884 2467 1085 2505 animorum3

107 2503 183 2555 Non
205 2505 363 2538 debemus
385 2513 563 2548 propterea
585 2508 730 2539 abiicere
751 2508 866 2540 studia.
913 2509 1085 2542 Debemus

107 2556 207 2586 selre,
235 2558 276 2580 ea
297 2551 489 2581 necessaria
517 2560 594 2582 esse
616 2556 752 2591 propter
781 2550 920 2593 gloriam
944 2552 1018 2592 Dei,
1052 2560 1084 2585 et

107 2596 244 2631 propter
266 2590 461 2628 Ecclesiam,
485 2603 571 2635 quae
593 2603 725 2634 semper
747 2601 798 2625 est
820 2604 987 2628 mansura.
1016 2595 1084 2628 De-

107 2633 223 2666 bemus
256 2640 414 2674 statuere,
449 2637 539 2678 quod
570 2642 684 2668 noster
707 2635 804 2669 labor
827 2638 870 2669 sit
887 2638 1082 2681 profuturus

787 184 1004 218 POSTILLA
1026 183 1427 217 MELANTHONIANA.

1135 2597 1199 2627 rito
1232 2596 1322 2628 datet
1354 2605 1529 2626 venenum.

2047 184 2113 218 410

1135 279 1245 317 nobiS,
1267 284 1301 309 et
1323 276 1396 309 aliis
1419 275 1546 309 multis:
1576 277 1719 310 Primum
1742 278 1841 310 nobis
1869 278 1912 309 ad
1934 278 2036 309 vitam
2057 288 2112 310 ae-

1135 328 1275 359 ternam,
1309 326 1342 352 et
1374 321 1408 351 in
1442 320 1682 362 gubernatione
1705 321 1793 352 vitae
1816 326 1972 352 nostrae:
1994 321 2114 353 deinde

1136 363 1228 403 aliis,
1260 370 1296 395 ut
1329 363 1537 394 adducantur
1570 373 1630 404 per
1660 373 1723 393 nos
1745 364 1788 395 ad
1811 364 2015 406 agnitionem
2035 362 2113 403 Dei,

1136 413 1169 439 et
1190 408 1344 438 iuventur
1366 416 1386 437 a
1408 406 1505 436 nobis
1529 406 1562 436 in
1585 407 1652 437 vita
1675 408 1849 438 communi.
1915 406 2012 438 Hanc
2035 417 2115 439 con—

1135 448 1330 482 solationem
1352 449 1508 490 proponit
1520 449 1617 480 nobis
1630 447 1768 479 Paulus:
1791 449 1888 481 labor
1910 455 2025 480 vester
2046 459 2115 481 non

1135 493 1196 525 erit
1218 494 1326 524 inanis
1344 492 1377 523 in
1400 491 1555 523 Domino.
1602 491 1689 522 Dicit
1713 492 1746 521 in
1769 491 1924 531 Domino,
1957 497 1993 524 ut
2014 492 2115 535 signi-

1135 535 1225 574 ficet,
1247 535 1354 567 Deum
1376 533 1499 572 facere,
1521 544 1564 565 ne
1586 532 1683 565 labor
1704 539 1821 565 noster
1844 536 1885 566 sit
1907 536 2030 566 irritus.
2064 534 2117 568 Tu

1136 579 1235 620 igitur
1269 579 1393 616 discas,
1426 583 1459 609 et
1492 587 1608 618 speres
1644 577 1752 608 studia
1775 583 1830 608 tua
1852 578 2027 618 profutura
2046 588 2116 609 non

1137 621 1247 653 solum
1270 622 1340 659 tibi,
1363 621 1423 652 sed
1448 620 1545 652 etiam
1567 618 1651 650 aliis.
1697 619 1862 651 Differunt
1885 620 2016 661 quidem
2039 631 2117 653 suc-

1137 674 1257 696 cessus
1279 663 1446 700 laborum,
1468 673 1554 694 unus
1577 662 1684 694 altero
1707 663 1811 694 servit
1824 661 1965 700 felicius,
1988 662 2116 695 utilius:

1136 706 1228 738 Elias
1263 712 1293 739 et
1327 706 1481 737 Elisaeus
1515 705 1592 747 plus
1626 703 1762 743 faciunt,
1796 716 1892 747 quam
1918 705 2037 746 aliquis
2059 715 2117 737 no-

1137 756 1253 781 strum.
1298 749 1357 781 llla
1380 749 1474 780 Deus
1499 749 1671 789 dispensat
1692 758 1753 789 pro
1777 757 1839 780 suo
1862 749 2010 781 arbitrio.
2044 748 2117 780 Hoc

1137 798 1248 824 tamen
1271 791 1503 824 universaliter
1526 792 1614 823 scire
1637 791 1808 829 debemus,
1833 791 1939 823 Deum
1952 792 2117 833 guberna-

1137 841 1247 867 turum
1270 845 1346 867 esse
1368 841 1503 866 nostros
1525 833 1673 873 labores,
1695 840 1731 866 ut.
1754 835 1820 865 sint
1842 832 2015 866 fructiferi:
2046 834 2119 866 sive

1137 884 1235 910 ruant
1257 884 1360 917 astra,
1383 884 1416 909 et
1438 876 1495 909 illa
1518 876 1602 909 coeli
1626 887 1753 909 summa
1777 875 1922 918 fastigia,
1946 878 2018 909 sive
2030 883 2120 908 totus

1138 921 1230 952 orbis
1254 927 1418 954 terrarum
1452 919 1623 959 solvatur,
1656 926 1765 951 tamen
1789 931 1854 951 non
1878 921 2038 952 debemus
2061 920 2119 951 ab·

1137 964 1239 995 iicere
1260 965 1379 995 studia.
1447 963 1657 1005 Cogitemus,
1686 962 1794 994 Deum
1817 962 1904 994 velle
1927 962 2065 1005 agnosci
2087 966 2122 994 et

1137 1007 1288 1038 invocari
1310 1008 1403 1039 iuxta.
1424 1008 1609 1038 doctrinam
1631 1017 1652 1037 a
1675 1015 1713 1037 sc
1736 1006 1899 1044 traditam,
1921 1005 1962 1037 Et
1976 1005 2121 1037 adhunc

1138 1049 1236 1081 finem
1258 1049 1432 1081 referenda
1455 1059 1532 1081 esse
1555 1054 1671 1080 nostra
1694 1049 1814 1080 studia.
1860 1048 1954 1080 Hanc
1979 1048 2041 1080 Dei
2063 1058 2120 1079 vo-

1137 1091 1294 1124 luntatem
1317 1094 1511 1131 intueamur,
1536 1098 1567 1123 et
1592 1093 1759 1123 discamus
1781 1097 1919 1132 propter
1930 1092 2121 1123 mandatum

1138 1136 1224 1167 eius:
1248 1135 1290 1166 Et
1311 1136 1505 1167 studeamus
1529 1134 1657 1177 gloriae
1679 1135 1743 1166 Dci
1766 1136 1892 1166 servire
1915 1135 2013 1166 etiam
2036 1135 2121 1165 inter

1138 1177 1234 1210 alios.
1280 1178 1328 1210 lta
1352 1179 1485 1217 erimus,
1508 1185 1543 1210 ut
1566 1179 1691 1219 primus
1715 1176 1868 1209 Psalmus
1899 1178 2020 1219 inquit,
2049 1182 2120 1208 tan-

1139 1232 1237 1264 quam
1260 1222 1362 1253 arbor
1383 1219 1531 1263 plantata
1554 1222 1597 1252 ad
1621 1221 1711 1251 rivos
1736 1231 1906 1262 aquarum,
1929 1219 2041 1251 serens
2054 1218 2121 1250 sru-

1140 1271 1228 1296 ctum
1251 1274 1347 1296 Suum
1370 1265 1403 1296 in
1426 1270 1585 1306 tempore,
1611 1269 1645 1295 et
1667 1262 1781 1295 folium
1805 1264 1876 1295 eius
1899 1273 1965 1295 non
1979 1262 2119 1294 decidet.

1141 1307 1186 1339 (ἑὸ
1208 1309 1245 1340 sol
1269 1308 1342 1348 uidit
1365 1308 1408 1340 ein
1433 1308 1535 1340 biania
1558 1307 1763 1339 rmbiommcn.
1831 1306 1892 1337 Est
1920 1306 2063 1347 pulchra
2085 1304 2122 1335 fi-

1140 1361 1235 1392 gura,
1259 1356 1391 1391 sumpta
1414 1352 1456 1382 ab
1480 1351 1669 1388 arboribus,
1692 1349 1777 1384 Quia
1802 1347 1873 1380 vult
1896 1359 1958 1380 nos
1983 1349 2023 1379 de
2045 1357 2121 1389 pro-

1139 1394 1284 1424 videntia
1308 1393 1372 1424 Dei
1396 1393 1696 1430 commonefacere,
1708 1392 1922 1433 inspicientes
1937 1397 2121 1429 creaturas,

1141 1445 1224 1477 quas
1247 1437 1345 1467 nobis
1369 1436 1542 1477 proposuit
1565 1437 1599 1466 in
1620 1445 1729 1465 rerum
1753 1441 1882 1466 natura.
1926 1433 1968 1465 Et
1981 1433 2122 1475 figuram

1141 1477 1296 1510 Psalmus
1318 1479 1391 1519 ipse
1413 1477 1571 1519 explicat:
1608 1477 1776 1519 Quidquid
1799 1476 1910 1515 faciet,
1943 1486 2121 1518 prospera-

1140 1522 1238 1553 bitur.

1227 1563 1396 1595 Hactenus
1419 1564 1460 1594 de
1483 1562 1649 1601 Ecclesia,
1672 1563 1750 1604 quid
1772 1563 1826 1601 sit,
1851 1568 1884 1594 et
1929 1570 2017 1593 uanr
2026 1561 2122 1592 dissi-

1140 1605 1230 1638 milia
1252 1608 1399 1637 membra
1417 1605 1549 1637 habeat.
1617 1605 1698 1637 Item
1733 1606 1774 1637 de
1809 1615 1913 1636 conso
1929 1605 2050 1643 atione,
2080 1613 2123 1636 ne

1140 1648 1238 1723 fralgti
1261 1648 1422 1680 scandalo
1446 1647 1662 1681 multitudinis
1686 1649 1908 1690 pereuntium,
1931 1647 2123 1680 deficiamu-

1141 1703 1160 1723 a
1217 1702 1267 1723 eo.

1227 1734 1357 1765 Addam
1370 1744 1477 1775 pauca
1500 1734 1542 1765 de
1554 1733 1852 1775 Anabaptistarum
1875 1743 2004 1765 errore:
2028 1731 2123 1764 Post-

1141 1787 1181 1809 ea
1204 1777 1244 1808 de
1269 1778 1369 1815 dicto,
1392 1783 1426 1808 ut
1448 1777 1621 1808 audientes
1643 1787 1712 1808 non
1735 1777 1888 1808 audiant:
1924 1776 1966 1807 Et
1989 1775 2123 1808 habenti

1141 1820 1281 1852 dabitur.

1228 1862 1513 1894 Monasterienses
1539 1862 1790 1903 «Anabaptistae
1828 1861 1986 1894 volebant
2025 1860 2125 1893 talem

1140 1905 1330 1937 Ecclesiam
1353 1916 1441 1944 esse,
1464 1907 1497 1937 in
1521 1916 1586 1947 qua
1610 1916 1725 1937 omnes
1749 1911 1862 1937 essent
1884 1904 2033 1936 similiter
2062 1904 2122 1945 pii:

1141 1948 1212 1980 Etsi
1236 1959 1334 1990 quam
1356 1950 1419 1991 ipsi
1442 1950 1596 1990 pietatem
1614 1950 1793 1987 vocabant,
1815 1947 1914 1990 plane
1937 1947 2030 1979 furor
2052 1951 2124 1978 erat

1141 1990 1349 2024 Diabolicus.
1418 1992 1569 2033 Optimus
1614 1993 1666 2023 vir
1710 1991 1921 2023 llermannus
1956 1989 2122 2022 Buschius

1141 2035 1246 2066 Poeta
1270 2035 1431 2067 acerrime
1444 2045 1482 2067 se
1495 2036 1537 2067 ibi
1563 2036 1718 2076 opposuit
1743 2033 1907 2072 fanaticis,
1930 2034 1961 2065 in
1982 2043 2122 2075 quorum

1141 2084 1254 2110 castra
1294 2080 1469 2110 transierat
1512 2079 1610 2110 etiam
1645 2077 1862 2109 Bernhardus
1902 2077 2122 2114 Rotmannus,

1141 2132 1238 2163 quem
1261 2127 1359 2153 antea
1381 2122 1522 2153 maxime
1545 2120 1714 2153 dilexerat.
1760 2121 1839 2152 Erat
1868 2121 1952 2152 enim
1975 2119 2120 2161 ingenio-

1141 2175 1201 2196 sus
1235 2171 1268 2196 et
1302 2163 1475 2204 facundus,
1510 2171 1542 2197 et
1577 2165 1706 2206 quidem
1742 2163 1912 2205 eleganter
1946 2160 2121 2200 facundus,

1141 2209 1236 2246 bene,
1257 2209 1533 2246 concionabatur,
1558 2213 1590 2239 et
1613 2208 1703 2238 initio
1726 2214 1817 2239 recte
1848 2207 1990 2238 docebat
2011 2205 2120 2237 Evan-

1140 2250 1262 2293 gelium
1285 2252 1317 2282 in
1341 2252 1423 2282 urbe
1447 2250 1715 2282 monasteriensi.

1226 2294 1294 2325 Sed
1318 2295 1425 2325 dicam
1448 2295 1557 2332 vobis,
1581 2295 1748 2336 quomodo
1760 2293 1965 2324 Rotmannus
1987 2292 2051 2323 iste
2073 2290 2119 2322 in-

1141 2337 1256 2368 ciderit
1278 2338 1311 2368 in
1335 2337 1490 2379 contagio
1513 2337 1774 2378 Anabaptistica.
1832 2335 1904 2366 fuit
1926 2333 2120 2366 Monasterii

1140 2381 1273 2421 quidam
1306 2381 1415 2412 bonus
1450 2387 1483 2411 ct
1504 2381 1680 2411 modestus
1703 2379 1814 2416 homo,
1837 2379 1891 2419 qui
1915 2383 1987 2409 erat
2008 2378 2120 2409 scriba

1139 2424 1294 2455 Senatus.
1340 2423 1372 2454 Is
1395 2421 1532 2455 multum
1555 2423 1678 2454 adiuvit
1706 2422 1979 2463 propagationem
2009 2420 2118 2451 Evan-

1139 2465 1215 2508 gelii
1239 2468 1271 2498 in
1294 2476 1335 2498 ea
1356 2467 1450 2498 urbe.
1518 2466 1583 2497 Sed
1618 2465 1764 2495 habebat
1786 2464 1961 2506 coniugem
1984 2464 2117 2495 mirabi-

1137 2509 1215 2547 lem,
1251 2510 1344 2541 cuius
1377 2519 1492 2540 amore
1525 2509 1732 2539 Rotmannus
1768 2507 1878 2549 coepit
1900 2507 2059 2545 insanire,
2084 2511 2118 2537 et

1137 2551 1313 2584 consessus
1335 2562 1480 2584 amorem
1503 2552 1624 2583 adiuvit
1650 2549 1789 2582 consilia
1811 2548 1969 2588 mulieris,
1991 2555 2027 2581 ut
2047 2559 2115 2582 ma-

1595 2593 1671 2629 Quo
1704 2594 1833 2625 mbrtuo
1866 2592 2008 2625 Rotman
2042 2601 2115 2624 eam

1136 2639 1238 2671 duxit.
1305 2638 1405 2670 Venit
1433 2643 1611 2679 propterea
1633 2637 1667 2669 in
1689 2637 1801 2670 odium
1821 2636 1910 2679 apud
1932 2634 2114 2668 Buschium
