2324 2958
94 180 160 213 925

156 276 290 326 Quam
332 276 385 315 ob
418 289 580 315 causam
621 273 728 314 faeta
766 278 830 313 est
859 272 1022 313 visibilis

504 351 672 393 missio?

181 441 226 473 Ut
249 442 414 479 sciamus,
449 441 520 472 ¹sine
553 440 622 473 ulla
651 440 866 478 dubitatione,
900 437 1074 470 Ecclesiae

96 486 173 517 dari‘
189 485 344 525 Spiritum
373 490 533 515 sanctum.
590 483 762 520 Secundo,
795 488 829 513 ut
858 482 901 513 sit
927 482 1073 513 testimo-

95 528 196 567 nium,
220 527 308 568 quod
332 527 475 568 Spiritus
498 532 636 560 sanctus
659 526 701 557 sit
723 525 934 566 ὑφισιᾰμεινος.

94 691 264 733 Essetne
311 690 479 746 Spiritus
526 696 687 730 sanetus
734 689 931 743 quiddam
978 689 1073 730 sub-

216 769 369 818 sistens,
401 768 433 807 si
465 773 572 807 esset
601 773 736 807 motus
768 765 954 807 creatus?

182 867 281 904 Non3
325 867 402 908 quia
434 866 601 897 Accidens
642 877 710 897 non
743 870 969 907 potestesse
1003 866 1075 896 sine

95 911 259 942 subiecto.
330 908 522 941 Idololatria
562 908 620 940 illa
659 911 690 940 in
724 909 920 940 adoratione
966 909 1075 949 paniS,

95 953 229 995 quando
254 952 383 990 dicitur,
417 952 506 994 quod
540 952 584 983 ibi
607 953 671 983 sint
695 953 879 984 accidentia
902 952 975 983 sine
998 951 1074 983 sub-

94 996 200 1034 tecto,
232 1001 285 1027 est
307 995 515 1027 mendacium
544 993 712 1027 horribile.
769 995 805 1026 Si
835 994 975 1036 Spiritus
999 1004 1076 1025 san-

95 1045 171 1070 ctus
211 1043 302 1070 esset
336 1044 447 1069 motus
483 1044 640 1076 creatus,
684 1048 752 1069 non
790 1043 881 1069 esset
921 1038 1076 1079 quiddam

95 1082 281 1113 seiunctum
303 1091 323 1112 a
347 1082 448 1112 corde
477 1080 639 1113 hominis:
675 1081 752 1122 quia
785 1090 882 1112 omne
910 1081 1076 1112 Accidens

95 1130 149 1155 est
170 1124 204 1154 in
227 1124 391 1156 subiecto.
437 1122 497 1155 llla
516 1124 632 1155 missio
656 1130 707 1154 est
729 1123 964 1161 testimonium,
987 1123 1077 1164 quod

95 1166 238 1207 Spiritus
261 1172 400 1198 sanctus
427 1167 471 1198 sit
502 1166 718 1207 ὑφιστάμενος,
752 1167 908 1198 distincta
930 1174 1078 1207 persona

93 1219 115 1241 a
136 1209 237 1241 Patre
259 1216 292 1241 et
315 1209 409 1240 Filio.

180 1251 207 1282 F
209 1251 284 1283 ilius
313 1250 404 1283 clare
432 1251 528 1283 dicit:
572 1253 697 1283 Mittam
725 1252 883 1291 Spiritum
916 1255 1077 1290 sanctum,-

97 1300 135 1326 ut
163 1294 346 1336 distinguat
378 1304 399 1325 a
421 1304 459 1325 se
492 1293 625 1325 Patrem
659 1300 691 1325 et
725 1295 881 1335 Spiritum
915 1299 1077 1326 sanctum.

93 1337 237 1378 Spiritus
261 1342 314 1368 est
335 1337 478 1380 agitator
512 1342 545 1368 et
579 1342 632 1368 est
663 1336 805 1376 laetitia,
836 1338 897 1369 sed
920 1339 1076 1369 substan-

93 1379 183 1412 tialis
216 1379 359 1417 laetitia;
391 1385 445 1419 ut,
477 1378 581 1412 Filius
616 1385 669 1411 est
709 1380 814 1420 λόγος,
852 1381 915 1412 sed
952 1380 1077 1422 ὑφιστά-

92 1434 181 1462 μενος
203 1422 296 1463 λόγος.

141 1586 371 1629 Gradus
412 1587 703 1628 hominum
746 1588 802 1629 in
845 1589 1034 1644 prima

444 1663 731 1705 Ecclesia.

181 1762 442 1806 Distinguuntur
474 1762 530 1794 hic
560 1768 628 1795 tres
659 1763 863 1796 differentiae
896 1764 1079 1797 hominum:

95 1805 218 1844 ludaei,
241 1805 408 1847 Proselyti
431 1812 463 1838 et
485 1805 656 1849 Religiosi.
692 1807 803 1846 Urias,
825 1809 961 1839 maritus
978 1807 1079 1839 Bath-

96 1850 213 1887 sebae,
238 1854 309 1880 erat
331 1848 533 1891 proselytus.
590 1849 672 1880 Erat
700 1861 857 1892 magnum
884 1850 1079 1883 scandalum

46 1910 59 1918 ι’
95 1893 182 1924 inter
204 1891 395 1931 Idumaeos,
418 1892 489 1923 fieri
517 1891 740 1935 proselytum3
769 1900 878 1925 tamen
906 1893 998 1925 multi
1022 1894 1080 1925 fie-

96 1937 176 1967 bant
199 1933 379 1976 prosel5ti,
413 1941 448 1966 ut
471 1944 511 1965 eo
534 1934 730 1976 placabilius
754 1937 904 1969 viverent
926 1937 1011 1968 inter
1029 1937 1079 1968 lu-

96 1979 213 2010 daeos.
274 1978 341 2008 Viri
365 1976 512 2019 religiosi
545 1978 802 2011 innumerabiles
832 1979 966 2011 suerunt
994 1981 1079 2012 inter

97 2027 227 2064 gentes.
282 2020 376 2052 Deus
410 2021 484 2052 ideo
519 2022 642 2062 sparsit
675 2022 814 2054 ludaeos
839 2024 924 2054 inter
947 2029 1078 2064 gentes,

96 2070 132 2096 ut
153 2064 204 2096 sic
228 2069 518 2100 converterentur3
541 2069 574 2094 et
597 2065 674 2105 quia
695 2065 788 2097 multi
810 2065 921 2098 ludaei
945 2067 1079 2098 suerunt

96 2107 181 2139 inter
216 2107 420 2145 Germanos,
449 2107 551 2138 eredo
581 2106 703 2139 multos
737 2119 778 2140 ex
812 2110 992 2141 maioribus
1021 2119 1079 2140 no-

97 2150 176 2181 stris
207 2159 391 2182 conversos
425 2159 522 2187 esse,
557 2150 656 2181 etiam
689 2157 766 2183 ante
799 2153 1077 2193 praedicationem

96 2192 281 2234 Evangelii.
338 2192 435 2228 Quod
468 2191 589 2224 suerint
619 2192 822 2225 Ratisbonae
855 2195 965 2226 ludaei
999 2196 1079 2227 anti-

97 2236 265 2277 quissimis
299 2236 523 2276 temporibuS,
557 2236 627 2266 eius
660 2237 708 2267 rei
741 2237 950 2270 inveniuntur
983 2239 1078 2270 testi-

96 2279 207 2310 monia
239 2288 305 2309 non
335 2279 489 2310 obscura.
550 2278 733 2310 Ratisbona
765 2279 824 2311 suit
858 2279 989 2313 colonia
1022 2282 1076 2313 de-

97 2321 196 2353 ducta
218 2321 339 2352 Tiberii
362 2327 521 2363 tempore.
566 2321 665 2352 Dicta
693 2321 754 2352 suit
775 2323 917 2361 Auqnsta
942 2326 1075 2356 Tiberia.

95 2364 169 2406 Ego
192 2364 301 2396 habeo
324 2364 412 2396 hanc
434 2365 633 2405 opinionem,
657 2365 746 2405 quod
768 2364 860 2396 multi
883 2376 923 2397 ex
936 2366 1076 2406 ludaeis,

97 2407 152 2448 qui
170 2407 304 2438 abducti
327 2414 421 2438 crant
445 2418 485 2439 ex
508 2408 622 2439 decem
647 2408 797 2439 tribubus
821 2409 853 2439 in
872 2408 1076 2450 Colchicam,

96 2450 174 2481 inde
208 2450 421 2481 transiverint
462 2461 536 2482 cum
561 2450 736 2481 Germanis
778 2451 809 2481 in
843 2451 930 2484 hane
964 2463 1077 2486 oram:

97 2493 175 2534 quia
197 2502 281 2534 gens
305 2492 470 2524 Germana
492 2493 553 2524 fuit
580 2494 628 2525 eis
652 2494 831 2534 acceptior,
852 2505 949 2536 quam
971 2495 1077 2535 aliae3

97 2540 131 2567 et
154 2543 207 2567 est
228 2545 359 2577 semper
378 2534 476 2567 valde
499 2535 632 2568 laudata
654 2542 790 2578 propter
806 2536 1075 2579 hospitalitatem,

96 2583 133 2652 Bt
167 2583 219 2628 est
252 2579 340 2619 apud
369 2578 537 2618 Tacitum,
570 2579 626 2622 qui
658 2580 739 2611 vixit
772 2581 834 2612 sub
869 2579 1010 2615 Traiano
1044 2589 1077 2615 et

132 2621 298 2653 omniane.

775 173 991 208 POSTILLA
1023 172 1423 206 MELANTHONIANA.

2040 171 2108 203 926

1212 265 1388 297 CorneHus
1428 275 1586 306 expresse
1619 267 1774 297 scribitur
1815 265 1920 297 fuisse
1954 276 2039 298 unus
2063 275 2106 297 ex

1124 308 1304 349 religiosis,
1327 309 1402 339 ideo
1427 309 1559 345 dicitur,
1593 309 1681 348 quod
1705 307 1848 339 Cornelii
1877 309 1981 340 oratio
2006 319 2106 340 exau-

1126 352 1194 382 dita
1217 351 1271 389 sit,
1296 357 1330 381 et
1353 349 1584 391 eleemosynae
1608 352 1679 382 eius
1702 351 1885 392 placuerint
1909 350 1995 382 Deo.
2029 351 2106 382 Non
2155 381 2158 385 ,

1127 393 1187 425 suit
1208 403 1290 434 ergo
1314 394 1385 424 sine
1409 393 1474 423 fide
1492 394 1523 423 in
1548 392 1730 424 Christum:
1755 395 1831 435 quia
1855 394 1925 425 sine
1950 394 2014 425 fide
2037 403 2105 425 non

1125 436 1259 477 placent
1282 435 1383 476 opera
1401 435 1486 466 Deo-
1521 434 1697 466 Cornelius
1717 435 1775 467 suit
1799 435 1905 467 tidelis
1928 442 2004 467 ante
2028 436 2104 467 visi·

1126 478 1224 511 bilem
1247 478 1437 509 missionem
1461 477 1602 518 Spiritus
1626 480 1749 509 sancti:
1784 478 1841 509 suit
1867 478 2012 519 εὐλαβής,
2048 479 2105 510 ha·

1126 523 1194 553 buit
1215 521 1323 562 legem
1357 518 1536 557 moralem,
1568 526 1601 550 et
1632 522 1882 560 promissionem
1907 522 1947 552 de
1970 522 2104 553 Messia.

1126 564 1222 595 Unde
1246 564 1399 594 sciebant
1432 563 1486 593 isti
1520 563 1771 603 promissionem
1805 565 1846 594 de
1874 564 1998 595 Messia
2031 574 2105 605 per-

1125 608 1230 638 tinere
1263 607 1305 638 ad
1335 606 1475 647 gentes?
1531 604 1616 639 Quia
1650 606 1800 637 sciebant
1828 607 1861 636 in
1886 608 2105 646 promissione

1126 651 1168 681 ad
1181 648 1349 682 Abraham
1372 648 1450 679 dici:
1474 649 1511 679 In
1534 649 1657 679 semine
1675 653 1727 679 tuo
1749 650 1974 680 benedt-'centur
1996 659 2106 681 onmes

1122 697 1254 732 yentes:
1286 694 1354 723 Das
1376 692 1439 723 solt
1468 692 1520 722 Iler
1542 693 1700 722 merch-en.

1211 735 1375 776 Tempore
1398 734 1616 764 Pentecostcs
1646 732 1773 774 plurimi
1807 740 1967 765 venerunt
1990 734 2105 765 Hiero-

1126 778 1306 820 solymam:
1327 777 1403 818 quia
1427 782 1605 817 potuerunt
1626 777 1786 817 navigare
1810 786 1849 807 eo
1873 788 1913 808 ex
1938 775 2041 815 ltalia,
2064 787 2106 808 ex

1126 820 1237 852 littore
1270 820 1438 856 Asiatico,
1479 829 1520 850 ex
1555 818 1752 860 Cyrenaico.
1809 819 1935 850 Romae
1969 819 2106 851 multum

1127 863 1323 895 ludaeorum
1345 861 1406 893 fuit
1428 868 1564 903 propter
1591 862 1769 902 imperium.
1820 861 1869 893 llli
1899 862 2025 900 ludaei,
2053 863 2108 904 qui

1127 912 1221 938 erant
1243 907 1275 937 in
1297 905 1490 947 provinciis,
1527 904 1827 945 proficiscebantur
1860 905 1891 935 in
1916 906 2011 936 festis
2035 905 2109 937 Hie-

1127 949 1341 991 rosolymam,
1363 954 1396 980 et
1419 947 1559 978 maxime
1581 948 1615 978 in
1628 946 1840 986 Pentecoste,
1862 954 1998 989 propter
2021 958 2108 980 com-

1127 993 1257 1024 modam
1282 991 1539 1033 nuvigationem.
1585 989 1647 1020 Est
1675 990 1760 1021 enim
1788 996 1866 1022 tunc
1895 992 2001 1021 minus
2030 996 2109 1022 tem-

1128 1040 1305 1076 pestatum,
1341 1043 1438 1075 quam
1461 1033 1552 1064 initio
1575 1033 1676 1070 veris,
1710 1032 1765 1064 vel
1788 1034 1820 1064 in
1843 1039 2016 1065 autumno:
2040 1033 2109 1065 Du-

1129 1078 1249 1108 cebant
1282 1087 1397 1107 secum
1437 1075 1523 1107 alios
1564 1081 1702 1107 sanctos
1736 1082 1886 1107 amantes
1928 1077 2109 1115 doctrinae,

1128 1121 1184 1161 qui
1212 1120 1370 1151 videbant
1404 1117 1547 1159 collegia
1579 1117 1898 1160 Hierosolymitana3
1932 1120 2111 1150 audiebant

1130 1164 1299 1200 doctores9
1319 1167 1355 1192 ut
1376 1161 1486 1192 adhuc
1505 1162 1581 1192 boni
1602 1162 1735 1201 cupiunt
1753 1163 1865 1193 videre
1878 1161 1962 1193 tales
1982 1168 2108 1193 coetus.

1128 1204 1171 1236 Et
1205 1206 1283 1246 quid
1317 1210 1368 1235 est
1401 1203 1550 1242 duleiuS,
1586 1214 1683 1245 quam
1729 1205 1883 1236 conferre
1928 1216 2002 1236 cum
2037 1204 2110 1236 aliis

1130 1249 1171 1279 de
1206 1247 1379 1279 doctrina?
1435 1246 1566 1278 Utinam
1600 1257 1688 1278 nunc
1722 1247 1768 1278 ita
1801 1248 1908 1279 esset!
1955 1248 2019 1279 Sed
2044 1247 2111 1279 tale

1128 1301 1292 1322 venenum
1314 1291 1378 1320 iam
1412 1295 1465 1320 est
1496 1290 1581 1320 inter
1602 1288 1813 1331 Theologos,
1848 1297 1883 1321 ut
1906 1300 1971 1321 non
1991 1291 2112 1322 audeat

1128 1332 1214 1365 alter
1236 1332 1331 1364 alteri
1356 1333 1600 1364 communicare
1622 1331 1764 1373 aliquidz
1799 1333 1917 1364 Omnia
1939 1334 2111 1374 rapiuntur

1128 1377 1162 1407 in
1185 1375 1398 1408 calumniam:
1420 1375 1467 1407 Es
1485 1377 1551 1406 lam
1568 1376 1683 1407 Reiner
1698 1376 1756 1407 mit
1771 1377 1840 1407 clem
1856 1378 1982 1408 andern
2000 1378 2111 1408 reden.

1129 1419 1194 1454 Qui
1217 1423 1395 1451 exerceant
1417 1423 1449 1449 et
1470 1417 1675 1449 inflamment
1696 1419 1760 1449 ista
1782 1419 1875 1457 odia,
1904 1425 2019 1451 notum
2048 1425 2111 1451 est.

1129 1464 1205 1494 Mau
1226 1463 1345 1494 sieleets
1367 1462 1449 1493 undt
1468 1462 1632 1501 erfelzrecs
1654 1463 1725 1493 alzu
1746 1464 1814 1494 ποῖ.

1217 1505 1301 1537 Cum
1329 1505 1430 1547 igitur
1462 1504 1679 1536 convenisset
1714 1505 1833 1546 ingens
1863 1504 2036 1537 multitudo
2070 1515 2112 1537 ex

1131 1549 1272 1580 diversis
1293 1548 1458 1590 gentibus,
1481 1546 1604 1586 ludaei,
1626 1546 1788 1590 proselyti
1808 1554 1840 1579 et
1863 1548 1924 1580 viri
1947 1548 2111 1590 religiosi;

1130 1591 1236 1623 voluit
1268 1591 1362 1623 Deus
1401 1590 1579 1622 ostendere
1618 1591 1807 1622 testimonia
1841 1591 1882 1622 de
1914 1590 2110 1634 Evangelio.

1131 1633 1225 1666 Talia
1258 1634 1446 1666 testimonia
1479 1632 1612 1665 fuerunt
1645 1634 1766 1666 donum
1800 1633 2001 1676 linguarum,
2034 1635 2110 1666 visi-

1131 1676 1206 1709 bilis
1239 1678 1353 1709 missio
1388 1677 1530 1718 Spiritus
1569 1677 1695 1716 sancti,
1734 1678 1863 1708 sanatio
1906 1677 2111 1717 claudorum,

1131 1721 1288 1752 excitatio
1308 1726 1522 1752 mortuorum.
1568 1719 1664 1758 Item,
1694 1721 1784 1762 quod
1807 1721 1925 1753 Petrus
1948 1721 2112 1753 Ananiam

1131 1763 1295 1795 interfecit
1317 1765 1433 1795 verbo.
1479 1763 1606 1794 Horum
1629 1763 1739 1805 aliqua
1768 1770 1951 1806 conspecta
1979 1763 2112 1796 fuerunt

1131 1808 1229 1839 etiam
1259 1807 1364 1847 primo
1397 1805 1455 1837 illo
1490 1807 1542 1837 die
1565 1806 1799 1846 Pentecostcs‚
1834 1818 1900 1849 quo
1933 1814 2010 1839 sunt
2033 1819 2112 1840 eon-

1131 1851 1221 1882 versi
1243 1850 1330 1881 3000
1363 1849 1541 1881 hominum.
1598 1849 1718 1881 Cetera
1751 1851 1965 1892 sequentibus
1988 1858 2113 1893 tempo-

1131 1894 1223 1925 ribus
1246 1893 1352 1934 magis
1375 1893 1550 1934 magisque
1573 1890 1663 1924 sacta
1686 1898 1772 1924 sunt.

1219 1935 1338 1967 Petrus
1367 1936 1401 1966 in
1429 1936 1592 1966 concione
1625 1946 1687 1967 sua
1721 1937 1801 1967 citat
1823 1935 2044 1978 Scripturam,
2077 1944 2113 1970 ut

1132 1980 1263 2018 doceat,
1291 1977 1389 2020 quale
1413 1979 1457 2009 sit
1489 1977 1635 2010 futurum
1669 1990 1806 2021 regnum
1839 1979 1980 2016 Clu-ism
2015 1981 2112 2022 quasi

1132 2024 1234 2054 dicat:
1269 2031 1331 2054 vos
1364 2021 1477 2053 Iudaei
1506 2022 1628 2062 putatis
1661 2022 1818 2053 Messian]
1852 2022 2037 2055 habiturum
2063 2034 2113 2056 re-

1131 2076 1231 2108 gnum
1264 2064 1446 2107 politicum,
1481 2065 1523 2095 sit
1559 2065 1741 2105 partiturus
1776 2067 1872 2097 vobis
1907 2067 2110 2107 provincias,

1131 2119 1225 2151 opes,
1249 2119 1377 2146 aurum,
1407 2108 1583 2149 potentiam
1604 2107 1826 2140 Ethnicorum.
1871 2108 2013 2145 Erratis;
2044 2109 2112 2141 tale

1131 2153 1191 2183 erit
1215 2162 1353 2194 regnum
1375 2150 1533 2189 Messiae,
1568 2151 1640 2192 ipse
1663 2153 1821 2190 surrexit,
1845 2158 1876 2183 et
1900 2151 2025 2193 colligit
2048 2153 2111 2184 Ec-

1130 2194 1265 2227 clesiam
1288 2205 1348 2236 per
1370 2204 1452 2232 nos,
1485 2200 1516 2224 et
1540 2194 1595 2224 dat
1620 2193 1776 2234 Spiritum
1801 2201 1963 2234 sanctum,
1997 2201 2032 2226 ut
2055 2195 2110 2228 hic

1131 2239 1269 2269 dicitur:
1310 2240 1385 2278 lpse
1422 2239 1597 2275 exaltatus,
1638 2240 1730 2268 ηιιΉὶΙ
1765 2239 1921 2277 Sln'rz'lum
1955 2243 2110 2270 sanctum.

1129 2281 1171 2313 Et
1193 2286 1302 2319 antea,
1324 2281 1422 2312 Stans
1447 2285 1525 2320 post
1550 2283 1831 2319 resurrectionem,
1861 2283 1988 2321 afflaric
2007 2282 2110 2321 Spiri-

1128 2329 1194 2356 tum
1216 2329 1362 2356 sanctum
1384 2325 1549 2364 Aposlole's.
1595 2322 1688 2353 Haec
1717 2329 1903 2363 congruunt
1932 2334 2004 2354 cum
2028 2325 2110 2355 vati-

1128 2368 1223 2399 ciniis
1245 2367 1490 2408 prophetarum.
1535 2366 1707 2404 Effitmlam
1736 2376 1834 2406 super
1854 2367 1978 2398 (Ionium
2002 2366 2113 2399 David

1128 2410 1283 2451 Spiritum
1313 2414 1442 2449 manae
1475 2412 1506 2440 et
1534 2418 1678 2448 precum.
1735 2408 1832 2446 ltem,
1866 2410 2041 2448 Effundam
2069 2411 2109 2442 de

1128 2454 1253 2495 Spiritu
1271 2463 1348 2484 meo.

1216 2495 1299 2527 Cum
1329 2494 1447 2536 inquit:
1480 2493 1535 2525 De
1567 2503 1655 2532 me0‚·
1687 2493 1853 2536 significat
1887 2495 2108 2526 consubstan-

1128 2538 1239 2571 tialem
1262 2539 1430 2579 Spiritum,
1457 2537 1534 2578 quia
1557 2536 1589 2566 in
1613 2535 1686 2568 Deo
1712 2536 1790 2568 nihil
1813 2542 1883 2575 est,
1917 2538 2007 2579 quod
2040 2548 2108 2569 non

1129 2583 1173 2613 sit
1191 2581 1358 2621 ἑμοούσιον.
1411 2579 1477 2611 lam
1500 2579 1660 2621 cogitate,
1693 2578 1790 2621 quale
1813 2581 1934 2612 donum
1957 2579 2022 2612 hoc
2042 2581 2109 2613 sit?

1130 2625 1209 2668 quid
1231 2629 1342 2666 potest
1363 2622 1420 2654 tibi
1443 2621 1538 2654 Deus
1561 2623 1666 2654 maius
1689 2623 1771 2654 dare
1793 2633 1891 2665 quam
1919 2633 1957 2655 se
1979 2623 2108 2665 ipsum?
