2324 2958
36 184 100 217 565
712 178 928 213 POSTILLA
955 175 1350 210 MELANTHOMANA.
1965 180 2028 212 566

36 280 155 311 siores.
209 276 312 308 Erant
341 272 448 315 palam
476 271 658 314 Epicuraei.
714 270 878 303 Dicebant
899 281 1006 313 neque
1056 270 1226 300 humiliasti
1247 279 1308 304 me,
1331 273 1365 299 ut
1388 269 1534 299 discerem
1556 272 1790 310 iustificationes
1812 277 1890 303 tuas.
1936 273 2027 312 Item,

37 326 163 354 restare
185 324 301 361 postea
323 318 441 354 vitam,
467 324 572 356 neque
595 313 721 345 animas
750 324 826 345 esse
849 314 1006 355 supersti-
1057 312 1225 352 Postquam
1248 312 1414 342 ostendisti
1436 312 1518 347 milti,
1537 317 1680 352 percussi
1698 316 1797 353 femur
1819 326 1925 345 meum:
1968 317 2025 346 Ca.

38 371 90 396 tes
112 361 324 404 corporibuS,
346 359 509 390 hominem
530 358 613 388 mori
635 357 720 388 sicut
741 357 914 398 pecudem:
939 367 1005 388 non

37 405 192 440 levebant
245 401 417 443 rophetas:
451 400 588 432 Tantum
617 398 774 430 volebant
800 399 931 430 Moisen
961 398 1005 430 le-

61 431 135 486 gre,
157 447 221 479 abo
236 446 354 483 ebant,
378 449 532 486 quantum
554 442 586 473 in
608 442 689 483 ipsis
711 447 801 480 erat,
824 442 1006 473 doctrinam

38 459 291 531 §rophetarum
324 487 380 528 qui
414 486 576 518 debebant
609 494 685 516 esse
721 489 824 516 testes
856 485 898 516 de
927 494 1004 516 ven-

38 541 111 566 turo
132 530 265 564 Messia.

122 573 210 606 Talis
233 578 303 603 erat
325 577 432 603 status
462 571 545 602 inter
568 567 643 601 illos
665 567 811 601 furores:
842 575 873 600 et
896 575 1005 600 tamen

37 623 106 650 erm
127 616 237 657 aliqua
260 614 428 646 Ecclesia:
452 619 545 644 erant
567 618 722 653 parentes
745 611 882 650 Mariae,
900 611 1006 643 Maria

35 661 122 702 ipsa,
150 656 339 695 Elisabeth,
369 655 566 693 Zacharias,
594 655 743 693 Simeon,
773 662 802 686 et
835 654 925 686 multi
948 655 1006 685 ho-

35 713 106 735 rum
135 701 314 732 auditores.
371 699 450 730 Erat
481 697 600 739 aliquis
629 704 760 735 coetus,
793 696 904 738 aliqua
929 707 1006 729 con-

34 744 199 787 gregatio:
233 743 309 785 quia
340 742 433 773 Deus
467 750 597 781 semi-er
630 747 743 771 servat
775 739 903 781 aliquas
933 738 1006 770 reli-

57 787 144 819 uias:
178 787 238 818 sed
267 785 403 825 exiguas
426 793 506 824 prae
529 782 654 824 reliqua
676 782 897 821 multitudine,
920 782 1006 814 sicut

64 830 152 862 saias
182 829 276 860 dicit:
305 827 378 857 Nisi
406 826 558 856 Dominus
587 826 759 865 reliquisset
787 825 876 855 uobis
897 835 1004 858 semen,

34 874 114 902 sicut
135 871 273 901 Sodoma
291 871 374 908 sinoti
396 879 534 899 essemus.

119 914 166 946 Ita
188 924 276 945 nunc
298 913 395 945 etiam
424 911 473 943 fit:
519 911 603 943 Sunt
630 912 768 953 exiguae
791 909 948 952 reliquiae
971 911 1004 940 in

34 967 156 1000 genere
178 956 338 994 humano,
368 965 451 996 quae
481 960 572 986 recte
594 954 749 985 invocant
772 953 890 985 Deum.
935 952 1003 984 Ma-

32 1001 119 1031 xima
143 1008 220 1041 pars
242 998 372 1040 gent-:ris
395 997 526 1029 humani
545 1003 596 1028 est
612 995 719 1038 palam
736 997 849 1037 impia:
874 995 1004 1031 Quanta

33 1042 206 1074 multitudo
229 1047 280 1073 est
301 1040 532 1077 Mahometica,
555 1046 676 1081 quanta
698 1038 868 1070 multitudo
888 1044 940 1069 est
958 1038 1003 1068 in-

34 1091 86 1117 ter
108 1095 180 1123 eos,
204 1084 258 1125 qui
282 1084 434 1115 dicuntur
457 1081 646 1120 Christiani,
669 1083 722 1123 qui
745 1082 904 1113 acerrime
926 1091 1002 1121 pro-

35 1133 181 1170 pugnant
204 1125 440 1158 idololatriam:
463 1132 579 1166 postea
600 1125 684 1155 inter
706 1134 783 1161 eOS,
812 1124 868 1166 qui
891 1124 1002 1155 dicun-

35 1177 88 1202 tur
114 1167 322 1210 Evangelici‚
358 1169 412 1209 qui
439 1167 607 1209 segregati
635 1172 712 1198 sunt
738 1176 759 1197 a
785 1166 1001 1208 persecutori-

36 1214 113 1245 bus:
137 1212 291 1244 dimicant
312 1212 396 1241 inter
411 1219 448 1241 se
466 1208 672 1242 horribiliter,
691 1209 916 1241 distrahuntur
934 1209 1001 1250 opi-

33 1255 201 1291 nionibus,
243 1253 329 1284 unde
370 1253 515 1284 existunt
555 1252 786 1284 distractiones
826 1252 858 1283 in
892 1251 1001 1284 multis

31 1297 106 1329 aliis
128 1297 238 1328 rebus.

117 1339 289 1370 Adversus
307 1338 392 1369 haec
409 1348 527 1380 magna
545 1335 706 1369 scandala
722 1347 908 1379 pugnemus
930 1348 1003 1379 pre-

32 1383 177 1415 catione:
202 1380 282 1412 nihil
304 1381 388 1412 enim
411 1379 499 1412 aliud
520 1390 708 1420 possumus.
754 1379 843 1411 Talis
867 1379 925 1412 suit
946 1379 1002 1412 illa

31 1433 144 1462 aetas,
171 1430 206 1454 ut
227 1433 292 1454 non
316 1424 476 1454 immerito
499 1423 605 1453 Maria
628 1432 746 1453 nomen
770 1424 937 1464 acceperit
959 1424 1001 1454 ab

32 1467 247 1499 amaritudine
281 1466 421 1497 dierum:
454 1470 485 1496 et
515 1465 637 1496 credite
666 1465 762 1503 mihi,
796 1466 869 1506 ipsa
892 1472 923 1496 et
946 1476 1002 1507 pa-

31 1515 143 1542 rentes
166 1509 235 1540 eius
259 1509 341 1540 bene
364 1513 556 1539 senserunt:
578 1506 731 1539 Ecclesia
750 1517 881 1549 semper
903 1509 1001 1540 sentit

31 1551 115 1583 tales
138 1551 304 1582 miserias:
327 1549 393 1582 Alii
416 1551 502 1591 impii
525 1560 592 1581 non
616 1556 745 1587 curant,
763 1551 817 1591 qui
836 1550 1002 1582 delectan-

30 1601 82 1625 tur
98 1592 155 1624 illo
175 1591 346 1634 Symbolo,
369 1592 454 1623 οὐδὲν
470 1592 596 1631 πάσχεις
613 1592 701 1623 κακὸν
723 1590 759 1623 ἂν
779 1593 820 1632 μή
843 1595 1002 1636 προςποιῇ,

29 1634 110 1668 nihil
132 1635 253 1677 pateris
277 1634 370 1673 mali,
400 1645 463 1664 wen
487 1635 529 1664 du
551 1635 642 1664 (Iiclzs
663 1635 764 1665 uic-lits
786 1638 950 1675 (ιηηίηψετ,
974 1637 1001 1667 si
1026 1656 1027 1674 1

30 1689 96 1710 non
126 1684 222 1718 putas
251 1678 294 1709 ad
323 1684 356 1709 te
383 1678 560 1718 pertinere:
595 1678 623 1708 si
646 1687 711 1708 non
736 1688 849 1716 curas,
884 1679 912 1709 si
935 1689 1000 1710 non

29 1719 185 1753 afficeris.

115 1763 213 1794 Extat
245 1761 309 1794 hoc
342 1763 461 1794 dictum
495 1763 528 1794 in
559 1761 726 1801 Luciano,
760 1763 815 1794 ubi
848 1765 932 1795 inter
962 1774 999 1795 se

30 1806 200 1847 disputant
221 1803 353 1837 Stoicus
380 1812 411 1837 et
433 1805 655 1846 Epicuraeus,
683 1806 804 1847 Iupiter
831 1813 882 1837 est
911 1807 999 1838 audi-

29 1854 93 1880 tor.
136 1847 233 1880 Hune
254 1847 402 1879 hortatur
423 1847 558 1890 aliquis,
589 1857 625 1880 ut
649 1854 774 1880 mature
798 1854 887 1880 tanto
912 1849 998 1881 malo

30 1896 202 1928 occurrat,
226 1888 370 1932 alioquin
393 1901 507 1922 omnes
530 1889 601 1923 fore
625 1891 841 1932 Epicuraeos:
866 1893 925 1924 sed
948 1903 998 1923 re-

28 1933 170 1975 spondet
199 1931 300 1964 alius:
332 1932 414 1964 οὐδὲν
435 1934 561 1973 πάσχεις
582 1933 686 1973 κακὸν,
715 1931 750 1965 ἂν
772 1934 813 1973 μή
835 1936 996 1977 προςποιῆ.

29 1975 95 2015 Τιι,
127 1975 265 2016 Iupiter,
298 1986 364 2007 non
398 1986 495 2007 curas
527 1976 608 2015 ista,
641 1977 699 2009 tibi
728 1976 809 2010 nihil
836 1984 888 2010 est
909 1966 996 2016 mali,

29 2018 160 2061 quando
184 2019 315 2059 quidem
338 2028 403 2049 non
426 2017 569 2050 afficeris
599 2019 664 2051 hoc
691 2019 788 2052 malo.
844 2020 997 2053 Ecclesia

28 2060 167 2093 afficitur
201 2062 299 2092 tantis
332 2059 440 2092 malis:
475 2061 640 2103 Agnoscit
671 2062 752 2094 iram
779 2063 842 2095 Dei
872 2062 996 2105 aliquo-

28 2104 142 2142 modo,
172 2110 203 2134 et
229 2104 262 2134 in
291 2102 348 2134 illa
375 2104 596 2145 magnitudine
618 2105 685 2136 irae
707 2104 771 2137 Dei
794 2108 996 2147 expavescit,

30 2145 137 2184 dolet,
161 2147 278 2187 gemit,
309 2153 343 2177 ut
365 2152 416 2177 est
439 2147 525 2187 apud
547 2145 771 2187 Ezechielem,
798 2150 854 2181 ubi
885 2150 996 2191 Ange·

28 2188 82 2221 lus
105 2190 213 2230 signat
241 2198 317 2226 eos,
351 2190 405 2230 qui
435 2195 568 2230 gemunt
595 2195 730 2231 propter
758 2190 897 2232 gloriam
920 2192 994 2225 Dei.

28 2232 166 2273 Semper
196 2237 272 2262 sunt
298 2231 397 2273 aliqui
427 2232 593 2270 homines,
627 2233 681 2273 qui
710 2234 742 2264 in
764 2234 918 2266 Ecclesia
940 2246 995 2277 ge-

28 2281 117 2306 munt
145 2282 280 2315 propter
308 2275 491 2306 communia
514 2273 615 2306 mala:
649 2274 789 2317 Reliqua
810 2277 994 2316 multitudo,

27 2324 62 2349 ut
85 2317 190 2355 Nero,
223 2316 303 2348 nihil
327 2324 436 2355 curat,
470 2328 510 2348 ne
534 2318 663 2358 quidem
685 2319 802 2358 sentit,
835 2322 995 2362 tantisper

28 2361 136 2392 donec
165 2360 253 2391 venit
280 2360 442 2393 iudicium.
499 2358 592 2391 Multi
621 2367 698 2392 sunt
721 2360 939 2402 ἀπηλγηκότες,
960 2370 994 2395 ut

28 2401 150 2434 Paulus
172 2401 327 2444 loquitur,
351 2403 383 2434 id
406 2409 475 2441 est,
498 2403 551 2444 qui
575 2401 804 2443 dedoluerunt,
828 2407 882 2447 qui
905 2405 994 2438 nullo

29 2454 130 2477 sensu
151 2443 227 2476 mali
250 2444 446 2477 afficiuntur.

114 2485 172 2518 ma
197 2488 358 2520 securitas
388 2494 517 2519 taxatur
546 2498 631 2520 voce
659 2489 766 2521 divina
789 2491 994 2532 saepissime,

28 2530 116 2570 quod
146 2528 291 2561 homines
322 2541 363 2562 ne
391 2531 519 2572 quidem
543 2541 605 2562 sua
628 2530 763 2563 vulnera
781 2532 897 2565 volunt
919 2543 993 2566 sen-

28 2573 98 2603 tire.
143 2571 292 2604 Ecclesia
321 2579 476 2605 oneratur
499 2574 681 2612 aerumnis,
713 2580 749 2606 ut
776 2575 848 2616 ipsa
870 2577 993 2618 cogitet

26 2615 68 2646 de
90 2615 137 2646 ira
159 2613 239 2654 Dei,
263 2616 350 2647 iuxta
373 2614 466 2649 illud:
497 2615 617 2645 Bonum
639 2616 713 2646 milti
734 2617 879 2653 Domine,
908 2619 992 2659 qnod

1057 356 1183 395 stiyasti
1204 365 1263 390 me,
1287 358 1316 385 et
1338 355 1472 385 domitus
1493 365 1565 387 sum.
1617 356 1710 389 Deus
1734 358 1807 390 ideo
1827 359 1943 399 premit
1966 358 2027 390 Ec-

1058 397 1194 430 clesiam
1221 398 1349 439 magnis
1379 398 1535 436 miseriis,
1568 405 1602 430 ut
1629 408 1792 442 agnoscat
1822 401 1972 433 iudicium
1995 410 2023 433 ct

1057 442 1137 472 iram
1159 440 1234 472 Dei.

1142 483 1247 516 Nemo
1270 482 1304 514 fit
1328 481 1444 514 melior
1465 483 1498 514 in
1521 484 1620 515 rebus
1644 485 1818 523 secundis,
1848 492 1878 517 et
1900 486 2026 528 magnis

1059 527 1292 563 SuccessibUS3
1314 524 1492 555 Luoeurianl
1515 527 1610 555 (ιηῖηιὶ
1633 527 1719 556 rebus
1735 528 1908 567 plerumque
1925 540 2026 558 secun-

1059 569 1119 598 (lis.
1161 569 1253 601 Item:
1288 569 1427 598 Fortuna
1444 578 1528 607 quem
1547 570 1668 598 ηἱιηίιιηι
1682 571 1778 607 fovet,
1798 571 1920 600 stultum
1934 573 2024 609 sin-it.

1059 612 1181 643 Premit
1212 611 1310 653 igitur
1342 610 1438 642 Deus
1472 610 1657 643 Ecclesiam
1690 613 1818 653 magnis
1852 616 2027 652 aerumnis,

1058 654 1195 695 privatis
1218 660 1250 685 et
1272 652 1424 695 publiciS,
1444 659 1478 684 ut
1497 654 1619 685 domita
1642 662 1854 696 expavescat,
1874 663 1903 687 et
1927 666 2026 698 agno-

1058 703 1130 729 scat
1153 697 1304 729 iudicium
1328 695 1410 734 Dei,
1434 702 1542 738 gemat
1565 707 1625 737 pro
1648 707 1685 728 se
1709 704 1740 728 et
1764 697 1847 728 aliis.

1144 739 1210 770 Ista
1233 739 1287 771 hic
1310 739 1527 777 considerate,
1552 746 1584 770 et
1607 740 1748 781 cogitate
1771 741 1958 781 impendere
1982 748 2026 772 ta-

1058 781 1106 813 les
1131 781 1344 814 confusiones
1362 792 1486 818 rerum3
1509 792 1593 823 quas
1616 783 1644 813 si
1663 793 1728 813 non
1748 783 1905 825 mitigabit
1923 783 2027 821 Deus,

1057 825 1253 866 gravissima
1276 824 1361 856 mala
1385 831 1573 866 sequentur.
1617 824 1726 856 Nolite
1749 826 1847 867 igitur
1870 828 2026 867 cogitare,

1057 868 1122 898 ista
1151 867 1193 898 ad
1223 878 1272 898 me
1303 878 1368 899 non
1398 874 1559 908 spectant.
1604 867 1664 898 Est
1688 878 1799 900 verum
1822 869 1942 900 dictum
1967 870 2027 900 So-

1057 909 1158 941 lonis:
1210 910 1335 940 latrant
1373 912 1406 939 in
1445 909 1596 939 thalamos
1627 910 1755 949 publiea
1794 911 1906 940 (Iamna
1948 915 2027 941 tuos.

1057 952 1195 987 Quando
1219 952 1431 994 Reipublicae
1454 952 1539 984 male
1562 959 1631 991 est,
1662 954 1758 985 etiam
1782 953 1919 995 singulis
1944 953 2027 985 male

1056 1002 1115 1026 est.
1169 996 1252 1030 Sunt
1281 996 1430 1027 homines
1463 995 1517 1037 q'ui
1546 994 1625 1027 nihil
1659 1002 1794 1034 curant,
1827 999 1887 1027 etsi
1921 999 2027 1028 omnia

1056 1048 1189 1079 pessum
1213 1044 1306 1076 eant,
1330 1038 1414 1069 tales
1437 1049 1502 1069 non
1527 1039 1684 1070 debemus
1708 1049 1793 1069 esse.

1140 1081 1296 1113 Dicemus
1331 1080 1453 1122 aliquid
1488 1082 1582 1112 etiam
1613 1082 1653 1112 de
1682 1080 1905 1124 appellatione
1936 1083 2026 1114 urbis

1053 1123 1238 1162 Nazareth,
1261 1129 1293 1155 et
1315 1123 1356 1154 de
1379 1122 1477 1155 exilio
1500 1124 1636 1155 Marlae.

1237 1289 1345 1339 Quid
1376 1289 1574 1343 significat
1602 1290 1805 1331 Nazareth
1815 1290 1831 1333 ’ἔ

1139 1379 1266 1411 Nomen
1295 1386 1347 1412 est
1374 1380 1428 1412 vel
1457 1391 1477 1412 a
1507 1380 1756 1423 segregatione,
1791 1380 1843 1412 vel
1871 1391 1891 1412 a
1918 1381 2022 1411 Neaer.

1054 1421 1220 1454 surculus.
1265 1423 1333 1454 Sed
1357 1424 1455 1454 credo
1480 1423 1735 1464 appellationem
1758 1425 1878 1465 oppido
1902 1423 2023 1455 sactum

1054 1475 1074 1496 a
1095 1465 1201 1499 Nezem
1221 1466 1297 1506 quia
1319 1465 1380 1497 fuit
1402 1467 1433 1497 in
1452 1465 1527 1498 loco
1547 1466 1711 1497 uberrimo
1731 1472 1763 1497 et
1781 1467 2022 1498 amoenissimo.

1140 1507 1260 1549 loseph
1279 1514 1309 1539 et
1326 1508 1442 1547 Maria,
1460 1519 1656 1550 quamquam
1675 1510 1740 1540 nati
1759 1517 1851 1541 erant
1874 1520 1915 1540 ex
1936 1511 2022 1541 trihu

1054 1549 1152 1588 luda,
1174 1557 1283 1582 tamen
1306 1551 1527 1593 migraverunt
1550 1552 1581 1582 in
1606 1550 1798 1583 Galilaeam.
1849 1552 1944 1584 Haud
1967 1553 2023 1585 tlu-

1055 1593 1107 1624 bie
1128 1592 1259 1634 aliquae
1286 1603 1407 1625 causae
1435 1595 1696 1635 procatarcticae
1724 1595 1927 1636 propinquae
1955 1594 2022 1627 suc—

1053 1641 1145 1672 runt,
1169 1636 1256 1676 quod
1280 1646 1320 1667 ex
1342 1636 1537 1668 Bethlehem
1560 1645 1648 1668 terra
1671 1637 1776 1678 patria
1799 1646 2021 1671 secesserunt.

1053 1677 1245 1709 Habuerunt
1275 1680 1502 1720 cognationem
1533 1690 1626 1710 suam
1655 1682 1686 1711 in
1717 1681 1802 1712 tribu
1833 1681 1928 1719 luda,
1962 1682 2022 1712 setl

1053 1721 1159 1752 coacti
1183 1728 1259 1751 sunt
1282 1722 1424 1763 migrare
1446 1723 1477 1753 in
1501 1721 1610 1754 locum
1633 1722 1740 1754 alium.

1137 1763 1303 1795 Nazareth
1330 1765 1368 1796 18
1390 1764 1445 1796 vel
1470 1765 1509 1796 19
1532 1764 1709 1797 miliaribus
1733 1765 1829 1797 distat
1853 1777 1871 1797 a
1889 1766 2022 1798 Bethle-

1051 1805 1143 1844 hem,
1174 1813 1331 1848 quantum
1361 1814 1412 1839 est
1435 1819 1454 1840 a
1477 1807 1674 1851 Witcberga
1697 1807 1882 1840 Erfortiiam
1906 1819 2020 1851 usquc.

1052 1848 1234 1884 Quotaunis
1253 1850 1382 1881 iverunt
1400 1849 1635 1893 lerosolymam
1653 1851 1695 1883 ad
1714 1850 1850 1888 festum3
1872 1852 2020 1884 vixerunt

1050 1892 1093 1923 ibi
1118 1893 1155 1922 ⁴in
1185 1891 1300 1931 exilio,
1332 1893 1364 1924 id
1393 1904 1497 1936 grave
1521 1895 1568 1925 eis
1591 1893 1665 1928 fuit:
1701 1895 1800 1925 credo
1820 1895 1916 1926 etiam
1940 1895 2021 1927 disti-

1051 1933 1190 1966 eultates
1220 1933 1302 1967 alias
1332 1938 1565 1968 oeconomicas
1593 1938 1636 1968 ibi
1666 1945 1821 1979 expertos
1846 1948 1904 1969 eos
1928 1949 2017 1970 esse:

1049 1976 1169 2019 Ioseph
1204 1978 1361 2011 victitavit
1393 1978 1510 2011 labore
1544 1990 1714 2018 manuum,
1751 1979 1809 2012 suit
1833 1980 1943 2019 saber,
1968 1993 2020 2022 pa-

1048 2025 1157 2052 rentes
1179 2019 1305 2052 Mariae
1327 2027 1404 2053 tunc
1427 2023 1524 2054 etiam
1543 2021 1675 2054 fuerunt
1693 2024 1750 2054 ibi:
1775 2023 1851 2065 quia
1869 2024 2018 2055 existimo

1048 2063 1205 2106 virginem
1229 2065 1270 2095 ibi
1294 2064 1402 2096 adhuc
1425 2063 1529 2097 fuisse
1551 2067 1638 2106 apud
1661 2072 1826 2107 parentes.

1133 2105 1191 2137 llla
1208 2107 1365 2138 historica
1384 2114 1516 2140 monent
1534 2108 1691 2140 lectorem
1709 2109 1749 2139 de
1765 2108 1874 2140 multis
1888 2112 2016 2152 magnis

1047 2149 1167 2187 rebus,
1195 2148 1304 2191 qualis
1334 2149 1428 2182 fuerit
1450 2150 1623 2184 Ecclesiae
1647 2158 1769 2189 statuS,
1793 2150 1897 2193 qualis
1922 2150 2017 2184 fuerit

1047 2197 1155 2223 status
1187 2191 1351 2233 publicus,
1407 2194 1479 2236 Ego
1510 2195 1594 2226 inter
1624 2205 1744 2236 magna
1774 2193 1930 2225 miracula
1961 2206 2017 2226 nu-

1047 2244 1150 2272 mero,
1174 2236 1261 2277 quod
1292 2235 1369 2267 illae
1387 2237 1625 2278 pulcherrimae
1648 2236 1800 2269 mulieres
1821 2243 1849 2268 et
1875 2238 2017 2279 virgines

1047 2276 1202 2309 defensae
1226 2285 1303 2310 sunt
1327 2278 1383 2310 illo
1407 2286 1569 2322 tempore,
1595 2290 1666 2311 cum
1691 2286 1890 2322 vagaremur
1912 2282 2017 2316 pessi-

1046 2330 1170 2352 marum
1194 2322 1336 2363 gentium
1371 2321 1545 2355 latrunculi
1573 2332 1631 2364 per
1660 2322 1828 2360 iudaeam,
1862 2321 2016 2363 Parthici,

1046 2362 1197 2402 Arabici,
1230 2364 1373 2406 Syriaci,
1409 2366 1612 2408 Aegyptiaci.
1678 2365 1752 2395 Non
1782 2373 1856 2397 sunt
1885 2367 2015 2406 peiores

1046 2405 1195 2438 homines
1229 2408 1260 2438 in
1290 2409 1429 2446 mundo,
1453 2419 1494 2440 ne
1522 2408 1618 2439 hodie
1650 2408 1788 2449 quidem.
1845 2407 1899 2439 isti
1924 2418 2015 2441 certe

1045 2451 1243 2490 appetebant
1266 2457 1432 2483 matronas
1455 2450 1656 2483 excellentes
1679 2451 1810 2488 virtute,
1832 2449 1948 2489 forma,
1972 2454 2014 2484 in-

1045 2493 1169 2533 geniis,
1194 2503 1278 2534 quae
1301 2504 1365 2525 non
1388 2500 1563 2535 potuerunt
1587 2503 1662 2524 esse
1684 2493 1826 2535 ignotae,
1851 2500 1881 2524 et
1905 2501 2012 2527 tamen

1045 2534 1201 2567 defensae
1223 2543 1299 2567 sunt
1322 2537 1473 2568 divinitus
1494 2534 1690 2567 mirabiliter.
1735 2536 1782 2567 lta
1806 2536 1922 2568 vadetis
1946 2548 2013 2569 ser-

1043 2579 1115 2609 vari
1148 2576 1331 2609 Ecclesiam
1365 2590 1384 2610 a
1417 2578 1507 2617 Deo,
1541 2579 1624 2610 sicut
1657 2578 1766 2611 foetus
1801 2581 1953 2611 servatur
1980 2581 2012 2612 in

1042 2627 1136 2653 utero
1159 2621 1282 2652 mattis.

1757 2682 1811 2708 36·
