2324 2958
172 177 236 210 817

168 276 352 312 exponunt:
375 270 509 301 mollt’ler
531 270 697 309 invehitur,
741 279 809 301 non
831 271 977 311 potentia
989 270 1143 301 humana.

168 313 228 344 Est
263 313 357 344 etiam
393 313 480 344 bona
510 312 679 354 cogitatio.
746 311 816 343 Sed
840 313 922 344 haec
944 312 1060 344 melior
1083 318 1145 350 cst,

167 365 266 395 super
289 356 434 395 Arabos-3
461 354 546 390 Quia
569 355 701 385 Arabos
724 354 888 396 signifiaat
919 354 1046 387 coelum
1071 363 1145 385 coe-

790 175 901 208 Pau..
924 175 1028 208 MEL.
1056 175 1244 209 SCRIPTA
1266 173 1532 208 EXEGEthA.

2099 178 2166 212 848

1196 278 1233 299 re
1255 268 1326 298 eius
1359 267 1606 308 proprietatem.
1662 267 1729 307 Qui
1748 269 1854 300 educit
1876 269 1998 301 cinctas
2020 270 2054 301 in
2072 269 2173 310 forti·

1198 310 1329 348 liuline-J
1352 310 1385 341 id
1409 315 1472 348 est,
1495 308 1635 342 fortiter.
1703 310 1886 354 Significat,
1921 311 2008 353 quod
2040 311 2178 355 colligat

1198 359 1231 383 et
1252 351 1374 384 liberet
1405 350 1604 391 Ecclesiam,
1639 363 1723 395 quae
1751 352 1812 385 suit
1835 354 1966 396 captiva
1987 354 2120 387 Diaboli
2143 361 2177 388 et

168 397 295 433 lorum
327 398 361 429 id
383 404 446 435 est,
481 395 623 429 sublime
645 395 725 429 illud
759 403 792 429 et
812 397 977 430 invisibile
1006 396 1145 434 coelum,
1198 395 1230 426 in
1257 395 1388 426 entibus
1410 395 1577 427 aerumnis
1600 405 1776 436 oppressa:
1810 396 1892 428 Eam
1914 397 2023 429 educit
2044 407 2086 429 ex
2108 399 2177 430 vin·

169 441 258 482 quod
280 446 333 472 est
354 450 456 480 supra
479 437 595 471 coelos
616 438 779 472 visibiles.

171 604 345 654 Quando
374 602 524 644 Paulus
569 602 683 652 dicit,
729 609 856 638 tertium
879 606 1007 642 coelum,
1051 599 1148 653 quid

555 678 765 732 intelligit?

256 778 398 810 Hebraei
422 778 548 809 dicunt:
581 777 637 808 hic
669 786 728 808 aer
750 777 812 807 sub
836 774 913 806 luna
937 781 987 806 est
1011 775 1148 815 primum

170 821 309 854 coelum.
355 821 543 853 Secundum
567 819 710 857 coelum,
732 817 778 849 illi
802 819 914 855 orbes,
948 817 1002 859 qui
1025 817 1149 850 vehunt

169 864 303 896 stellas:
327 863 471 895 Tertium
496 861 637 900 coelum,
661 861 718 893 illa
739 860 809 898 ltux,
833 861 865 891 in
889 870 953 902 qua
975 859 1068 891 Deus
1092 859 1148 891 ha-

169 909 260 946 bitat,
290 907 322 938 in
346 917 410 948 qua
433 916 471 937 se
495 906 650 944 ostendit,
673 904 830 946 quicquid
852 912 935 934 sane
957 903 1001 933 sit
1024 909 1057 933 et
1079 903 1148 934 ubi-

169 960 299 992 cunque
322 950 376 981 sit.

256 991 370 1034 Aliqui
405 997 590 1023 verterunt:
625 989 768 1027 Arabos,
801 991 857 1030 qm·
890 987 1069 1019 ascendunt
1088 997 1150 1028 per

170 1036 341 1068 desertum.
409 1032 486 1072 Alii,
509 1033 663 1065 Ascendit
685 1041 784 1073 super
807 1040 966 1063 occasum.
1018 1030 1086 1062 Sed
1108 1031 1149 1061 si-

169 1078 304 1121 gnificat
337 1077 402 1108 hoc
414 1099 424 1115 ,

171 1173 202 1196 et
226 1171 319 1195 extra
342 1161 480 1194 coelum.

255 1205 410 1236 Dominus
432 1213 544 1236 nomeu
567 1204 636 1242 illa]
661 1202 744 1238 Quis
767 1207 819 1233 est
842 1201 905 1233 iste
929 1200 1058 1232 victor?
1081 1199 1147 1231 lste
1173 1194 1176 1230 2

169 1249 262 1281 lesus
297 1247 450 1279 Christus
484 1246 673 1282 crucifixus,
706 1250 865 1277 mortuus,
900 1249 933 1274 et
962 1243 1018 1284 qui
1040 1236 1176 1274 resur-¹

168 1293 265 1328 rexit,
287 1297 338 1321 est
362 1297 482 1321 natura
504 1287 609 1320 Deus.
674 1286 836 1328 Loquitur
859 1286 900 1317 de
923 1284 1069 1323 Christo,
1092 1285 1147 1326 qui

169 1340 220 1366 est
253 1331 453 1364 humiliatus.
519 1330 562 1362 Et
585 1336 637 1362 est
669 1327 819 1371 pulcrum
850 1328 1072 1359 testimonium
1105 1327 1147 1358 de

169 1377 337 1409 divinitate
358 1374 493 1407 Christi.
537 1373 630 1410 Item,
653 1372 695 1403 de
717 1369 917 1402 exaltatione
934 1369 1071 1407 Christi,
1092 1370 1147 1410 qui

169 1419 356 1452 collocatur
383 1418 426 1448 ad
454 1417 604 1448 dextram
628 1414 749 1452 Patris,
781 1419 815 1445 ut
837 1418 932 1455 regat
954 1418 988 1444 et
1010 1410 1148 1453 colligat

168 1464 230 1494 sibi
254 1459 451 1497 Ecclesiam,
475 1466 508 1490 et
530 1469 592 1490 suo
615 1463 764 1498 tempere
786 1456 909 1488 iudicet
926 1461 959 1486 et
982 1453 1148 1496 glorificet

167 1504 365 1537 Ecclesiam.
431 1502 517 1533 Huic
539 1505 602 1532 iter
619 1497 736 1540 facite,
758 1498 878 1540 ioquin
910 1497 942 1529 id
965 1502 1025 1535 est,
1049 1496 1148 1528 Gebet

169 1549 231 1581 ιἸιηι
264 1557 382 1584 raum,
412 1546 477 1577 und
510 1545 608 1585 platz.
666 1543 756 1574 Anto
788 1541 955 1583 principes
973 1539 1176 1581 praeeunti

167 1599 366 1633 praecones,
389 1589 444 1629 qui
467 1588 581 1619 iubent
603 1585 723 1617 cedere
746 1585 787 1616 de
810 1584 873 1615 via.

256 1632 418 1673 Repetitio
431 1629 670 1672 propositionis
693 1634 761 1659 est:
786 1626 939 1658 Brultate
960 1626 993 1656 in
1016 1634 1147 1666 conspe-

169 1681 222 1708 ctu
244 1679 326 1713 eius]
350 1681 467 1716 postea
490 1672 641 1714 sequitur
669 1670 845 1712 expositio.
915 1667 946 1699 T
943 1668 1104 1700 urbantur
1126 1678 1149 1701 a

165 1720 254 1760 satie
278 1720 368 1755 eins-l
415 1716 477 1748 Hic
499 1715 614 1756 incipit
638 1713 799 1745 beneficia
821 1713 926 1753 ipsius
951 1720 1148 1742 commemo·

169 1773 258 1795 rare:
278 1761 392 1792 Patris
414 1758 646 1800 orpleauomtm,
670 1755 1034 1792 eetudu'ciscidm1rmn.1
1055 1753 1148 1785 Haec

171 1812 223 1838 est
255 1814 381 1836 summa
415 1800 612 1834 consolatio.
677 1797 831 1830 Ecclesia
863 1799 896 1829 in
919 1796 983 1829 hac
1006 1797 1075 1827 vita
1097 1801 1148 1827 est

172 1848 331 1889 orphana,
355 1846 496 1882 deserta,
515 1854 583 1875 non
604 1843 704 1874 habet
716 1841 941 1873 defensionem
954 1839 1147 1882 aRegibuS,

171 1892 232 1923 sed
255 1888 357 1921 Filius
379 1888 443 1919 Dei
467 1886 621 1928 protegit,
656 1896 697 1917 ac
725 1890 838 1916 servat
870 1881 1073 1915 Ecclesiam:
1107 1881 1149 1913 Et

170 1935 236 1966 hoc
269 1931 348 1965 facit
381 1930 474 1962 Deus
498 1936 529 1961 et
550 1929 667 1966 homo,
701 1934 731 1959 et
755 1932 832 1959 sunt
855 1936 957 1967 opera
975 1925 1148 1966 utriusque

172 1984 326 2012 naturae;
360 1973 444 2010 Quia
468 1972 613 2015 potentia
641 1972 738 2002 etiam
766 1969 930 2001 humanae
952 1974 1092 2000 naturae
1115 1968 1147 1998 in

173 2019 306 2051 Christo
340 2024 392 2049 est
424 2017 540 2054 maior,
575 2024 673 2056 quam
707 2013 850 2045 omnium
878 2010 1097 2044 Diabolorum
1116 2015 1149 2041 et

172 2062 338 2094 hominum
362 2060 518 2101 potentia.

229 2106 314 2135 Deus
338 2105 370 2134 in
393 2104 463 2133 loco
485 2105 598 2134 sancto
620 2110 695 2132 sno:
717 2099 803 2129 Deus
822 2099 879 2139 qui
895 2097 1081 2129 inhabitare
1097 2094 1149 2135 la·

172 2150 244 2187 αἹ-Ι
270 2147 476 2188 Augustinus
500 2144 664 2185 exposuit,
688 2141 777 2173 Deus
800 2143 857 2183 qtu'
872 2139 959 2181 s'aclt
977 2141 1068 2171 mn'us
1087 2149 1149 2169 mo-

481 1077 546 1108 uod
568 1082 620 1108 est
638 1085 739 1117 supra
762 1084 878 1106 omnes
902 1071 1050 1104 visibiles
1075 1082 1149 1104 coe·
1174 1072 1177 1097 ¹

1174 1099 1177 1133 Ι

168 1121 242 1153 los:
265 1119 432 1163 significat
453 1120 463 1150 i
492 1130 546 1151 um
567 1117 676 1151 locum
700 1127 870 1154 arcanum,
894 1116 949 1157 qui
972 1121 1023 1147 est
1035 1126 1149 1156 supra,
1173 1136 1177 1186 Ι

1199 438 1294 472 cuis,
1316 436 1531 470 frementibus
1555 437 1696 470 diabolis
1718 444 1752 470 et
1773 439 1890 480 impiis.
1934 439 2093 472 Similiter
2113 450 2177 481 eos,

1199 480 1257 521 qni
1287 485 1496 521 exasperant,
1529 481 1586 521 qut·
1616 480 1762 512 habitant
1794 483 1829 512 in
1861 482 2064 522 sewaldi-ts]
2113 482 2177 515 Hic

1201 532 1323 553 versus
1356 523 1453 554 etiam
1487 529 1539 554 est
1572 522 1659 555 male
1688 524 1847 555 redditus,
1914 525 2086 556 Sententia
2109 530 2176 557 est:

1200 564 1346 596 Rebelles
1363 566 1520 607 relinquet
1540 566 1573 596 in
1594 566 1698 597 sicco.-
1720 567 1753 598 id
1777 572 1850 605 est,
1882 567 2000 608 impios
2024 577 2177 608 persecu-

1200 613 1292 638 tores
1316 608 1430 648 perdet
1452 609 1594 640 tandem.
1659 608 1720 640 Est
1742 607 1914 640 antithesis
1936 610 2056 651 prioris
2080 620 2177 642 mern-

1202 649 1266 680 bri:
1288 648 1366 681 Suis
1386 651 1502 682 vinclis
1524 661 1613 692 opem
1631 648 1702 690 sert
1714 663 1726 688 ,·
1745 650 1841 686 Quod
1854 651 2035 684 Zacharias
2058 653 2178 694 inquit:

1200 691 1325 724 Educes
1347 693 1470 725 vinctos
1493 697 1564 725 tuos
1586 697 1618 725 in
1641 695 1818 735 sanquine:
1853 694 1886 725 111
1921 701 1991 732 est,
2029 701 2179 733 sanctos,

1200 733 1330 773 fideles,
1353 736 1407 776 qui
1430 741 1507 767 sunt
1529 737 1562 767 in
1585 735 1737 768 Ecclesia
1762 742 1828 768 tua.
1875 736 1942 768 Sed
1970 736 2122 769 infideles
2145 738 2178 768 in

1201 777 1293 808 arido
1317 775 1496 819 relinquet:
1521 778 1554 809 id
1577 784 1641 817 est,
1670 780 1751 811 istos
1774 785 1905 820 oportet
1928 779 2045 820 perire.
2112 778 2178 810 Alii

1201 826 1385 861 exponunt:
1409 820 1476 859 Qui
1494 820 1639 853 habitant
1662 825 1694 854 in
1715 821 1911 862 sepulchris:
1944 823 1976 853 id
1999 827 2062 861 est,
2094 831 2179 853 mor·

1202 868 1277 894 tuos
1301 863 1431 894 excitat.

1287 903 1355 936 lam
1377 906 1527 947 sequitur
1547 905 1768 947 amplificatio.
1819 908 1906 938 Deus
1927 917 1994 938 cum
2013 908 2180 946 eyredaeris

1202 951 1236 979 in
1258 952 1428 988 conspectu
1447 949 1561 989 populi
1580 952 1638 986 tut,
1661 958 1732 980 cum
1751 952 1972 987 pertransires
1991 950 2024 981 in
2042 950 2178 989 deserto,

1202 996 1295 1022 terra
1315 994 1400 1022 mola
1422 994 1482 1029 est,
1506 991 1587 1022 coeli
1607 992 1880 1023 destillaverunta
1895 993 1984 1031 fecie
2006 991 2086 1030 Der,
2109 995 2180 1031 ipse

1203 1034 1297 1065 Sinai
1317 1043 1337 1064 a
1357 1034 1447 1073 facie
1470 1033 1536 1065 Dei
1556 1035 1679 1073 lsrael]
1725 1033 1786 1064 Est
1815 1034 2018 1074 comparatio
2047 1034 2089 1065 ad
2112 1034 2179 1065 exi-

1200 1082 1268 1107 tum
1289 1074 1403 1117 populi
1426 1086 1467 1107 ex
1489 1076 1668 1118 Aegypto:
1703 1074 1796 1107 Deus
1830 1081 1866 1108 tu
1895 1081 1993 1107 antea
2021 1084 2180 1118 egressus

1200 1128 1237 1150 es
1260 1119 1433 1150 nobiscum
1464 1129 1506 1151 ex
1530 1121 1706 1161 Aegypto,
1730 1119 1944 1160 praecessisti
1974 1128 2054 1156 nos,
2078 1116 2181 1149 colle·

1200 1162 1277 1203 gisti
1311 1171 1352 1192 ac
1381 1161 1527 1193 servasti
1559 1160 1745 1193 Ecclesiam
1780 1170 1840 1202 per
1872 1170 1992 1203 magna
2015 1158 2181 1192 miracula.

1200 1203 1248 1234 lta
1269 1213 1356 1235 nunc
1383 1213 1516 1245 quoque
1544 1204 1731 1235 ascendens
1755 1202 1896 1246 colliges
1926 1201 2111 1235 Ecclesiam
2133 1203 2179 1234 in-

1198 1247 1354 1288 gentibus
1377 1245 1556 1278 miraculis.

1319 1408 1519 1450 Adsuitne
1551 1407 1734 1450 Christus
1765 1409 1805 1448 in
1836 1408 2031 1449 deserto?

1284 1500 1331 1532 lta
1353 1501 1497 1532 omnino.
1565 1498 1689 1531 Paulus
1713 1499 1808 1530 dicit:
1842 1499 1998 1531 Bt'bebtml
2018 1499 2060 1530 de
2081 1501 2181 1539 spiri-

1199 1546 1278 1575 tuali
1299 1553 1353 1575 eos
1376 1546 1546 1575 comitante
1565 1546 1680 1583 petra:
1704 1543 1804 1574 Petra
1822 1546 1894 1574 erat
1915 1541 2072 1574 sturmen.
2095 1541 2180 1581 λόγος

1201 1596 1332 1628 semper
1359 1586 1456 1618 adest
1489 1584 1677 1617 Ecclesiae:
1712 1590 1748 1616 ut
1770 1584 1849 1616 dic-it
1872 1583 2041 1615 ltenaeus:
2075 1582 2180 1616 Filius

1199 1635 1298 1661 sonat
1319 1629 1362 1660 ibi
1382 1638 1498 1660 vocem
1521 1627 1619 1670 legis,
1643 1634 1676 1659 et
1697 1625 1843 1669 loquitur
1864 1627 1896 1658 in
1920 1625 2083 1658 Ecclesia.
2106 1627 2180 1658 Plu-

1201 1673 1283 1704 rt'am
1306 1673 1531 1709 voluntariam,
1553 1671 1586 1702 id
1610 1676 1671 1709 est,
1693 1670 1979 1709 Iaryamdemittes
1991 1669 2080 1701 Deus
2102 1670 2178 1701 lme-

1201 1716 1334 1747 redttati
1365 1716 1468 1753 maa]
1504 1714 1535 1745 id
1569 1720 1632 1751 est,
1665 1712 1776 1744 foveto
1810 1711 1996 1743 Ecclesiam
2030 1711 2180 1753 rigando.

1202 1758 1286 1790 Sunt.
1309 1759 1341 1789 in
1365 1757 1517 1789 omnibus
1540 1757 1650 1788 verbis
1673 1755 1799 1797 figurae
1823 1753 2097 1796 elegantissimae.
2132 1755 2180 1786 ln·

1201 1799 1319 1843 telligit
1352 1806 1458 1832 autem
1492 1798 1638 1841 pluviam
1661 1798 1843 1833 doctrinae,
1877 1795 2006 1829 scilicet
2028 1795 2180 1839 Evange-

1201 1842 1302 1881 lium;
1324 1843 1421 1874 sicuti
1443 1848 1561 1883 postea
1583 1851 1622 1872 se
1646 1846 1800 1882 exponet.
1846 1839 1921 1871 noc.
1942 1846 1995 1871 est
2017 1840 2102 1871 enim
2116 1839 2181 1871 usi-

1201 1892 1302 1918 tatum
1315 1884 1469 1922 Psalmis,
1481 1885 1618 1926 primum
1632 1893 1756 1925 ponere
1775 1883 1912 1925 figurate
1924 1882 2066 1914 dictum:
2089 1887 2180 1924 post·

1201 1939 1240 1961 ea
1264 1929 1407 1970 propriis
1429 1928 1541 1959 verbis
1565 1928 1702 1959 eandem
1727 1926 1923 1957 sententiam
1946 1924 2075 1957 efferre.

1287 1973 1456 2011 Infirmata
1479 1975 1545 2002 est:
1572 1972 1614 2002 Tu
1638 1980 1711 2001 raro
1729 1971 1903 2010 perfecisti
1922 1971 2020 2007 eam-J
2065 1967 2096 1999 id
2116 1973 2179 2006 est,

1201 2021 1234 2046 tu
1268 2014 1410 2045 subinde
1444 2023 1576 2044 recreas
1611 2011 1814 2044 Ecclesiam:
1847 2011 1938 2053 Ergo
1961 2017 1993 2042 et
2020 2020 2108 2041 nunc
2131 2019 2180 2041 re-

1201 2058 1343 2089 creabis.
1411 2055 1564 2099 Cogitate
1593 2063 1706 2086 vetera
1743 2053 1904 2095 exempla.
1968 2052 2121 2085 Ecclesia
2147 2052 2180 2084 in

1203 2100 1356 2142 Aegypto
1393 2097 1449 2130 suit
1486 2097 1583 2130 valde
1616 2097 1773 2140 languida
1796 2103 1827 2129 et
1851 2095 1988 2129 amicta.
2058 2095 2181 2126 Postea

1202 2142 1261 2175 suit
1283 2143 1422 2174 inlirnta.
1447 2153 1520 2173 cutn
1544 2141 1729 2172 Antiochus
1753 2139 1937 2172 celebraret
1958 2136 2181 2171 Bacchanalia

172 2196 221 2223 ris
244 2191 394 2222 habiture
417 2190 449 2220 t'n
472 2189 577 2219 domo:
601 2186 633 2217 Μ
653 2191 716 2223 esi,
739 2191 773 2216 ut
785 2186 850 2216 Sint
864 2183 1060 2215 concordes.
1084 2181 1149 2213 Sed
1204 2184 1464 2223 [ᾔει-0501111115,
1499 2195 1573 2216 cum
1607 2183 1807 2215 interficeret
1842 2192 1962 2218 senes,
1997 2187 2180 2218 matronas,

173 2235 256 2266 haec
291 2240 339 2265 est
374 2232 552 2263 sententia:
583 2230 645 2264 Qui
669 2226 747 2260 facit
770 2239 810 2258 ex
829 2226 986 2258 solitariis
1010 2233 1150 2267 magnas

174 2276 329 2309 familias:
354 2276 442 2312 item,
466 2275 519 2315 qui
544 2282 667 2314 parvos
691 2270 769 2303 facit
795 2269 904 2301 claros
934 2274 965 2300 et
1000 2278 1149 2309 magnus.

176 2319 326 2352 Ecclesia
350 2317 408 2350 suit
431 2319 566 2359 exigua,
589 2322 736 2356 tempore
758 2313 937 2354 passionis,
961 2311 1020 2342 setl
1039 2312 1150 2342 11111111-

176 2375 252 2407 gna,
275 2370 421 2403 tempore
444 2359 650 2391 ascensionis
684 2363 715 2389 et
731 2355 958 2388 pentecostes.
995 2354 1028 2384 ln
1049 2354 1150 2384 (itae-

176 2418 216 2438 co
239 2405 355 2437 melius
368 2410 417 2435 est
432 2403 592 2434 redditum
615 2400 826 2441 μονοτρόπους,
848 2399 880 2430 111
904 2403 967 2439 est,
988 2398 1073 2428 solos
1097 2394 1150 2427 vel

176 2450 354 2481 solinmins.
399 2447 465 2477 Sed
501 2447 531 2477 in
568 2444 681 2475 Latina
717 2443 880 2479 versione,
917 2442 1008 2471 mn’us
1043 2440 1151 2476 umre’s,

177 2492 353 2523 obscurius
387 2490 508 2521 dictum
543 2494 605 2518 est.
673 2485 711 2517 Et
746 2495 812 2517 non
835 2494 897 2516 con
925 2484 985 2515 ruit
1009 2483 1049 2514 ad
1074 2493 1150 2513 con·
1175 2510 1177 2524 Α

177 2536 402 2567 structionem.
448 2531 668 2563 Grammatico
691 2529 790 2560 debet
812 2538 887 2559 esse
920 2527 1150 2558 undamentum
1176 2535 1177 2547 ¹

179 2577 405 2619 expositionis.
473 2573 624 2605 Ecclesia
658 2580 709 2603 est
744 2570 965 2602 Grammatico
988 2568 1151 2600 sei-monis
1174 2562 1177 2610 1

179 2620 296 2653 divini:
319 2619 426 2651 Debet
447 2619 599 2659 accipere
623 2625 807 2647 sermonem
830 2624 850 2645 a
873 2612 958 2650 Deo,
983 2618 1013 2643 et
1037 2611 1151 2642 retine·
1175 2634 1179 2654 Ι

1811 2225 1890 2256 ltem
1915 2235 1990 2256 cunt
2013 2223 2179 2265 sequenti·

1226 2238 1324 2261 ueros
1349 2221 1380 2258 111
1406 2226 1478 2259 soro
1503 2225 1763 2268 Hierosolytnae-

1204 2240 1223 2303 li
2013 2267 2099 2299 {dem
2123 2274 2181 2297 no·

1227 2283 1266 2304 us
1291 2272 1491 2312 temporibus
1516 2270 1769 2302 dominabantur
1792 2267 1967 2300 Zaducaei.

1203 2316 1282 2346 stris
1306 2314 1518 2354 temporibus.

1291 2358 1447 2389 Animalia
1479 2361 1535 2388 ma
1562 2356 1746 2387 habitabunt
1766 2358 1798 2385 111
1821 2358 1883 2391 cml
1929 2351 1988 2383 Est
2012 2350 2181 2393 metapho-

1205 2412 1250 2431 ra.
1303 2400 1367 2431 Tem
1389 2401 1562 2436 animalia]
1586 2399 1616 2429 111
1641 2404 1704 2436 est,
1728 2404 1804 2428 tuae
1827 2405 1908 2427 oves
1932 2394 2126 2426 habitabunt
2148 2393 2180 2424 in

1206 2441 1356 2474 Ecclesia
1435 2444 1567 2474 Parus-ll
1587 2442 1620 2472 t'n
1643 2441 1813 2472 dulcedine
1836 2443 1890 2469 lun
1914 2441 2054 2479 pauperi
2077 2436 2180 2475 Deae]

1205 2487 1234 2517 id
1270 2493 1332 2521 est,
1367 2494 1401 2518 tu
1430 2496 1488 2526 per
1512 2485 1692 2515 bonitatem
1717 2489 1803 2513 tunm
1828 2480 1875 2512 illi
1900 2480 2034 2523 pauperi
2058 2477 2182 2521 populo

1204 2529 1382 2559 succurris.
1453 2528 1594 2559 Primum
1620 2525 1765 2568 loquitur
1789 2524 1940 2567 figurate,
1964 2523 2083 2555 deinde
2106 2522 2180 2552 stm-

1227 2570 1342 2604 liciter.

1204 2583 1224 2613 p
1294 2615 1447 2646 Dominus
1471 2614 1559 2644 dabit
1580 2613 1724 2648 verbum,
1754 2609 2044 2649 emnyelmnet‘bue
2067 2610 2182 2639 virtute
