2324 2958
111 158 153 190 73
483 186 492 192 ,
790 153 1006 186 POSTILLA
1033 150 1432 184 MELANTHONIANA.
2071 151 2090 183 7
2093 152 2114 185 4

112 251 347 288 servationem,
371 255 404 281 et
426 246 562 290 colligat
583 248 647 280 sibi
669 249 702 279 in
725 257 847 290 genere
869 246 1012 279 humano
1025 246 1087 278 Ec-

114 293 250 327 clesiam
272 297 407 334 propter
418 289 531 329 filium,
553 297 586 323 et
607 301 668 332 per
691 301 776 330 eum,
800 296 832 322 et
854 291 898 321 sit
920 291 1019 323 iudex
1042 290 1087 322 iu-

113 343 240 369 storum
261 342 294 367 et
311 335 515 366 iniustorum.

199 378 292 410 Ilaec
314 377 491 418 descriptio
515 375 579 408 Dei
615 375 722 408 differt
745 386 765 407 a
787 374 978 414 Platonica,
1011 376 1088 418 quia

114 432 176 454 nos
199 421 342 459 deducit,
364 430 430 451 non
454 424 577 450 tautum
601 429 694 450 more
715 417 948 461 philosophico
972 419 1014 450 ad
1037 428 1087 450 es-

114 463 272 497 sentiales
305 463 465 505 quasdam
497 462 718 504 proprietates
751 462 785 492 in
818 460 909 500 Deo,
942 467 979 493 ut
1014 471 1088 493 cum
1112 482 1117 491 .

114 507 210 539 Plato
232 507 350 548 inquit:
373 505 465 537 Deus
486 508 534 536 est
556 514 641 536 meus
664 509 811 542 aeterna,
841 514 943 535 causa
962 505 1036 536 bom'
1056 505 1089 535 ίη

113 554 253 582 namra.-
277 549 337 580 sed
360 553 523 580 monstrat
544 547 640 579 etiam
663 553 730 578 tres
753 556 914 588 personas
943 548 976 578 iu
998 546 1087 578 Deo:

114 599 148 624 et
169 591 251 624 facit
283 601 476 633 expressam
508 590 706 622 mentionem
735 589 992 632 patefactionum
1013 589 1088 628 Dei,

114 635 298 667 secundum
320 643 404 676 quas
427 632 498 666 vult
519 643 540 664 a
561 634 659 664 nobis
682 634 824 675 agnosci
845 634 878 664 in
902 634 1004 665 verbo
1023 639 1088 664 tra-

115 678 181 710 dito
204 678 301 709 nobis
323 677 473 718 abipso,
503 681 536 707 et
569 676 602 707 in
636 677 792 717 operibus
827 677 1021 714 creationis,
1056 681 1089 707 et

115 720 376 752 conservationis
399 729 516 753 rerum,
540 724 573 750 et
596 717 801 750 collectionis
825 730 866 750 ac
894 718 1088 750 salvationis

113 761 297 801 Ecclesiae,
321 763 427 794 donec
440 762 571 793 tandem
593 762 626 792 in
648 762 768 793 iudicio
787 761 966 793 universali
978 767 1088 793 osten-

116 806 170 838 dat
191 811 361 838 aeternum
379 804 554 836 discrimen
581 805 667 836 inter
695 803 822 837 electos
847 811 881 836 et
903 805 1087 836 damnatos.

143 970 259 1021 Quae
290 977 384 1011 sunt:
414 970 658 1024 singularum
689 983 949 1024 personarum
987 969 1059 1009 de-

469 1038 704 1093 scriptiones
718 1037 736 1077 ‘?

194 1146 293 1178 Pater
326 1152 482 1178 aeternus
517 1152 568 1178 est
601 1146 705 1187 prima
727 1155 873 1187 persona
897 1145 1087 1183 divinitatis,

107 1199 174 1221 non
196 1195 284 1226 nata,
307 1198 368 1220 nec
392 1188 525 1220 aliunde
547 1188 752 1229 procedens,
781 1189 841 1220 sed
865 1198 950 1229 quae
973 1189 1014 1220 ab
1034 1198 1087 1220 ae-

107 1238 202 1263 temo
227 1231 340 1271 genuit
363 1229 464 1263 filium
486 1232 662 1273 imaginem
683 1241 796 1269 suam,
825 1237 858 1262 et
879 1241 900 1262 a
923 1241 989 1273 qua
1011 1241 1087 1272 pro-

107 1274 192 1306 cedit
221 1274 362 1314 Spiritus
385 1280 534 1312 sanctus,
558 1279 590 1306 et
612 1284 697 1315 quae
720 1284 794 1305 cum
817 1272 885 1305 filio
909 1280 940 1305 et
964 1274 1084 1315 Spiritu

107 1322 225 1348 sancto
248 1326 362 1348 omnes
386 1315 468 1348 alias
492 1326 547 1349 res
571 1317 714 1356 creavit,
743 1321 776 1349 et
797 1327 910 1349 earum
933 1317 1087 1349 substan-

107 1359 170 1391 tias
194 1361 402 1391 conservat»

193 1401 296 1434 Filius
319 1408 475 1434 aeternus
498 1409 550 1434 est
571 1402 720 1434 secunda
730 1412 877 1443 persona
899 1403 1088 1441 divinitatis,

109 1454 195 1487 quae
217 1450 268 1476 est
291 1443 518 1476 substantialis
542 1451 575 1476 et
596 1445 727 1487 integra
748 1445 859 1487 imago
883 1446 1009 1476 aeterni
1030 1456 1087 1487 pa-

110 1487 182 1525 tris,
216 1497 314 1528 quam
347 1494 443 1528 pater
473 1497 547 1519 sese
576 1488 708 1519 intuens
734 1492 767 1518 et
802 1488 1020 1519 considerans
1044 1489 1086 1520 ab

108 1535 245 1561 aeterno
269 1531 385 1571 gignit,
410 1541 494 1571 quae
517 1531 613 1562 nobis
637 1530 766 1571 quidem
789 1530 839 1561 sic
850 1529 1088 1569 manifestatur,

110 1573 197 1614 quod
222 1572 264 1603 sit
286 1582 442 1612 persona,
476 1583 535 1613 per
569 1583 666 1614 quam
694 1579 788 1613 pater
811 1573 888 1604 dicit
911 1574 1088 1612 decretum,

110 1621 145 1647 et
167 1621 271 1646 totum
294 1615 442 1646 ordinem
466 1616 653 1653 creationis,
687 1622 719 1646 et
738 1617 957 1656 reparationis
987 1616 1088 1648 homi-

111 1668 201 1696 num,
224 1663 255 1689 et
279 1657 426 1696 mittitur,
459 1664 496 1690 ut
518 1657 696 1699 patefaciat
718 1657 947 1698 Evangelium,
982 1665 1013 1690 et
1036 1669 1089 1691 as-

111 1706 219 1732 sumat
241 1698 414 1732 humanam
436 1706 598 1738 naturam,
622 1707 655 1731 et
678 1701 721 1731 sit
742 1699 916 1739 Mediator,
947 1700 1089 1733 Redem-

111 1750 198 1785 ptor,
221 1742 426 1781 iustificator,
446 1749 479 1774 et
497 1742 657 1775 salvator.

199 1784 339 1825 Spiritus
358 1792 494 1817 sanetus
520 1791 571 1817 est
593 1786 690 1817 tertia
713 1795 856 1827 persona
887 1785 1089 1825 Divinitatis,

111 1829 298 1869 procedens
322 1839 341 1859 a
364 1834 457 1869 patre
480 1835 512 1860 et
535 1828 615 1867 filio,
639 1835 671 1860 et
695 1835 746 1860 est
757 1828 984 1860 substantialis
996 1840 1090 1860 amor

113 1877 147 1902 et
170 1869 291 1902 laetitia
315 1876 489 1903 coaeterna
511 1871 596 1903 inter
618 1877 747 1912 patrem
770 1878 802 1903 et
825 1870 942 1910 filium,
975 1872 1017 1904 Et
1041 1873 1090 1904 sic

113 1914 211 1945 nobis
234 1912 442 1945 manifestata
464 1920 526 1953 est,
560 1915 648 1956 quod
671 1915 816 1946 mittatur
838 1915 872 1945 in
894 1915 996 1946 corda
1019 1926 1091 1947 cre-

115 1956 277 1993 dentium,
312 1962 347 1988 ut
370 1956 454 1987 tales
476 1963 600 1995 motus,
634 1967 778 1989 amorem
805 1963 837 1989 et
859 1956 1014 1989 laetitiam
1036 1969 1090 1990 ac-

116 1999 340 2039 quiescentem
373 2000 405 2030 in
438 1998 526 2038 Deo,
558 2001 591 2031 in
624 2001 671 2031 eis
700 2001 874 2039 accendat,
908 2000 1015 2042 qualis
1039 2006 1091 2032 est

115 2041 199 2082 ipse,
232 2042 317 2073 sicut
349 2042 380 2073 2.
399 2041 539 2074 Timoth.
573 2042 601 2074 1.
635 2053 793 2084 expresse
826 2044 985 2085 scriptum
1019 2050 1090 2075 est:

115 2083 189 2114 Non
224 2084 313 2115 dedit
339 2085 434 2116 nobis
458 2085 607 2125 spiritum
628 2086 825 2124 timiditatis,
861 2087 922 2118 sed
944 2087 1088 2126 roboris,

117 2125 301 2158 dilectionis
325 2127 398 2165 Dei,
416 2133 449 2158 et
471 2127 729 2160 castificationis.

203 2168 273 2200 Has
296 2170 536 2211 descriptiones
559 2177 689 2212 oportet
717 2171 971 2204 familiarissime
993 2178 1089 2204 notas

119 2220 196 2243 esse
231 2213 400 2250 omnibus,
424 2222 486 2244 nec
516 2212 693 2245 Christiani
723 2216 854 2246 nomine
882 2215 1001 2257 dignus
1025 2221 1088 2254 est,

117 2254 172 2295 qui
195 2252 250 2286 vel
272 2255 403 2296 ignorat
426 2256 500 2294 ista,
523 2255 577 2287 vel
596 2258 783 2289 contemnit.
829 2258 899 2290 Nec
929 2257 1018 2290 aliud
1041 2264 1091 2290 est

117 2294 262 2328 officium
275 2298 461 2329 docentium
483 2299 514 2329 in
528 2297 681 2331 Ecclesia
703 2306 736 2332 et
757 2299 882 2332 scholis
906 2303 1012 2344 magis
1035 2312 1091 2333 ue-

117 2340 311 2378 cessarium,
335 2350 432 2381 quani
455 2351 557 2381 saepe
575 2349 736 2383 repetere,
771 2350 804 2375 et
826 2342 993 2376 inculcare
1016 2345 1092 2383 ista,

117 2389 153 2414 ut
177 2390 394 2414 conservetur
417 2383 566 2415 doctrina
600 2383 694 2416 huius
727 2386 876 2424 articuli,
907 2388 962 2428 qui
985 2393 1037 2418 est
1058 2387 1092 2418 in

117 2423 270 2457 Ecclesia
291 2427 416 2467 primus
439 2433 468 2458 et
492 2428 706 2468 praecipuuS,
739 2435 770 2460 et
798 2429 957 2461 discernit
978 2429 1092 2462 Eccle-

120 2468 202 2499 siam
225 2469 266 2499 ab
291 2469 441 2500 omnibus
465 2468 538 2501 aliis
561 2470 715 2511 gentibus
737 2477 770 2502 et
792 2474 904 2504 sectis.

205 2509 278 2542 Sint
300 2518 409 2543 autem
432 2513 464 2543 in
485 2519 667 2554 conspectu
690 2513 874 2546 testimonia
897 2516 990 2547 vocis
1014 2516 1093 2547 divi-

118 2563 193 2591 nae,
218 2552 303 2588 Quia
326 2555 477 2586 doctrina
500 2556 564 2586 ista
587 2566 654 2586 non
676 2562 728 2587 est
757 2558 914 2599 cogitatio
936 2558 1093 2590 humana:

118 2596 180 2628 sed
201 2601 340 2638 accepta
361 2606 402 2629 ex
423 2596 681 2631 revelationibus
705 2599 833 2632 divinis.

1140 244 1218 275 mini
1240 241 1298 275 ulli
1320 252 1428 285 neque
1449 243 1570 285 angelo
1590 247 1781 278 crederetur
1803 247 1844 277 de
1867 252 1957 278 tanta
1978 257 2026 285 re,
2049 247 2115 278 nisi

1141 285 1234 318 Deus
1258 295 1295 317 se
1316 286 1362 317 ita
1384 284 1607 327 patefecisset.
1637 288 1715 320 Ideo
1738 294 1911 321 teneantur
1934 290 2037 321 verba
2055 299 2113 327 nq-

1141 330 1202 360 stri
1229 328 1401 370 Baptismi,
1434 334 1467 360 et
1494 328 1672 371 patefactio
1706 333 1802 364 trium
1834 341 2052 373 personarum
2080 332 2114 363 in

1140 371 1311 413 Baptismo
1336 369 1457 402 Christi
1480 373 1524 403 ad
1545 372 1728 406 Iordanem,
1792 374 1888 406 Nunc
1918 384 1998 406 vero
2020 384 2114 416 prae-

1142 415 1237 455 cipue
1259 415 1387 457 agimus
1411 414 1452 445 de
1475 416 1622 447 secunda
1639 426 1783 457 persona
1805 416 2006 448 Divinitatis.

1226 457 1318 489 Haec
1336 466 1481 498 persona
1504 467 1691 500 quanquam
1714 466 1805 491 certo
1829 466 1976 501 tempore
2006 460 2114 493 nasci·

1141 506 1194 532 tur
1212 510 1252 532 ex
1275 500 1415 543 virgine,
1449 505 1558 531 tamen
1581 508 1632 532 est
1653 500 1742 533 filius
1765 504 1889 534 aeterni
1911 503 2027 544 patris,
2058 513 2116 545 ge-

1139 544 1228 575 nitus
1263 552 1304 574 ex
1337 543 1408 575 eius
1441 543 1636 575 substantia.
1702 544 1777 576 Non
1800 552 1851 576 est
1880 547 1965 577 enim
1987 545 2116 586 ἀδελφός

1140 586 1257 629 patris,
1281 585 1368 617 sicut
1390 591 1483 617 recte
1508 586 1611 628 iuquit
1636 586 1801 619 Basilius:
1835 589 1935 620 Pater
1968 594 2000 620 e!
2028 591 2117 628 filins

1141 639 1203 660 non
1225 633 1302 661 sunt
1321 630 1384 660 duo
1406 627 1532 669 ἀδελφά.
1599 629 1635 661 Si
1664 640 1731 661 non
1754 635 1846 661 esset
1868 641 1907 661 ex
1931 631 2117 663 substantia

1140 671 1245 712 patris
1269 671 1412 713 genituS,
1434 678 1502 702 tum
1524 678 1615 703 esset
1633 671 1774 713 ἀδελφός.
1804 673 1928 704 Verum
1952 675 2118 715 scriptura

1141 724 1203 744 nos
1223 714 1331 752 docet,
1355 714 1444 755 quod
1467 712 1556 745 filius
1579 715 1621 746 de
1643 716 1746 756 patris
1770 717 1916 747 essentia
1944 723 2041 748 natus
2064 717 2116 749 sit.

1141 757 1215 788 Fuit
1248 757 1347 798 igitur
1380 756 1481 794 filius,
1517 763 1692 799 antequam
1725 765 1911 790 assumeret
1941 757 2118 791 humanam

1141 805 1304 831 naturam.
1334 801 1400 831 Iam
1422 808 1514 838 vere,
1537 807 1713 842 postquam
1733 807 1829 833 natus
1853 808 1904 833 est
1926 811 1967 833 ex
1990 802 2118 843 virgine

1141 841 1259 880 Malia,
1281 847 1360 873 sunt
1381 842 1415 873 in
1438 840 1570 874 Christo
1593 849 1732 878 naturae
1755 845 1854 876 duae:
1878 843 2011 883 Divina,
2033 854 2119 886 quae

1142 890 1194 916 est
1213 884 1297 924 λόγος
1319 889 1352 916 et
1375 883 1478 924 εἰκών,
1512 887 1650 917 verbum
1673 893 1705 917 et
1726 888 1836 929 imago
1855 888 1979 919 aeterni
1997 888 2116 928 patris:

1141 926 1184 958 Et
1206 927 1371 965 Humana,
1393 934 1565 969 assumpta
1587 938 1628 960 ex
1650 930 1787 971 virgine.

1229 969 1467 1002 Consideretur
1499 978 1609 1003 autem
1641 973 1725 1003 ratio
1765 972 2031 1013 appellationum.
2087 972 2120 1004 A

1141 1012 1264 1044 Ioanne
1287 1013 1405 1044 dicitur
1427 1013 1523 1053 λόγος,
1543 1024 1564 1046 a
1585 1013 1691 1046 Paulo
1714 1015 1813 1046 εἰκών.
1859 1016 1951 1047 Haec
1974 1016 2037 1047 duo
2061 1025 2118 1047 vo-

1143 1054 1262 1087 cabula
1292 1054 1463 1087 declarant
1485 1065 1523 1088 se
1552 1063 1674 1089 mutuo.
1719 1058 1797 1090 Ideo
1821 1059 1908 1089 enim
1930 1059 1979 1091 sic
2002 1058 2120 1090 dicitur

1141 1104 1296 1139 respectu
1318 1099 1432 1140 patris,
1456 1099 1533 1140 quia
1555 1101 1703 1133 nascitur
1726 1102 1926 1143 cogitatione
1947 1101 2049 1143 patris
2072 1101 2119 1132 in-

1139 1141 1262 1172 tuentis
1284 1146 1390 1172 semet
1411 1142 1530 1182 ipsum,
1561 1149 1594 1174 et
1627 1150 1678 1175 est
1701 1145 1809 1186 imago
1833 1144 1961 1186 integra
1984 1150 2016 1176 et
2038 1144 2116 1176 sub-

1139 1183 1317 1222 stantialis,
1339 1185 1464 1216 aeterni
1486 1187 1599 1226 patris.

1227 1227 1358 1258 Scimus
1393 1228 1426 1258 in
1459 1228 1557 1259 nobis
1591 1239 1724 1271 quoque
1758 1230 1958 1271 cogitatione
1981 1228 2117 1261 formari

1139 1270 1309 1312 imagines.
1355 1270 1424 1302 Sed
1446 1270 1510 1303 hae
1533 1272 1693 1314 imagines
1713 1279 1789 1303 sunt
1809 1278 2061 1311 evanescenteS,
2085 1278 2118 1304 ct

1140 1319 1218 1344 sunt
1239 1312 1433 1345 accidentia.
1500 1312 1562 1345 llla
1578 1325 1660 1346 vero
1679 1316 1789 1358 imago
1812 1316 1932 1356 patriS,
1962 1325 2046 1357 quae
2065 1321 2118 1347 est

1138 1354 1241 1394 filius,
1265 1361 1318 1387 est
1336 1355 1529 1396 ὑφιςταμένη,
1553 1367 1616 1389 nec
1639 1363 1691 1391 est
1713 1367 1920 1390 evanescens
1945 1359 2113 1400 quiddam:

1140 1397 1182 1430 Et
1205 1399 1254 1432 sic
1276 1399 1321 1430 ad
1342 1399 1444 1430 Hebr.
1471 1400 1606 1439 dicitur,
1637 1401 1727 1442 quod
1750 1399 1837 1433 filius
1856 1402 1899 1433 sit
1921 1401 2117 1441 ἀπαύγασμα,

1141 1442 1235 1482 quasi
1259 1441 1351 1473 dicas
1366 1440 1490 1484 fulgor,
1514 1443 1568 1484 qui
1583 1449 1635 1475 est
1658 1443 1718 1474 ἀπὸ
1742 1443 1833 1484 αὐγῆς
1855 1446 1922 1481 τοῦς
1940 1444 2062 1486 πατρὸς,
2085 1445 2120 1475 id

1141 1489 1205 1522 est,
1227 1483 1388 1525 splendor
1411 1484 1572 1517 claritatis
1595 1492 1629 1517 et
1646 1485 1730 1518 lucis
1752 1493 1922 1528 paternae,
1946 1494 1977 1518 et
2003 1489 2117 1519 eliam-

1140 1531 1216 1566 (τεν,
1235 1528 1268 1558 id
1292 1533 1355 1565 est,
1378 1525 1505 1569 effigies
1528 1529 1736 1561 substantiae
1753 1531 1867 1571 patris.

1226 1570 1381 1601 Nondum
1401 1571 1537 1602 dicimus
1560 1572 1593 1602 in
1616 1570 1680 1603 hac
1699 1573 1906 1605 enarratione
1940 1574 1981 1604 de
2004 1571 2117 1605 officio

1141 1611 1210 1643 filii:
1235 1612 1287 1644 De
1306 1623 1372 1654 quo
1397 1624 1459 1645 suo
1481 1612 1558 1646 loco
1583 1621 1674 1646 recte
1696 1615 1759 1646 dici
1782 1621 1909 1656 potest,
1945 1617 2033 1658 quod
2061 1627 2119 1647 no-

1140 1656 1280 1687 minetur
1303 1656 1401 1687 etiam
1423 1662 1578 1697 respectu
1601 1658 1724 1696 nostri,
1747 1658 1832 1696 λίγος
1855 1664 1887 1690 ct
1910 1659 2032 1701 imagO.
2077 1659 2119 1690 Et

1141 1698 1270 1740 quidem
1292 1699 1398 1741 magis
1422 1705 1499 1730 tunc
1522 1698 1719 1732 dulcescunt
1747 1701 1842 1732 nobis
1866 1702 1951 1732 istae
1974 1700 2120 1743 appella-

1141 1743 1259 1781 tioneS‚
1283 1752 1357 1772 cum
1379 1742 1594 1783 agnoscimus
1606 1741 1708 1774 filium
1727 1753 1802 1775 esse
1820 1754 1997 1784 personam
2020 1743 2121 1783 illam,

1142 1794 1226 1825 quae
1266 1782 1446 1825 alloquitur
1483 1784 1672 1818 Ecclesiam
1712 1787 1864 1818 omnibus
1905 1788 2118 1827 temporibus

1141 1825 1281 1859 Protulit
1303 1827 1393 1858 initio
1418 1838 1458 1859 ex
1481 1829 1556 1859 sinu
1577 1830 1682 1870 patris
1700 1830 1883 1861 mirandum
1905 1829 1984 1862 illud
2008 1831 2121 1862 decre-

1141 1876 1208 1901 tum
1232 1871 1273 1901 de
1295 1872 1503 1911 reparatione
1524 1871 1703 1910 hominum,
1727 1878 1759 1903 et
1776 1879 1893 1913 postea
1911 1883 2043 1914 semper
2066 1874 2122 1905 ad-

1142 1919 1194 1944 est
1216 1911 1408 1952 Ecclesiae,
1442 1921 1620 1946 conservat
1641 1915 1872 1954 ministerium,
1907 1921 1939 1947 et
1961 1926 2020 1957 per
2042 1915 2123 1948 illud

1142 1962 1194 1987 est
1217 1954 1347 1987 efficax.

1229 1998 1320 2030 Haec
1343 2005 1395 2030 est
1417 1998 1514 2031 valde
1538 1998 1643 2032 dulcis
1662 2002 1826 2033 enarratio
1846 2000 1998 2033 vocabuli
2023 2002 2118 2041 λόγος,

1143 2043 1230 2074 sicut
1263 2042 1361 2073 etiam
1394 2043 1482 2073 εἰκών
1517 2053 1577 2074 seu
1614 2043 1721 2085 imago
1745 2051 1795 2075 est
1825 2045 1930 2075 nostri
1954 2051 2120 2085 respectu,

1142 2086 1219 2127 quia
1241 2095 1321 2116 vere
1343 2086 1440 2117 nobis
1464 2086 1608 2117 ostendit
1630 2093 1768 2126 patrem.
1797 2087 1873 2118 Non
1897 2093 1947 2118 est
1964 2088 2121 2120 voluntas

1141 2127 1206 2159 alia
1224 2128 1340 2169 patris,
1364 2139 1461 2170 quam
1478 2125 1571 2160 'sicut
1596 2128 1682 2161 filius
1707 2139 1780 2161 eam
1804 2131 1957 2168 ostendit,
1983 2138 2018 2161 ut.
2043 2131 2121 2162 diei-

1142 2177 1211 2203 tur:
1245 2173 1344 2203 Nemo
1379 2176 1465 2204 not-ic
1492 2177 1622 2213 patrem
1656 2176 1721 2205 nise*
1739 2175 1834 2213 silius,
1863 2178 1894 2205 el
1915 2177 1967 2204 cui
1990 2176 2124 2206 coluerit

1139 2216 1226 2254 filius
1248 2217 1401 2246 revelare.

1229 2256 1400 2289 Pertinent
1422 2263 1531 2289 autem
1554 2257 1637 2290 haec
1656 2259 1698 2290 ad
1717 2257 1860 2289 officium
1883 2257 1966 2290 Filii.
2007 2259 2123 2302 Neque

1143 2306 1252 2332 tamen
1285 2301 1377 2342 prior
1413 2302 1578 2332 enarratio
1612 2300 1681 2339 illa,
1715 2312 1773 2333 cur
1803 2301 1905 2333 Filius
1936 2303 2122 2334 nominetur

1144 2343 1228 2383 λόγος
1250 2349 1282 2374 et
1305 2343 1392 2375 εἰκών
1415 2350 1570 2385 respectu
1592 2345 1695 2385 patris
1718 2345 1929 2385 aspernanda
1952 2352 2018 2377 est:
2038 2346 2123 2381 Quia

1146 2392 1308 2427 monstrat
1338 2387 1486 2418 ordinem
1520 2397 1754 2428 personarum,
1789 2387 1840 2418 Ac
1877 2388 1990 2427 docet,
2021 2387 2122 2420 filiuni

1146 2439 1223 2460 esse
1241 2430 1378 2461 verbum
1402 2436 1433 2461 et
1456 2430 1629 2472 imaginem
1648 2430 1772 2471 patris,
1808 2430 1933 2461 etiamsi
1957 2442 2123 2473 nunquam

1145 2472 1298 2504 conditus
1321 2479 1411 2504 esset
1432 2472 1486 2505 hic
1509 2473 1661 2504 mundus.
1723 2474 1798 2504 Ideo
1828 2480 1959 2505 veteres
1983 2475 2122 2515 scripto-

1147 2525 1201 2546 res
1226 2515 1345 2547 Graeci
1368 2526 1409 2547 ac
1431 2515 1538 2547 Latini
1562 2514 1735 2556 plurimum
1758 2515 1809 2547 usi
1834 2523 1911 2548 sunt
1932 2516 1996 2548 hac
2019 2516 2121 2558 expli-

1148 2558 1277 2589 catione
1311 2557 1549 2590 vocabulorum
1573 2566 1728 2599 respectu
1753 2559 1873 2600 patris,
1905 2566 1940 2591 ut
1965 2567 2015 2591 est
2034 2560 2122 2602 apud

899 2600 1014 2643 Neque
1037 2602 1094 2634 ho·
1120 2610 1124 2640 1
1147 2599 1317 2640 Basilium,
1341 2601 1597 2639 Nazianzenum,
1621 2602 1853 2644 Augustinum,
1875 2608 1908 2635 et
1929 2601 2023 2635 alios.
