2324 2958
73 170 135 207 461

72 275 143 297 rem
165 271 197 296 et
221 266 488 296 conservatorem
513 260 645 303 generis
668 259 818 298 humani,
853 265 885 290 et
913 264 1050 290 naturae

73 309 265 341 universae:
299 302 489 336 Gloriantur
512 313 550 334 se
574 301 687 335 colere
709 301 791 334 illud
810 312 930 333 nomen
951 302 1051 333 omni-

73 357 210 393 potens:
244 348 304 380 sed
334 347 480 379 tribuunt
509 345 565 388 illa
595 355 681 388 quae
710 351 787 377 sunt
818 346 951 386 propria
981 345 1051 376 veri

72 394 156 432 Dei,
179 401 261 425 suae
280 389 515 433 imaginationi.
559 388 654 421 Deus
677 386 748 420 v‘ult
771 388 820 420 sic
845 388 997 430 agnosci,
1022 394 1053 419 et

75 435 266 475 coli‚'sicut
287 443 325 465 se
346 432 518 475 patefecit,
546 442 613 464 non
636 430 710 464 vult
731 441 810 463 suas
834 431 1053 473 proprietates

51 480 173 519 ¹tribui
206 477 263 510 ulli
297 477 517 508 commentitio
548 475 688 513 numini,
723 473 820 516 quale
851 484 967 505 revera
991 478 1054 511 est,

74 522 163 566 quod
189 521 288 553 Turci
321 519 466 561 fingunt,
502 529 539 551 se
563 516 675 551 colere
704 517 812 549 Deum
848 517 1052 549 conditorem

74 564 159 598 coeli
182 569 214 596 et
237 569 357 601 terrae,
381 563 640 604 omnipotentem
663 566 696 593 et
719 558 961 602 opitulatorem,
981 571 1054 592 cum

72 611 268 641 execrentur
289 606 410 644 Deum,
434 612 561 648 patrem
579 604 714 636 Domini
737 604 842 635 nostri
865 603 940 635 Iesu
960 602 1054 635 Chri-

71 651 129 682 sti:
157 655 279 692 negent
303 648 471 681 Christum
496 659 572 680 esse
601 647 704 680 filium
726 645 806 679 Dei:
836 654 957 689 negent
983 646 1055 689 Spi-

59 694 168 726 ‘ritum
190 699 343 724 sanctum
367 702 442 724 esse
465 691 576 724 Deum
599 701 673 723 cum
695 696 791 733 patre
815 696 846 721 et
870 690 949 722 filio.

157 736 206 768 lta
229 737 348 767 videtis
372 734 593 777 significatum
618 744 694 766 esse
718 734 750 765 in
773 734 838 765 ista
861 734 1054 772 tentatione,

70 780 160 856 pauod
184 790 307 822 regna,
332 779 490 820 potentia,
515 788 614 820 opes,
637 776 846 809 stabiliantur
869 787 928 819 per
951 774 1055 808 idolo-

104 823 194 855 trias

159 864 348 897 Dolendum
378 869 429 896 est
458 870 583 902 autem,
618 862 736 895 similia
760 863 831 895 fieri
854 864 886 895 in
911 862 1054 905 negotiis

71 909 219 952 privatis
266 907 431 940 Diabolus
461 917 546 950 quos
577 917 643 939 non
671 913 784 948 potest
815 913 966 938 evertere
996 916 1056 947 per

72 957 268 995 egestatem,
291 957 347 983 aut
370 961 430 993 per
452 951 701 982 admirationem
727 951 889 982 donorum
907 960 1056 987 suorum,

72 1005 132 1028 eos
167 995 285 1027 evertit
320 1004 421 1035 saepe
456 994 650 1026 monstratis
685 992 886 1031 honoribus,
923 992 1056 1030 divitiis,

72 1038 253 1080 splendore
275 1036 371 1069 huius
392 1037 519 1074 mnndi;
538 1037 747 1079 persuadens
767 1037 827 1075 eis,
848 1041 882 1068 ut
905 1036 948 1067 ad
967 1037 1056 1068 bona

70 1080 129 1114 illa
152 1088 289 1113 externa
311 1080 532 1122 acquirenda,
568 1080 739 1123 augenda,
774 1080 966 1118 retinenda,
1001 1078 1057 1109 ad-

72 1125 210 1168 iungant
232 1135 271 1156 se
294 1125 444 1156 coetibus
468 1122 702 1162 idololatr-icis,
726 1123 838 1155 ineant
861 1123 1058 1154 societatem

73 1178 148 1200 cum
175 1167 304 1209 MagiS,
337 1174 437 1209 agant
460 1167 578 1198 iniuste
602 1178 677 1198 cum
701 1165 953 1198 defraudatione
977 1163 1057 1196 alio-

74 1222 164 1250 rum,
197 1211 353 1242 adiuvent
381 1210 553 1242 saevitiam
583 1215 814 1252 tyrannomm,
850 1207 1058 1240 dissimulent

74 1259 130 1287 aut
157 1254 312 1287 abiiciant
341 1251 588 1285 confessionem
616 1253 777 1285 veritatis.
829 1252 921 1284 Haec
950 1252 1057 1284 omnia

73 1298 151 1340 quid
173 1303 250 1330 sunt
271 1296 373 1336 aliud,
398 1307 495 1339 quam
519 1296 637 1328 intueri
661 1294 936 1339 magnificentiam
958 1295 1058 1327 hujus

72 1341 185 1373 mundi
208 1346 240 1372 et
263 1340 406 1372 adorare
430 1337 632 1372 Diabolum?

160 1382 244 1416 Cum
273 1382 350 1414 Dux
381 1383 546 1414 Saxoniae
577 1381 745 1424 Georgius
774 1381 838 1413 hac
868 1382 1059 1417 conditione

73 1425 210 1458 fratrem
234 1425 414 1457 Henricum
437 1430 469 1456 et
492 1426 563 1456 eius
587 1423 693 1463 filios,
723 1424 912 1457 Mauritium
937 1431 969 1456 et
992 1424 1059 1456 Au-

74 1475 206 1512 gustum
226 1473 426 1500 testamento
461 1465 596 1500 fecisset
629 1468 814 1506 haeredes,
848 1478 891 1499 ne
921 1468 998 1510 quid
1026 1467 1059 1499 in

72 1513 182 1544 forma
203 1510 374 1554 religionis
397 1515 576 1543 mutarent:
601 1510 724 1553 alioqui
748 1511 904 1542 ditionem
928 1521 1059 1542 omnem

74 1555 213 1587 Caesari
243 1562 274 1586 et
304 1554 515 1585 ferdinando
544 1553 630 1595 Regi
659 1554 830 1597 legasset,
862 1555 890 1584 si
915 1553 1058 1586 conditio

72 1595 130 1629 illo
153 1607 219 1628 non
242 1596 448 1638 impleretur:
471 1597 564 1629 missi
587 1597 721 1629 fuerunt
741 1596 846 1639 legati
868 1597 911 1628 ad
930 1595 1060 1629 Ducem

72 1638 278 1684 Henricum,
310 1640 365 1682 qui
399 1649 472 1671 cum
501 1640 613 1676 ‚variis
648 1640 852 1682 argumentis
888 1645 1060 1672 uterentur

71 1683 295 1726 persuadendi
324 1683 394 1714 eius
423 1692 543 1721 causa,
573 1683 752 1724 praecipue
778 1688 887 1715 autem
915 1682 981 1714 hoc
1012 1683 1059 1714 di-

74 1732 198 1764 cerent‚
221 1725 360 1758 Multum
384 1735 461 1757 esse
483 1728 620 1767 paratae
642 1726 818 1768 pecuniae,
842 1725 980 1758 multum
1004 1736 1059 1757 ex-

75 1771 216 1812 quisitae
234 1767 463 1811 supellectilis,
483 1775 515 1800 et
541 1770 672 1812 argenti
695 1768 886 1811 plurimum3
911 1779 995 1811 quae
1018 1769 1060 1800 sit

75 1819 320 1846 consecuturus
345 1813 465 1850 onmia,
488 1813 588 1844 modo
612 1811 774 1845 voluntati
797 1810 909 1844 fratris
933 1823 1058 1844 morem

74 1863 179 1899 gerat.
224 1855 306 1888 Tum
335 1854 410 1887 Duc
440 1855 621 1887 Hemicus:
656 1856 814 1898 Legatio,
846 1856 966 1897 inquit,
996 1857 1058 1887 ista

74 1898 173 1941 plane
197 1899 275 1930 mihi
299 1905 526 1939 repraesentat
547 1897 648 1938 illud,
670 1900 710 1931 de
734 1909 800 1940 quo
825 1900 984 1940 scriptum
1008 1905 1058 1930 est

75 1944 109 1975 in
134 1943 240 1974 sacris
264 1941 387 1980 literis,
419 1951 493 1973 cum
521 1941 664 1974 Satanas.
688 1941 902 1984 polliceretur
924 1942 1057 1974 Christo

74 1987 176 2018 totius
207 1987 318 2017 mundi
348 1995 469 2027 regna,
503 1986 601 2016 modo
632 1986 857 2029 procumbens
888 1986 931 2017 ad
954 1986 1057 2028 pedes

75 2029 183 2071 ipsum
207 2029 371 2061 adoraret.
418 2028 486 2060 Sed
509 2038 575 2059 non
598 2035 673 2061 sunt
691 2030 779 2071 apud
799 2039 852 2061 me
871 2030 952 2060 tanti
970 2027 1059 2061 ullae

77 2082 176 2114 opeS,
205 2078 240 2104 ut
270 2083 382 2104 earum
415 2082 518 2103 causa
546 2070 644 2103 velim
667 2083 687 2104 a
709 2073 849 2104 veritate
872 2073 1002 2116 agnita,
1028 2078 1060 2104 et

77 2125 160 2157 pura
181 2114 344 2158 religione
368 2115 551 2146 discedere.

164 2157 237 2190 Hoc
260 2166 399 2199 accepto
423 2167 588 2200 responso
618 2168 691 2190 cum
712 2157 814 2201 legati
838 2159 1060 2197 discederent,

78 2207 255 2243 antequam
289 2203 420 2233 domum
455 2202 648 2240 rediissent,
682 2206 912 2244 cog-'noverunt
942 2204 1059 2234 ducem

80 2244 172 2277 Geor
197 2246 263 2277 ium
286 2246 411 2278 interea
437 2254 454 2276 e
478 2245 545 2275 vita
568 2245 768 2277 decessisse.

196 2289 318 2321 hristus
349 2288 401 2320 hic
434 2288 555 2326 iratus,
589 2288 685 2320 etiam
708 2300 773 2321 non
798 2287 867 2321 vult
890 2289 1061 2331 disputare

78 2331 221 2374 amplius
252 2343 325 2364 cum
358 2332 501 2370 Satana,
531 2331 590 2362 sed
622 2332 724 2374 abigit
747 2342 830 2364 eum.
886 2332 1061 2375 Significat

80 2385 153 2407 cum
188 2373 423 2407 defensoribus
456 2373 704 2407 manifestorum
739 2374 900 2408 idolorum
935 2376 1061 2408 frustra

81 2419 256 2460 disputari,
290 2426 322 2451 et
357 2429 434 2451 esse
469 2418 553 2450 tales
588 2416 782 2460 fugiendoS,
816 2425 849 2450 et
883 2429 957 2451 cum
987 2418 1060 2452 zelo

81 2461 243 2504 Spiritus,
266 2473 306 2494 ac
330 2462 554 2505 indignatione
578 2462 719 2503 quadam
743 2462 952 2494 reiiciendos.

757 164 975 200 POSTIJAEA
1002 162 1401 200 MELANTHONIANA.

2022 160 2085 193 462

1496 259 1687 301 Dedictox

1251 333 1421 365 Dominum
1445 333 1551 365 Deum
1575 338 1658 365 taum
1683 332 1855 371 adorabis,
1879 337 1938 364 etc.

1192 415 1279 448 Citat
1302 426 1381 447 vero
1404 410 1545 457 primum
1566 421 1780 457 praeceptum
1801 414 1981 458 Decalogi:
2016 414 2085 446 Do·

1105 461 1222 492 minum
1255 459 1359 493 Deum
1394 463 1478 490 tuum
1514 458 1685 498 adorabis,
1720 463 1749 489 et
1778 460 1841 490 soli
1868 459 1934 500 ipsi
1954 459 2085 493 servies.

1106 504 1142 545 ld
1160 508 1374 546 praeceptum
1395 502 1540 533 continet
1560 502 1657 533 etiam
1677 502 1859 533 doctrinam
1878 502 2088 543 superiorum

1106 547 1333 579 tentationum.
1387 545 1462 576 Non
1494 550 1545 576 est
1580 545 1666 575 enim
1697 545 1931 575 discedendum
1963 555 1983 576 a
2011 543 2087 576 Deo

1106 597 1195 622 metu
1215 589 1430 627 miseriarum,
1443 588 1504 619 sed
1521 588 1814 629 obtemperandum
1832 588 1861 618 ei
1880 594 1941 626 cst,
1961 587 2089 619 etiamsi

1108 633 1247 666 accedat
1280 637 1478 674 paupertas,
1512 632 1720 672 persecutio,
1753 636 1810 662 aut
1844 629 1927 661 aliae
1958 629 2089 661 calami-

1108 683 1205 709 tates.
1263 676 1299 708 Si
1333 685 1400 706 non
1434 680 1486 706 est
1518 674 1755 706 discedendum
1783 684 1803 704 a
1826 673 1988 704 mandatis
2013 674 2113 712 Dei,¹

1109 719 1218 762 aliqua
1242 719 1442 751 curiositate.
1489 716 1557 748 Sed
1580 715 1735 749 Christus
1760 717 1937 758 praecipue
1959 726 2089 748 accom-

1108 763 1219 794 modat
1249 763 1290 794 ad
1323 761 1577 803 imaginationes
1608 766 1639 792 et
1669 770 1749 802 spes
1772 760 1955 801 potentiae,
1979 770 2088 800 opum,

1109 816 1288 849 regnorum
1311 805 1409 837 huius
1433 804 1562 842 mundi,
1592 814 1732 845 quorum
1755 813 1857 835 causa
1883 801 2091 834 stabiliantur

1109 848 1331 887 idololatriae,
1364 858 1449 890 quae
1477 847 1642 878 interdum
1670 848 1715 878 ita
1742 853 1820 878 sunt
1843 847 2034 887 speciosae,
2057 852 2091 877 ut

1110 894 1339 925 existimentur
1361 901 1439 923 esse
1462 891 1571 922 iuveni
1596 890 1706 922 cultus
1729 889 1802 921 Dei.

1197 936 1289 968 Sicut
1317 934 1501 975 Imperator
1531 932 1671 965 Carolus
1703 935 1831 964 dixerat
1861 932 1905 963 ad
1928 931 2092 963 Comitem

1109 978 1322 1011 &Vilhelmum
1346 978 1548 1009 Nassoviae:
1589 977 1698 1008 fllz'ssa
1722 981 1769 1008 est
1793 986 1890 1007 meum
1913 985 1988 1007 cor:
2010 975 2092 1006 hanc

1108 1033 1170 1059 uon
1202 1023 1319 1063 patim·
1352 1021 1431 1052 mila·
1462 1021 1558 1062 eripi.
1604 1020 1645 1051 Et
1680 1018 1926 1051 Graux-ellanus
1962 1018 2093 1050 dicebat

1109 1065 1314 1098 Ratisbonae
1349 1065 1392 1096 ad
1426 1074 1495 1095 me:
1540 1063 1654 1095 Potius
1689 1064 1794 1094 omnia
1829 1072 1931 1103 refflza
1965 1072 2028 1093 sua
2061 1062 2093 1092 in

1110 1109 1282 1141 (Ιίεω-ἱνηεη
1311 1108 1435 1140 adduci
1457 1108 1605 1148 patietur
1627 1117 1715 1139 meus
1737 1106 1916 1143 Dominus,
1939 1114 2036 1147 quam
2058 1108 2093 1136 ut

1107 1153 1260 1194 potiatur
1283 1151 1425 1183 Elissam
1448 1151 1615 1182 uonu‘narz'
1635 1150 1868 1181 idololatriam.

1196 1195 1271 1227 Rex
1295 1193 1461 1232 Gallicus,
1485 1193 1668 1235 Anglicus,
1692 1191 1890 1230 polonicus,
1915 1197 1945 1222 et
1968 1189 2024 1222 alii
2048 1191 2093 1221 di-

1112 1246 1203 1271 cunt:
1239 1238 1379 1280 Oportet
1409 1248 1472 1269 nos
1502 1237 1649 1268 tolerare
1677 1237 1755 1267 xitia
1778 1244 1995 1278 quaecunque
2018 1240 2096 1265 sunt

1110 1284 1143 1314 in
1168 1281 1347 1324 religione;
1375 1281 1451 1323 quia
1474 1279 1680 1322 Respublica
1709 1281 1794 1311 bene
1825 1284 1876 1309 est
1901 1277 2094 1309 constituta:

1110 1325 1229 1368 Regna
1252 1331 1368 1356 nostra
1391 1329 1469 1355 sunt
1490 1325 1524 1355 in
1548 1321 1738 1365 tranquillo.
1785 1321 1821 1353 Si
1843 1319 1997 1354 volumus
2022 1330 2095 1351 cor-

1110 1369 1220 1411 rigere
1252 1367 1311 1400 illa
1344 1368 1440 1406 vitia,
1474 1372 1542 1399 tum
1577 1372 1673 1398 erunt
1707 1366 1850 1397 maiores
1881 1362 2095 1395 confusiones

1112 1412 1256 1444 omnium
1286 1421 1413 1443 rerum:
1460 1410 1494 1442 Si
1525 1409 1726 1443 mutabimus
1756 1407 1938 1451 potentiam
1959 1406 2096 1447 Episco-

1111 1465 1247 1496 porum,
1276 1453 1374 1486 aulae
1402 1459 1541 1486 nostrae
1568 1453 1804 1490 vastabantur,
1835 1451 1910 1493 quia
1939 1449 2097 1491 Episcopi

1113 1499 1299 1541 gubernant
1322 1495 1398 1528 illas
1421 1496 1526 1528 aulas.
1578 1495 1639 1527 Est
1662 1505 1766 1536 penes
1790 1492 1864 1526 illas
1889 1503 2016 1525 summa
2039 1503 2097 1535 po-

1112 1547 1228 1573 testas.
1275 1539 1312 1572 Si
1333 1540 1433 1581 igitur
1456 1541 1520 1571 ista
1542 1539 1759 1576 mutabimus,
1783 1543 1850 1570 tum
1874 1537 1978 1569 decus
2002 1535 2098 1578 regni

1111 1585 1236 1622 nostri,
1267 1590 1299 1615 et
1332 1582 1389 1614 illa
1411 1582 1646 1615 florentissima
1675 1581 1807 1623 species
1836 1581 2008 1612 interitura
2032 1585 2096 1617 est,

1111 1633 1145 1659 et
1168 1634 1278 1659 tamen
1302 1627 1437 1659 venient
1461 1625 1526 1658 alia
1548 1626 1673 1657 maiora
1697 1623 1794 1661 mala,

1198 1670 1271 1702 Hoc
1305 1676 1356 1701 est
1390 1669 1582 1711 speciosum
1615 1674 1844 1710 argumentum
1879 1666 1966 1707 apud
2005 1665 2097 1697 viros

1111 1712 1277 1754 politicos.
1339 1713 1408 1745 Sed
1442 1712 1551 1743 omnia
1584 1711 1649 1742 ista
1683 1711 1804 1742 debent
1840 1710 1959 1741 cedere
1992 1709 2098 1750 primo

1111 1762 1303 1798 praecepto.
1356 1755 1499 1791 Quando
1531 1754 1644 1797 agnita
1673 1759 1725 1785 est
1755 1751 1965 1791 idololatria,
1997 1752 2097 1783 debet

1112 1799 1183 1832 fieri
1207 1799 1352 1840 mutatio,
1376 1799 1449 1830 sive
1471 1803 1544 1830 ruat
1568 1797 1724 1836 mundus,
1747 1797 1818 1828 sive
1842 1795 1971 1828 coelum
1995 1801 2080 1827 ruat.

1199 1843 1418 1875 Continentur
1448 1847 1480 1873 et
1504 1839 1589 1873 aliae
1612 1839 1734 1873 multae
1759 1851 1800 1872 nc
1823 1850 1963 1882 magnae
1987 1848 2042 1870 res
2066 1838 2098 1869 in

1111 1887 1178 1920 hoc
1199 1887 1304 1919 dicto:
1355 1885 1527 1917 Dominum
1550 1884 1657 1923 Deum
1680 1889 1768 1915 tuum
1787 1883 1955 1916 adorabis.

1200 1930 1311 1966 Quare
1337 1929 1428 1969 dicit:
1475 1928 1640 1958 Dominum
1663 1927 1763 1957 Deum
1792 1927 1900 1958 cumn?
1943 1925 2006 1956 Cur
2028 1935 2098 1957 con-

1241 1975 1343 2013 z'zmffl't
1367 1970 1609 2012 appellationem
1631 1971 1696 2001 Dei
1718 1975 1749 2003 et
1771 1969 1921 2001 Domini?

1198 2016 1417 2058 Respondeo:
1453 2015 1608 2046 Dominus
1631 2015 1762 2046 additur
1785 2013 1999 2057 appellationi
2023 2011 2099 2051 Dei,

1111 2068 1146 2093 ut
1180 2061 1346 2092 discernat
1381 2070 1496 2091 verum
1528 2059 1640 2091 Deum
1672 2056 1874 2100 patefactum
1908 2058 1940 2088 in
1974 2056 2099 2099 populo

1112 2103 1228 2142 Israel,
1248 2105 1290 2135 ab
1312 2103 1464 2135 omnibus
1485 2102 1716 2134 commentitiis
1734 2102 1933 2134 numinibus.
1975 2102 2099 2132 Sacrae

1112 2147 1228 2180 literae
1263 2147 1410 2178 tribuunt
1444 2145 1519 2177 Deo
1550 2144 1721 2188 singulare
1751 2155 1872 2176 nomen
1900 2143 2031 2181 Iesum,
2063 2148 2100 2174 ut

1114 2192 1305 2224 discernant
1335 2200 1410 2222 eum
1440 2200 1459 2221 a
1490 2188 1566 2220 Diis
1598 2190 1752 2220 «rentium.
1805 2188 1883 2219 Ideo
1912 2186 2044 2218 additur
2067 2192 2099 2217 et

1113 2244 1296 2277 pronomen
1326 2233 1437 2267 Tuum,
1466 2238 1501 2264 ut
1530 2214 1696 2275 intelligas
1719 2231 1810 2263 illum
1833 2231 1961 2270 Deum,
1985 2230 2039 2272 qui
2062 2239 2100 2261 se

1114 2277 1270 2319 patelecit
1300 2277 1404 2309 verbo
1433 2273 1608 2308 manifesto
1640 2281 1676 2324 et,
1703 2274 1897 2307 testimoniis
1922 2272 2042 2305 divinis
2066 2273 2099 2304 in

1114 2322 1179 2353 hoc
1223 2319 1334 2363 opu10,
1354 2326 1386 2352 et
1410 2320 1465 2362 qui
1489 2319 1577 2354 dixit,
1600 2329 1637 2351 se
1661 2317 1747 2351 velle
1771 2327 1848 2349 esse
1871 2316 1977 2349 Deum
2002 2316 2099 2348 istius

1112 2376 1179 2408 pop
1218 2365 1238 2396 i.

1200 2415 1315 2454 Turci,
1347 2415 1457 2447 ludaei
1487 2421 1519 2446 et
1544 2423 1657 2445 omnes
1680 2412 1830 2455 reliquae
1852 2418 1968 2455 gentes
1992 2412 2099 2444 disce-

1115 2461 1195 2492 dunt
1217 2471 1237 2492 a
1260 2460 1364 2491 verbo
1389 2458 1468 2497 Dei,
1493 2464 1523 2490 et
1548 2468 1614 2489 non
1638 2467 1716 2488 vere
1739 2457 1909 2494 invocant,
1932 2457 2008 2497 quia
2032 2465 2099 2487 non

1114 2505 1159 2535 ita
1184 2504 1340 2534 invocant
1357 2501 1477 2539 Deum,
1498 2502 1581 2532 sicut
1602 2511 1638 2531 se
1657 2498 1824 2541 patefacit.
1869 2499 1942 2531 Nos
1965 2499 2099 2541 quando

1116 2556 1263 2584 oramus,
1282 2546 1440 2577 debemus
1461 2545 1619 2585 cogitare,
1640 2542 1740 2585 quem'
1760 2542 1870 2575 Deum
1893 2543 2098 2579 invocemus,

1117 2600 1234 2630 nempe
1269 2588 1363 2620 illum
1397 2587 1523 2624 Deum,
1558 2588 1613 2628 qui
1644 2597 1681 2618 se
1709 2584 1865 2628 patefecit
1891 2586 1923 2617 in
1947 2584 2100 2618 Ecclesia

1088 2623 1093 2675 Ι
1117 2635 1217 2665 certis
1241 2631 1454 2668 testimoniis,
1479 2631 1582 2662 misso
1606 2628 1706 2668 Filio,
1729 2637 1760 2661 et
1785 2631 1861 2662 data
1885 2639 1968 2661 voce
1991 2629 2100 2660 Evan-
