2324 2958
67 180 132 215 449

154 273 245 307 Alibi
267 271 439 312 Scriptura
462 269 585 311 passim
604 267 752 300 nominat
774 269 925 307 spiritum
948 269 1046 306 tmpu-

68 328 152 357 rum,
176 317 253 360 quia
274 312 456 347 delectatur
479 311 726 347 obscoenitate,
760 309 874 340 incitat
896 307 1046 340 homines

68 363 111 394 ad
133 362 279 393 incestas
302 362 336 389 et
358 362 472 397 turpes
496 354 665 390 libidines3
694 362 762 383 non
784 359 820 383 ut
842 351 905 392 ipsi
928 350 1046 382 melius

69 406 124 443 sit,
146 403 206 436 sed
228 407 264 433 ut
286 398 389 432 multa
413 398 493 429 fiant
517 396 681 429 contraria
703 394 790 426 Deo.
857 395 928 425 Scit
961 395 1046 425 enim

68 443 270 479 horribiliter
300 442 375 474 Deo
411 439 585 483 displicere
614 439 778 470 libidines.
833 437 905 469 Nec
939 435 1046 468 solum

67 488 196 523 Ethnici
229 485 319 524 olim,
353 485 414 516 sed
449 485 546 516 etiam
568 482 724 523 Papistae
747 480 902 512 fascinati
925 490 946 511 a
967 479 1046 511 Dia-

68 532 159 571 bolo,
180 531 382 563 miscuerunt
406 526 506 559 multa
531 527 701 558 obscoena
725 523 888 566 religioni.

153 573 226 605 Fuit
249 569 412 604 sacellum
435 580 500 601 non
520 567 638 611 procul
657 578 676 599 a
689 567 815 609 Torga,
840 566 932 598 cuius
945 576 1048 604 aram,

69 619 97 650 si
120 616 278 660 gravidae
299 615 407 646 nudae
431 613 654 649 circumirent,
675 616 846 653 gestantes
859 619 982 651 agnum
1006 619 1048 640 ex

68 671 145 692 cera
178 657 319 696 sactum,
354 663 387 689 et
423 660 672 692 consecratum,
713 653 965 694 promittebatur
999 653 1048 683 eis

65 709 181 746 partus
204 700 345 733 felicior.
375 700 411 731 ln
430 697 558 732 sacello
576 698 710 729 stabant
728 701 937 738 spectatores
961 693 1048 727 illius

65 745 287 788 turpitudinis.

151 787 241 820 Talis
265 793 316 818 est
340 788 419 827 erg'o
431 782 608 822 Diabolus,
632 789 668 815 ut
689 781 838 814 horribili
862 782 938 813 odio
962 780 1047 813 sera-

65 839 119 864 tur
151 832 314 863 adversus
348 827 467 866 Deum,
503 833 534 859 et
569 827 732 858 adversus
761 835 836 863 nos,
871 823 989 856 saltem
1010 830 1048 855 ut

64 874 139 907 Deo
163 884 266 916 aegre
289 873 400 904 faciat.
468 870 552 902 Huic
576 870 711 911 opponit
734 879 772 900 se
794 867 881 899 filius
905 867 979 906 Dei,
1015 868 1047 898 in

65 929 131 960 quo
165 924 217 949 est
250 915 396 957 potentia
431 915 552 951 divina,
583 922 668 954 quae
702 913 733 943 in
767 912 831 942 isto
855 911 986 942 homine
1010 920 1048 941 se

65 961 210 993 ostendit
244 966 276 991 et
310 957 473 989 exhibuit:
509 957 586 998 quia
609 955 691 987 baec
721 964 877 996 persona,
899 954 992 985 Deus
1016 959 1048 985 et

64 1004 165 1036 homo
188 1003 289 1035 vincit
313 1002 410 1032 istum
435 1005 642 1041 serpentem,
678 1004 710 1030 et
733 998 865 1040 quidem
889 1008 954 1028 non
978 1003 1048 1028 tan-

65 1053 133 1079 tum
156 1047 188 1078 in
213 1056 274 1077 sua
296 1054 441 1086 persona
463 1044 576 1080 vincit,
600 1043 659 1073 sed
683 1042 778 1072 etiam
798 1042 830 1071 in
854 1041 924 1071 suis
947 1050 1048 1072 mem-

64 1091 145 1122 bris.
169 1089 242 1121 Nos
265 1088 448 1130 pendemus
472 1086 566 1128 quasi
590 1086 631 1117 de
655 1083 744 1116 collo
767 1082 824 1114 filii
843 1082 907 1114 Dei
929 1084 962 1115 in
985 1084 1049 1114 ista

65 1138 195 1171 natura,
231 1141 330 1174 quam
363 1130 557 1170 assumpsit:
592 1128 667 1169 lpse
701 1136 764 1158 nos
801 1127 865 1157 sibi
899 1127 1049 1169 adiungit

66 1181 230 1218 tamquam
264 1175 423 1212 membra,
458 1178 491 1204 et
513 1177 625 1214 gestat
647 1180 720 1202 nos.
788 1168 869 1201 Vult
892 1180 955 1201 nos
980 1180 1048 1201 ser-

67 1229 146 1251 vare
168 1224 200 1250 et
221 1217 410 1255 defendere,
435 1222 467 1247 et
490 1219 603 1246 servat
624 1212 825 1245 mirabiliter.

152 1260 344 1304 Cogitemus
365 1257 553 1291 Ecclesiam
566 1258 709 1289 omnium
721 1262 915 1297 temporum.
941 1255 1048 1292 Quam

66 1303 159 1337 nulla
182 1309 259 1337 sunt
282 1303 377 1335 firma
394 1302 562 1343 praesidia
584 1300 750 1332 humana?
773 1300 838 1331 imo
863 1299 1048 1342 cogitemus

66 1346 215 1390 singulas
249 1345 403 1384 familias,
433 1344 601 1387 quomodo
625 1344 698 1375 sine
720 1341 915 1374 defensione
937 1342 1048 1374 huma-

64 1401 120 1429 na,
143 1396 252 1422 tamen
271 1394 448 1420 serventur
470 1398 490 1419 a
513 1386 581 1417 filio
604 1385 669 1418 Dei
690 1386 778 1417 inter
799 1385 977 1418 horribiles
1001 1386 1049 1417 in-

67 1433 183 1470 sidias,
206 1441 290 1474 quas
314 1432 362 1463 eis
386 1431 481 1462 struit
504 1428 679 1461 Diabolus.

152 1475 392 1517 Unusquisque
426 1473 633 1510 consideret,
668 1481 753 1513 quae
787 1471 849 1502 sibi
883 1471 1047 1502 accidant.

66 1520 146 1561 Agit
180 1517 246 1550 hoc
279 1515 456 1555 Diabolus,
491 1521 526 1547 ut
558 1514 687 1557 infligat
713 1513 904 1546 unicuilibet
928 1513 1048 1546 vulnus

65 1561 213 1603 aliquod,
239 1566 271 1591 et
295 1565 436 1591 conatur
459 1568 521 1590 nos
545 1556 691 1590 avellere
713 1568 733 1588 a
756 1556 841 1588 Deo.
866 1558 930 1590 Sed
952 1564 1047 1589 sanat

65 1613 128 1635 nos
153 1602 242 1634 filius
265 1601 341 1640 Dei,
365 1602 408 1632 ad
432 1612 528 1642 quem
558 1602 601 1632 sit
624 1602 749 1632 directa
776 1601 911 1632 assidue
932 1611 1049 1642 preca-

67 1647 130 1683 ti03
155 1652 188 1677 et
212 1645 245 1677 in
257 1645 333 1683 hac,
358 1654 431 1676 cum
445 1644 698 1676 consideramus
717 1642 885 1681 malitiam,
909 1650 941 1675 et
958 1649 1049 1675 astu-

65 1690 143 1722 tiam
167 1686 315 1726 Diaboli,
337 1693 509 1720 teneamus
533 1686 621 1717 hanc
655 1685 938 1725 consolationem,
973 1687 1049 1728 quia

64 1730 230 1765 Diabolus
253 1731 330 1763 odio
353 1730 428 1768 Dei,
453 1735 484 1761 et
506 1728 578 1760 Filii
601 1730 684 1768 eius,
709 1740 772 1760 nos
792 1730 876 1769 odit5
901 1729 1048 1761 confida-

65 1786 152 1814 mus,
178 1775 266 1817 quod
290 1784 330 1806 eo
353 1773 460 1816 magis
485 1772 586 1804 Filius
610 1772 674 1804 Dei
696 1771 776 1803 velit
798 1783 860 1804 nos
884 1778 1048 1804 sustenta-

65 1829 114 1858 re,
138 1819 215 1861 quia
237 1818 301 1849 scit
324 1827 387 1848 nos
411 1817 578 1848 sustinere
600 1814 748 1857 pericula
770 1822 907 1857 propter
929 1817 1047 1858 ipsum.

153 1861 224 1893 Nec
248 1861 381 1892 dubium
400 1866 463 1898 est,
485 1864 662 1901 propterea
674 1860 843 1891 misertum
856 1869 933 1891 esse
945 1859 1048 1890 filium

65 1905 131 1938 Dei
153 1905 331 1946 primorum
356 1903 535 1940 hominum,
559 1908 591 1933 et
614 1903 784 1944 recepisse
806 1912 912 1945 genus
935 1902 1048 1934 huma-

65 1959 156 1986 num,
191 1948 267 1989 quia
291 1944 457 1977 Diabolus
481 1946 557 1977 odio
581 1944 644 1977 Dei
667 1945 732 1977 hoc
757 1951 881 1988 egerat,
916 1952 949 1977 ut
974 1956 1047 1986 per-

68 1993 161 2023 deret
194 1991 289 2021 istam
319 1990 474 2021 miseram
509 1998 653 2020 massam
693 1995 832 2021 naturae
870 1988 1046 2027 humanae,

68 2044 165 2077 quam
187 2034 322 2065 videbat
341 2038 513 2072 tantopere
537 2030 627 2073 diligi
646 2042 665 2063 a
688 2031 774 2064 Deo.

154 2075 333 2108 Plurimum
369 2075 521 2107 differunt
553 2081 725 2115 peccatum
751 2075 847 2107 Adae
875 2081 906 2107 et
928 2085 1047 2117 pecca-

66 2127 135 2153 tum
158 2119 303 2151 Diaboli.
351 2119 445 2150 Adae
468 2124 653 2159 peccatum,
677 2129 875 2160 quamquam
898 2125 950 2150 est
972 2118 1048 2150 hor-

67 2162 174 2202 ribile,
203 2169 311 2194 tamen
348 2168 397 2194 est
433 2159 591 2193 dissimile
614 2168 752 2203 peccato
776 2160 920 2194 Diaboli.
987 2161 1048 2192 Est

68 2207 199 2249 quidem
224 2212 342 2237 contra
366 2206 616 2242 conscientiam,
639 2211 671 2236 et
694 2211 745 2236 est
768 2210 905 2244 tantum,
930 2211 965 2236 ut
990 2205 1046 2236 ho-

67 2262 121 2282 mo
144 2255 218 2281 ruat
241 2255 417 2291 propterea
441 2249 472 2280 in
495 2254 647 2286 mortem,
681 2254 714 2279 et
735 2247 898 2280 avellatur
920 2259 941 2280 a
962 2247 1048 2287 Deo,

69 2294 129 2326 sed
151 2299 261 2324 tamen
284 2298 336 2324 est
359 2298 532 2333 peccatum
555 2291 759 2323 infirmitatis.
806 2290 968 2323 Diabolus
993 2302 1047 2323 ve

67 2347 105 2368 ro
129 2342 247 2377 peccat
268 2342 408 2377 peccato
430 2334 666 2376 blasphemiae,
691 2335 779 2376 quod
802 2340 854 2366 est
876 2335 1049 2367 irremissi-

67 2378 143 2411 bile.
167 2379 242 2421 lpse
264 2377 399 2421 impellit
423 2379 529 2410 Adam
553 2384 582 2409 et
607 2376 722 2416 Evam,
742 2378 817 2420 quia
840 2378 908 2409 odit
930 2377 1048 2410 Deum.

156 2422 235 2454 ldeo
258 2423 374 2464 recipit
396 2422 490 2453 Dens
515 2421 676 2452 infirmam
700 2431 846 2452 massam
870 2420 1046 2453 hominum.

71 2465 159 2496 idem
180 2475 268 2497 nunc
290 2465 370 2497 facit
393 2465 496 2496 Filius
522 2464 596 2502 Dei,
621 2462 689 2495 vult
714 2474 790 2496 esse
822 2464 929 2495 victor
952 2465 1049 2496 etiam

70 2508 102 2539 in
126 2509 222 2539 nobis
242 2509 435 2540 'miserrimis
458 2508 655 2539 hominibus.

156 2550 232 2582 Non
255 2552 439 2593 cogitemus
464 2550 542 2583 nibil
567 2561 643 2581 esse
677 2549 832 2592 periculi:
869 2549 1048 2583 Diabolum

71 2603 148 2625 esse
172 2595 325 2634 otiosum,
349 2600 385 2626 ut
407 2606 481 2626 cum
505 2595 649 2635 pingitur
671 2595 703 2624 in
723 2594 862 2634 pariete
885 2594 962 2632 imo,
986 2598 1048 2626 cir-

70 2641 168 2669 cumi!
188 2643 338 2678 tanquam
360 2641 408 2670 leo
431 2639 571 2677 rwiens.
594 2648 754 2678 quaerens
775 2647 867 2677 quem
889 2639 1025 2670 decoret.

226 2706 369 2725 metatum.
380 2707 451 2725 rum-211
477 2707 538 2726 .
550 2707 628 2726 xxw.

755 171 974 205 POSTtLLA
995 168 1394 203 MELANTHONIANA.

2014 167 2078 199 40

1185 263 1294 295 David
1318 272 1516 305 quamquam
1538 263 1588 294 vir
1601 268 1749 302 sanctus,
1772 273 1870 305 quam
1889 262 1979 294 diros
1992 272 2079 294 mor-

1099 317 1158 338 sus
1190 305 1324 338 Diaboli
1359 306 1475 344 sensit,
1508 306 1561 348 qui
1594 316 1660 337 non
1693 306 1760 338 hoc
1793 311 1918 337 tantum
1942 306 2020 348 egit,
2042 311 2080 337 ut

1098 349 1209 382 David
1232 354 1364 390 raperet
1386 348 1523 380 alterius
1547 349 1732 390 coniugem,
1754 350 1814 380 sed
1830 349 1928 380 etiam
1939 349 1982 380 im
2006 348 2077 387 ulit,

1098 399 1135 425 ut
1156 392 1357 425 interficeret
1379 392 1501 423 Uriam.
1547 391 1670 422 Postea
1693 391 1871 433 implicavit
1894 401 1966 423 eum
1999 392 2080 434 aby-

1100 436 1217 468 rinthis
1240 445 1421 477 poenarum
1445 441 1477 466 et
1500 440 1725 476 peccatorum,
1755 446 1840 476 quae
1863 441 1979 466 secuta
2002 439 2081 466 sunt

1098 480 1132 511 in
1164 478 1288 511 familia
1319 479 1436 519 ipsius,
1472 484 1504 509 et
1526 483 1596 509 toto
1619 487 1734 519 regn0,
1769 479 1844 519 quia
1866 483 2005 519 peccatu
2027 487 2081 509 se-

1100 528 1243 565 quuntur
1276 532 1415 563 poenae,
1449 526 1481 552 et
1514 521 1630 563 poenis
1665 519 1833 562 implicata
1866 527 1942 552 sunt
1975 519 2079 553 multa

1100 571 1251 608 peccata.

1187 608 1292 644 Quam
1315 606 1418 640 multa
1440 605 1572 639 fuerunt
1583 612 1722 649 peccata
1740 606 1772 637 in
1785 606 1958 644 seditione,
1982 616 2080 648 quam

1099 652 1201 683 movit.
1223 650 1396 683 Absolon!
1449 649 1554 682 Multa
1577 649 1677 681 millia
1700 655 1892 681 sanctorum
1914 655 1989 680 sunt
2014 650 2080 680 dis-

1100 696 1218 736 sipata,
1252 701 1309 726 aut
1332 692 1517 732 interfecta,
1545 699 1717 724 matronae
1741 697 1879 723 sanctae
1902 699 1978 723 sunt
2002 702 2080 723 con-

1098 744 1280 780 stupratae.
1325 737 1451 769 Horum
1472 742 1685 779 peccatorum
1705 735 1801 777 culpa
1824 734 1932 777 aliqua
1952 733 2011 767 suit
2033 734 2080 767 la-

1099 791 1181 823 psus
1205 781 1356 813 Davidis.

1186 824 1222 855 ln
1245 830 1338 856 tanto
1361 832 1529 854 concursu
1551 821 1713 854 malorum
1732 827 1871 853 conatus
1895 826 1946 852 est
1957 819 2081 852 Diabo

1099 866 1151 899 lus
1186 866 1349 899 Davidem
1383 865 1552 907 impellere
1586 866 1617 897 in
1642 865 1728 897 viam
1754 863 1874 902 Saulis,
1908 865 1940 895 id
1963 870 2027 902 est,
2048 864 2082 896 in

1101 911 1379 952 desperationem.
1445 910 1512 941 Sed
1536 909 1704 940 revocavit
1729 907 1814 939 iilius
1837 906 1902 939 Dei
1919 907 2083 939 Davidem

1100 954 1143 985 ad
1166 954 1413 994 poenitentiam,
1437 958 1469 984 et
1492 953 1597 984 erexit
1616 963 1689 984 eum
1714 949 1955 989 consolatione,
1979 957 2012 983 et
2035 950 2081 982 vi

1102 997 1146 1028 cit
1170 996 1359 1028 Diabolum.

1189 1039 1382 1082 Cogitemus
1406 1049 1487 1081 ergo
1510 1045 1685 1080 utrumque
1707 1039 1739 1069 in
1764 1038 1987 1078 descriptione
2010 1046 2083 1077 per-

1102 1093 1260 1114 sonarum
1283 1083 1503 1114 dimicantium
1538 1083 1622 1113 inter
1646 1091 1695 1119 se,
1732 1079 1884 1112 videlicet
1913 1079 1985 1111 Filii
2008 1080 2083 1118 Dei,

1102 1132 1135 1158 et
1158 1124 1312 1163 Diaboli3
1335 1132 1367 1157 et
1392 1126 1480 1167 quod
1503 1125 1706 1157 astutissime
1724 1123 1888 1156 Diabolus
1912 1124 2084 1155 insidietur

1103 1169 1217 1212 generi
1239 1169 1396 1207 humano,
1419 1175 1452 1200 et
1473 1168 1689 1210 plaerumque
1712 1166 1844 1209 longam
1864 1166 1963 1199 telam
1976 1171 2084 1203 texat3

1103 1218 1135 1244 et
1158 1213 1247 1254 quod
1282 1217 1392 1243 tamen
1424 1210 1513 1243 filius
1543 1210 1607 1243 Dei
1630 1210 1810 1253 proelietur
1838 1221 1898 1253 pro
1922 1211 2032 1248 nobis,
2051 1214 2085 1240 et

1103 1256 1212 1287 adhuc
1234 1255 1347 1287 vincat
1369 1253 1559 1294 Diabolum,
1582 1255 1795 1296 quantumvis
1819 1264 1938 1296 magna
1961 1254 2004 1285 sit
2026 1263 2084 1285 no-

1101 1305 1171 1331 stra
1194 1298 1378 1330 infirmitas.

1224 1480 1374 1531 Quales
1406 1481 1486 1521 sint
1517 1481 1760 1521 tentationes
1793 1479 1964 1521 Diaboli.

1189 1598 1283 1630 Haec
1305 1604 1358 1630 est
1380 1599 1485 1639 prima
1509 1597 1731 1630 consideratio
1755 1598 1796 1629 de
1819 1597 1983 1639 personis.
2018 1597 2083 1630 Po-

1102 1647 1173 1673 stea
1199 1642 1296 1673 etiam
1320 1651 1375 1673 res
1394 1647 1471 1673 sunt
1493 1641 1766 1673 considerandae.

1188 1683 1285 1716 Ratio
1309 1690 1341 1716 et
1364 1685 1404 1716 de
1430 1684 1582 1725 personis
1606 1690 1637 1715 et
1661 1685 1702 1716 de
1725 1685 1826 1715 rebus
1851 1690 1951 1715 errat.
2019 1682 2083 1715 Co

1102 1728 1184 1770 gitat
1217 1733 1370 1759 naturam
1404 1726 1572 1759 hominum
1607 1736 1684 1758 esse
1718 1725 1828 1765 talem,
1863 1725 1971 1768 qualis
1993 1737 2084 1759 nunc

1102 1777 1166 1808 est,
1201 1780 1279 1802 esse
1313 1771 1364 1803 sic
1393 1776 1516 1809 natam,
1550 1776 1585 1801 ut
1619 1772 1662 1802 sit
1690 1781 1795 1812 prona
1817 1770 1859 1801 ad
1883 1768 2083 1811 voluptates.

1102 1815 1200 1846 Putat
1222 1813 1327 1846 malas
1349 1815 1514 1846 motiones
1536 1823 1614 1845 esse
1638 1824 1658 1845 a
1680 1819 1811 1852 natura,
1833 1823 1895 1845 seu
1917 1823 1994 1845 esse
2016 1823 2085 1845 mo

1101 1863 1154 1889 tus
1177 1856 1359 1889 naturales.

1188 1901 1256 1933 Sed
1280 1911 1345 1932 vox
1369 1900 1481 1932 divina
1503 1901 1602 1932 docet
1624 1910 1699 1939 nos,
1722 1899 1886 1931 hominem
1909 1909 1987 1931 esse
2005 1910 2084 1932 con-

1101 1945 1204 1976 ditum
1227 1953 1301 1975 cum
1324 1943 1519 1975 rectitudine
1543 1944 1674 1982 mentis,
1700 1942 1879 1975 voluntatis
1902 1949 1936 1975 et
1960 1944 2083 1975 cordis.

1100 1987 1136 2018 In
1159 1992 1269 2019 mente
1292 1987 1434 2019 debebat
1462 1985 1576 2019 lucere
1609 1985 1721 2028 fulgor
1743 1986 1924 2027 sapientiae
1948 1992 1980 2018 et
2002 1987 2085 2018 noti-

1101 2031 1165 2062 tiae
1188 2029 1269 2062 Dei:
1292 2033 1326 2062 In
1349 2029 1520 2062 voluntate
1543 2036 1575 2061 et
1589 2031 1691 2061 corde
1704 2030 1847 2062 debebat
1871 2040 1948 2062 esse
1970 2031 2083 2062 incen-

1101 2075 1187 2106 dium
1211 2074 1281 2106 veri
1303 2074 1426 2105 amoris
1450 2084 1532 2116 erga
1555 2072 1673 2105 Deum.

1187 2116 1277 2149 Talis
1302 2123 1352 2148 est
1370 2117 1470 2149 homo
1494 2118 1586 2148 initio
1611 2117 1774 2149 conditus.
1821 2116 1888 2149 Sed
1918 2114 2082 2148 Diabolus

1100 2159 1226 2201 impulit
1258 2161 1365 2193 Adam
1394 2166 1426 2192 et
1459 2159 1564 2192 Evam
1587 2160 1619 2191 in
1643 2165 1827 2202 peccatum,
1851 2165 1884 2191 et
1907 2165 2084 2201 propterea

1100 2205 1223 2235 misera
1258 2210 1378 2236 natura
1412 2203 1581 2235 hominum
1615 2214 1703 2235 nunc
1726 2203 1877 2234 subiecta
1902 2208 1953 2234 est
1972 2209 2084 2244 tyran-

1101 2248 1168 2279 nidi
1190 2246 1336 2279 Diaboli.
1383 2247 1451 2278 Sed
1475 2247 1598 2279 missus
1623 2253 1672 2278 est
1697 2245 1782 2278 filius
1796 2245 1872 2284 Dei,
1895 2246 1947 2278 cui
1971 2246 2084 2277 adiun-

1102 2301 1182 2333 gere
1216 2301 1278 2322 nos
1310 2291 1481 2329 debemus,
1517 2296 1549 2322 et
1582 2300 1781 2333 agnoscere,
1818 2299 1880 2320 nos
1911 2299 1977 2320 non
2001 2290 2083 2320 satis

1102 2335 1228 2366 habere
1251 2334 1368 2366 virium
1391 2340 1507 2365 contra
1529 2333 1790 2365 valentissimum
1812 2331 1942 2363 hostem
1960 2331 2084 2364 Diabo

1102 2377 1181 2419 lum,
1205 2384 1237 2409 et
1260 2383 1371 2409 tamen
1390 2376 1491 2409 filium
1510 2376 1574 2409 Dei
1598 2376 1812 2408 valentiorem
1837 2385 1915 2406 esse
1926 2374 2083 2407 Diabolo.

1189 2420 1386 2462 Philosophi
1409 2426 1525 2463 putant
1548 2420 1747 2452 tentationes
1772 2424 1895 2450 tantum
1927 2428 2003 2450 esse
2026 2429 2084 2450 na-

1103 2463 1229 2496 turales
1252 2470 1373 2503 motus,
1397 2465 1456 2496 sed
1481 2474 1543 2495 nos
1567 2470 1659 2495 certo
1683 2468 1867 2494 statuamus
1891 2472 1949 2494 eas
1974 2463 2085 2494 oriria

1102 2507 1258 2539 Diabolo.
1315 2507 1391 2539 Non
1414 2514 1465 2539 est
1484 2506 1642 2538 naturalis
1667 2512 1788 2544 motus,
1817 2506 1950 2547 quando
1974 2506 2085 2537 incen-

1103 2552 1189 2582 ditur
1213 2550 1354 2582 Catilina
1378 2552 1419 2583 ad
1443 2551 1637 2581 seditionem
1661 2547 1859 2587 faciendam,
1882 2549 1942 2580 sed
1960 2547 2084 2580 Diabo-

1102 2594 1156 2626 lus
1179 2595 1326 2626 incitavit
1349 2604 1421 2626 eum
1446 2591 1656 2630 mirabiliter,
1687 2594 1741 2634 qui
1765 2593 1883 2624 miscet
1906 2602 1943 2623 se
1967 2592 2085 2634 spiriti-

1103 2638 1165 2669 bus
1189 2639 1316 2669 cerebri
1341 2644 1371 2668 et
1398 2637 1520 2674 cordis,
1545 2642 1575 2667 et
1601 2637 1711 2667 turbat
1735 2635 1895 2667 homines.
1926 2636 2001 2668 Non
2025 2636 2085 2679 igi-

1883 2699 1915 2721 29
