2324 2958
150 164 214 198 813

152 297 215 337 De
247 310 327 350 qua
358 296 506 337 iustitia
541 294 708 349 Spiritus
738 300 899 334 sanctus
923 293 1120 333 mundum

559 377 711 426 arguat.

236 471 376 512 Spiritus
410 477 547 502 sanctus
579 473 692 511 aryuet
724 469 871 500 mundum
905 468 944 499 de
976 468 1120 504 iustitias

198 514 206 522 ’
245 514 332 545 ‘cado
354 514 399 545 ad
421 512 564 550 Patrem,
586 517 616 544 et
637 521 700 543 mm
726 511 876 543 videbitis
904 521 952 542 me
973 511 1118 551 amplius.

148 523 224 588 gizca
234 567 350 588 rursus
373 562 424 588 est
435 566 518 597 opus
533 552 755 587 Grammatica
778 554 1041 585 consideratione
1063 563 1120 584 vo·

149 597 354 631 cabalorum.
399 599 451 630 Ac
472 599 608 640 primum
630 603 707 628 nota
731 606 807 628 esse
830 597 928 627 debet
948 595 1007 628 illa
1030 595 1119 637 lega-

149 640 202 680 lis,
225 651 286 673 seu
309 641 543 683 Philosophica
565 640 706 682 partitio.
753 639 875 671 lustitia
897 638 962 670 alia
989 644 1039 670 est
1050 638 1118 670 uni·

149 683 301 723 vassalis,
325 683 391 715 alia
412 682 630 726 particularis,

234 727 456 765 UniversaliS‚
487 734 537 758 est
571 725 758 757 obedientia
791 723 970 756 secundum
1004 732 1118 754 omnes

147 769 254 811 lege«,
277 768 331 801 vel
353 770 463 801 debita
484 769 635 800 omnibus
658 767 807 810 legibus:
833 767 896 798 hoc
908 773 971 804 est,
993 772 1045 797 est
1068 776 1118 797 re·

148 814 214 845 ctio
237 811 467 850 locomotivae,
501 812 680 843 secundum
705 811 812 842 omnia
835 815 1031 851 praecepta,
1065 807 1118 839 vel

147 856 327 887 secundum
350 865 464 886 omnes
487 855 623 885 virtutes
647 853 798 895 (Loquor
826 853 911 883 enim
933 862 1020 883 nunc
1045 851 1118 882 Phi-

147 896 332 939 losophice‚
354 908 432 936 non,
455 904 489 928 ut
513 897 567 928 lex
590 896 651 927 Dei
676 896 828 937 requirit,
857 896 1017 936 integram
1041 903 1118 925 con-

146 940 342 971 formitatem
371 940 403 970 in
434 941 584 971 omnibus
619 940 743 970 viribus
754 940 778 977 z)
801 944 847 975 ut,
883 947 957 967 cum
980 937 1053 967 (lico
1077 937 1118 967 de

147 982 278 1014 homine
300 983 453 1021 honesto,
475 984 529 1024 qui
552 992 616 1013 non
630 988 680 1012 est
692 980 863 1018 moechus,
886 989 951 1010 non
964 979 1027 1017 tur,
1051 989 1117 1009 non

147 1026 321 1064 homicida,
345 1035 411 1057 non
433 1035 510 1056 reus
534 1024 672 1056 alicuius
695 1022 849 1055 sceleris:
884 1023 1016 1053 nomino
1045 1031 1118 1052 eum

147 1068 281 1106 iustum,
304 1067 428 1100 scilicet
453 1069 574 1099 iustitia
598 1065 784 1098 universali.

235 1110 359 1142 lustitia
382 1109 602 1152 particularis,
627 1116 677 1140 est
689 1111 793 1140 virtus
811 1117 905 1138 suum
924 1106 1041 1147 cuique
1063 1105 1118 1136 tri-

149 1154 271 1190 buens;
293 1159 340 1191 ut,
362 1153 528 1184 Mercator
551 1158 599 1183 est
623 1153 738 1188 iustus,
764 1151 817 1191 qui
840 1154 952 1180 servat
974 1147 1117 1190 aequali-

146 1202 246 1228 tatem
269 1197 300 1226 in
325 1196 560 1226 contractibus.
627 1194 735 1225 David
770 1199 822 1224 est
856 1192 961 1222 iustus
994 1191 1116 1222 iustitia

145 1237 333 1279 particulari
356 1238 388 1269 in
411 1237 476 1268 hac
500 1246 614 1273 causa,
639 1246 702 1278 qua
724 1236 948 1267 accusabatur
970 1244 990 1265 a
1014 1232 1115 1265 Saule

144 1281 328 1312 seditionis.
395 1280 471 1310 Ideo
491 1280 608 1321 inquit:
628 1279 741 1310 Imiica
763 1288 812 1309 me
834 1277 1003 1309 secundum
1025 1277 1115 1307 iusti-

144 1324 225 1354 tiam
246 1333 357 1360 meam,
381 1322 507 1354 scilicet
519 1321 748 1363 particularem
772 1321 803 1351 in
817 1319 881 1351 hac
894 1329 1008 1357 causa,
1027 1319 1116 1360 quod

145 1376 210 1397 non
234 1375 307 1396 sum
331 1366 518 1396 seditiosus.
564 1362 690 1406 Singuli
723 1365 844 1394 debent
872 1372 950 1393 esse
971 1363 1047 1394 iusti
1070 1363 1117 1393 iu-

145 1408 234 1439 stitia
256 1407 446 1448 particulari
469 1414 501 1438 et
522 1405 720 1441 universali3
748 1416 815 1437 non
839 1405 927 1446 quod
949 1405 1116 1445 possimus

144 1449 268 1482 habere
289 1450 449 1491 integram
471 1449 557 1491 legis
581 1449 808 1486 obedientiam,
831 1448 891 1479 sed
903 1457 944 1479 ne
955 1445 1116 1479 faciamus

145 1498 261 1524 contra
283 1493 532 1524 conscientiam.

231 1535 322 1567 Haec
356 1541 407 1566 est
442 1535 622 1566 communis
656 1534 805 1564 doctrina
827 1532 1062 1605 philosophica
1085 1538 1117 1563 et

143 1576 301 1615 sorensis,
323 1578 378 1608 ubi
401 1578 594 1618 saepissime
616 1582 817 1617 usurpantur
835 1577 964 1607 vocabu
980 1586 998 1606 a
1026 1576 1116 1606 iusti·

145 1620 210 1651 tiae
232 1626 264 1651 et
281 1620 429 1651 iniuriae.
496 1620 564 1651 Sed
588 1630 660 1650 cum
685 1620 771 1657 dico,
794 1618 894 1650 Latro
917 1619 1065 1660 pendens
1085 1619 1116 1649 in

144 1672 245 1694 truce
278 1669 329 1693 est
358 1663 481 1694 iustus:
515 1663 602 1698 Quid
622 1661 674 1693 hic
696 1661 861 1704 significat
884 1671 1001 1693 nomen
1026 1662 1116 1692 iusti-

146 1705 234 1737 tiae?
277 1705 489 1746 RespondeO.
536 1704 708 1747 Significat
738 1705 1009 1745 acceptationem.
1053 1703 1115 1735 La-

144 1753 195 1779 tro
218 1753 270 1778 est
292 1748 408 1786 iustus,
441 1748 473 1778 id
507 1754 570 1786 est,
598 1753 755 1788 acceptus
782 1747 852 1778 Deo
876 1748 918 1778 ad
941 1747 1038 1778 vitam
1061 1756 1115 1778 ae-

144 1795 280 1821 ternam.
345 1789 417 1821 Hoc
446 1791 544 1821 modo
578 1789 733 1821 Christus
752 1790 849 1821 etiam
871 1789 925 1820 hic
954 1788 1112 1830 loquitur:

147 1833 271 1873 Aryuet
288 1833 436 1864 mundum
459 1833 498 1863 de
519 1833 659 1864 iustitia:
681 1833 712 1863 id
736 1839 797 1870 est,
821 1833 862 1864 de
880 1833 1115 1873 acceptatione,

168 1885 244 1906 uam
277 1874 370 1906 Deus
404 1876 591 1916 pronuntiat
613 1885 689 1907 esse
711 1877 882 1912 iustitiam,
916 1885 980 1916 qua
1003 1885 1114 1906 coram

144 1885 219 1949 geo
243 1928 356 1949 sumus
379 1918 518 1958 accepti,
539 1928 600 1950 seu
622 1928 686 1960 qua
708 1929 770 1950 nos
783 1919 902 1956 iustos,
924 1919 956 1949 id
977 1924 1039 1955 est,
1061 1927 1114 1948 ac-

144 1966 259 2001 oeptos
283 1962 483 2002 pronuntiat:
509 1961 556 1991 Ea
578 1971 658 1994 vero
681 1968 750 2000 est,
773 1973 838 1993 non
862 1963 947 1994 sicut
971 1963 1112 1994 mundus

144 2002 258 2035 definit
280 2004 434 2034 iustitiam
464 2002 621 2045 legalem,
649 2015 743 2046 quam
773 2012 939 2047 utcunque
961 2004 1113 2047 intelligit

143 2046 240 2077 ratio.
307 2046 372 2077 Sed
406 2053 455 2076 est
484 2047 597 2088 ignota
624 2048 752 2087 rationi,
781 2047 933 2080 videlicet
955 2049 1112 2080 transitus

145 2087 265 2120 Christi
288 2090 330 2120 ad
355 2089 494 2119 Patrem.

230 2131 320 2163 Haec
354 2131 496 2162 definitio
532 2132 671 2162 iustitiae
704 2142 745 2163 ex
777 2132 959 2175 Evangelio
982 2144 1112 2165 rursum

143 2180 195 2205 §t
216 2173 323 2206 aliena
346 2185 365 2205 a
388 2175 513 2205 iudiciis
537 2173 698 2212 humanis,
721 2176 807 2207 sicut
829 2177 971 2208 definitio
984 2178 1112 2219 peccati

143 2227 241 2259 quam
269 2224 366 2248 antea
395 2217 536 2247 tradidit.
582 2216 721 2252 Quando
743 2217 938 2260 Tarquinius
963 2220 1045 2261 rapit
1068 2219 1112 2250 al-

143 2260 244 2291 terius
268 2261 451 2302 coniugem,
474 2260 506 2290 id
529 2270 569 2291 ex
588 2258 662 2301 lege
684 2267 821 2292 naturae
833 2264 1025 2303 agnoscitur
1039 2273 1111 2303 pec-

144 2309 251 2334 catum
276 2313 361 2334 esse.

826 162 1042 197 POSTILLA
1069 160 1464 197 MELANTHONJANA.

2075 166 2140 201 814

1173 254 1264 286 Haec
1283 261 1333 286 est
1356 255 1463 287 adhuc
1486 254 1604 297 legalis
1628 259 1802 290 sententia:
1822 260 1882 291 sed
1895 260 2028 301 quando
2040 260 2140 294 homo

1173 298 1271 328 debet
1293 296 1406 329 facere
1428 299 1724 340 subsumptionem:
1757 301 1805 332 Tu
1829 312 1866 333 es
1889 302 1986 333 talis:
2007 303 2051 334 ibi
2074 313 2139 335 non

1173 347 1283 381 potest
1305 351 1370 371 non
1395 341 1552 372 dubitare.
1618 342 1745 385 Singuli
1769 345 1930 386 cogitant:
1957 347 2074 384 nescio,
2097 355 2140 378 an

1171 393 1229 424 eqo
1250 383 1307 414 sim
1331 384 1417 414 talis.
1461 383 1568 414 Video
1590 394 1642 416 me
1665 396 1731 417 non
1755 396 1870 418 carere
1891 387 2000 419 multis
2023 390 2139 421 naevis

1171 431 1203 457 et
1227 425 1476 457 infirmitatibus.
1543 425 1618 457 ldeo
1642 438 1715 459 cum
1737 430 1898 460 accedunt
1926 429 2141 470 calamitates,

1171 474 1285 509 putant
1307 467 1457 499 homines
1479 478 1518 499 se
1541 467 1662 511 negligi
1685 481 1704 500 a
1726 470 1811 502 Deo.
1862 472 1922 504 Est
1955 483 2035 514 ergo
2058 472 2141 505 haec

1170 520 1259 541 nova
1291 516 1324 542 et
1355 511 1523 553 incognita
1558 513 1669 553 generi
1692 512 1834 544 humano
1858 515 2028 556 sapientia,
2074 517 2141 547 uod

1171 553 1269 584 homo
1303 553 1345 584 sit
1378 554 1495 592 iustus,
1524 555 1557 585 id
1591 561 1653 592 est,
1687 562 1845 596 acceptus
1868 564 2002 598 propter
2023 525 2140 591 Filium

1170 595 1253 632 Dei;
1274 596 1349 637 quia
1372 596 1444 638 ipse
1465 596 1554 628 vadit
1572 597 1615 628 ad
1634 596 1777 630 Patrem.

1170 761 1279 810 Quid
1310 761 1508 815 significat
1542 761 1731 803 transitus
1767 762 1829 803 ille
1869 763 1922 804 ad
1960 764 2141 814 Patrem

1338 853 1420 888 seu,
1453 853 1552 892 quas
1583 853 1645 879 res
1677 839 1980 894 complectitur?

1254 936 1468 979 Respondeo.
1501 937 1593 970 llaec
1615 938 1676 969 tria
1697 938 1870 981 signifieat.
1902 939 2043 971 Primum
2066 951 2141 982 pas-

1169 979 1307 1018 sionem,
1340 990 1400 1011 seu
1422 986 1522 1011 totam
1547 981 1763 1013 obedientiam
1786 981 1926 1019 Christi;
1956 992 2017 1015 seu
2039 982 2140 1015 humi·

1168 1020 1335 1053 liationem
1359 1022 1446 1054 illam
1470 1022 1542 1054 Filii
1561 1023 1635 1062 Dei,
1658 1025 1700 1055 ab
1724 1025 1949 1057 incarnatione
1971 1036 2076 1068 usque
2098 1028 2140 1058 ad

1168 1066 1443 1096 resurrectionem
1469 1072 1501 1096 et
1513 1067 1743 1098 ascensionem
1759 1066 1948 1108 gloriosam.
1972 1068 2140 1108 Secundo,

1168 1108 1437 1139 intercessionem
1460 1109 1626 1140 assiduam
1646 1119 1757 1141 coram
1771 1110 1880 1149 Patre,
1903 1121 1987 1152 quae
2011 1119 2061 1143 est
2083 1123 2140 1153 ap·

1167 1148 1299 1190 plicatio
1322 1150 1426 1181 meriti
1449 1156 1480 1182 et
1503 1151 1681 1191 passionis,
1705 1162 1768 1193 qua
1791 1158 1826 1184 ut
1845 1154 2022 1192 mediator,
2045 1161 2139 1187 stans

1168 1202 1279 1223 coram
1314 1191 1423 1231 Patre,
1457 1193 1601 1234 applicat
1635 1195 1844 1226 credentibus
1867 1206 1960 1227 suam
1984 1198 2137 1228 obedien-

1168 1235 1256 1266 tiam.
1301 1235 1423 1273 Tertio,
1447 1236 1641 1274 efficaciam,
1665 1248 1729 1278 qua
1751 1239 1819 1279 agit
1840 1239 1872 1270 in
1885 1239 1982 1270 nobis
1995 1250 2139 1281 regnans

1166 1278 1208 1308 ad
1243 1278 1391 1309 dextram
1416 1279 1541 1317 Patris,
1576 1290 1641 1320 qua
1659 1280 1694 1310 fit
1719 1281 1894 1312 vivificatio
1918 1288 1950 1312 et
1973 1282 2138 1314 inchoatio

1165 1320 1308 1352 iustitiae
1341 1331 1400 1352 seu
1435 1322 1642 1353 obedientiae
1664 1323 1696 1353 in
1720 1324 1834 1362 nobis,
1868 1335 1952 1365 quae
1975 1331 2083 1357 tamen
2106 1328 2139 1358 in

1167 1362 1231 1394 hac
1253 1363 1320 1394 vita
1341 1373 1408 1395 non
1425 1364 1605 1406 perficitur,
1627 1366 1686 1396 sed
1710 1367 1988 1398 consummabitur
2016 1368 2048 1403 in
2072 1369 2139 1400 vita

1166 1412 1312 1436 aeterna.

1253 1447 1411 1490 Loquitur
1433 1449 1518 1481 enim
1541 1450 1582 1481 de
1604 1450 1734 1493 integro
1758 1451 1921 1484 beneficio
1944 1452 2078 1492 Christi,
2101 1461 2138 1486 ut

1167 1490 1243 1522 alibi
1267 1491 1395 1522 dicitur:
1414 1492 1531 1524 [elim-a
1553 1493 1678 1525 iustitia
1699 1498 1824 1526 nostra.
1891 1494 2038 1535 Interim,
2063 1497 2140 1538 quia

1167 1535 1198 1565 in
1222 1533 1285 1565 hac
1307 1535 1371 1565 vita
1396 1534 1512 1566 haeret
1535 1535 1642 1567 adhuc
1665 1537 1696 1567 in
1721 1538 1817 1568 nobis
1841 1545 2032 1578 peccatum,
2067 1540 2138 1571 dili·

1167 1583 1283 1618 genter
1306 1577 1524 1609 discernenda
1543 1584 1595 1609 est
1616 1579 1738 1610 iustitia
1761 1581 1934 1621 imputata,
1958 1592 2043 1622 quae
2066 1582 2138 1614 niti-

1165 1627 1218 1651 tur
1251 1626 1375 1650 tantum
1410 1621 1595 1652 obedientia
1622 1621 1706 1660 Filii,
1737 1630 1769 1653 et
1793 1624 2035 1656 intercessione
2057 1626 2139 1664 eius,

1166 1669 1199 1694 et
1220 1662 1384 1700 inchoata,
1408 1673 1473 1704 qua
1494 1663 1595 1694 Filius
1619 1671 1669 1695 est
1691 1663 1827 1704 efficax,
1855 1672 1886 1696 et
1909 1667 1963 1697 dat
1983 1667 2138 1708 Spiritum

1166 1712 1330 1743 sanctum,
1358 1715 1418 1746 per
1441 1716 1535 1747 quem
1559 1706 1669 1748 incipit
1700 1708 1883 1740 instaurare
1907 1716 2056 1741 naturam
2080 1720 2137 1742 no—

1165 1755 1276 1779 stram.
1299 1748 1367 1779 Sed
1390 1748 1453 1779 hac
1475 1749 1629 1780 inchoata
1651 1751 1774 1781 iustitia
1797 1751 1828 1782 in
1853 1753 1959 1790 nobis,
1983 1763 2048 1783 non
2062 1763 2138 1794 pos-

1165 1801 1278 1822 sumus
1302 1791 1358 1822 niti
1388 1801 1499 1823 coram
1522 1791 1606 1823 Deo.
1650 1792 1795 1833 Tandem
1819 1805 1898 1825 vero
1918 1803 2139 1836 ‹·u¹1.sequetur

1166 1840 1393 1865 consummata
1416 1834 1537 1865 iustitia
1560 1835 1591 1865 in
1615 1835 1682 1866 vita
1705 1842 1853 1874 aeterna,
1878 1848 1950 1868 cnm
1964 1837 2065 1869 Filius
2087 1849 2138 1870 re-

1168 1877 1335 1908 suscitans
1358 1887 1420 1907 nos
1443 1878 1486 1908 ad
1509 1878 1606 1908 vitam
1630 1884 1809 1917 aeternam,
1838 1880 2025 1912 inchoatam
2048 1881 2138 1913 iusti—

1165 1921 1242 1950 tiam
1265 1918 1427 1958 absolvet,
1451 1921 1535 1952 sicut
1549 1921 1682 1952 dicitur:
1706 1921 1917 1962 Expectamus
1940 1933 2026 1964 spem
2048 1924 2137 1956 iusti-

1163 1963 1237 1994 tiae.
1500 1971 1520 1985 ν

1251 2004 1416 2036 osiander
1439 2006 1570 2037 deducit
1595 2016 1656 2036 nos
1680 2017 1744 2038 non
1769 2008 1810 2038 ad
1834 2008 2023 2048 imputatam
2046 2009 2136 2041 iusti-

1164 2048 1252 2085 tiam,
1271 2048 1331 2078 sed
1343 2048 1385 2078 ad
1400 2049 1575 2079 novitatem
1599 2048 1785 2081 inchoatam
1810 2051 1841 2081 in
1864 2052 1960 2082 nobis
1980 2052 2011 2082 in
2030 2062 2137 2094 agone

1164 2091 1404 2127 conscientiae3
1437 2097 1469 2122 et
1502 2092 1600 2123 utitur
1633 2103 1693 2123 sua
1716 2093 1856 2134 quadam
1880 2093 2135 2136 grandiloquen-

1164 2134 1219 2164 tia.
1281 2133 1371 2164 Dicit
1399 2145 1462 2164 nos
1495 2135 1601 2165 iustos
1625 2145 1702 2166 esse
1730 2136 1761 2166 in
1786 2135 1848 2167 hac
1871 2138 1937 2167 vita
1961 2147 2026 2168 non
2058 2139 2134 2169 obe-

1163 2177 1282 2207 dientia
1309 2175 1388 2214 Filii,
1423 2187 1509 2218 quae
1531 2181 1590 2208 est*
1606 2177 1724 2215 realis,
1760 2185 1791 2209 et
1815 2177 2058 2219 perfectissima
2080 2181 2135 2212 im-

1163 2218 1262 2261 pletio
1295 2219 1392 2260 legis,
1427 2226 1458 2251 et
1488 2219 1670 2252 satisfactio
1699 2231 1758 2261 pro
1789 2231 1895 2261 poena
1926 2223 2036 2254 debita
2059 2221 2134 2265 legi,

1163 2273 1260 2303 quam
1283 2261 1435 2293 Christus
1460 2263 1490 2294 in
1515 2262 1733 2294 humiliatione
1755 2273 1816 2294 sua
1839 2273 1898 2304 pro
1922 2265 2018 2295 nobis
2041 2275 2134 2306 prae-

428 2303 493 2334 Sed
523 2303 610 2344 quod
641 2304 802 2344 ignoratio
825 2311 881 2335 aut
904 2312 1112 2346 contemptus
1135 2328 1138 2343 ι
1163 2306 1256 2336 stitit:
1280 2306 1339 2336 sed
1363 2306 1484 2336 iustitia
1508 2307 1609 2346 ipsius
1633 2305 1811 2344 essentiali,
1834 2316 1898 2347 qua
1921 2307 1992 2348 ipse
2015 2309 2058 2338 ab
2080 2319 2134 2339 a&

142 2343 214 2376 Filii
247 2345 309 2376 Dei
343 2346 384 2376 sit
418 2353 606 2387 peccatum,
640 2356 705 2376 non
740 2353 790 2377 est
824 2353 934 2379 notum
964 2355 1110 2379 naturae.
1135 2348 1138 2371 l
1161 2355 1256 2379 terno
1284 2349 1389 2379 iustus
1412 2356 1474 2386 est,
1497 2356 1529 2380 et
1552 2359 1616 2390 qua
1639 2349 1668 2379 in
1692 2349 1786 2379 nobis
1813 2348 1915 2380 efficit
1945 2360 2064 2382 novam
2087 2352 2133 2382 iu-

142 2386 224 2419 Cum
248 2388 358 2429 Scipio
383 2395 473 2420 curat
497 2389 623 2419 restitui
647 2398 802 2429 sponsam
821 2399 964 2430 sponso,
993 2397 1044 2421 est
1066 2392 1111 2422 iu-

1162 2392 1294 2421 stitiam:
1325 2397 1356 2422 et
1385 2390 1450 2422 huc
1478 2393 1705 2423 accommodat
1734 2390 1821 2422 illam
1845 2392 2067 2424 definitionem
2088 2394 2133 2425 iu-

142 2430 243 2468 stitia,
265 2438 400 2462 naturae
423 2441 482 2462 seu
505 2431 620 2462 rationi
644 2437 738 2462 nota:
761 2432 820 2462 sed
838 2433 924 2473 quod
938 2434 1110 2465 credentes
1134 2447 1137 2471 ι
1162 2434 1281 2471 stitiae‚
1306 2443 1390 2475 quae
1413 2441 1464 2465 est
1488 2434 1573 2474 apud
1597 2433 1809 2472 Clementem,
1831 2435 1916 2475 quod
1944 2436 2070 2467 iustitia
2089 2437 2133 2468 81²8

141 2475 342 2514 recipiantur
363 2485 382 2504 a
405 2473 478 2505 Deo
502 2481 637 2515 propter
659 2473 787 2512 filium,
810 2482 841 2506 et
855 2476 1028 2507 transitum
1051 2476 1109 2507 hu·
1133 2474 1137 2523 j
1161 2477 1401 2508 communicatio
1426 2476 1490 2507 Dei
1509 2486 1577 2507 cum
1599 2477 1802 2516 aequalitate.

141 2517 193 2549 ius
215 2517 258 2548 ad
282 2517 422 2554 Patrem,
445 2526 583 2558 prorsus
607 2527 673 2547 non
696 2519 889 2557 agnoscitur
912 2525 1038 2550 natura.

1246 2518 1369 2550 Verum
1403 2520 1434 2549 in
1468 2528 1576 2559 agone
1606 2520 1830 2551 conscientiae
1859 2520 2132 2562 deprehendimus

228 2558 424 2591 Aristotcles
459 2560 551 2590 dicit:
591 2560 628 2591 Si
659 2560 782 2600 aliquid
815 2569 912 2591 curae
949 2566 997 2593 es!
1028 2561 1110 2600 Deo,
1134 2547 1136 2594 i
1160 2562 1246 2592 hanc
1270 2562 1436 2597 iustitiam,
1462 2562 1492 2591 in
1515 2562 1611 2592 nobis
1635 2560 1830 2596 inchoatam,
1864 2565 2010 2595 nondum
2033 2565 2130 2596 satis-

141 2603 276 2634 maxime
296 2606 537 2634 consentaneum
561 2606 618 2640 est,
642 2602 739 2634 bonos
762 2603 850 2634 viros
873 2604 903 2634 ei
913 2613 1011 2635 curae
1032 2614 1109 2635 esse.
1143 2604 1254 2636 facere
1277 2603 1358 2645 legia
1383 2610 1414 2634 et
1439 2604 1636 2635 obedientia
1659 2603 1730 2636 Filii
1754 2604 1816 2637 Dei
1839 2606 1871 2636 in
1893 2606 2052 2639 infinitum
2074 2617 2130 2640 an-
