2324 2958
177 208 236 243 191

278 304 436 346 Causae
468 305 735 346 humanarum
767 305 1052 346 calamitatum.

260 428 454 470 Philosophi
498 439 582 472 quas
616 430 729 462 dicunt
773 440 894 462 causas
934 430 1150 462 humanarum

170 473 398 504 miseriarum?

258 514 389 546 ponunt
427 515 511 547 duas
545 515 764 557 potissimum.

170 568 357 600 corporum,
381 564 413 589 et
435 557 636 590 voluntatem
660 559 813 590 hominis.

256 601 428 632 Materiam
451 602 562 633 dicunt
581 600 679 633 talem
703 612 792 639 esse,
828 611 913 643 quae
937 600 980 631 sit
1004 601 1149 632 obnoxia

168 645 282 675 morti:
308 643 393 679 Quia
405 643 597 676 naturaliter
609 650 681 675 ruat
705 655 745 675 ex
767 643 833 676 alia
856 643 962 675 forma
985 643 1016 674 in
1040 641 1149 682 aliam,

168 692 203 718 ut
228 687 376 718 videmus
399 697 531 728 ponium
554 694 759 729 putrescere,
783 694 812 718 et
827 687 901 717 inde
916 686 984 717 fieri
998 697 1148 719 coenum.

166 730 224 762 Sic
247 730 346 771 igitur
369 731 532 772 cogitant:
557 731 745 761 morborum
764 736 796 761 et
816 730 930 760 mortis
958 739 1091 761 causam
1115 730 1147 761 iu

168 783 293 815 genere
317 773 459 804 humano
485 783 563 804 esse
586 772 771 810 Materiam,
807 782 892 813 quae
915 771 1037 804 habeat
1066 782 1147 804 suas

167 816 258 847 vices
297 814 527 847 alterationum
542 839 551 853 ,
595 822 628 847 et
668 816 924 856 corruptionum.
993 817 1147 856 Ignorant

167 864 288 897 autem,
311 859 397 890 unde
421 859 484 890 hoc
508 859 562 893 sit,
585 859 671 900 quod
686 859 821 889 materia
844 857 986 889 hominis
1010 860 1074 889 iam
1097 864 1147 889 est

167 900 330 932 similibus
354 902 589 933 mutationibus
613 902 768 940 obnoxia,
791 901 1067 943 quemadmodum
1090 911 1146 933 res

166 951 321 976 caeterae
345 951 521 975 nascentes
545 954 585 975 ex·
611 950 710 975 terra.

253 986 414 1019 Doctrina
439 997 518 1019 vero
536 986 708 1018 Ecclesiae
732 986 842 1024 docet,
866 986 944 1018 lude
966 986 1032 1018 hoc
1056 997 1146 1025 esse,

134 1057 137 1059 ,
166 1030 255 1071 quod
278 1038 395 1062 natura
419 1031 585 1061 hominum
619 1035 696 1071 post
729 1028 860 1071 lapsum
894 1036 946 1061 est
969 1030 1103 1062 deserta
1125 1041 1145 1061 a

164 1072 250 1105 Deo.
296 1074 378 1105 Nau!
403 1075 429 1103 si
455 1072 552 1103 homo
565 1073 744 1104 mansisset
768 1074 799 1104 in
813 1078 900 1104 statu
923 1073 1144 1112 innocentiae,

163 1126 229 1147 non
254 1115 370 1148 suisset
391 1123 549 1147 mortuus.
595 1116 726 1147 Fuisset
745 1114 901 1156 templum
923 1115 999 1150 Dei,
1023 1116 1054 1146 in
1079 1127 1145 1158 quo

163 1158 316 1190 habitans
352 1158 445 1190 Deus
468 1158 674 1190 vivificasset
706 1157 883 1197 homiuem,
918 1170 984 1190 nou
1019 1160 1144 1190 disces-

162 1202 263 1233 sisset
289 1204 330 1233 ab
354 1212 405 1233 eo.
450 1201 534 1237 Quia
558 1211 638 1233 vero
662 1212 727 1233 non
757 1203 876 1233 mansit.
910 1201 1009 1233 homo
1033 1203 1064 1233 in
1088 1201 1144 1234 illa

164 1246 373 1283 rectitudine,
409 1245 438 1275 in
474 1255 539 1286 qua
571 1250 704 1276 creatus
727 1251 815 1282 erat,
850 1246 1022 1276 subiectus
1056 1255 1144 1276 nunc

164 1293 214 1318 est
249 1289 355 1326 morti,
388 1293 422 1319 ut
455 1286 580 1319 Paulus
613 1288 738 1329 inquit:
785 1287 908 1327 Corpus
941 1289 1144 1328 mortificatur

161 1335 292 1370 propter
312 1334 483 1370 peccalum.

248 1373 378 1405 Deinde
413 1374 522 1405 vident
558 1372 765 1415 philosophi,
808 1372 957 1405 homines
988 1372 1142 1405 volentes

163 1416 224 1447 sibi
259 1427 435 1449 accersere
475 1415 594 1448 multas
634 1415 861 1455 calamitates,
900 1423 935 1448 ut
975 1416 1143 1448 Antonius

162 1458 278 1490 volens
313 1466 425 1491 movet
458 1458 581 1491 bellum
617 1465 735 1491 contra
768 1459 980 1501 Augustum,
1015 1465 1047 1490 et
1080 1460 1143 1490 sibi

160 1503 222 1543 ipsi
246 1509 342 1534 autor
370 1510 421 1534 est
455 1503 615 1535 interitus.
678 1501 747 1533 Sed
782 1501 836 1533 hic
869 1512 1003 1544 quoque
1037 1500 1143 1543 philo-

161 1544 279 1586 sophia
302 1546 454 1587 ignorat,
489 1546 576 1576 unde
599 1545 642 1576 sit
665 1551 755 1576 tanta
778 1544 950 1576 infirmitas
974 1545 1005 1576 in
1026 1544 1143 1576 volun-

159 1589 283 1620 tatibus
297 1588 476 1627 hominum,
501 1594 626 1619 tanturn
639 1598 802 1626 errorum,
821 1594 946 1619 tantum
970 1587 1144 1619 vitiorum?
1166 1577 1174 1635 Ι

247 1630 328 1663 Sola
351 1638 458 1663 autem
478 1631 630 1663 doctrina
652 1629 827 1662 Ecclesiae
849 1631 946 1662 nobis·
970 1636 1143 1669 monstrat,

159 1673 283 1705 iontem
316 1675 433 1706 horum
468 1673 630 1706 malorum
665 1684 764 1706 esse:
800 1673 930 1716 lapsum
961 1674 1141 1715 primorum

160 1716 339 1757 hominum,
363 1725 393 1749 et
419 1718 662 1758 corruptionem
691 1722 845 1756 naturae,
876 1727 960 1759 quae
990 1717 1066 1748 inde
1090 1726 1143 1748 se-

161 1767 237 1792 cuta
260 1767 320 1791 est.
366 1762 422 1792 Sic
446 1762 530 1793 enim
551 1761 717 1792 conditum
743 1761 802 1791 luit
834 1761 924 1791 initio
954 1770 1061 1802 genus
1085 1760 1143 1792 hu-

160 1814 303 1842 manum,
327 1811 359 1835 ut
384 1815 450 1836 non
475 1804 573 1835 niodo
596 1805 668 1835 sine
690 1809 813 1841 morte,
848 1813 907 1834 seo
942 1804 1041 1834 etiarn
1070 1805 1143 1834 siue

160 1854 300 1888 peccato
324 1847 459 1879 viveret.
510 1847 576 1878 Sed
611 1847 703 1888 primi
738 1853 893 1888 parentes
916 1844 1004 1877 ultro
1028 1846 1141 1877 deser-

160 1896 277 1921 verunt
311 1892 447 1922 verbum
482 1889 565 1928 Dei,
607 1889 820 1921 Admiserunt
861 1895 1053 1931 peccatum,
1089 1890 1140 1920 cui

155 1934 325 1975 proposita
349 1932 409 1965 suit
433 1934 515 1965 hacc
538 1933 658 1975 ingens
682 1943 806 1973 poena,
837 1940 872 1964 ut
896 1938 1014 1974 postea
1038 1931 1140 1963 homi-

155 1987 230 2007 num
266 1983 405 2015 natura,
450 1977 573 2007 amissa
614 1976 714 2017 priori
756 1974 830 2008 luce
870 1981 901 2007 et
941 1976 1140 2018 integritate,

155 2020 297 2050 obnoxia
321 2026 411 2050 esset
435 2020 529 2050 morti
554 2026 585 2050 et
610 2025 761 2060 peccato.

242 2063 300 2093 Est
331 2064 432 2104 igitur
461 2061 641 2104 perfectior
663 2063 815 2093 doctrina
838 2060 1028 2099 Ecclesiae,
1064 2063 1139 2103 quia

178 2106 276 2137 rima.
313 2116 435 2137 causas
470 2107 673 2137 miseriarum
708 2104 923 2136 humanarum
959 2111 1139 2136 monstrat:

155 2116 207 2179 be
231 2150 350 2190 quibus
375 2159 449 2180 cum
478 2150 684 2190 cogitamus,
718 2149 857 2189 Oportet
888 2148 1025 2189 primum
1061 2158 1139 2179 con-

154 2193 319 2225 siderare.
355 2202 414 2223 cur
442 2193 474 2223 in
499 2199 569 2222 toto
603 2201 726 2233 genero
761 2191 903 2222 humano
938 2197 1061 2222 tantum
1096 2192 1139 2222 sit

154 2236 375 2266 miseriarum:
402 2234 532 2267 Dcindc
555 2245 614 2266 cur
627 2233 780 2266 Ecclesia
805 2235 835 2265 in
854 2235 966 2275 primis
990 2235 1138 2266 subiecta

154 2279 196 2308 sit
220 2279 404 2316 ingcnti'uus
429 2279 579 2310 miseriis.

243 2322 383 2353 l'riniuiu
414 2322 513 2363 igitur
548 2322 578 2352 iu
614 2330 754 2362 genere:
793 2320 903 2352 Causa
937 2319 1137 2351 universalis

155 2366 296 2395 omnium
335 2366 504 2403 vitiorum,
538 2371 740 2401 erratorum,
773 2364 907 2401 mortis,
941 2370 970 2394 et
1001 2362 1138 2395 aliarum

156 2408 361 2439 miseriarum
408 2410 439 2440 in
486 2415 556 2440 toto
599 2417 725 2450 gent-re
770 2405 912 2438 humano
958 2414 1028 2441 est,
1071 2406 1139 2437 l'ri-

155 2460 240 2481 mutu
272 2458 455 2492 [ic-citatum.
490 2451 579 2493 quod
613 2456 834 2493 propagatum
869 2457 919 2481 cst
955 2450 986 2480 in
1023 2459 1139 2480 ouinos

157 2501 332 2533 posteros.
382 2495 536 2526 Nascitur
588 2495 674 2525 enim
721 2495 783 2525 inm
820 2500 936 2524 natm-n
973 2492 1137 2523 homiuum

158 2537 189 2567 in
239 2539 452 2578 corruptione
498 2537 641 2568 omnium
694 2537 830 2573 virium,
881 2542 914 2567 et
949 2536 1138 2566 desertione

157 2579 229 2611 Dei.
276 2581 349 2611 Non
375 2582 499 2621 regitur
522 2581 620 2611 homo
645 2591 664 2610 a
688 2579 774 2617 Deo,
805 2589 870 2610 non
894 2579 1064 2620 praeditus
1088 2585 1138 2609 est

155 2621 195 2652 iis
219 2622 327 2661 «lonis,
351 2634 387 2654 aa
413 2625 602 2663 integritate
625 2623 759 2657 virium,
792 2633 888 2665 qun-n
914 2622 1020 2653 Adam
1043 2631 1139 2652 accc-

157 2673 249 2704 ρει-ιιι
275 2678 334 2708 pro
358 2677 395 2697 se
418 2674 450 2698 et
479 2674 547 2697 tota
582 2667 787 2708 posteritate.
845 2665 923 2697 lnde
947 2671 1019 2701 est.
1050 2665 1138 2706 quod

810 207 921 240 Pffll..
946 207 1050 240 MEL.
1073 206 1261 241 SCRIPTA
1283 205 1546 238 EXEGETICA.

818 515 989 547 Materiam
1022 513 1151 546 scilicet
1178 524 1182 529 ·

2122 209 2185 242 192

1179 308 1184 320 ·
1205 300 1342 331 materia
1364 309 1431 331 non
1453 300 1546 339 vivit,
1568 301 1657 342 quod
1679 311 1774 333 mens
1796 302 1860 334 ruit
1882 302 1916 333 in
1938 311 2081 335 erroreS.
2114 303 2183 336 Vo-

1205 342 1316 374 luntas
1344 343 1496 374 subiecta
1529 351 1581 375 est
1613 345 1769 385 pessimis
1803 343 2090 385 inclinationibus,
2123 356 2184 378 cor

1203 383 1338 426 plenum
1361 391 1413 416 est
1432 386 1555 427 rapidis
1589 393 1622 418 et
1651 385 1847 422 turbulentis
1874 387 2059 420 affectibus.
2103 388 2183 422 lnde

1203 434 1281 459 sunt
1299 427 1429 460 scelera
1451 436 1572 470 sponte
1594 428 1719 469 electa,
1754 440 1840 472 quae
1872 431 2042 463 attrahunt
2070 432 2183 475 singu-

1202 468 1291 502 lares
1316 481 1452 512 poenas.
2047 501 2051 505 .

1288 513 1404 545 Altera
1437 524 1538 546 causa
1567 522 1619 546 est
1652 514 1817 558 Tyrannis
1850 514 2002 555 Diaboli,
2030 518 2082 550 cui
2105 518 2183 549 sub-

1201 556 1307 588 iectus
1330 557 1492 599 estihomo
1504 565 1640 599 propter
1650 557 1731 590 illud
1756 559 1863 599 ipsum
1886 566 2071 600 peccatum,
2093 561 2182 602 quod

1202 598 1315 631 haeret
1348 601 1380 630 in
1408 606 1536 631 natura.
1593 601 1668 632 Non
1703 607 1828 633 tantum
1861 601 1960 634 homo
1995 609 2183 644 corruptuS,

1202 653 1260 682 per
1282 652 1320 674 se
1342 642 1447 674 fertur
1470 644 1542 675 sine
1565 642 1642 686 lege
1675 650 1707 675 et
1731 645 1865 682 ordine,
1899 645 1959 676 sed
1983 647 2080 677 etiam
2105 645 2182 677 Dia-

1203 684 1298 715 bolus
1321 685 1457 727 impellit
1479 686 1629 719 homiues
1653 688 1730 718 odio
1754 686 1816 719 Dei
1839 688 1881 719 ad
1915 687 2086 720 horribilia
2107 698 2182 720 sce-

1174 745 1180 795 Ι
1201 726 1283 765 lera,
1317 734 1352 759 ut
1375 728 1455 759 Cain
1480 730 1600 761 occidit
1622 730 1770 768 fratrem,
1798 729 1959 772 impulsus
1982 741 2003 763 a
2024 729 2181 763 Diabolo.

1201 769 1280 801 Saul
1315 773 1523 813 persequitur
1561 771 1742 811 Davidem,
1782 774 1937 805 incitatus
1970 784 1990 805 a
2023 772 2178 806 Diabolo.

1201 814 1288 845 ldem
1323 819 1423 855 auget
1458 813 1663 847 calamitates
1706 817 1840 858 generis
1881 817 2038 854 humani,
2078 817 2180 849 variis

1200 856 1317 894 modis,
1343 862 1375 887 ut
1401 867 1475 888 cum
1499 858 1620 889 excitat
1644 857 1732 890 bella
1755 860 1886 891 iniusta.
1932 859 2084 895 Quantae
2108 869 2182 892 cae·

1200 899 1260 930 des
1290 897 1399 930 factae
1428 906 1506 930 sunt
1533 901 1565 931 in
1589 899 1685 932 bellis
1721 901 1893 940 civilibus,
1927 903 2013 934 inter
2040 902 2181 934 Marium

1199 948 1231 972 et
1265 941 1412 983 Syllam,
1446 943 1531 974 inter
1554 943 1745 984 Pompeium
1780 952 1813 977 et
1837 945 2040 978 Caesarem?
2093 944 2182 980 Quot

1198 983 1298 1017 millia
1323 985 1460 1024 civium,
1494 996 1591 1027 quam
1624 985 1715 1017 multi
1749 995 1958 1028 praestantes
1993 989 2052 1020 viri
2083 989 2182 1020 inter-

1199 1028 1375 1059 ficiuntur?
1419 1027 1513 1060 Talia
1536 1027 1625 1060 bellu
1649 1030 1725 1071 quid
1749 1037 1836 1068 sunt,
1860 1031 1923 1062 nisi
1946 1030 2077 1063 furores
2101 1031 2181 1063 Dia·

1200 1069 1318 1108 bolici,
1353 1071 1394 1102 de
1417 1073 1537 1113 quibus
1566 1074 1772 1114 cogitantes,
1807 1083 1873 1105 nou
1903 1083 2083 1114 possumus
2112 1084 2179 1106 non

1198 1115 1452 1155 obstupescere.

1283 1157 1356 1188 Hae
1392 1164 1470 1188 sunt
1501 1167 1623 1189 causae
1646 1159 1678 1189 in
1703 1168 1827 1200 genere
1850 1157 2067 1190 humanarum
2092 1158 2181 1191 cala-

1196 1200 1355 1231 mitatum.
1411 1199 1534 1232 Postea
1563 1200 1774 1241 peculiariter
1807 1202 2072 1233 considerandae
2104 1208 2182 1234 sunt

1197 1252 1330 1281 causae,
1354 1250 1489 1284 propter
1511 1254 1594 1284 quas
1618 1243 1771 1276 Ecclesia
1795 1245 1943 1286 inprimis
1965 1246 2008 1277 sit
2030 1246 2182 1278 subiecta

1197 1286 1287 1317 cruci
1312 1291 1344 1316 et
1367 1286 1622 1318 calamitatibus.

1282 1328 1343 1359 Hic
1366 1339 1483 1361 rursus
1502 1330 1604 1370 prima
1628 1339 1732 1361 causa
1755 1336 1822 1362 est:
1845 1330 1930 1365 Quia
1954 1331 2049 1361 etiam
2063 1329 2180 1363 Eccle-

1195 1371 1266 1402 siae
1289 1373 1435 1403 membra
1459 1379 1642 1403 nascuntur
1663 1382 1738 1404 cum
1760 1379 1910 1414 peccato.
1973 1372 2071 1408 Quod
2106 1384 2180 1406 cum

1197 1421 1385 1445 contemnat
1410 1415 1565 1453 mundus,
1588 1414 1660 1446 vult
1678 1414 1771 1446 Deus
1794 1417 1827 1446 in
1847 1414 2002 1447 Ecclesia
2027 1416 2177 1457 conspici

1197 1458 1277 1488 iram
1313 1466 1406 1487 suam
1441 1458 1604 1488 adversus
1634 1457 1903 1498 depravationem
1939 1456 2027 1488 illam
2050 1463 2082 1488 et
2103 1468 2181 1498 pec-

1165 1487 1174 1569 ¹
1197 1505 1305 1531 catum
1328 1499 1473 1530 haerens
1495 1501 1527 1530 in
1550 1506 1688 1531 natura:
1735 1500 1775 1531 Et
1798 1506 1834 1531 ut
1856 1510 1929 1531 eam
1943 1509 2180 1542 agnoscamus,

1196 1549 1228 1574 et
1252 1552 1314 1573 nos
1337 1543 1552 1574 subiiciamus
1575 1544 1645 1574 eius
1669 1543 1804 1581 iudicio,
1835 1542 2097 1574 Commoncsacit
2116 1552 2181 1574 nos

1196 1586 1297 1617 variis
1331 1585 1458 1624 modis,
1486 1586 1577 1617 iuxta
1611 1586 1750 1617 dictum:
1782 1586 1905 1620 Fih‘um,
1940 1596 2027 1625 quem
2059 1585 2178 1625 dumet,

1168 1643 1174 1659 r
1196 1629 1339 1667 corripit.
1385 1627 1484 1667 Item,
1516 1629 1669 1658 Itmocens
1699 1640 1802 1659 coram
1826 1633 1856 1659 te
1874 1639 1934 1658 uon
1954 1633 2001 1659 esi
2019 1630 2176 1658 immoene.

1196 1671 1254 1703 lob
1278 1671 1412 1710 fatetur,
1445 1681 1483 1703 se
1512 1682 1624 1704 coram
1644 1671 1716 1703 Deo
1750 1672 1905 1703 iniustum
1935 1681 2025 1710 esse,
2049 1672 2180 1703 etiamsi

1195 1715 1409 1747 afflictionum
1423 1725 1558 1746 suarum
1572 1725 1637 1747 non
1649 1716 1713 1746 sint
1736 1725 1858 1747 causae
1877 1713 2022 1747 actualia
2045 1713 2179 1753 delicta,

1194 1764 1231 1790 ut
1252 1759 1347 1789 amici
1372 1758 1442 1790 eius
1466 1758 1688 1799 disputabant.

1281 1801 1439 1833 Secunda
1463 1811 1564 1832 cau-ta
1588 1807 1655 1832 est:
1694 1799 1859 1832 Diabolus
1892 1801 1999 1843 magis
2029 1800 2097 1832 odit
2116 1799 2180 1832 Ec-

1194 1843 1339 1876 clesiam.
1384 1844 1494 1886 Magis
1527 1845 1627 1886 igitur
1660 1844 1831 1875 insidiatur
1853 1842 2027 1875 Ecclesiae
2059 1850 2092 1875 et
2114 1844 2178 1884 piis

1194 1887 1348 1929 singulis,
1373 1888 1426 1929 qui
1448 1893 1525 1918 sunt
1549 1887 1672 1919 Christi
1696 1888 1855 1918 membra.
1902 1886 1979 1918 ldeo
2002 1887 2121 1918 dicitur
2144 1887 2176 1918 in

1194 1929 1278 1962 libro
1299 1932 1372 1962 lob:
1401 1930 1559 1961 Diabolus
1581 1931 1670 1961 steti!
1691 1932 1775 1961 inter
1796 1930 1880 1972 filios
1902 1929 1977 1960 Dei.

1279 1973 1389 2005 Tertia
1412 1983 1515 2004 causa
1538 1980 1611 2011 cst,
1646 1980 1680 2004 ut
1709 1974 1741 2004 in
1772 1983 1871 2004 cruce
1903 1979 2122 2004 exerceantur
2143 1979 2177 2004 et

1194 2024 1347 2048 crescant
1371 2017 1584 2057 poenitentia,
1609 2016 1709 2054 fides,
1741 2017 1909 2048 invocatio
1939 2023 1970 2047 et
1994 2022 2062 2047 tota
2085 2016 2177 2047 novi-

1194 2067 1258 2098 tas,
1282 2061 1369 2092 iuxta
1394 2060 1534 2091 dictum:
1560 2059 1680 2090 Bonum
1704 2064 1750 2090 est
1775 2059 1861 2097 nu’lu',
1884 2060 1969 2100 qnod
1998 2059 2180 2090 luunilinsta·

1192 2113 1250 2138 nie,
1274 2108 1306 2134 ut
1330 2104 1483 2134 disca-pm
1508 2103 1750 2144 iustificationes
1775 2107 1858 2134 tuas.
1895 2102 1985 2135 lteni.
2010 2102 2176 2140 καθῆμωα

1164 2133 1171 2164 l
1191 2147 1367 2186 μαθήματα,
1391 2156 1473 2187 quae
1497 2151 1616 2181 uomit,
1636 2147 1759 2176 «locent.
1806 2146 1904 2183 item,
1934 2146 2092 2185 Angyustt'n
2117 2146 2176 2176 tri-

1163 2170 1169 2216 Ι
1193 2191 1364 2221 lmlatn'om's
1387 2190 1561 2229 disciplina
1586 2191 1738 2221 clamoris
1755 2190 1809 2225 εἰς,
1832 2189 1863 2220 id
1889 2194 1951 2225 est,
1975 2188 2176 2220 afflictiones

1193 2234 1314 2264 docent
1338 2232 1483 2264 clamare
1506 2234 1546 2263 ad
1574 2233 1679 2263 Deum
1704 2234 1734 2263 iu
1758 2232 1980 2263 invocatione.

1279 2277 1404 2311 Quarta
1430 2287 1534 2306 causa
1559 2283 1619 2307 cst.
1643 2276 1725 2310 Quin
1752 2276 1848 2306 etium
1871 2276 1901 2306 iu
1921 2273 2074 2306 Ecclesia
2097 2281 2175 2306 sunt

1192 2317 1331 2360 plurium
1354 2318 1472 2349 delicta
1498 2318 1639 2350 actualia
1673 2319 1798 2349 utrm—in
1814 2341 1822 2351 .
1856 2324 1890 2349 ut
1915 2317 2053 2348 Davidis
2084 2315 2175 2348 adul·

1193 2363 1321 2394 terium.
1348 2361 1478 2392 scclcra
1493 2361 1658 2392 Manasse.
1708 2361 1798 2392 llaec
1822 2361 1910 2401 punit
1927 2359 2019 2390 Deus
2039 2367 2175 2401 propter

1192 2416 1284 2435 suam
1306 2406 1471 2441 iustitium,
1497 2413 1525 2435 ct
1552 2412 1584 2435 ut
1606 2403 1660 2435 alii
1685 2405 1913 2435 deterreantur
1936 2401 2107 2444 exemplo,
2141 2409 2173 2434 et

1193 2448 1282 2479 multi
1306 2455 1504 2478 rvvorcntur
1527 2449 1568 2478 nil
1590 2448 1837 2488 put-nitentium:
1862 2453 1895 2477 ut
1920 2447 2054 2476 ‹lic-itur:
2088 2447 2174 2476 Ινηηι

1195 2492 1326 2522 ΙΙυιηὴιι·
1345 2492 1496 2531 portabo.
1531 2491 1677 2532 ιμιιηιιίηιι
1700 2491 1833 2530 liccem-i
1864 2490 1903 2520 η’.
1961 2488 2057 2521 licui.
2094 2489 2175 2520 “um

1192 2535 1385 2567 iudicmmw.
1410 2546 1430 2565 n
1447 2534 1582 2564 Domino
1601 2534 1810 2574 corripimur,
1834 2543 1872 2563 m·
1893 2542 1961 2563 cum
1983 2531 2043 2563 hoc
2060 2533 2175 2564 mundo

1191 2587 1368 2619 'tm‘t'umnsu

1278 2621 1399 2656 Quium
1423 2630 1525 2651 causa
1545 2626 1616 2657 est,
1650 2619 1733 2655 Quia
1758 2618 1850 2650 Deus
1881 2617 1949 2649 vult
1973 2626 2074 2648 neces
2097 2626 2174 2648 san-

1163 2654 1168 2698 l
1194 2670 1320 2696 ctorum
1345 2673 1423 2695 esse
1455 2663 1640 2695 testimonia
1674 2663 1717 2694 de
1750 2662 1910 2693 doctrina.
1968 2661 2053 2696 Qui·
2085 2660 2170 2692 enin
