2324 2958
195 161 235 192 51
804 153 914 185 PfflL.
938 152 1039 184 MEL.
1061 150 1248 184 SCRtPTA
1270 147 1532 181 EXEGETICA.
2152 154 2194 185 52

194 264 271 286 csse
293 253 444 284 veniente
462 249 613 281 Christo:
637 247 677 279 Et
699 247 775 288 quia
798 248 1011 279 concionetur
1033 245 1095 275 iam
1119 245 1166 275 lo-

197 306 317 333 anneS,
352 294 396 325 ait
420 291 570 323 vaticinia
593 290 830 332 Prophetarum
852 288 984 331 impleta
1005 297 1099 323 esse,
1134 293 1165 316 et
1189 271 1195 307 Ῐ

197 337 363 370 Christum
397 345 472 366 esse
505 333 692 365 exhibitum.
739 331 830 363 Haec
852 338 903 363 est
925 328 1166 370 simplicissima

196 381 360 413 sententia
383 378 499 409 horum
521 377 712 407 verborum:
742 373 795 406 lex
817 373 944 407 scilicet
966 370 1165 405 ceremonia-

195 422 238 454 es
262 430 294 454 et
315 419 475 453 iudicialis
497 428 603 460 usque
626 418 667 449 ad
690 419 854 449 loannem.

281 466 336 495 Sic
360 471 391 494 et
410 462 592 503 prophetae
614 467 690 492 sunt
709 468 814 501 usque
836 459 878 490 ad
902 459 1070 492 loannem,
1099 454 1165 505 hoc

195 513 258 545 est,
282 505 466 546 Prophetae
498 503 729 545 praedixerunt
764 503 804 533 (le
837 501 979 532 adventu
1010 497 1164 528 Messiae.

196 550 268 582 Hae
290 548 531 590 praedictiones
554 547 618 577 iam
641 551 716 576 sont
744 542 937 584 completae.
982 543 1059 572 {tem
1082 549 1165 581 quae

195 592 381 633 Prophetae
414 591 595 620 docuerunt
624 589 664 619 de
686 585 924 628 significatione
947 582 1048 624 legis,
1080 581 1166 614 haee

196 645 240 676 qn
288 643 328 665 ue
350 634 382 664 in
405 642 508 674 regno
533 630 676 662 Mes-siae
699 627 958 669 coniplebuntur.

315 677 432 717 enique
466 674 539 705 finis
573 674 644 710 erit,
677 672 776 703 totius
816 668 981 701 ministerii
1014 665 1165 705 Levitici‚

196 729 261 751 non
285 717 391 749 solum
414 728 479 759 quo
503 716 544 748 ad
568 715 789 750 ceremonias,
822 712 881 742 sed
915 711 1011 742 etiam
1034 719 1100 751 quo
1121 709 1165 741 ad

195 761 471 803 praedicationem
494 756 684 799 disciplinae
708 754 812 787 civilis
834 764 893 785 seu
915 752 1069 790 forensis,
1091 762 1164 800 ρει-ἶ
1186 762 1192 790 1

194 805 348 836 tinentem
368 804 409 834 ad
432 801 520 833 illam
542 799 687 842 politiam
711 798 907 834 Mosaicam,
953 795 1036 830 Quia
1059 801 1165 826 sancti

194 848 226 878 in
250 856 338 877 novo
362 845 571 876 Testamento
595 842 759 873 habebunt
779 840 854 877 hoc,
887 839 974 880 quod
994 836 1046 869 lex
1069 847 1164 878 prae-

197 890 286 930 cipit,
309 898 340 918 et
364 888 451 929 qnod
475 888 507 918 in
526 885 598 927 lege
624 881 1076 926 principalitersignificatum
1087 889 1165 912 esse

195 931 379 973 prophetae
401 930 594 961 docuerunt.

279 974 373 1005 Nunc
397 972 546 1003 Christus
568 976 619 1001 est
643 975 756 1000 nostra
778 967 848 1005 lex,
878 967 910 998 id
933 972 1002 1004 est,
1030 964 1083 996 lex
1107 966 1164 997 im-

193 1015 292 1059 pleta.
337 1015 377 1047 Et
401 1025 461 1046 nos
484 1015 642 1045 habentes
661 1011 838 1048 Christum,
862 1010 1020 1041 habemus
1044 1018 1098 1039 res
1122 1009 1164 1039 si-

193 1059 389 1101 gnificantes
422 1067 481 1098 per
503 1056 618 1098 legem.
662 1054 745 1085 Nam
779 1053 991 1084 mactationes
1020 1051 1166 1082 victima·

194 1113 264 1133 rum
290 1100 517 1142 significabant
541 1099 687 1129 meritum
712 1096 846 1133 Christi,
876 1103 907 1126 et
938 1095 1165 1126 remissionem
1187 1088 1192 1153 ι

195 1151 416 1185 peccatorum.
441 1141 518 1173 ltem
542 1140 594 1172 lex
619 1138 754 1171 Moralis
777 1138 987 1179 significabat
1010 1137 1165 1168 iustitiam

195 1186 379 1219 donandam
404 1195 460 1225 per
483 1183 661 1220 Christum,
684 1183 715 1213 in
739 1192 804 1223 quo
827 1180 985 1212 habemus
1008 1190 1096 1212 nunc
1120 1181 1165 1211 iu·
1186 1156 1192 1200 Ι

195 1230 315 1261 stitiam
349 1229 552 1269 imputatam,
587 1227 661 1256 item
695 1224 987 1256 sanctificationem
1011 1229 1043 1254 et
1067 1223 1166 1254 w'tam

193 1279 419 1346 aestrgiililata
447 1313 543 1354 igitur
566 1311 682 1342 umbra
704 1308 788 1351 legis
811 1307 961 1350 impletur
979 1309 1042 1339 iam
1064 1309 1166 1351 signi·
1187 1313 1194 1337 t

1218 241 1332 280 nobis,
1365 242 1426 273 sed
1460 243 1502 274 de
1523 244 1666 274 externis
1689 243 1825 280 ritibus,
1859 243 1935 284 quia
1965 245 2195 279 ceremonialia

1217 282 1348 315 suerunt
1370 291 1495 316 tantum
1517 284 1771 327 paedagogicae
1793 285 1957 324 actiones,
1975 296 2035 318 seu
2058 288 2194 321 umbrae

1216 332 1374 359 externae
1391 327 1618 369 significantes
1641 326 1740 359 aliud.
1763 328 1841 359 ltem
1864 335 1943 359 sunt
1965 334 2089 362 tantum
2113 333 2194 365 certi

1216 367 1356 401 alicuius
1387 371 1563 411 temporis,
1598 380 1660 402 nec
1693 375 1769 401 sunt
1802 370 1956 411 quiddam
1989 379 2194 413 perpetuum.

1216 410 1434 444 circumcisio
1468 422 1540 444 erat
1569 413 1747 454 amputatio
1770 414 1949 454 praeputii,
1983 423 2070 455 quae
2092 414 2195 448 semel

1216 454 1328 486 fiebat.
1371 454 1528 487 Mactatio
1551 456 1734 497 pecudum,
1763 464 1830 486 non
1854 456 2028 488 comedere
2050 456 2195 497 suillam,

1215 495 1306 528 ablui
1330 498 1432 529 certis
1456 498 1584 536 ritibus,
1618 504 1713 529 erant
1735 498 1886 529 actiones
1909 504 2075 531 externae.
2120 500 2195 533 Non

1216 546 1294 571 sunt
1318 540 1438 572 bonum
1461 539 1596 582 aliquod
1641 547 1825 582 erpetuum‚
1844 550 1905 573 seu
1929 551 2067 573 manens
2091 542 2195 575 inho-

1215 582 1367 613 minibus·
1413 581 1486 614 Hoc
1518 589 1572 615 est
1605 584 1613 614 i
1642 591 1733 615 usti-e
1762 583 1939 616 discrimen
1968 585 2053 616 inter
2086 584 2194 628 legem

1217 623 1375 656 moralem
1397 632 1431 655 et
1453 625 1714 658 ceremonialem.

1303 667 1354 698 Ac
1377 666 1618 700 assuefacieudi
1641 675 1719 700 sunt
1740 669 1850 706 animi,
1883 675 1919 700 ut
1943 670 2130 712 cogitantes
2153 671 2195 703 de

1217 707 1294 752 lege
1315 708 1448 748 morali,
1471 710 1657 744 intueantur
1680 710 1822 749 fontem,
1853 710 1886 742 id
1909 718 1979 750 est,
2001 713 2196 754 sapientiam

1219 758 1252 783 et
1274 752 1431 784 iustitiam
1452 753 1485 783 iu
1507 751 1592 785 Deo.
1638 755 1682 786 lta
1703 755 1789 786 enim
1813 755 1934 786 rectius
1964 756 2104 797 agnosci
2138 766 2195 797 po·

1218 801 1282 825 test
1305 795 1494 837 magnitudo
1513 806 1621 828 rernm
1645 797 1792 835 istarum,
1815 807 1878 829 nec
1900 797 2035 830 dubium
2057 799 2195 830 estideo

1216 837 1347 868 insitam
1369 847 1446 869 esse
1468 836 1576 879 legem
1599 838 1758 871 moralem
1786 841 1950 872 mentibus
1972 839 2140 873 hominum
2162 842 2196 873 in

1218 881 1397 919 creatione,
1420 888 1456 913 ut
1479 887 1571 912 esset
1593 882 1814 913 testimonium
1838 883 1878 915 de
1902 882 1988 915 Deo.

1302 922 1372 954 Lex
1403 922 1548 955 sorensis
1579 930 1631 955 est
1651 925 1848 965 gubernatio
1867 924 2002 967 politica
2025 926 2196 958 societatis

1217 972 1386 1004 externae,
1410 967 1600 998 necessaria
1622 967 1707 1007 paci.
1741 965 1802 997 Est
1824 974 1935 1000 autem
1956 967 2040 1001 haec
2064 979 2196 1011 quoque

1217 1009 1249 1039 in
1272 1009 1417 1040 externis
1440 1010 1641 1048 actionibus,
1675 1007 1804 1041 scilicet
1826 1010 1859 1040 in
1882 1011 1949 1042 vita
1972 1010 2076 1050 civili,
2109 1012 2197 1044 sicut

1216 1049 1271 1083 lex
1295 1051 1524 1083 ceremonialis
1546 1053 1732 1093 pertinebat
1755 1052 1797 1083 ad
1821 1058 1994 1085 externum
2018 1053 2140 1086 cultum
2164 1055 2196 1085 in

1216 1093 1373 1126 Ecclesia
1406 1095 1500 1126 istius
1533 1093 1655 1137 populi.
1722 1094 1919 1137 Significant
1958 1102 2068 1128 autem
2100 1096 2196 1138 leges

1218 1147 1351 1179 queque
1384 1135 1538 1169 forenses
1573 1137 1698 1179 aliquid
1731 1139 1774 1169 de
1797 1136 1967 1170 voluntate
1997 1137 2077 1177 Dei,
2112 1137 2197 1174 Quia

1218 1180 1282 1211 hoc
1304 1186 1418 1218 totum,
1441 1181 1530 1222 quod
1547 1181 1589 1212 ad
1609 1181 1837 1213 executionem
1851 1179 2043 1222 disciplinae
2055 1187 2196 1223 spectat,

1217 1224 1438 1255 testimonium
1461 1231 1524 1262 est,
1549 1224 1638 1265 quod
1661 1223 1753 1256 Deus
1777 1224 1941 1255 irascatur
1963 1225 2130 1266 peccatis,
2164 1230 2198 1257 et

1219 1275 1259 1297 ea
1282 1273 1404 1307 pumat.

1306 1307 1386 1340 Vult
1408 1308 1502 1340 Deus
1535 1309 1689 1340 iustitiam
1722 1307 1886 1349 politicam
1925 1310 2038 1341 testari
2063 1310 2105 1341 de
2135 1319 2198 1342 aua

193 1357 322 1394 ficatio,
356 1363 386 1386 et
410 1356 609 1386 instauratur
631 1354 662 1384 in
687 1353 810 1383 sanctis
834 1351 916 1389 hoc,
950 1351 1038 1392 quod
1061 1357 1112 1383 est
1133 1351 1167 1383 in
1219 1352 1352 1389 iustitia,
1376 1359 1407 1382 et
1431 1361 1504 1383 cum
1528 1352 1744 1393 magistratus
1767 1362 1834 1383 non
1859 1352 1950 1392 punit
1974 1351 2107 1390 delicta,
2132 1351 2199 1384 De-

195 1399 269 1431 Deo
291 1406 479 1435 aeternum,
508 1397 592 1432 Quia
616 1396 741 1427 sanctis
765 1395 1021 1427 communicatur
1045 1394 1167 1426 iustitia
1219 1404 1258 1426 us
1281 1395 1351 1436 ipse
1376 1395 1466 1435 punit
1489 1401 1520 1425 et
1542 1393 1774 1436 magistratum
1797 1400 1829 1425 et
1852 1395 2015 1426 subditos·
2039 1394 2074 1426 ld
2087 1401 2199 1426 osten-

195 1442 315 1479 divina,
338 1447 371 1472 ut
392 1441 469 1471 fiant
493 1438 615 1470 similes
637 1438 720 1469 Deo.
1189 1444 1194 1476 ῑ
1221 1438 1267 1468 dit
1289 1437 1509 1478 experientia,
1538 1435 1623 1472 Quia
1652 1437 1807 1468 omnibus
1841 1438 2045 1478 temporibus
2078 1437 2199 1469 iniuste

277 1484 342 1515 Sed
366 1484 461 1514 offert
479 1493 516 1514 se
538 1482 591 1512 hic
615 1481 765 1523 quaestio
788 1479 864 1518 illa,
888 1490 972 1521 quae
997 1481 1092 1511 etiam
1116 1485 1167 1511 est
1189 1478 1194 1525 Ι
1219 1478 1307 1512 sacta
1341 1489 1401 1511 seu
1435 1479 1571 1511 iniuriae
1610 1485 1762 1511 evertunt
1796 1478 1958 1520 Imperia,
1992 1486 2029 1512 ut
2060 1480 2197 1512 dicitur:

192 1529 224 1559 in
247 1529 393 1559 irenaeo.
439 1525 556 1557 Nonne
590 1525 698 1555 omnia
721 1523 806 1566 quae
829 1524 982 1555 dicuntur
1004 1524 1036 1554 in
1058 1522 1167 1554 Evan-
1189 1527 1195 1562 Ι

192 1570 290 1612 gelie,
315 1579 373 1601 seu
398 1578 482 1610 quae
504 1567 682 1599 afferuntur
694 1568 726 1598 in
739 1576 826 1598 novo
839 1565 1063 1604 Testamento,
1076 1566 1166 1607 prius

192 1615 286 1645 etiam
320 1612 504 1643 habuerunt
533 1611 644 1642 sancti
661 1617 775 1651 patres
799 1610 830 1640 in
849 1609 952 1641 veteri
975 1608 1167 1640 Testamen-

191 1657 247 1687 to?
288 1655 406 1686 Nonne
428 1655 552 1691 Adam,
589 1653 776 1690 Abraham,
809 1658 841 1683 et
864 1651 918 1683 alii
941 1653 984 1693 pii
1003 1657 1168 1684 noverunt

191 1698 370 1735 Christum,
393 1696 575 1728 habuerunt
598 1695 757 1727 beneficia
779 1696 855 1726 novi
868 1694 1080 1733 Testamenti,
1093 1705 1167 1727 sen-

191 1742 296 1772 sirunt
329 1750 366 1771 se
390 1750 447 1780 per
471 1740 626 1779 Spiritum
650 1744 799 1770 sanctum
823 1740 973 1770 revocari
999 1748 1039 1769 ex
1062 1738 1168 1770 media

192 1784 318 1815 morte?
341 1783 426 1818 Quid
451 1794 532 1823 ergo
546 1781 698 1813 Christus
722 1779 830 1813 attulit
852 1781 951 1812 novi?
975 1780 1167 1822 Respondet
1187 1804 1194 2263 ί

1189 2266 1193 2280 Ι

1189 2281 1194 2321 l

191 1829 362 1859 irenaeus:
389 1826 502 1856 ,mulir
521 1836 555 1855 se
577 1826 688 1865 ipsunt.
735 1823 824 1856 Haec
847 1832 897 1855 est
920 1825 1008 1856 bona
1030 1835 1167 1865 respon-

192 1871 253 1901 sio.
300 1867 415 1899 Attulit
441 1878 477 1899 se
501 1870 619 1908 ipsum.
641 1875 671 1898 et
694 1865 837 1908 implevit
860 1866 939 1899 illud
957 1867 1167 1905 sacrificium,

192 1920 326 1953 propter
359 1912 445 1953 quod
480 1917 590 1952 patres·
621 1909 665 1941 illi
690 1909 890 1941 reconciliati
909 1917 984 1941 sunt
1009 1909 1098 1947 Deo,
1134 1916 1165 1941 et

191 1955 396 1986 sanctificati.
421 1956 497 1985 ltem
522 1954 686 1984 inchoavit
710 1954 741 1984 in
765 1964 825 1985 >ua
847 1954 1089 1985 resurrectione
1109 1963 1165 1984 no-

193 2009 267 2029 xum
301 2004 331 2027 et
365 2004 536 2028 aeternum
566 2007 713 2038 regnum,
745 1996 832 2037 quod
856 1997 1060 2037 praedictum
1084 2003 1164 2027 erat.

191 2040 249 2071 Est
275 2041 358 2071 enim
378 2040 449 2080 ipse
473 2040 630 2080 primitiae
662 2040 929 2070 resuscitatorum
954 2049 994 2070 ex
1017 2040 1164 2070 mortuis.

192 2083 370 2114 Praeterea
394 2082 587 2123 propagavit
610 2082 791 2112 ‹locu-'nam
806 2080 973 2123 Evangelii
993 2083 1075 2113 inter
1088 2092 1165 2125 gen-

191 2133 254 2163 tes,
274 2125 361 2161 Quod
386 2126 474 2166 prius
497 2135 561 2155 non
586 2125 629 2155 ita
654 2124 762 2155 tiebat.

277 2169 342 2199 bed
368 2169 468 2199 redeo
491 2168 532 2199 ad
556 2167 793 2198 distinctionem
818 2169 954 2208 partium
969 2166 1062 2210 legis.
1098 2167 1166 2199 Dit-

191 2212 297 2243 semnt
324 2210 391 2241 Lex
415 2209 560 2242 moralis.
580 2209 809 2241 ceremonialis
832 2217 863 2240 et
882 2209 1035 2242 forensis.

279 2252 432 2291 Mor-alis,
452 2252 698 2296 §appellatione
732 2252 847 2293 puerili
892 2254 939 2283 sic
970 2255 1166 2291 nominatur,

191 2299 266 2340 quia
297 2298 434 2333 doceat,
464 2295 581 2337 quales
611 2297 752 2327 debeant
776 2306 852 2326 osse
871 2297 900 2326 in
927 2298 1022 2327 nobis
1047 2307 1166 2328 mores.

191 2341 257 2371 Sed
283 2339 534 2380 complectenda
557 2346 608 2370 est
633 2349 704 2370 cum
730 2340 874 2369 moribus
899 2347 967 2370 tota
991 2339 1168 2371 conformi-

192 2390 241 2414 tas
276 2389 414 2413 naturae
450 2390 586 2413 nostrae
616 2393 689 2413 cuni
715 2382 874 2422 snpientia
898 2390 928 2412 et
953 2384 1071 2414 iustitia
1095 2382 1167 2414 Dei.

191 2427 266 2457 idn-o
302 2424 500 2464 intelligatur
531 2424 581 2455 lex¹
607 2424 745 2455 Mori-lis
770 2423 822 2454 illa
848 2436 935 2459 esse.
966 2427 995 2456 in
1027 2438 1090 2467 qua
1114 2427 1168 2457 de—

191 2469 357 2500 scribitur.
381 2467 488 2509 (vialis
513 2470 551 2499 ait
569 2468 673 2506 Deus,
697 2474 726 2498 ct
752 2466 868 2508 ‹pinli-s
893 2479 955 2498 non
981 2469 1048 2499 lieri
1073 2480 1169 2510 opor-

191 2520 267 2543 teat.
315 2510 422 2541 Dum-t
459 2512 542 2542 enin»
578 2513 618 2542 de
653 2521 688 2542 re
722 2512 934 2552 perpetuali·
961 2511 1048 2544 neo.
1083 2513 1169 2543 etin

191 2556 298 2585 nobis.

278 2597 344 2627 Lex
371 2596 598 2628 cere-zoninus
624 2608 688 2629 non
713 2597 786 2628 dicit
814 2597 854 2627 de
878 2608 930 2630 eo.
957 2599 1042 2638 qnod
1067 2606 1116 2628 est
1141 2599 1170 2629 in
1194 2601 1197 2629 Ι

1219 1521 1307 1565 ὕβρις
1339 1525 1387 1553 noti
1417 1522 1567 1561 μαγνῆτας
1599 1521 1738 1553 ἀπώλεσε
1771 1524 1821 1553 καὶ
1843 1523 2011 1563 κολοφῶνα.
2057 1522 2198 1558 Quando

1220 1565 1360 1598 Romani
1384 1565 1555 1607 Principes
1589 1564 1803 1608 negligebant
1836 1565 1976 1602 iudicia,
2011 1572 2044 1597 et
2066 1565 2199 1596 nimium

1220 1610 1404 1651 gravabant
1437 1607 1594 1650 populum
1616 1607 1846 1640 exactionibus
1869 1615 1904 1639 ut
1927 1608 2050 1645 usuris,
2085 1606 2198 1649 paula-

1218 1653 1275 1684 tim
1296 1650 1496 1683 labefactata
1514 1660 1565 1683 est
1587 1651 1747 1683 autoritas
1770 1656 1803 1682 et
1825 1651 1972 1691 potentia
1991 1650 2121 1691 imperii
2133 1649 2199 1682 Ro-

1220 1696 1318 1727 mani.
1363 1693 1515 1736 Denique
1538 1694 1570 1725 in
1593 1694 1746 1725 omnibus
1774 1693 1929 1735 gentibus
1952 1703 2027 1725 cum
2051 1692 2086 1724 fit
2109 1691 2198 1725 lm-

1218 1739 1264 1770 tio
1277 1736 1482 1779 disciplinae,
1493 1738 1526 1768 id
1539 1744 1601 1774 est,
1615 1747 1688 1768 cum
1701 1746 1766 1767 non
1779 1737 1958 1777 puniuntur
1977 1734 2106 1768 seelera
2119 1739 2199 1775 (non

1219 1782 1294 1814 dico
1302 1793 1309 1810 :
1317 1792 1391 1813 cuin
1400 1780 1480 1812 fiunt
1488 1779 1630 1819 scelera,
1642 1781 1702 1810 secl
1710 1790 1784 1811 cuin
1792 1789 1857 1810 non
1867 1779 2055 1820 puniuntur,
2070 1778 2105 1810 ld
2113 1779 2198 1811 enim

1218 1825 1405 1856 nominatur
1427 1822 1621 1864 disciplinae
1640 1821 1776 1860 laxatio)
1800 1829 1866 1854 tum
1879 1828 2071 1854 evertuntur
2083 1831 2197 1864 regna.

1305 1866 1502 1908 Quanquam
1535 1873 1644 1898 autem
1669 1863 1774 1897 civilis
1798 1865 1921 1896 iustitia
1944 1872 1995 1897 est
2019 1864 2198 1897 testimonl-

1218 1920 1272 1942 um
1296 1910 1337 1941 de
1359 1909 1451 1941 Deo:
1477 1917 1586 1941 tamen
1610 1910 1682 1950 ipsa
1705 1907 1878 1949 disciplina
1891 1906 2034 1949 politica,
2051 1908 2198 1941 nondum

1217 1959 1269 1987 est
1289 1963 1347 2027 5³⁵
1370 1951 1427 1984 illa
1449 1959 1597 1990 aeterna,
1620 1962 1717 1994 quam
1739 1950 1964 1993 principaliter
1987 1951 2122 1993 requirit
2144 1949 2198 1983 lex

1216 2007 1288 2029 mor
1323 2006 1362 2027 is.

1303 2039 1338 2070 ln
1363 2039 1552 2081 Augustino
1575 2045 1638 2075 est,
1663 2037 1750 2079 quod
1774 2035 1991 2069 Marcellinus
2014 2037 2042 2069 ei
2068 2037 2198 2069 obiece-

1218 2083 1257 2114 rit
1280 2082 1346 2113 hoc
1368 2088 1618 2123 argumentum:

1313 2127 1457 2157 Voluntas
1475 2126 1537 2156 Ilei
1557 2130 1608 2155 ee!
1625 2124 1837 2155 inmutabilis.

1314 2170 1459 2200 Volmmw
1484 2169 1543 2199 Dei
1576 2169 1738 2198 ordinm-i!
1762 2169 1965 2198 cer-ernendae
1987 2169 2018 2197 et
2041 2167 2129 2205 lenes
2147 2167 2198 2205 fo-

1389 2220 1504 2242 renses
1525 2213 1645 2242 iilnist's.

1308 2255 1392 2292 Eryo
1415 2264 1478 2284 mm
1500 2258 1576 2284 aim!
1597 2254 1772 2284 'nutabun-

1308 2296 1509 2338 Responileo
1533 2297 1575 2327 ad
1601 2297 1767 2327 maiorem.
1816 2292 1979 2325 Voluntas
1992 2292 2054 2325 Dei
2079 2300 2130 2325 eat
2143 2293 2199 2324 im-

1219 2339 1398 2375 mutabilis,
1433 2338 1559 2371 scilicet
1592 2340 1677 2370 sicut
1712 2340 1782 2380 ipse
1811 2337 1986 2369 ordinavit.
2034 2335 2198 2368 Voluntas

1220 2391 1327 2415 autom
1357 2382 1418 2414 Dei
1455 2383 1616 2413 ordinavit
1653 2381 1872 2415 ceremonias.
1908 2378 2056 2411 videlieet
2083 2380 2126 2411 ita
2166 2386 2198 2410 ut

1220 2433 1337 2468 postea
1361 2427 1563 2465 abrogentur
1594 2427 1745 2457 veniente
1769 2423 1905 2455 Mms-ta.
1951 2423 2009 2454 Sic
2033 2421 2127 2465 leges
2152 2420 2199 2454 so-

1220 2479 1336 2500 renses
1360 2469 1534 2501 ordinavit.
1560 2476 1591 2500 ut
1616 2469 1777 2500 servirent
1797 2464 1932 2498 Politiae
1955 2466 2050 2497 istius
2074 2463 2198 2506 populi,

1219 2520 1249 2544 et
1285 2511 1495 2543 abolerentur
1530 2522 1602 2543 cuin
1638 2513 1709 2552 ipsa
1734 2509 1865 2552 politia,
1888 2515 2072 2550 propagato
2096 2518 2199 2550 regno

1220 2556 1343 2587 Christi
1368 2565 1425 2596 per
1449 2563 1550 2585 totum
1577 2556 1689 2586 orbem
1714 2561 1884 2585 terrorum.
1931 2551 2020 2593 Ergo
2054 2551 2199 2583 exhibito

1220 2599 1355 2630 Christo
1392 2597 1622 2630 ceremonialia
1656 2605 1688 2629 et
1723 2596 1855 2638 politica
1883 2593 1940 2627 illa
1964 2601 2088 2627 mutate
2110 2600 2199 2632 sulit,

2315 1050 2324 1092 4*sp
2312 886 2324 1033 -—.—-‘
