2324 2958
132 251 212 283 Huic
234 258 354 279 causae
385 249 583 290 adiungatur
611 249 673 279 iam
696 247 753 280 illa
775 248 891 286 altera,
915 249 1012 284 Quod

45 293 203 329 intellexit
222 290 339 328 Maria,
366 289 474 332 legem
497 292 538 322 de
562 291 806 333 primogenitis,
837 292 1014 333 praecipue

48 336 250 380 significasse
272 332 440 371 Messiam,
473 335 527 376 qui
561 340 680 375 sponte
713 343 750 364 se
772 334 912 365 subiecit
935 334 1012 376 legi.

47 381 107 414 Hic
126 378 222 420 igitur
243 376 411 407 sistendus
434 382 515 414 erat,
539 382 574 407 ut
593 382 763 408 constaret.
781 386 855 408 eum
874 386 951 408 esse
973 387 1013 408 ex

49 421 166 456 ser-‘ne
186 418 355 456 Abrahae,
390 424 423 450 et
457 419 584 450 socium
606 418 780 450 Ecclesiae
802 418 876 450 Dei.
922 420 1013 457 ltem,

47 473 82 499 nt
100 462 350 505 significaretur,
373 472 446 492 eum
470 462 653 493 subiturum
666 471 817 502 poenam,
842 472 938 503 quain
958 461 1013 493 lex

46 508 179 541 minatur
201 515 261 545 pro
284 504 432 545 peccatis
463 505 595 545 generis
618 504 759 535 humani.
806 504 884 536 ltem
908 511 943 535 ut
966 511 1012 535 te-

45 547 192 583 stimonia
219 547 260 578 de
288 557 328 578 eo
359 545 499 578 illustria
522 547 679 578 darentur
701 557 761 588 per
793 548 900 587 ipsum
923 547 1013 578 mini-

43 591 186 628 sterium,
209 595 245 621 ut
261 599 321 630 per
333 589 537 627 Zachariam,
555 589 753 628 Simeonem,
775 589 1014 627 Elisabetham,

42 634 190 667 Bannam
213 638 245 664 et
266 631 370 670 alios,
404 632 489 663 sicut
521 632 575 663 hic
597 632 717 673 insigni
740 631 898 664 miraculo
921 632 1014 664 Deus

41 681 151 709 movet
175 674 364 706 Simeonem
397 680 430 706 et
452 674 620 713 Hannam,
654 681 688 706 ut
724 676 942 706 vaticinentur
974 676 1015 706 de

40 718 105 751 hoc
135 727 249 759 puerO.
314 716 443 748 Dicitur
475 718 560 749 enim
590 717 732 756 diserte,
766 718 854 760 quod
888 718 1016 749 venerit

41 760 175 793 Simeon
197 767 288 791 motu
310 760 448 801 Spiritus
471 760 503 790 in
526 758 693 801 templum.

124 802 268 835 Deditne
280 802 398 844 loseph
422 808 478 834 aut
494 801 601 834 Maria
619 803 764 844 quinque
783 802 906 841 Siclos,
928 803 1015 835 sicut

39 846 195 879 usitatum
217 852 288 877 erat
311 846 381 877 dari
404 856 464 885 pro
487 846 737 887 primogenitis?

125 888 338 930 Respondeo.
382 888 457 919 Non
496 889 608 920 debuit
643 889 740 926 dare,
764 888 848 924 Quia
878 887 932 919 lex
964 894 1016 919 est

40 930 247 964 alternativa.
292 931 396 963 Dicit:
429 931 497 962 Aut
525 931 642 963 dentur
672 932 814 973 quinque
837 930 925 969 sicli,
959 937 1016 962 aut

39 975 163 1007 serviat
185 974 375 1005 ministerio.
421 973 576 1005 Christus
602 981 709 1005 autem
733 976 854 1005 missus
878 980 949 1006 erat
972 974 1014 1004 ad

38 1017 271 1055 ministerium,
303 1023 336 1048 et
369 1016 489 1057 loseph
524 1018 652 1048 sciebat
686 1027 760 1048 eum
792 1017 1013 1054 Nazarenum,

40 1070 119 1092 vere
152 1066 362 1101 perpetuum,
398 1058 480 1090 sore.
543 1060 609 1091 Sed
643 1065 731 1100 puto,
765 1060 854 1101 quod
888 1059 1015 1090 dederit

41 1103 185 1145 quinque
219 1101 341 1140 siclos,
382 1103 424 1134 ad
468 1112 606 1143 puerum
640 1103 884 1140 redimendum,
930 1101 1014 1137 Quia

41 1146 195 1178 Christus
220 1145 400 1176 destinatus
435 1152 503 1176 erat
528 1145 571 1176 ad
594 1145 827 1182 ministerium,
862 1144 923 1176 sed
947 1155 1013 1175 11011

41 1188 238 1225 Levificuuu,
273 1194 309 1219 ut
342 1186 484 1219 Samuel.
539 1187 613 1219 Fuit
647 1186 771 1218 Christi
803 1188 1015 1218 ministerium

41 1230 230 1273 singulare,
263 1231 447 1262 seeundum
481 1231 629 1261 ordinem
662 1229 915 1268 Melchisedek,
949 1240 1014 1261 non

41 1274 222 1306 secundum
245 1273 390 1304 ordinem
408 1273 500 1304 Levi.
546 1271 594 1304 llli
617 1273 672 1314 qui
694 1284 761 1304 non
780 1274 902 1305 dabant
924 1273 1016 1314 quin-

41 1327 106 1358 que
127 1316 244 1354 siclos,
269 1317 433 1348 debebant
455 1317 509 1347 isti
528 1314 670 1357 templo,
698 1316 905 1354 sacerdotio,
935 1314 1017 1357 poli—

41 1361 106 1392 tiae
129 1360 264 1391 servire.

129 1402 182 1433 De
204 1401 310 1432 Maria
337 1401 424 1432 addo
457 1401 522 1432 hoc
555 1411 696 1442 quoque.
753 1400 824 1432 Etsi
857 1410 924 1432 non
958 1398 1019 1432 suit

44 1445 208 1477 immunda
229 1450 365 1485 propter
392 1449 603 1484 conceptum,
633 1450 742 1475 tamen
771 1454 838 1474 non
866 1442 926 1474 fuit
949 1442 1018 1473 ιὶνα-

43 1487 198 1529 μάρτνμος,
233 1487 370 1529 agnovit
403 1486 641 1519 immundiciem
674 1496 755 1518 suae
786 1492 933 1517 naturae.
976 1485 1018 1517 Et

44 1540 232 1572 quanquam
267 1535 317 1560 est
340 1528 567 1567 sanctificata,
598 1535 629 1560 et
651 1527 761 1560 multis
795 1528 868 1560 aliis
891 1529 1017 1560 sanctis

43 1571 246 1609 antecelluit,
270 1578 377 1602 tamen
401 1572 512 1602 habuit
538 1571 693 1613 reliquias
718 1572 845 1613 peccati
870 1572 1017 1613 originis.

42 1614 85 1646 Et
106 1613 167 1646 has
197 1612 355 1645 intellexit
389 1614 451 1645 sibi
486 1615 603 1645 remitti
632 1622 767 1655 propter
793 1613 882 1646 huuc
912 1615 1018 1655 ipsum

43 1656 162 1695 filium,
198 1667 264 1688 non
287 1663 321 1687 ut
340 1663 513 1698 peccatum
536 1657 567 1688 in
591 1657 663 1697 ipsa
686 1667 753 1689 non
777 1664 879 1694 esset,
904 1658 963 1688 sed
983 1663 1017 1688 ut

43 1710 110 1732 non
133 1700 357 1741 imputaretur.

286 1864 347 1903 De
380 1865 535 1904 cantico
567 1864 774 1905 Simeonis.

131 1955 196 1987 lam
222 1956 317 1986 venio
346 1955 388 1986 ad
412 1955 597 1986 testimonia
620 1955 781 1986 Simeonis
811 1962 843 1986 ct
866 1954 1019 1986 Hannae:

47 1999 147 2031 Facta
180 2005 250 2029 erat
284 1996 442 2029 revelatio
476 1996 638 2035 Simeoni,
673 1998 761 2039 quod
795 2008 860 2029 non
887 1999 1019 2029 visurus

47 2047 139 2074 esset
161 2047 310 2078 mortem,
333 2041 394 2071 nisi
420 2040 555 2071 vidisset
578 2041 667 2081 prius
691 2039 858 2072 Christum
875 2040 1018 2072 Domini.

47 2085 93 2117 ibi
116 2083 245 2115 habetis
269 2081 440 2124 pulchrum
465 2083 683 2114 testimonium
707 2083 748 2114 de
766 2085 1019 2115 conservatione

46 2126 231 2159 Ecclesiae.
297 2125 376 2157 Erat
405 2124 513 2157 adhuc
545 2124 697 2157 Ecclesia
726 2127 758 2157 in
791 2127 855 2158 isto
879 2126 1017 2168 populo,

49 2171 110 2202 etsi
128 2167 330 2200 horribiliter
354 2178 528 2209 oppressa,
554 2168 628 2208 quia
647 2168 739 2200 Deus
768 2170 923 2201 servabat
947 2168 1021 2200 reli-

48 2213 142 2255 quias
166 2211 306 2253 aliquas,
329 2211 529 2249 Simeonem,
553 2210 717 2249 llannam,
747 2218 779 2243 et
806 2212 902 2243 alios.
948 2211 1022 2243 Fuit
1043 2219 1050 2266 1

49 2261 158 2288 autem
191 2254 324 2285 Simeon
363 2255 531 2294 proximus
569 2254 769 2295 temporibus
803 2254 1021 2286 Maccahaeo-

50 2308 132 2330 rum.
176 2297 267 2328 Vidit
289 2297 505 2328 confusiones
528 2295 676 2337 publicas
705 2297 736 2329 in
760 2298 918 2339 regimine
940 2297 1021 2338 poli·
1043 2269 1051 2340 1

51 2341 135 2379 tien,
166 2346 198 2371 et
220 2341 252 2370 in
275 2340 416 2381 negotiis
439 2338 617 2380 religioni&
663 2338 781 2371 Deleta
804 2341 906 2382 stirpe
931 2340 1022 2372 Mac-

50 2383 260 2420 cahaeorum,
284 2383 445 2424 regnabat
468 2382 618 2413 Herodes
642 2382 696 2423 qui
727 2384 897 2424 tyrannice
919 2382 1022 2415 multa

50 2424 174 2457 fecerat
197 2426 230 2456 in
253 2426 316 2456 isto
339 2423 439 2466 polo,
471 2431 504 2455 et
526 2430 706 2455 attraxerat
727 2425 760 2455 in
783 2425 936 2457 Iudaeam
955 2424 1021 2457 col-

51 2467 171 2500 luviem
204 2469 421 2509 pessimarum
445 2467 606 2505 «rentium,
638 2467 694 2498 ubi
726 2467 797 2499 fieri
830 2467 924 2499 aliter
957 2478 1022 2499 non

51 2511 174 2552 potuit,
207 2520 303 2551 quam
322 2516 356 2540 ut
389 2491 522 2540 mul’tum
552 2509 765 2541 Ethnicarum
792 2521 918 2542 morum
939 2511 1024 2542 inter

52 2554 145 2594 ipsos
170 2551 310 2583 ludaeos
330 2553 498 2583 existeret.
532 2551 660 2584 Deinde
672 2553 922 2584 dominabantur
944 2560 1023 2585 tunc

54 2594 235 2632 Pharisaei,
258 2595 489 2636 superstitiosi,
509 2601 540 2626 et
552 2594 728 2633 Saducaei,
751 2595 912 2636 quierant
930 2596 1022 2638 porci

725 155 939 188 POSTILLA
961 155 1360 188 MELANTHONIANA.

1977 157 2042 190 350

1064 249 1246 290 Epicuraei.
1303 248 1418 284 Qualis
1441 257 1550 281 autem
1575 251 1750 289 sacerdos,
1785 250 1861 282 talis
1885 251 2039 292 populus·

1063 292 1131 323 Has
1155 291 1368 323 confusiones
1398 291 1579 333 deploravit
1605 294 1749 332 Simeon,
1779 300 1811 325 et
1841 304 1907 336 quo
1936 295 2039 325 maior

1062 333 1122 366 tuit
1145 340 1236 366 aetas
1259 335 1363 375 ipsius
1392 341 1424 365 et
1453 336 1630 376 sapientia,
1666 347 1706 367 eo
1729 337 1834 378 magis
1865 335 2038 375 intellexit,

1063 383 1219 419 quantum
1241 375 1316 408 mali
1341 383 1431 407 esset
1454 378 1485 407 in
1509 379 1608 409 tantis
1633 377 1896 410 confusionibus
1944 378 2040 410 Petiit

1063 421 1162 461 igitur
1185 420 1272 450 haud
1295 420 1404 457 dubie,
1428 426 1462 451 ut
1475 419 1578 458 Deus,
1601 422 1703 452 misso
1718 421 1782 452 lilio
1807 422 1936 453 tandem
1959 421 2039 453 libe-

1064 470 1153 493 raret.
1175 461 1370 493 Ecclesiam.
1415 462 1462 493 lta
1485 463 1609 503 petenti
1631 463 1694 504 ipsi
1717 463 1805 495 sacta
1827 470 1879 496 est
1900 466 2040 506 promis-

1065 506 1115 535 sio
1138 505 1179 535 de
1202 505 1326 536 Messia
1348 504 1498 536 affuturo.

1152 547 1247 578 Hunc
1270 557 1351 588 ergo
1374 554 1485 579 movet
1507 547 1650 588 Spiritus
1673 554 1827 586 sanctus,
1861 557 1893 580 ut
1931 550 2038 591 ingrc-

1065 590 1172 621 diatur
1194 589 1362 631 teniplum.
1419 589 1494 631 lpse
1516 591 1621 621 sensit
1650 591 1683 622 in
1707 591 1807 622 corde
1831 602 1892 623 suo
1915 600 2040 623 motum

1066 632 1206 673 Spiritus
1230 633 1348 664 sancti.
1393 632 1490 664 Venit
1515 633 1612 674 igitur
1634 634 1666 663 in
1685 632 1851 674 templum,
1874 641 1906 664 et
1929 635 2040 675 singu-

1065 674 1126 706 lari
1148 673 1235 712 luce,
1259 686 1405 706 accensa
1437 685 1496 716 per
1518 676 1673 716 Spiritum
1697 682 1848 707 sanctum
1878 678 1910 707 in
1938 678 2041 717 ipsius

1066 724 1185 755 mente,
1208 719 1362 759 agnoscit
1384 718 1472 749 hunc
1485 717 1678 749 Dominum:
1703 719 1782 760 Agit
1805 721 1930 760 gratias
1954 719 2041 757 Deo,

1067 761 1156 801 quod
1179 759 1336 791 Messinm
1359 761 1495 797 miserit,
1518 767 1550 792 et
1572 760 1679 792 laetus
1699 762 1868 802 praedicat
1886 763 1956 793 eius
1970 761 2043 792 offi-

1066 804 1150 834 cium
1173 811 1205 834 et
1219 802 1391 835 beneficia.
1416 802 1587 845 intelligit,
1616 805 1705 845 quod
1734 805 1775 835 sit
1799 803 1967 842 Salvator,
1988 805 2043 845 qui

1067 846 1109 876 sit
1132 845 1330 878 liberaturus
1354 856 1373 876 a
1396 852 1535 887 peccato
1570 852 1602 877 et
1625 854 1743 885 morte,
1775 854 1807 878 et
1830 848 2043 879 restituturus

1068 889 1220 920 iustitiam
1244 896 1275 919 et
1310 889 1410 920 vitam
1443 895 1621 920 aeternam.
1679 889 1756 920 ldeo
1791 890 1935 921 nominat
1969 901 2043 921 eum

1066 933 1210 963 salutare
1244 931 1317 963 Dei.
1383 930 1492 962 Habet
1525 932 1621 962 etiam
1660 942 1754 972 spem
1793 933 2043 975 propagationis

1066 975 1160 1015 regni
1195 980 1227 1005 et
1250 974 1420 1005 doctrinae
1445 973 1600 1005 Messiae.
1667 975 1743 1006 ldeo
1778 976 1869 1006 dicit:
1914 977 2046 1007 Pal-asli

1067 1021 1143 1048 ante
1157 1019 1278 1056 faciem
1300 1018 1440 1048 onmium
1457 1020 1658 1057 populorum.
1715 1017 1753 1048 Et
1779 1019 1891 1049 tribuit.
1909 1019 1936 1048 ei
1962 1017 2045 1049 haec

1066 1058 1233 1100 Epitheta,
1255 1059 1343 1100 quod
1366 1059 1495 1091 futurus
1529 1061 1572 1091 sit
1594 1063 1715 1092 Lumen
1749 1063 1793 1092 all
1820 1063 2046 1092 revelationem

1062 1106 1223 1141 gentium:
1256 1103 1299 1134 Et
1326 1105 1432 1141 yloria
1460 1105 1574 1143 popula·
1604 1105 1716 1135 Israel.
1769 1104 1854 1139 Quid
1878 1104 2046 1144 significat

1068 1145 1151 1175 haec
1173 1144 1326 1186 phrasis?
1380 1147 1502 1176 Lumen
1525 1148 1568 1177 ad
1600 1149 1851 1178 revelationem?
1906 1146 2045 1178 Tantum

1067 1187 1173 1218 (licam
1206 1197 1294 1219 nunc
1323 1188 1365 1218 de
1387 1187 1618 1219 Grammatica.
1674 1187 1741 1219 Erit
1776 1188 1898 1227 lumen,
1932 1190 2045 1229 inquit,

1067 1229 1254 1261 illuminans
1268 1237 1397 1272 gente-5,
1420 1230 1474 1261 vel
1493 1232 1580 1272 quod
1594 1230 1702 1262 luceat
1721 1233 1893 1273 gentibus:
1915 1231 2044 1263 Doceat

1068 1279 1184 1314 gentes
1208 1283 1274 1304 non
1305 1271 1411 1305 solum
1435 1280 1573 1305 externa
1595 1284 1679 1305 voce
1709 1281 1850 1306 sonante
1872 1285 1932 1315 per
1955 1275 2045 1306 mini-

1068 1317 1202 1347 sterium
1225 1314 1474 1356 Apostolorum,
1498 1317 1558 1347 sed
1582 1317 1679 1348 etiam
1702 1318 1788 1349 intus
1812 1318 1844 1348 in
1867 1318 1968 1349 corde
1993 1328 2046 1348 ac-

1070 1360 1189 1389 cendat
1222 1368 1335 1389 veram
1366 1358 1429 1390 Dei
1462 1360 1680 1400 agnitionem,
1710 1367 1743 1391 et
1772 1359 2046 1398 consolationem,

1069 1400 1154 1436 Quia
1165 1399 1218 1431 lex
1231 1400 1383 1432 Hebraea
1406 1403 1645 1434 consuetudine
1669 1402 1832 1443 significat
1854 1409 2045 1444 utrumque:

1069 1444 1218 1476 notitiam
1241 1450 1274 1474 et
1309 1443 1573 1475 consolationem
1607 1455 1668 1475 seu
1702 1445 1869 1483 laetitiam,
1903 1452 1940 1477 ut
1974 1456 2048 1477 cum

1071 1484 1223 1517 Psalmus
1246 1486 1364 1528 inquit:
1401 1488 1555 1518 Dominus
1578 1490 1767 1519 illummatio
1799 1499 1884 1526 mea,
1917 1488 1950 1519 id
1984 1494 2047 1526 est,

1070 1529 1153 1560 dans
1177 1529 1278 1560 robur
1301 1535 1334 1560 et
1356 1528 1628 1561 consolationem.
1674 1530 1716 1561 Et
1738 1532 1825 1571 apud
1845 1530 2046 1563 Michaeam:

1072 1571 1151 1603 Cum
1173 1573 1289 1603 sedebo
1312 1575 1345 1603 in
1367 1574 1523 1611 tenebras,
1557 1575 1713 1605 Dominus
1735 1576 1793 1605 lux
1815 1584 1896 1608 mea,
1927 1574 1960 1605 id
1983 1580 2047 1612 est,

1071 1613 1264 1645 consolator
1287 1625 1391 1646 meus.
1442 1615 1484 1646 Et
1512 1615 1626 1646 loann.
1651 1616 1680 1646 l.
1725 1616 1893 1648 Illmnz'nat
1924 1626 2048 1648 omnem

1070 1659 1237 1697 hommem,
1256 1657 1288 1687 id
1311 1664 1380 1695 est,
1414 1658 1512 1689 docet
1545 1664 1578 1690 et
1601 1656 1802 1690 consolatur.
1846 1659 1970 1690 Notitia
1993 1666 2045 1691 est

1071 1710 1173 1731 causa
1198 1699 1385 1738 affectuum,
1414 1707 1448 1731 ut
1481 1701 1613 1742 quando
1648 1701 1768 1742 aliquis
1801 1707 1853 1733 est
1886 1709 2046 1740 maestus,

1071 1743 1229 1784 praecidit
1251 1743 1366 1773 notitia
1388 1742 1475 1774 mali.
1531 1743 1655 1774 Notitia
1689 1750 1722 1775 et
1752 1754 1872 1776 sensus
1896 1745 1972 1776 boni
1997 1750 2046 1776 est

1072 1796 1174 1818 causa
1197 1785 1318 1827 gaudii.
1374 1785 1435 1816 Est
1467 1785 1566 1827 igitur
1596 1786 1748 1817 Christus
1771 1790 1893 1826 lumen,
1927 1787 2046 1825 idest,

1071 1829 1187 1859 doctor
1209 1828 1340 1869 generis
1364 1827 1510 1867 humani,
1534 1827 1659 1870 profert
1680 1828 1918 1871 Evangelium,
1950 1831 2048 1862 docet

1071 1871 1112 1902 de
1136 1881 1214 1902 vero
1228 1870 1314 1909 Deo,
1336 1872 1485 1902 accendit
1509 1872 1655 1902 notitiam
1679 1882 1789 1903 veram
1812 1873 1845 1903 in
1864 1874 2046 1904 mentibus:

1072 1913 1195 1944 Postea
1218 1920 1268 1944 est
1293 1914 1390 1944 etiam
1419 1913 1629 1945 consolator:
1664 1914 1854 1955 Laetificat,
1888 1916 2046 1953 viviticat,

1072 1956 1213 1988 restituit
1236 1957 1389 1987 iustitiam
1414 1964 1445 1988 et
1471 1957 1568 1988 vitain
1591 1963 1776 1996 aeternam,
1811 1964 1843 1989 et
1865 1958 1921 1989 dat
1944 1960 2046 1989 robur

1072 2000 1103 2031 in
1127 1999 1278 2030 omnibus
1300 2001 1477 2037 aerumniS,
1501 2000 1584 2031 Nam
1607 2001 1682 2041 quia
1701 2000 1858 2032 habemus
1881 1999 2047 2042 placatum

1073 2041 1191 2079 Deum,
1215 2039 1387 2073 statuimus
1413 2053 1473 2073 nos
1498 2053 1577 2074 vere
1600 2044 1703 2074 iuvari
1726 2054 1746 2074 a
1769 2043 1860 2079 Deo,
1895 2044 1991 2075 etiam
2014 2045 2046 2074 in

1072 2086 1178 2116 media
1202 2092 1317 2116 morte.
1363 2085 1453 2117 Haec
1488 2086 1597 2117 omnia
1626 2086 1949 2127 comprehenduntur
1982 2097 2047 2117 una

1072 2127 1128 2158 illa
1150 2126 1369 2169 appellatione
1385 2128 1542 2159 Luminis.
1567 2128 1607 2159 Et
1631 2128 1726 2160 simul
1751 2129 1913 2160 refutatur
1935 2129 2046 2170 opinio

1073 2172 1113 2202 de
1138 2181 1240 2211 regno
1274 2169 1408 2211 politico
1431 2171 1587 2203 Messiae.
1631 2171 1705 2202 Non
1729 2172 1790 2203 erit
1811 2181 1881 2209 rex,
1914 2177 1949 2203 ut
1971 2170 2047 2203 Ale-

1073 2214 1210 2251 xander,
1243 2214 1297 2254 qui
1321 2223 1378 2254 per
1414 2215 1527 2245 orbern
1551 2220 1712 2246 terrarum
1735 2220 1880 2245 armatus
1903 2214 2046 2252 incedat,

1074 2262 1107 2288 et
1130 2256 1228 2287 saciat
1251 2266 1368 2288 novam
1397 2255 1537 2288 sormam
1565 2257 1701 2298 imperii.
1748 2257 1815 2288 Sed
1843 2257 2047 2288 annuntiabit

1073 2297 1302 2340 Evangelium,
1325 2305 1357 2330 et
1379 2310 1439 2340 per
1460 2299 1525 2330 hoc
1548 2301 1608 2330 erit
1631 2299 1762 2330 efficax.
1803 2297 1945 2341 Colliget
1967 2309 2047 2341 gen-

1075 2348 1124 2373 tes
1147 2342 1191 2373 1111
1213 2351 1251 2372 se
1274 2352 1332 2383 per
1343 2341 1502 2380 Verbum,
1527 2349 1559 2373 et
1583 2341 1763 2373 cumulabit
1781 2352 1841 2373 eas
1858 2342 2047 2384 ingentibus

1075 2385 1182 2422 bonis,
1204 2395 1244 2415 ac
1267 2385 1397 2416 tandem
1420 2385 1574 2416 aeternis.

1161 2427 1258 2462 Quod
1281 2428 1421 2466 additur,
1447 2428 1555 2459 Gloria
1567 2428 1671 2458 Plebis
1687 2428 1797 2466 lsrael,
1821 2425 1969 2469 intelligo
1989 2437 2047 2468 per

1075 2470 1261 2501 Amithesin
1285 2470 1476 2502 iudiciorum
1500 2469 1610 2501 mundi
1644 2469 1685 2500 de
1709 2471 1830 2510 populo
1854 2469 1929 2508 Dei,
1951 2472 2048 2512 quasi

1075 2513 1180 2544 dicat:
1205 2512 1276 2544 Nos
1298 2513 1360 2544 iam
1383 2513 1632 2550 contemnimur,
1660 2512 1720 2542 sed
1744 2511 1888 2545 exhibito
1911 2512 2048 2551 Messia,

1074 2561 1107 2587 et
1129 2561 1312 2597 propagato
1325 2565 1427 2597 regno
1447 2556 1530 2591 eius,
1553 2559 1765 2595 agnoscetur,
1787 2553 1876 2596 quod
1896 2556 2047 2587 doctrina

1074 2604 1189 2629 nostra
1211 2598 1252 2629 sit
1275 2608 1365 2636 vera,
1389 2598 1477 2638 quod
1499 2607 1562 2629 nos
1586 2597 1688 2628 simus
1711 2596 1867 2630 Ecclesia
1891 2597 1965 2630 Dei.
