2324 2958
67 205 129 237 47¹7

98 303 229 342 Locus
261 298 311 340 de
352 296 640 339 tentationibus
677 294 792 337 Fidei
822 294 862 336 in
893 296 1017 336 i11vo-‘

378 368 379 371 ¹
472 374 639 415 catione.

156 468 337 510 pinguntur
370 468 455 498 enim
488 464 665 507 praecipue
708 462 908 495 tentationes
953 462 1041 501 fidei,

69 520 154 554 quae
171 511 267 542 nobis
291 511 487 551 obstrepunt
515 508 600 539 inter
626 507 840 549 precandum.
888 506 1045 543 Primum,

71 557 222 587 Dominus
254 555 334 585 nihi!
354 553 534 593 respondet.
580 549 795 592 significatur
817 555 926 580 autem
949 557 1042 580 mora

69 596 282 633 liberationis,
296 605 390 637 *quae
413 595 512 626 habet
534 592 741 625 coniunctam
766 592 976 623 tentationem
1000 591 1041 623 de

68 637 276 681 neg-lectione
308 640 430 676 nostri,
464 637 558 678 quasi
588 633 652 668 n‘o‘n
677 640 778 674 curet,
802 640 858 667 aut
879 643 946 665 non
969 632 1040 665 affl-

68 683 175 714 ciatur
192 689 306 713 nostra
332 680 472 712 miseria.
529 677 616 710 Alibi
638 677 800 709 Dominus
823 677 953 709 videtur
973 686 1043 708 ma·-

68 725 120 767 gis
144 725 261 756 obvius
285 724 480 765 petentibus.
506 722 570 754 Sed
588 720 641 752 hic
664 722 826 753 silentium
845 721 943 752 habet
966 729 1040 761 spe-
1064 726 1065 744 ῑ

69 768 149 799 ciem
173 765 339 808 repulsae,
364 775 448 808 (piae
471 770 522 796 est
545 763 642 796 valde
667 765 758 796 dura.

1063 746 1066 771 i

154 809 276 842 Verum
311 819 374 840 non
409 808 539 839 desistit
571 818 591 839 a
623 807 790 848 precando
813 804 941 844 mulier,
973 774 1066 836 nonl

68 853 144 885 sinit
157 853 219 883 sibi
232 853 340 883 excuti
358 851 425 882 hac
446 861 539 882 mora
562 849 739 882 scintillam
761 849 846 887 fidei,
868 857 955 890 quae
971 853 1041 879 erat

68 897 101 927 in
113 896 216 937 ipsius
229 893 329 925 corde
341 903 497 928 accensa,
518 899 554 925 ut
573 894 605 924 in
619 892 730 924 multis
743 892 815 924 aliis
829 891 1039 932 extinguitur.

153 937 293 972 Quando
316 947 382 968 non
406 937 608 978 respondent
631 941 769 967 eventus
782 935 905 966 nostris
928 933 1040 976 imagi·
1069 936 1071 940 ’

67 980 264 1017 nationibus,
287 986 318 1011 et
342 989 408 1010 non
432 980 565 1011 veniunt
588 980 697 1010 statim
711 977 938 1009 liberationes:
962 982 1041 1007 tunc

67 1023 268 1065 cogitamus:
303 1022 403 1059 Ecce,
437 1028 471 1053 tn
495 1028 543 1053 tot
566 1032 672 1053 annos
695 1020 830 1063 petiisti,
864 1026 898 1050 ut
922 1018 1040 1050 leniret

66 1065 131 1097 hoc
155 1064 286 1096 malum.
331 1064 426 1096 Deus
450 1070 557 1096 tamen
582 1075 646 1096 non
670 1064 844 1095 succurrit.
875 1060 965 1093 Talis
989 1068 1041 1093 est

68 1106 272 1139 imbecillitas
295 1108 328 1138 in
352 1108 446 1139 nobis
458 1106 607 1149 singulis.
641 1107 707 1138 Sed
727 1106 829 1147 aliqui
847 1106 983 1136 vineunt
1009 1110 1041 1136 et

66 1157 292 1192 perseverant,
317 1156 456 1192 etquam
483 1162 555 1182 uam
570 1160 634 1181 non
651 1150 723 1180 sine
745 1149 868 1190 ingenti
891 1148 1041 1178 cruciatu

66 1194 222 1231 sentiunt,
245 1203 341 1235 quam
365 1193 465 1225 disfici
481 1195 508 1224 is
532 1194 574 1224 sit
596 1192 733 1223 tentatio
755 1192 787 1222 in
805 1201 908 1228 mora,
935 1196 1041 1221 tamen

66 1242 239 1277 expectant
275 1242 403 1276 tempus
438 1235 641 1266 liberationis
674 1246 693 1265 a
716 1234 791 1266 Deo
816 1234 1042 1271 constitutum,

66 1285 98 1309 et.
121 1283 261 1320 pergunt
283 1279 440 1309 invocare
463 1277 582 1315 Deum,
606 1279 693 1309 sicut
717 1277 872 1308 Christus
895 1278 926 1307 in
946 1286 1042 1316 para—

65 1320 144 1353 bola
165 1321 246 1353 Luc.
275 1321 323 1353 18.
346 1321 520 1362 praecipitt
553 1322 688 1362 Semper
711 1325 816 1358 orale,
849 1324 883 1351 et
903 1329 944 1351 ne
966 1320 1042 1358 defi·
1065 1331 1070 1372 ι

64 1367 166 1403 dam,
200 1364 287 1405 qnia,
321 1365 385 1396 etsi*
406 1374 472 1395 non
494 1364 603 1395 statim
626 1364 775 1405 sequitur
804 1368 956 1399 eventus,
990 1371 1042 1393 se·

65 1412 183 1448 quetur
205 1412 325 1437 tamen.

153 1447 321 1480 Salomon.
346 1449 444 1480 Prov.
471 1448 520 1479 13.
544 1449 663 1490 inquit:
697 1450 790 1488 Spes,
823 1457 905 1487 quae
931 1447 1044 1487 differ-

65 1497 127 1532 tur,
150 1495 275 1524 cruciat
295 1495 450 1523 animum.
518 1491 556 1522 Et
588 1490 687 1533 vulgo
712 1491 849 1522 dicitur:
884 1491 944 1522 Bis
977 1491 1043 1527 dal,

65 1538 122 1575 qui
146 1538 210 1566 cito
237 1534 302 1566 dat.
349 1534 440 1573 ltem,
476 1535 651 1574 Gratiaque
685 1534 804 1574 officio,
837 1533 921 1573 qnod
952 1542 1043 1564 mora

64 1578 180 1614 tardet,
203 1578 299 1615 abest,
322 1576 355 1607 id
379 1583 441 1614 est,
465 1576 578 1608 Gratia
601 1584 653 1608 est
674 1577 817 1618 ingrata,
840 1585 924 1617 quae
947 1575 1042 1606 tarda

54 1625 126 1660 test.
171 1618 238 1650 Sed
263 1625 472 1660 opponantur
489 1619 523 1650 in
536 1619 736 1651 contrarium
757 1620 853 1650 etiam
872 1618 957 1649 haec
975 1616 1043 1649 vul-

65 1663 156 1704 garia
176 1661 278 1693 etima:
1069 1672 1075 1731 f

152 1732 268 1769 Differ,
286 1731 404 1762 lwbent
421 1740 543 1771 ponae
565 1731 731 1761 commoda
750 1739 868 1768 maana
891 1739 1009 1760 morae.

67 1790 164 1822 ltem:
188 1789 358 1863 Βσᾰδιᾶ-εαι
379 1790 523 1832 μακάρων
545 1785 625 1831 (ὅραι
648 1792 746 1830 φίλαι,
771 1788 850 1820 ἀλλά
871 1792 1008 1820 ποθιταί.

270 1833 278 1863 i
326 1838 388 1870 est,

150 1895 287 1924 Munera
306 1892 459 1933 propitiis
475 1894 620 1924 manibus
643 1893 802 1924 tenientz’a
824 1893 940 1932 dirum,

154 1935 372 1976 Compensanc
387 1940 485 1975 yrum
507 1936 730 1967 commoditate
752 1945 883 1967 moram.

152 2003 220 2035 Cur
242 2004 272 2034 in
298 2002 464 2044 Propheta
488 2003 621 2034 dicitur:
652 2005 782 2035 Veniens
805 2004 928 2034 reniet?
975 2002 1037 2033 Γω-
1066 2009 1067 2043 i

66 2046 199 2078 minatio
232 2046 399 2088 significat
440 2046 678 2084 certitudinem,
718 2054 750 2078 et
783 2045 1038 2082 festinationem,
1065 2045 1067 2078 J

65 2090 175 2122 veniet
199 2095 302 2127 certo,
338 2096 367 2120 et
393 2089 488 2120 citius
512 2089 664 2129 opinione
687 2096 814 2126 nostra,
839 2096 869 2120 et
894 2087 1040 2120 cumula·
1065 2115 1067 2127 2

66 2133 108 2163 bit
134 2133 219 2163 dona
242 2142 313 2163 sna.
805 2156 812 2162 .

151 2175 208 2206 Sic
232 2175 294 2205 ista
318 2173 433 2206 mulier
456 2175 591 2215 primam
610 2175 821 2206 tentationem
839 2175 927 2211 sicit,
952 2174 1038 2214 quod

66 2228 131 2250 non
154 2225 206 2250 est
227 2218 387 2249 absterita
411 2216 540 2248 silentio
565 2216 706 2255 Christi,
741 2218 829 2259 quod
852 2228 916 2248 non
942 2217 1038 2247 modo
1064 2215 1066 2236 ¹

65 2267 295 2303 argumentum
319 2267 387 2291 erat
411 2259 639 2301 neg-lectionis,
662 2261 722 2291 sed
744 2261 840 2291 etiam
864 2258 1036 2292 molestum
1064 2254 1066 2302 ᾗ

65 2310 135 2335 erat
147 2311 281 2344 propter
295 2314 419 2335 moram
431 2313 490 2335 seu
511 2302 698 2334 dilationem
716 2302 929 2334 liberationis.
965 2303 1039 2343 ipsa
1063 2314 1065 2343 ς

66 2354 171 2378 tamen
185 2345 393 2378 nihilominus
405 2347 479 2377 visit
493 2345 713 2387 precationem
726 2355 831 2384 suam,
855 2347 931 2388 quia
944 2346 1039 2376 disci-

66 2388 271 2429 pulidicunt:
299 2390 583 2430 Clamatpostms.
618 2388 736 2420 institit
757 2399 835 2430 crgo
852 2389 1037 2429 precando:

67 2430 226 2463 Clamavit
255 2433 360 2474 magis
390 2432 578 2475 magisque,
613 2431 739 2463 etiamsi
767 2431 927 2463 Dominus
958 2431 1036 2463 nihil
1062 2441 1064 2481 ἶ

68 2476 291 2515 responderet.

154 2517 359 2549 intercedunt
394 2525 500 2549 autem
535 2527 596 2559 pro
628 2528 668 2549 ea
690 2515 851 2558 discipuli.
918 2516 963 2547 lbi
988 2527 1037 2548 re-

67 2560 206 2598 spondet
237 2561 366 2602 quidem
401 2560 574 2598 Dominus,
609 2560 671 2592 sed
704 2570 776 2591 cum
811 2561 1039 2602 obiurgatione

67 2601 316 2643 discipulorum:
350 2614 445 2645 quam
479 2605 506 2635 si
540 2604 665 2635 audivit
698 2602 824 2641 mulier,
854 2603 911 2635 suit
936 2604 964 2634 ei
989 2614 1038 2635 re-

66 2647 202 2685 sponsio
227 2647 291 2677 ista
314 2645 415 2678 multo
439 2647 550 2678 durior
580 2646 717 2678 silentio.
776 2648 845 2679 Nou
873 2657 942 2678 sum
965 2651 1039 2679 mis·
1062 2657 1065 2687 ξ

746 196 963 232 PosTtLLA
990 195 1386 231 MELANTnoNlANA.

1062 2483 1063 2508 ἒ
1090 2477 1268 2517 putatione,
1302 2483 1363 2513 cst,
1396 2482 1429 2507 nt
1460 2477 1615 2506 sciamus.

2006 199 2068 231 478

1093 302 1160 331 sus,
1197 292 1311 334 inquit,
1346 295 1411 324 nisi
1442 290 1489 323 ad
1518 302 1591 324 ores
1619 295 1775 334 perditas,
1806 293 1919 325 domus
1954 295 2067 325 Israel.

1093 335 1157 367 Hic
1187 336 1330 376 pingitur
1364 336 1499 366 tentatio
1532 335 1572 366 de
1606 335 1861 375 particularitate
1884 334 2067 367 electionis.

1095 378 1257 410 Obiicitur
1279 377 1364 409 enim
1388 378 1463 408 huic
1485 377 1624 415 mulieri,
1649 380 1733 418 quod
1749 389 1811 410 non
1834 382 1881 410 sit
1899 389 1943 410 ea:
1961 378 2068 411 lsrael.

1094 421 1141 452 lta
1160 430 1221 452 nos
1246 421 1449 462 cogitamus:
1473 419 1566 451 Deus
1602 418 1701 451 habet
1733 428 1855 452 certum
1881 419 2069 464 catalogum

1095 462 1288 501 electorum,
1311 464 1338 493 si
1362 473 1428 494 non
1451 473 1524 494 sum
1544 464 1575 493 in
1589 461 1645 493 illo
1663 463 1827 505 catalogo,
1852 462 1976 495 frustra
1997 473 2068 496 oro.

1094 506 1184 545 ltem,
1216 505 1291 537 Deo
1313 504 1452 537 liberum
1473 512 1523 536 est
1547 504 1683 547 eligere,
1707 516 1791 547 quos
1815 507 1886 546 ipse
1903 506 1983 537 vult.
2019 504 2068 538 Tu

1094 559 1174 581 vero
1197 549 1320 587 nescis,
1354 559 1394 579 an
1420 548 1466 579 sis
1491 549 1627 579 electus·
1675 547 1763 579 Haec
1794 556 1845 580 est
1869 548 2012 581 difficilis
2036 555 2068 581 et

1094 602 1195 624 saeva
1220 591 1368 630 tentatio,
1392 592 1443 622 cui
1468 591 1549 622 baec
1573 591 1633 622 tria
1657 598 1732 622 suut
1757 593 1970 632 opponenda:

1180 634 1334 672 Primum,
1357 640 1393 665 tu
1415 634 1502 666 scire
1526 633 1640 671 debes,
1665 634 1752 675 quod
1777 634 1817 665 de
1831 633 1989 665 electione
2012 641 2068 666 tua

1092 687 1157 709 non
1182 689 1200 708 a
1225 678 1324 718 priori
1348 678 1470 708 debeas
1494 677 1650 714 iudicare,
1684 677 1743 707 sed
1767 687 1786 707 a
1807 677 2001 717 posteriori:
2036 676 2067 708 id

1092 727 1154 758 est,
1177 731 1243 752 non
1267 721 1370 751 debes
1393 721 1531 750 scrutari
1552 721 1583 750 in
1606 730 1729 750 arcano
1753 719 1892 750 consilio
1923 720 2068 750 divinitu-

1092 763 1147 801 tis,
1169 770 1277 794 utrum
1299 764 1346 793 sis
1369 762 1508 799 electus,
1532 763 1592 793 sed
1612 773 1652 793 ex
1676 761 1825 793 revelato
1841 763 1957 800 verbo,
1979 763 2067 794 vide—

1092 804 1180 843 licet,
1203 816 1244 836 ex
1266 804 1461 847 EvangeliO,
1482 806 1570 846 quod
1597 806 1756 847 praecipit
1779 806 2014 845 poenitentiam
2037 812 2069 836 et

1093 848 1206 880 fidem:
1227 848 1319 880 lubet
1343 855 1376 879 te
1398 858 1585 890 agnoscere
1608 855 1746 888 pet-cata
1771 854 1843 886 tua,
1879 846 1908 879 et
1933 848 2070 879 credere

1093 892 1124 922 in
1150 891 1329 923 Christum.
1395 891 1430 923 Si
1454 902 1535 933 ergo
1560 891 1649 922 initia
1673 900 1771 922 verae
1795 891 2015 931 poenitentiae
2038 898 2069 921 et.

1093 934 1170 965 fidei
1193 935 1225 965 in
1248 940 1304 965 tuo
1328 934 1436 965 animo
1462 944 1604 965 accensa
1617 939 1704 970 sunt,
1728 933 1913 974 quatumvis
1938 934 2068 975 exigua,

1094 977 1197 1008 debes
1232 984 1392 1015 statuere,
1426 984 1457 1008 te
1480 977 1663 1008 secundum
1685 977 1939 1017 promissionem
1960 976 2068 1007 Evan-

1094 1018 1170 1061 gelii
1203 1020 1305 1061 recipi
1339 1027 1475 1061 propter
1509 1019 1686 1057 Christum,
1720 1018 1854 1060 placere
1879 1018 1968 1057 Deo,
1992 1028 2070 1050 esse

1093 1062 1269 1093 haeredem
1293 1064 1379 1094 vitae
1401 1069 1569 1100 aeternae,
1593 1069 1623 1093 et
1648 1068 1679 1093 te
1700 1062 1865 1103 pertinere
1887 1062 1930 1093 ad
1959 1071 2070 1093 nume-

1093 1116 1164 1136 rum
1187 1104 1377 1136 electorum.
1444 1105 1545 1146 idque
1579 1104 1633 1135 alii
1669 1106 1764 1136 etiam
1800 1105 1840 1135 de
1871 1111 1903 1135 te
1926 1104 2071 1135 iudicare

1092 1154 1245 1190 possunt,
1267 1149 1296 1179 si
1320 1158 1516 1188 perseveres
1539 1149 1569 1178 in
1593 1147 1658 1179 hac
1682 1147 1744 1179 fide
1769 1157 1873 1188 usque
1897 1148 1939 1178 ad
1964 1153 2071 1179 extre·

1092 1201 1177 1222 mum
1202 1192 1289 1222 vitae
1311 1190 1459 1231 halitum,
1483 1192 1571 1222 iuxta
1595 1189 1678 1222 baec
1703 1191 1804 1221 dicta:
1831 1192 1923 1222 Beati
1943 1194 2070 1224 morlui.

1093 1237 1148 1274 que·
1169 1237 1352 1266 more'zmtur
1375 1238 1408 1265 in
1432 1236 1574 1265 Domino.
1609 1233 1661 1271 Et,
1687 1235 1762 1265 Esto
1782 1235 1888 1272 fidelis
1911 1243 2010 1273 usque
2027 1235 2072 1264 ad

1093 1281 1235 1317 mortem,
1259 1282 1291 1308 e!
1311 1279 1392 1308 dabo
1414 1279 1471 1308 tibi
1492 1286 1643 1308 coronam
1667 1280 1756 1308 rime.

1179 1319 1312 1351 Memini
1335 1320 1510 1362 quendam,
1535 1320 1589 1361 qui
1613 1320 1677 1350 huc
1689 1320 1787 1357 venit,
1810 1324 1844 1349 ut
1869 1317 2069 1349 consolatio-

1094 1372 1168 1394 nem
1187 1363 1327 1400 audiret,
1362 1373 1402 1394 ac
1436 1362 1601 1393 fatebatur
1625 1373 1662 1393 se
1685 1372 1785 1403 saepe
1809 1360 1974 1401 relapsum
1994 1371 2070 1392 esse

1094 1406 1126 1436 in
1149 1404 1325 1436 adulteria:
1350 1405 1404 1436 hic
1427 1416 1501 1437 cum
1524 1406 1718 1436 doceremus
1743 1415 1827 1442 enm,
1856 1411 1901 1441 ut,
1929 1405 1956 1435 si
1980 1402 2069 1434 dole-

1096 1453 1146 1479 ret
1177 1458 1216 1479 se
1237 1458 1413 1489 peccasse,
1449 1448 1598 1479 crederet
1621 1447 1816 1489 Evangelio,
1851 1456 1891 1478 ac
1909 1452 2070 1478 statueret

1096 1500 1133 1522 se
1156 1500 1235 1522 vere
1258 1491 1358 1531 recipi
1382 1501 1401 1521 a
1425 1491 1497 1521 Deo
1523 1491 1625 1532 gratis
1649 1496 1784 1532 propter
1807 1488 1917 1520 filium.
1944 1489 1992 1520 Ibi
2014 1488 2069 1520 ille

1096 1539 1211 1564 contra
1245 1534 1444 1574 disputabat,
1478 1543 1516 1564 se
1549 1532 1702 1564 fortassis
1728 1543 1792 1563 non
1816 1542 1894 1563 esse
1917 1531 2067 1564 electum.

1095 1576 1167 1607 Nos
1197 1577 1394 1607 iubebamus
1429 1586 1502 1607 eum
1537 1576 1600 1607 fide
1631 1575 1783 1617 amplecti
1817 1576 2068 1616 promissionem

1096 1620 1234 1661 gratiae,
1269 1619 1390 1650 omissa
1424 1617 1481 1650 illa
1513 1619 1733 1660 disputatione
1767 1618 1995 1658 intempestiva
2029 1619 2069 1649 de

1096 1660 1269 1699 electione,
1294 1661 1333 1692 de
1357 1671 1421 1702 qua
1445 1662 1541 1692 nobis
1564 1661 1774 1692 iudicandum
1798 1661 1851 1698 sit,
1882 1671 1953 1691 cum
1977 1663 2068 1701 pri-us

1095 1705 1294 1735 assentimur
1324 1703 1524 1745 EvangeliO,
1560 1710 1591 1734 et
1626 1705 1789 1734 credimus
1824 1704 1856 1734 in
1891 1702 2068 1734 Christum.

1068 1758 1070 1764 ’
1095 1746 1160 1778 Sed
1196 1745 1250 1777 ille
1285 1753 1397 1787 spreta
1431 1757 1514 1777 voce
1538 1747 1766 1787 promissionis
1791 1747 1936 1777 dit-ebat:
1963 1747 2071 1783 (Patalis

1067 1792 1069 1812 ι’
1094 1791 1146 1821 Mc·
1172 1789 1260 1821 Deus
1284 1798 1376 1824 esset,
1402 1793 1456 1829 qui
1478 1799 1527 1821 me
1550 1800 1612 1821 non
1633 1795 1745 1830 posset
1765 1791 1950 1821 damnare?
1979 1789 2069 1820 llaec

1094 1839 1217 1905 ins-imum
1240 1838 1287 1863 est
1312 1833 1501 1873 imaginatis*
1528 1833 1674 1870 rationis,
1698 1833 1897 1864 dist-edentis
1922 1843 1940 1862 a
1966 1833 2067 1863 verbo

1127 1886 1166 1906 ei.

1179 1919 1254 1949 Non
1279 1925 1329 1949 est
1353 1925 1461 1948 :intem
1487 1918 1639 1949 voluntas
1663 1917 1726 1949 Dei
1747 1918 1787 1949 tle
1819 1925 1933 1949 nostra
1962 1917 2069 1949 salute

1066 1954 1067 1968 ³
1094 1961 1283 2002 quaerenda
1308 1968 1399 1992 extra
1432 1963 1566 1992 terbum
1595 1960 1674 1992 Dei:
1707 1961 1766 1992 sed
1791 1971 1831 1991 ex
1854 1961 1957 1992 vet-bo
1977 1970 2068 1992 reve-

1094 2003 1160 2034 into
1186 2004 1378 2035 dist-endum
1403 2010 1464 2041 est,
1488 2015 1571 2045 quae
1595 2006 1635 2035 sit
1648 2003 1710 2035 Dei
1724 2002 1876 2035 voluntas
1890 2013 1970 2045 erga
1994 2013 2067 2041 nOS,

1094 2054 1123 2076 et
1148 2057 1244 2088 quam
1280 2047 1543 2078 consolationem
1577 2048 1617 2079 de
1650 2046 1757 2078 salute
1791 2052 1904 2077 nostra
1927 2047 2068 2077 retinere

1094 2091 1283 2120 debeamus.
1340 2090 1441 2121 Certo
1465 2096 1658 2121 statuamus.
1684 2100 1756 2121 cum
1780 2091 1811 2120 in
1835 2091 1923 2120 veris
1948 2088 2067 2120 dolori-

1065 2135 1066 2140 *
1096 2134 1155 2163 bns
1192 2133 1344 2173 erigimur
1379 2144 1461 2163 voce
1485 2132 1667 2175 Evangelii.
1702 2140 1779 2164 tunc
1803 2143 1864 2163 nos
1888 2139 1918 2163 et
1943 2131 2066 2162 hahet-c·

1093 2175 1392 2206 reconciliationem
1417 2186 1488 2206 cum
1510 2175 1592 2216 Deo,
1616 2187 1646 2207 et
1671 2176 1888 2207 :tritu-bonvm
1912 2173 2066 2216 Spiritum

1093 2224 1256 2250 sanctum:
1287 2229 1348 2249 nec
1383 2225 1558 2259 antequam
1593 2218 1731 2250 velimus
1766 2228 1865 2259 agere
1899 2218 2065 2258 poeniten—

1091 2261 1179 2298 tiam,
1215 2268 1246 2292 et
1282 2262 1418 2292 eredere
1442 2262 1472 2292 in
1495 2261 1630 2297 Filium,
1663 2261 1862 2303 inquiramus
1887 2261 1927 2291 de
1952 2266 2066 2291 nostra

1092 2302 1264 2342 electione,
1288 2303 1360 2335 aliis
1380 2305 1492 2341 rebus,
1516 2315 1600 2346 quas
1614 2305 1704 2335 Dens
1728 2315 1793 2334 non
1815 2304 1911 2334 iussit
1935 2313 1996 2333 nos·
2019 2304 2065 2334 in-

1092 2348 1232 2388 quirere,
1266 2348 1350 2378 sicut
1375 2347 1544 2378 Siracides
1563 2348 1681 2389 inquit:
1719 2349 1804 2384 Quae
1828 2347 1990 2386 praecipit
2010 2347 2068 2378 ΠΜ

1094 2393 1188 2425 Dens,
1212 2392 1291 2422 haec
1313 2395 1423 2422 sancte
1445 2395 1556 2429 royda.

1178 2432 1336 2465 Alterum,
1371 2434 1458 2474 quod
1483 2433 1755 2463 considerandum
1781 2438 1831 2463 est
1855 2433 1885 2463 in
1914 2431 1976 2463 hac
2001 2433 2065 2463 dis—

1659 2486 1722 2515 quo
1747 2475 1860 2506 ordine
1884 2474 1977 2506 Deus
2012 2485 2065 2505 ac-

1091 2520 1209 2550 cendat
1232 2520 1263 2549 in
1284 2519 1378 2549 nobis
1400 2519 1649 2549 conversionem
1675 2525 1708 2548 et
1735 2518 1840 2549 iidem.
1886 2516 2064 2549 Dissimilis

1090 2568 1140 2593 est
1164 2563 1247 2593 enim
1272 2563 1352 2592 ordo
1379 2562 1409 2591 in
1435 2560 1641 2602 philosophia
1665 2567 1695 2591 et
1724 2559 1913 2603 Evangelio.
1937 2560 1971 2591 ln
1995 2561 2063 2602 phi-

1091 2604 1243 2645 losophia
1265 2605 1401 2646 primum
1425 2604 1620 2644 experimur,
1644 2610 1760 2644 postea
1783 2605 1932 2645 sequitur
1950 2614 2064 2635 assen-

1091 2648 1151 2678 sio.
1219 2647 1359 2682 Quando
1384 2657 1465 2686 puer
1488 2653 1538 2676 est
1561 2653 1727 2687 expertus,
1762 2648 1849 2688 quod
1873 2648 1958 2688 ignis
1981 2654 2064 2684 urat,
