2324 2958
65 151 129 183 241

71 244 163 283 Deo,
193 250 260 316 ¹tlmn
292 237 405 271 valent
432 247 473 270 ex
503 246 604 280 opere
632 243 787 279 operato,
819 243 856 269 ut
882 237 1048 270 finxerunt

72 287 192 320 Monac
215 284 236 316 i.

158 341 296 380 Quando
331 341 433 372 sumis
469 349 592 381 corpus
626 345 660 371 et
693 339 888 382 sanguinem
912 339 1046 378 Christi,

73 399 138 422 non
169 390 299 428 oportet
332 384 374 415 de
407 384 591 425 imaginari,
623 388 760 425 propter
781 381 869 414 hanc
891 383 1048 424 sumptio-

74 441 156 469 nem,
177 439 237 461 seu
258 433 394 468 propter
416 425 482 457 hoc
504 435 589 467 opus
612 432 797 464 externum,
830 434 891 456 seu
914 431 1049 466 propter

72 474 136 506 hoc
157 473 286 514 signum
309 476 342 501 te
365 469 478 510 recipi,
502 469 562 501 sed
585 474 731 500 statuere
749 469 863 506 (181185,
887 469 976 510 quod
999 479 1048 499 re·

74 515 203 559 cipiaris
224 519 360 555 propter
382 511 482 544 filium
505 517 628 550 natum,
656 521 810 552 passum,
845 511 1049 550 crucifixum,

71 564 242 595 mortuum,
264 556 508 593 resuscitatum,
532 561 726 597 regnantem
760 555 802 585 ad
825 554 973 586 dextram
995 564 1051 595 pa·

71 601 140 634 tris.
203 599 281 631 Non
309 599 410 630 debet
432 597 515 630 fides
543 603 601 629 tua
623 597 681 629 niti
706 603 843 628 externo
868 607 970 638 opere
992 603 1049 628 aut

71 645 178 686 signo,
212 642 273 674 sed
296 642 373 683 quia
394 641 610 672 Sacramenta
633 646 710 672 sunt
739 640 847 681 signa,
870 639 1050 672 testifican-

69 687 112 718 tia
124 686 164 717 de
186 684 406 726 promissione
430 689 578 715 statuere
601 684 717 721 debes,
742 689 776 714 te
798 683 889 714 imita
911 683 1051 724 promis-

69 730 193 761 sionem
227 727 342 769 recipi,
377 732 410 759 et
433 726 541 765 ,fidem
563 727 622 758 niti
651 732 807 768 oportere
830 726 904 767 ipso
927 726 1050 757 media-

68 779 149 804 tore.

153 813 242 845 ldem
266 813 307 844 de
331 811 501 854 Baptismo
526 812 739 854 cogitandum
762 817 824 843 est.

152 873 305 914 Denique
328 873 370 904 de
398 873 550 904 omnibus
575 872 798 904 Sacramentis
821 872 893 903 sive
916 871 1050 910 veteris,

68 917 139 950 sive
160 917 238 948 novi
261 915 475 954 Testamenti,
499 915 731 957 coniungenda
753 920 806 946 est
833 915 985 946 doctrina
1008 914 1049 945 de

67 959 288 1003 promissione
311 959 450 1000 gratiae,
476 959 518 990 de
530 968 610 990 vero
624 968 686 989 usu
698 959 880 1000 signorum,
905 958 947 988 de
971 956 1046 988 fide.

68 1003 162 1036 Hanc
185 1002 369 1033 doctrinam
391 1008 502 1043 patres
527 1008 559 1033 et
581 999 778 1042 prophetae,
801 1006 833 1031 et
856 1010 970 1032 eorum
993 1010 1048 1031 au-

67 1046 191 1078 ditores
214 1045 257 1085 pii
281 1050 314 1076 et
336 1046 455 1076 eruditi
476 1046 562 1077 bene
579 1044 824 1076 intellexerunt:
849 1042 916 1074 Sed
928 1052 1049 1085 magna

67 1087 241 1122 multitudo
276 1088 428 1119 omnibus
463 1088 627 1120 aetatibus
661 1085 765 1119 oblita
802 1086 974 1118 doctrinae
1007 1086 1048 1116 de

66 1132 286 1174 promissione
320 1136 352 1162 et
385 1130 462 1169 fide,
495 1131 665 1172 signorum
687 1139 785 1161 usum
807 1128 918 1160 multis
942 1128 1049 1160 modis

65 1175 277 1216 depravavit:
300 1174 342 1205 Et
364 1178 441 1205 sunt
465 1183 597 1205 errores
621 1171 746 1204 similes
768 1173 800 1203 in
824 1171 967 1212 Papam,
992 1171 1048 1212 qui

64 1227 139 1250 cum
162 1215 338 1258 plurimum
361 1215 558 1248 invaluerint
580 1215 613 1247 in
637 1213 812 1247 multorum
825 1215 954 1253 animis,
977 1213 1047 1247 dili-

64 1261 196 1304 gentius
219 1260 460 1292 consideranda
482 1265 571 1298 sunt,
596 1269 682 1301 quae
693 1257 855 1290 hactenus
878 1258 1047 1301 ingenere

64 1305 106 1336 de
128 1303 351 1336 Sacramentis
375 1303 451 1334 dixi.

153 1345 310 1388 Sequitur
332 1347 374 1377 de
397 1345 532 1377 Causis:
556 1343 625 1377 Cur
647 1343 800 1376 Christus
823 1343 1045 1376 voluerit-ba-

63 1389 192 1432 ptizari.

362 1577 426 1617 De
459 1576 637 1617 secundo
667 1577 766 1617 loco.

150 1686 261 1718 Antea
291 1684 400 1716 iuerat
434 1682 588 1715 Christus
612 1684 840 1715 circumcisus.
908 1683 1050 1725 Propter

69 1738 150 1772 quas
173 1728 315 1760 causas?
359 1726 514 1765 Primum,
537 1727 614 1768 quia
636 1725 740 1758 voluit
762 1733 878 1758 extare
901 1728 1050 1760 testimo-

69 1772 167 1810 nium,
191 1772 280 1813 quod
304 1777 393 1801 esset
417 1780 460 1801 ex
482 1769 677 1810 posteritate
690 1769 859 1808 Abrahae,
883 1772 971 1811 quod
982 1781 1049 1802 non

69 1820 158 1847 esset
179 1814 390 1856 peregrinuS,
423 1818 455 1844 et
477 1813 626 1854 quidem,
661 1813 750 1855 quod
772 1811 827 1844 1118
848 1814 921 1855 ipse
944 1820 1048 1852 esset,

68 1857 109 1890 de
131 1868 196 1900 quo
218 1856 367 1899 loquitur
389 1856 578 1898 promissio.

152 1916 295 1956 Deinde,
330 1916 416 1952 Quia
439 1914 542 1947 voluit
565 1925 642 1947 esse
670 1916 852 1947 membrum
876 1916 1049 1948 Ecclesiae

67 1959 141 1998 Dei,
166 1959 330 1992 collectae
352 1960 383 1990 in
407 1960 472 1990 isto
494 1957 631 2000 populo,
653 1959 696 1990 ad
713 1969 811 2000 quem
823 1959 946 1991 missus
965 1966 1049 1999 erat,

70 2004 155 2035 sicut
177 2009 209 2034 et
230 2014 293 2034 nos
317 2004 476 2034 1181181335
496 2003 542 2033 uti
561 2001 796 2040 sacramentis,
831 2009 868 2033 ut
889 2008 1050 2034 testemur

69 2055 131 2077 nos
155 2056 231 2078 esse
255 2047 402 2078 membra
427 2046 499 2076 81115
521 2043 708 2083 Ecclesiae,
739 2046 832 2076 cuius
855 2045 1051 2077 Sacramen-
1072 2059 1077 2083 '.

69 2089 112 2120 tis
134 2090 264 2121 utimur.
310 2088 379 2120 Sed
403 2087 557 2119 Christus
580 2087 722 2119 debebat
745 2088 843 2119 etiam
872 2089 994 2120 docere
1017 2089 1048 2119 in

69 2132 134 2164 isto
167 2130 302 2173 populo,
337 2138 369 2163 et
402 2132 434 2162 in
468 2131 532 2161 isto
566 2129 701 2171 templo.
768 2131 867 2166 Quod
889 2131 961 2163 fieri
983 2142 1051 2164 non

72 2176 247 2216 potuisset,
280 2175 343 2206 nisi
367 2180 458 2206 esset
481 2174 707 2205 circumcisus.

157 2234 341 2266 Postremo.
408 2233 494 2269 Quia
523 2231 627 2264 voluit.
660 2234 831 2265 subiectus
860 2243 937 2265 esse
973 2208 1079 2276 {egil

70 2276 168 2312 Quod
191 2278 287 2309 etiam
310 2282 379 2308 tota
402 2277 472 2308 eius
496 2276 562 2307 vita
585 2281 734 2307 testatur.
779 2277 854 2308 Non
878 2278 1052 2309 tenebatur

70 2320 142 2360 ipse
165 2319 240 2362 lege
263 2319 342 2352 illa:
367 2321 403 2351 Sa·
423 2323 494 2359 quis
517 2329 581 2350 non
601 2322 707 2359 sileri!
725 2323 947 2359 circumcisus,
982 2331 1050 2352 era-

71 2365 240 2396 dicabitur.
295 2361 455 2395 Placebat
478 2361 552 2393 Deo
572 2363 668 2393 etiam
691 2362 763 2394 sine
786 2363 1050 2395 circumcisione.

72 2405 140 2438 Sed
172 2407 259 2438 sicut
285 2405 520 2437 universaliter
553 2403 657 2436 voluit
679 2406 850 2438 subiectus
873 2416 951 2439 esse
972 2405 1052 2449 legi,

72 2448 123 2481 sic
146 2449 244 2481 etiam
268 2448 460 2482 circumcidi
482 2457 520 2478 se
543 2446 656 2479 voluit.

157 2508 229 2540 Nec
251 2507 467 2550 intelligenda
489 2513 541 2539 est
562 2507 723 2539 subiectio
746 2509 809 2539 sub
832 2506 953 2551 legem,
975 2509 1053 2540 civi-

72 2549 148 2582 liter
169 2557 308 2588 tantum‚
330 2551 419 2594 quod
443 2549 585 2582 voluerit
607 2561 684 2582 esse
697 2551 888 2593 obsequens
912 2552 995 2583 civis
1018 2552 1053 2583 in

73 2600 210 2626 externa
233 2593 357 2636 politia,
382 2600 416 2626 et
437 2592 623 2626 hierarchia
645 2594 739 2627 istius
763 2593 893 2636 populi:
926 2595 988 2626 sed
1011 2595 1053 2626 de

228 2662 374 2683 uuam.
381 2661 530 2683 orsszvot.
539 2661 620 2683 xxlv.

751 142 970 177 POSTILLA
990 141 1348 175 MELANTHONlAN
1351 142 1392 174 A.

2012 141 2076 175 242

1098 235 1259 278 singulari
1282 234 1463 273 beneficio,
1497 236 1679 277 pertinente
1701 237 1744 267 ad
1767 246 1841 274 nos,
1863 235 1896 266 in
1918 234 1982 266 hac
2004 245 2078 276 per-

1098 289 1195 317 sona,
1217 288 1305 320 quae
1327 288 1394 309 non
1417 283 1488 309 erat
1511 279 1661 310 debitrix.
1684 278 1759 320 lpse
1782 279 1915 310 subiicit
1936 288 1974 309 se
1996 277 2077 320 legi,

1098 323 1131 354 id
1155 328 1218 360 est,
1251 320 1364 363 implet
1386 319 1494 362 legem
1515 331 1576 362 pro
1600 322 1708 359 nobis,
1742 320 1895 353 videlicet
1917 331 1984 352 non
2007 328 2077 352 tan-

1098 373 1166 397 tum
1189 364 1309 396 officiis
1331 362 1506 405 legalibus,
1541 369 1572 395 et
1591 365 1776 395 obedientia
1799 375 1871 402 sua,
1906 373 1993 405 quae
2026 369 2079 394 est

1098 407 1197 449 plena
1221 417 1262 439 ac
1283 405 1443 448 perfecta,
1467 407 1527 437 sed
1551 407 1647 437 etiam
1671 408 1860 447 recipiendo
1891 407 1923 437 in
1953 416 1992 437 se
2013 415 2078 437 ma-

1097 450 1307 482 ledictionem
1341 455 1373 481 et
1407 459 1559 490 poenam,
1593 460 1690 491 quam
1721 460 1783 481 nos
1807 459 1938 481 eramus
1962 449 2079 486 meriti,

1099 494 1142 525 ad
1164 492 1362 534 placandum
1394 492 1493 523 nobis
1515 498 1654 534 patrem,
1683 498 1716 524 et
1739 493 1781 523 ad
1804 503 1867 524 nos
1887 491 2078 524 liberandos

1101 547 1120 568 a
1142 536 1375 568 maledictione
1396 534 1494 578 legis.

1187 596 1280 628 Haec
1311 605 1415 627 causa
1449 595 1710 626 circumcisionis
1729 593 1853 625 Christi
1875 593 1933 625 fuit
1956 594 2070 635 praeci

1100 649 1182 681 pua:
1216 645 1253 670 ut
1286 638 1528 680 significaretur
1552 647 1626 669 eum
1649 637 1768 669 subiici
1797 636 1863 679 legi
1887 647 1947 677 pro
1971 637 2081 674 nobis,

1103 692 1177 714 cum
1199 682 1272 723 ipse
1294 691 1360 712 non
1380 686 1467 712 esset
1489 680 1636 712 debitor:
1667 680 1707 711 Et
1732 680 1816 711 sicut
1837 678 1992 721 pellicula
2011 679 2081 711 eius

1101 725 1265 767 praecisa,
1288 729 1466 765 amputata,
1490 730 1522 755 et
1534 723 1664 755 abiecta
1688 729 1750 761 est,
1774 723 1824 754 sic
1843 722 1984 764 obligari
2008 731 2082 752 eum

1101 768 1143 799 ad
1165 773 1304 799 mortem
1326 776 1388 808 pro
1411 766 1521 805 nobis,
1543 772 1579 797 ut
1601 776 1663 797 nos
1686 765 1884 797 haberemus
1907 774 2027 796 novam
2050 770 2083 796 et

1101 816 1270 842 aeternam
1289 809 1444 841 iustitiam
1467 816 1500 840 et
1522 809 1622 840 vitam
1644 815 1780 849 propter
1808 809 1926 849 ipsum.
1971 807 2027 839 Sic
2051 812 2083 838 et

1102 854 1142 884 de
1172 853 1343 894 Baptismo
1367 851 1490 883 Christi
1526 852 1720 893 cogitemus.
1787 851 1862 882 Non
1886 860 2083 892 quaeramus

1100 895 1219 937 procul
1240 894 1486 937 speculationes
1512 895 1655 926 otiosas:
1681 895 1741 925 sed
1764 894 1826 926 has
1848 895 1940 935 ipsas
1961 902 2083 924 causas

1099 939 1360 1013 Eircumcisionis
1373 937 1496 969 Christi
1512 937 1803 970 accommodemus
1826 938 1923 968 etiam
1945 936 1989 968 ad
2012 935 2083 967 eius

1129 982 1315 1023 aptismum.

1187 1041 1237 1073 Sit
1259 1041 1359 1084 igitur
1382 1042 1488 1082 prima
1511 1049 1624 1072 causa.
1696 1039 1806 1072 Voluit
1836 1039 1916 1071 dare
1939 1038 2083 1070 testimo-

1099 1085 1187 1116 nium
1211 1085 1380 1116 doctrinae
1404 1090 1437 1115 et
1459 1084 1519 1115 toti
1542 1083 1723 1115 ministerio
1747 1083 1891 1120 Ioannis,
1917 1088 1949 1113 et
1973 1087 2084 1112 osten-

1100 1128 1190 1166 dere,
1213 1128 1301 1169 quod
1324 1128 1396 1168 ipse
1419 1132 1521 1165 esset,
1556 1127 1607 1158 cui
1637 1127 1724 1158 viam
1747 1130 1899 1167 parasset
1923 1125 2083 1156 hactenus

1099 1170 1261 1212 Baptista.
1330 1169 1446 1202 Voluit·
1478 1170 1665 1211 approbare
1696 1168 1902 1209 baptismum
1936 1167 2081 1204 loannis,

1100 1219 1258 1255 tanquam
1281 1223 1382 1245 verae
1405 1211 1579 1244 Ecclesiae
1591 1212 1810 1253 Baptismum,
1835 1210 1938 1242 voluit
1961 1209 2086 1247 testari,

1099 1255 1188 1288 hanc
1211 1266 1289 1288 8558
1301 1266 1402 1288 verae
1413 1255 1589 1288 Ecclesiae
1613 1253 1854 1291 collectionem,
1879 1262 1966 1295 quae
1989 1252 2084 1284 fieret

1100 1309 1159 1340 per
1192 1299 1409 1341 Baptismum,
1438 1299 1630 1340 receptione
1653 1297 1848 1329 ludaeorum
1872 1302 1904 1327 et
1929 1296 2088 1337 gentium,

1100 1349 1133 1374 et
1155 1342 1220 1373 iarn
1253 1343 1424 1374 imminere
1457 1341 1555 1373 finem
1584 1351 1645 1373 seu
1666 1341 1832 1372 interitum
1855 1338 1991 1381 politiae
2014 1338 2086 1370 Mo-

1100 1386 1223 1422 saicae,
1254 1395 1350 1427 quem
1385 1391 1418 1417 et
1452 1384 1593 1416 loannes
1616 1393 1776 1425 expresse
1800 1381 2015 1414 denuntiabat
2036 1380 2086 1413 Iu·

1103 1429 1206 1459 113815.

1187 1476 1386 1510 Referamus
1420 1483 1532 1509 autem
1566 1477 1652 1508 11338
1686 1487 1834 1514 causam,
1870 1486 1937 1507 11011
1960 1481 2087 1506 tantum

1102 1521 1145 1552 ad
1169 1521 1360 1562 dignitatem
1384 1526 1415 1552 et
1450 1521 1754 1561 comprobationem
1778 1519 1949 1550 doctrinae
1973 1525 2004 1549 et
2030 1518 2086 1548 3ιὶ-

1102 1564 1229 1595 nisterii
1254 1563 1404 1601 loannis,
1438 1564 1526 1605 quod
1550 1561 1610 1594 fuit
1641 1563 1722 1594 certi
1753 1562 1929 1603 temporis:
1966 1561 2025 1592 sed
2044 1560 2087 1591 ad

1102 1613 1252 1638 nostram
1286 1616 1418 1647 quoque
1453 1604 1727 1638 consolationem.
1795 1604 1947 1635 Sciamus
1977 1602 2088 1634 3111138

1103 1647 1214 1691 colligi
1249 1648 1436 1680 Ecclesiam
1468 1658 1529 1689 per
1568 1648 1790 1688 Baptismum:
1831 1653 1862 1677 et
1903 1646 2088 1677 doctrinam

1101 1691 1287 1733 Evangelii,
1320 1702 1419 1733 quam
1453 1701 1611 1722 sonamus
1649 1691 1788 1721 eandem
1818 1699 1891 1721 cum
1923 1688 2089 1729 Baptista,

1101 1744 1169 1766 non
1193 1745 1271 1766 esse
1294 1734 1453 1771 fictitiam,
1476 1740 1532 1765 aut
1556 1733 1820 1770 commentitiam,
1843 1733 1903 1763 sed
1915 1732 2089 1763 verissime

1103 1777 1245 1809 divinam
1269 1787 1357 1815 esse,
1380 1784 1412 1809 et
1435 1776 1545 1808 Deum
1568 1787 1627 1817 per
1649 1783 1753 1807 totum
1777 1776 1842 1807 hoc
1871 1774 2088 1806 ministerium

1103 1821 1195 1852 verbi
1218 1827 1250 1851 et
1272 1820 1565 1852 Sacramentorum
1588 1819 1760 1851 efficacem
1779 1828 1867 1849 esse.

1189 1863 1345 1895 Secunda
1364 1873 1467 1894 causa
1490 1861 1594 1894 voluit
1616 1861 1803 1899 ostendere,
1826 1870 1864 1891 se
1887 1869 1964 1891 8558
1987 1869 2087 1891 mem-

1102 1907 1209 1944 brum,
1244 1906 1361 1944 civem,
1395 1906 1534 1943 socium,
1564 1908 1628 1937 imo
1654 1911 1752 1944 caput
1777 1904 1874 1935 huius
1898 1901 2086 1941 Ecclesiae,

1103 1960 1188 1991 quae
1211 1947 1430 1990 colligebatur
1452 1948 1622 1989 Baptistae
1645 1947 1838 1979 ministerio.
1882 1944 1996 1977 Voluit
2009 1955 2085 1986 pro-

1104 1993 1199 2030 fiteri,
1223 2002 1260 2022 se
1282 1990 1369 2023 velle
1395 1992 1603 2023 coniunctum
1627 2000 1704 2022 esse
1729 2000 1802 2021 cunt
1825 1989 1889 2020 1138
1912 1998 2000 2020 nova
2022 1987 2087 2018 Ec·

1104 2035 1219 2073 clesia,
1254 2045 1338 2076 quac
1373 2035 1530 2075 deinceps
1565 2043 1697 2075 quoque
1726 2031 1916 2073 colligenda
1941 2037 2031 2062 esset
2055 2031 2088 2061 in

1103 2089 1191 2110 novo
1215 2077 1439 2108 Testamento.
1507 2076 1601 2107 113118
1634 2087 1770 2108 causam
1794 2073 1943 2106 similiter
1966 2072 2087 2105 refera—

1103 2131 1176 2153 mus
1213 2121 1255 2152 ad
1289 2126 1437 2151 nostram
1471 2118 1744 2151 consolationem.
1814 2118 1966 2149 Sciamus
1999 2116 2087 2147 hunc

1103 2163 1280 2196 Dominum
1315 2173 1391 2195 esse
1425 2164 1619 2199 membrum,
1642 2163 1705 2193 imo
1730 2167 1826 2202 caput
1850 2166 1881 2191 et
1905 2159 2087 2190 vivificato-

1104 2218 1173 2238 rem
1207 2206 1304 2238 11111115
1339 2204 1531 2243 Ecclesiae,
1568 2206 1619 2236 eui
1644 2215 1706 2236 nos
1730 2214 1788 2245 per
1813 2203 2017 2243 Baptismum
2040 2202 2088 2232 in-

1103 2250 1182 2282 serti
1205 2259 1330 2280 5313115.
1376 2249 1518 2284 Quando
1536 2249 1685 2279 videmus
1698 2247 1857 2288 baptizat-i
1881 2242 2088 2283 infantulum,

1104 2294 1288 2334 cogitemus
1313 2293 1353 2323 de
1376 2292 1548 2333 Baptismo
1573 2290 1707 2322 Christi.
1764 2289 1958 2329 Cogitemus
1981 2285 2087 2318 infan-

1103 2335 1206 2368 tulum
1230 2334 1334 2366 lavari
1357 2345 1431 2366 cuni
1455 2333 1588 2365 Christo
1613 2339 1721 2363 stante
1743 2333 1774 2362 in
1789 2331 1939 2369 10111338,
1964 2336 1997 2362 et
2018 2328 2086 2362 foe·

1104 2380 1166 2411 dus
1190 2378 1259 2410 fieri
1283 2378 1368 2409 inter
1391 2377 1556 2409 Christum
1582 2382 1613 2407 et
1637 2377 1734 2406 istum
1753 2385 1902 2416 puerum,
1926 2379 1960 2405 et
1981 2372 2086 2404 infan-

1103 2421 1206 2454 tulum
1229 2421 1330 2452 inseri
1352 2421 1384 2451 in
1408 2430 1529 2460 corpus
1553 2418 1684 2450 Christi.

1190 2462 1386 2496 Refer-amus
1420 2463 1517 2494 etiam
1551 2462 1593 2492 311
1638 2458 1834 2501 exemplum,
1875 2459 1965 2500 quod
2000 2459 2087 2490 sicut

1104 2506 1257 2540 Christus
1291 2504 1397 2538 voluit
1429 2516 1507 2537 esse
1540 2505 1720 2535 membrum
1754 2512 1855 2534 verae
1887 2501 2085 2534 Ecclesiae:

1104 2546 1248 2583 Sic'nos
1271 2550 1371 2581 etiam
1393 2557 1583 2580 maneamus
1606 2546 1751 2578 adiuncti
1774 2544 1950 2578 Ecclesiae
1984 2543 2086 2576 fideli-

1104 2599 1156 2626 ter
1178 2593 1310 2625 sonanti
1333 2601 1451 2624 vocem
1473 2590 1644 2622 doctrinae
1677 2589 1833 2621 divinitus
1867 2589 2020 2626 traditae,
2054 2593 2087 2619 et

1886 2648 1916 2673 16
