2324 2958
199 158 264 191 623
832 153 941 185 PHlL.
965 151 1068 184 MEL.
1091 147 1278 186 SGRlPTA
1300 143 1563 180 EXEGETIGA.
2130 146 2197 181 624

199 258 254 284 cet
284 250 371 293 quod
402 249 514 290 passio
543 249 585 279 sit
615 247 737 279 donata
767 247 881 284 nobis,
911 247 954 277 sit
976 244 1170 277 sacrificium

200 294 376 325 exhibitum
401 292 475 324 Deo
497 301 557 332 pro
581 291 688 321 nobis.
744 290 838 321 Hanc
866 288 1078 320 differentiam
1108 296 1172 317 me-
1225 283 1336 315 tentia.

198 343 345 369 mentote
362 342 496 376 propter
517 332 592 365 illos
610 333 851 374 phantasticos,
869 333 922 373 qui
940 332 1062 367 dicunt,
1080 328 1173 360 Chri·
1311 326 1452 358 Additur
1483 334 1590 358 autem
1622 336 1724 359 causa
1753 325 1882 365 finalis,
1915 336 1974 358 cur
1994 332 2084 369 petat
2105 327 2197 358 auxi-

200 386 287 411 stum
316 377 475 409 exhibere
505 375 687 418 exemplum
716 374 883 418 perfectae
914 372 1111 404 fortitudinis
1141 377 1171 402 et
1225 366 1320 406 lium,
1349 373 1383 398 ut
1405 372 1434 398 et
1452 369 1536 408 filius
1558 373 1627 400 tuus
1649 373 1678 399 te
1699 369 1862 409 ylorIficet.
1914 369 2011 408 ltem,
2039 369 2096 408 L't,
2120 380 2198 410 quoe

201 422 330 454 virtutis
361 421 392 451 in
427 420 601 460 passione,
632 429 697 450 non
731 418 842 450 dicunt
876 417 917 448 de
948 414 1110 446 sacrificio
1141 419 1174 445 et
1226 410 1345 441 dedisti
1367 413 1404 446 ei.
1428 411 1482 442 det
1500 414 1545 442 eis
1562 414 1654 442 vitam
1673 417 1835 442 aeternam·
1884 411 1961 444 Vult
1985 413 2112 444 dicere:
2134 411 2197 444 Hie

201 464 312 497 causis
335 463 580 504 redemptionis.
1226 463 1313 495 agon
1343 455 1416 486 ideo
1444 455 1505 486 abs
1536 462 1568 486 te
1596 456 1765 486 oudinatus
1787 462 1856 494 est,
1883 461 1920 486 ut
1941 453 2005 486 hac
2026 465 2098 487 mea
2120 455 2198 486 obe·

1225 497 1346 527 dientia
1374 497 1515 528 satisfiat
1543 498 1684 529 iustitiae
1713 505 1807 536 tuae,
1836 497 1985 530 deleatur
2015 503 2198 539 peccatum,

1224 247 1260 273 ut
1282 250 1348 272 non
1372 242 1478 282 possit
1500 242 1672 280 sustineri,
1695 241 1757 273 nisi
1780 247 1984 273 sustentante
2007 241 2116 274 divina
2138 251 2196 284 po·

224 628 416 669 Brevis
463 625 767 681 explicatio
815 622 1151 677 singulorum
1198 615 1202 660 i

232 705 563 746 membrorum
596 702 801 743 ultimae
833 699 1144 755 precationis
1196 670 1201 735 i

589 777 786 820 Christi.

289 874 324 905 ln
348 872 453 914 capite
478 870 527 901 17.
551 869 705 901 lobannis
727 873 779 899 est
801 867 948 909 precatio
977 873 1008 897 et
1031 865 1175 907 applica-

202 918 267 955 tio,
303 922 336 948 et
369 915 500 957 quidem
535 913 567 944 in
600 912 760 953 principio
795 910 910 950 capitis
945 916 997 940 est
1030 909 1175 950 precatio

203 959 327 991 Christi
349 968 408 1000 pro
431 966 521 988 sese:
552 956 627 997 quia
655 955 740 986 enim
768 954 841 995 ipse
865 959 915 984 est
939 958 1038 994 caput
1060 950 1176 984 Eccle-

203 1002 290 1040 siae,
313 1002 439 1033 orditur
462 1009 480 1030 a
503 1008 597 1034 sese,
617 1007 658 1029 ac
680 997 759 1038 petit
783 997 823 1028 ab
847 1002 984 1027 aeterno
1008 994 1118 1033 Patre,
1141 1000 1177 1026 ut

203 1045 291 1077 adsit
312 1044 342 1076 ei
365 1043 511 1086 potentia
534 1041 653 1078 divina,
666 1040 698 1071 in
718 1046 808 1071 tanta
827 1037 1050 1070 humiliatione
1068 1044 1101 1069 et
1119 1048 1176 1078 op·

204 1088 396 1130 pressione,
419 1087 451 1117 in
474 1091 540 1116 tam
562 1083 685 1116 acerba
707 1083 874 1124 passione.

290 1130 459 1162 Personae
492 1128 523 1158 in
557 1126 695 1157 historia
723 1125 890 1166 passionis
921 1129 997 1155 sunt
1025 1121 1176 1163 multipli-

205 1183 280 1205 ces:
304 1173 441 1214 primum
464 1171 593 1212 patiens
615 1178 771 1210 persona,
791 1173 842 1198 est
860 1166 962 1198 Filius
982 1165 1063 1201 Dei;
1086 1172 1177 1196 acto-

203 1226 260 1249 res
295 1221 371 1247 sunt
398 1219 637 1256 persequentes
666 1209 900 1251 multipliciter;
935 1207 988 1240 alii
1018 1207 1179 1246 consiliis,

204 1258 259 1291 alii
282 1258 400 1295 armis,
425 1255 477 1287 alii
501 1255 756 1297 proditionibus:
779 1259 855 1284 sunt
879 1251 964 1283 aliae
986 1251 1082 1282 etiam
1105 1261 1179 1292 per-

206 1311 310 1333 sonae
339 1301 431 1341 piae‚
461 1307 547 1340 quae
575 1296 760 1328 afficiuntur
791 1293 904 1326 dolore
927 1299 1063 1335 propter
1086 1293 1180 1324 Chri·

205 1350 310 1382 stum,
332 1343 391 1375 sed
415 1341 610 1384 languidae,
633 1338 685 1370 alii
708 1339 831 1379 magis,
854 1337 909 1368 alii
928 1337 1052 1367 minus:
1074 1335 1180 1367 Maria

205 1387 330 1430 ingenti
361 1384 474 1417 dolore
503 1382 622 1414 affecta
652 1388 719 1414 est:
750 1381 805 1412 alii
828 1386 904 1411 sunt
927 1378 1102 1411 admodum
1124 1376 1180 1409 fri-

206 1430 292 1473 gidi,
323 1436 357 1460 ut
389 1425 540 1469 Apostoli
569 1425 748 1463 dormiunt,
779 1421 859 1455 nihil
882 1421 949 1453 tale
972 1426 1181 1462 exspectant,

206 1471 318 1515 qualia
343 1477 460 1513 postea
488 1469 691 1501 acciderunt.
743 1466 828 1497 Sunt
857 1464 987 1506 aliquae
1017 1473 1181 1505 personae

207 1517 290 1548 dura
312 1515 492 1556 patientes;
517 1519 567 1543 est
591 1511 687 1542 etiam
710 1509 852 1540 maxima
873 1506 1046 1540 multitudo
1069 1515 1182 1548 perse-

208 1558 385 1601 quentium.
440 1555 562 1587 Postea
589 1560 639 1585 est
668 1558 783 1584 coetus
811 1550 930 1593 aliquis
962 1560 1094 1588 eorum,
1127 1549 1183 1591 qui

207 1601 325 1644 frigide
349 1599 544 1631 afficiuntur.

294 1643 484 1675 Excitemus
507 1646 615 1672 antem
638 1648 712 1676 noS,
735 1644 772 1670 ut
796 1636 905 1678 aliquo
928 1635 1026 1667 modo
1049 1633 1184 1666 adficia-

209 1697 281 1720 mur
303 1686 502 1728 cogitatione
524 1683 640 1714 harum
662 1691 780 1713 rerum.
826 1680 935 1712 Simus
958 1690 999 1711 ex
1017 1677 1183 1719 personis,

234 1740 296 1762 uae
328 1728 524 1760 adficiuntur
557 1725 672 1757 dolore
707 1735 781 1756 cum
811 1722 956 1755 Christo.
1012 1721 1110 1757 Quod
1137 1721 1184 1751 ita

210 1740 284 1811 get,
313 1773 343 1803 si
373 1769 609 1811 intelligamus,
639 1767 747 1810 qualis
774 1766 817 1797 sit
840 1765 925 1797 haec
948 1763 1036 1797 illius
1059 1763 1184 1805 passio,

212 1823 243 1847 et
267 1815 354 1857 quod
378 1820 513 1855 propter
536 1821 598 1844 nos
621 1821 694 1842 eam
717 1809 922 1841 sustinuerit.

297 1857 450 1889 Christus
474 1856 527 1886 hic
550 1855 729 1891 concione,
752 1862 850 1894 quam
872 1852 957 1883 inter
980 1849 1186 1882 coenandum

212 1901 337 1940 habuit,
360 1899 460 1938 finita,
484 1905 549 1930 stat
571 1896 732 1929 inchoans
755 1896 989 1935 precationem,
1012 1894 1098 1924 sicut
1121 1892 1186 1923 usi·

212 1950 316 1977 tatum
346 1949 397 1974 est
426 1942 523 1973 etiam
551 1942 583 1972 in
605 1940 730 1971 nostris
753 1937 892 1980 templis.
948 1937 1086 1977 Semper
1108 1945 1186 1966 con-

215 1987 300 2020 cioni
322 1993 374 2018 est
396 1984 597 2017 subiicienda
621 1983 778 2024 precatio.

348 2161 481 2202 Prima
512 2172 603 2214 pars
634 2155 871 2213 precationis
904 2153 1061 2195 Christi.

303 2251 426 2294 Magna
453 2255 562 2282 autern
590 2254 681 2280 motu
709 2247 824 2283 animi,
855 2244 960 2277 oculis
991 2243 1130 2275 sublatis
1158 2243 1190 2273 in

218 2295 359 2333 coelum,
382 2294 493 2336 incipit
516 2292 755 2335 precationem:
779 2290 887 2325 Pater,
908 2288 1047 2327 ylnrifira
1071 2297 1125 2317 me.
1140 2286 1190 2314 Fr·-

219 2340 289 2369 h'um
313 2343 411 2374 tunam,
447 2340 479 2366 nt
510 2335 609 2365 nlius
636 2338 705 2364 tutu
729 2338 756 2363 te
779 2333 938 2372 [ΙΙονιΥῐνεΙ.
996 2331 1056 2362 llic
1079 2329 1191 2361 incidit

221 2381 316 2414 simul
338 2380 577 2417 testimonium,
607 2377 693 2420 quod
725 2377 756 2408 in
780 2375 913 2407 Christo
936 2376 1000 2405 sint
1024 2374 1110 2404 duae
1134 2383 1190 2403 nn-

220 2433 313 2457 turae
343 2425 451 2455 divina
481 2429 511 2453 et
541 2421 692 2453 humana.
748 2418 886 2456 Divina,
921 2427 985 2459 qua
1013 2422 1061 2448 est
1091 2414 1192 2446 Filius

221 2474 418 2500 coaeternus
454 2465 560 2500 Patri;
601 2471 631 2496 et
666 2463 824 2498 humana,
866 2471 962 2502 quam
1001 2458 1192 2499 assumpsit,

222 2512 296 2543 ideo
342 2517 447 2541 »ostra
481 2519 594 2540 rursus
629 2507 720 2538 dicit:
758 2505 904 2543 (ilnrifira
938 2513 982 2532 me
1011 2513 1046 2531 eu
1076 2502 1192 2539 ,ullor-iar,

221 2564 310 2596 quam
353 2554 426 2582 alan·
449 2551 534 2591 apud
553 2555 591 2584 te,
607 2551 787 2590 priusquam
805 2548 856 2577 laic·
874 2546 1002 2576 ramulus
1020 2547 1190 2575 ‹ursistrrrt

223 2598 269 2629 lta
293 2597 389 2639 igitur
413 2601 564 2636 precatur
587 2604 647 2636 pro
670 2602 758 2631 sese,
780 2591 856 2634 quia
885 2599 971 2632 agon
1003 2595 1112 2620 tantus
1131 2593 1194 2623 cst,

1226 546 1258 569 et
1281 537 1435 589 ecclesia
1465 550 1538 571 meo
1569 541 1735 583 sanguine
1764 541 1958 579 redimatur,
1989 539 2199 572 celebratura

1226 587 1258 612 te
1280 590 1313 612 in
1335 587 1515 614 aeternum.

1310 622 1433 655 Postea
1455 625 1579 663 intexit,
1597 635 1656 657 seu
1680 626 1795 657 miscet
1819 626 2020 658 doctrinam:
2044 625 2132 655 Haec
2152 628 2198 654 est

1226 667 1289 695 vita
1313 670 1452 703 aeterna,
1479 672 1512 697 ut
1539 672 1711 707 aynoscant
1739 673 1769 698 te
1790 669 1886 699 solum
1909 679 2008 698 ver-nm
2030 669 2144 703 Deum,
2168 671 2198 697 et

1223 718 1310 748 quem
1337 710 1450 738 mis-itti
1476 709 1573 740 Iesum
1599 721 1664 740 esse
1692 711 1854 741 Christum.
1906 711 2033 742 Nomen
2057 710 2199 741 Christus

1226 752 1357 792 ponitur
1379 750 1588 793 appellative.
1634 752 1871 794 Complectitur
1889 761 1997 785 autem
2020 752 2086 784 hoe
2110 754 2199 784 dicto

1226 803 1386 825 summam
1420 795 1588 827 doctrinae
1622 795 1804 838 Evangelii.
1861 797 1973 828 Verbo
2007 795 2200 836 aynau-endi

1226 834 1429 878 intelligatur
1451 847 1518 868 non
1541 843 1667 869 tantum
1689 840 1804 870 notitia
1830 838 2005 876 historiae,
2035 838 2095 870 sed
2119 847 2201 870 vera

1227 878 1309 910 fides
1332 879 1449 910 lucens
1473 880 1505 911 in
1529 880 1640 911 corde.
1686 881 1907 913 Observanda
1930 888 1980 913 est
1999 883 2085 913 enim
2103 879 2200 922 phra-

1227 922 1274 952 sis
1298 921 1471 954 Hebraica.
1522 921 1663 953 Hebraei
1693 922 1826 955 multum
1855 930 1990 956 utuntur
2011 924 2122 955 verbis
2146 933 2201 955 co-

1227 965 1382 1006 gnitionis
1409 975 1470 1006 pro
1498 966 1611 997 verbis
1635 966 1846 1006 appetitionis
1869 973 1902 998 et
1923 966 2117 1004 affectuum,
2146 967 2201 1007 qui

1228 1007 1426 1038 comitantur
1448 1008 1684 1050 cognitionem:
1714 1015 1747 1039 ut
1771 1008 1922 1039 Dominus
1942 1011 2028 1039 novit
2056 1011 2136 1038 viam
2157 1010 2202 1038 iu-

1227 1053 1359 1088 storum,
1392 1050 1423 1081 id
1452 1057 1521 1089 est,
1550 1052 1730 1092 approbat,
1765 1057 1894 1090 tuetur,
1926 1058 1959 1083 et
1988 1051 2106 1092 aspicit
2129 1061 2202 1083 cum

1230 1092 1471 1124 benevolentia.
1528 1092 1574 1125 lta
1602 1093 1656 1124 hie
1686 1094 1806 1135 inquit:
1840 1098 1874 1124 ut
1899 1097 2073 1134 αφιωσιιηε
2094 1097 2141 1131 ίι;
2169 1100 2203 1125 et

1229 1135 1346 1173 docet,
1373 1135 1539 1176 quomodo
1562 1136 1603 1167 sit
1627 1137 1883 1177 agnoscendus,
1911 1135 2057 1175 scilicet,
2086 1140 2117 1166 te
2138 1146 2204 1166 esee

1229 1177 1343 1212 Deum,
1367 1179 1420 1217 qui
1442 1179 1555 1207 misisti
1575 1178 1701 1207 Eilimn.
1747 1180 1803 1211 Sic
1825 1186 2056 1221 argumentor:

1315 1220 1468 1250 Invocans
1490 1220 1682 1250 conditorem
1704 1221 1783 1251 coeli
1804 1225 1834 1251 et
1857 1226 1976 1259 terrae,
2006 1224 2132 1252 invocat
2159 1231 2204 1251 ce·

1357 1273 1423 1292 rum
1445 1263 1558 1293 Deum:

1321 1304 1438 1334 Parcae
1459 1307 1604 1335 invocant
1626 1306 1818 1336 conditorem
1840 1306 1920 1336 coeli
1942 1310 1971 1336 et
1994 1310 2112 1336 terme:

1315 1347 1404 1386 Eryo
1425 1348 1572 1377 invocant
1594 1357 1695 1377 verum
1716 1347 1825 1377 Deum.

1317 1389 1529 1430 Respondeo.
1565 1389 1662 1432 Nego
1680 1390 1861 1426 Minorem3
1883 1391 1961 1432 quia
1978 1395 2101 1432 negant
2117 1387 2207 1422 hunc

1232 1433 1449 1471 conditorem,
1467 1433 1522 1474 qui
1538 1438 1590 1464 est
1608 1432 1707 1465 Pater
1718 1432 1850 1465 Domini
1863 1433 1968 1464 nostri
1981 1433 2056 1465 lesu
2068 1431 2208 1465 Christiz

1233 1474 1391 1507 Homines
1425 1473 1557 1507 fanatici
1591 1475 1719 1518 fingunt
1751 1486 1868 1507 omnes
1900 1474 2082 1518 religiones
2109 1485 2209 1507 unam

1234 1528 1310 1550 esse
1328 1517 1536 1560 religionem:
1559 1517 1686 1560 fingunt
1704 1520 1774 1551 veri
1791 1518 1854 1550 Dei
1869 1519 2111 1551 invocationem
2130 1527 2208 1549 esse

1234 1560 1519 1602 compellationem
1541 1560 1682 1593 alicuius
1706 1562 1807 1604 ignoti
1830 1562 1991 1599 numinis,
2018 1561 2107 1602 quod
2130 1570 2209 1593 con·

1235 1605 1353 1637 diderit
1376 1604 1494 1636 omnia.
1550 1604 1625 1636 Non
1653 1614 1800 1636 amemus
1829 1603 1914 1635 tales
1943 1603 2092 1635 sui-ores:
2126 1603 2210 1634 scia·

1234 1657 1308 1680 mus
1331 1647 1437 1679 Deum
1459 1645 1546 1679 velle
1569 1648 1709 1689 agnosci
1732 1653 1764 1679 et
1787 1647 1954 1685 invocari,
1982 1647 2069 1678 sicut
2091 1655 2130 1677 se
2153 1654 2209 1687 pa·

1235 1689 1363 1729 tefecit,
1398 1690 1499 1722 misso
1528 1688 1621 1722 Filio.
1676 1690 1711 1722 ln
1740 1690 1932 1731 precatione
1961 1689 2088 1721 debetis
2119 1687 2209 1731 cogi-

1237 1740 1321 1765 tare:
1362 1732 1435 1776 Ego
1470 1739 1503 1764 te
1539 1733 1660 1765 invoco
1699 1739 1793 1774 pater
1832 1732 1963 1764 Domini
1995 1731 2101 1763 nostri
2133 1730 2209 1763 lesu

1236 1775 1370 1808 Christi.
1416 1776 1539 1807 Postea
1557 1781 1590 1807 et
1608 1775 1673 1807 hoc
1689 1776 1731 1807 ad
1748 1775 1949 1817 agnitionem
1967 1774 2030 1806 Dei
2052 1774 2208 1816 pertinet:

1236 1818 1331 1851 lllum
1360 1818 1468 1850 lesum
1498 1827 1574 1849 esse
1604 1818 1779 1856 Messinm,
1813 1824 1949 1859 propter
1977 1827 2074 1859 quem
2103 1826 2210 1860 genus

1236 1861 1412 1894 humanum
1435 1861 1627 1902 recipiatur,
1651 1868 1683 1892 et
1706 1861 1922 1892 exaudiantur
1943 1861 2150 1892 invocantes.

1323 1903 1363 1935 Et
1386 1904 1468 1935 haec
1490 1910 1567 1935 sunt
1595 1904 1785 1935 discrimina
1811 1903 2028 1935 invocationis
2052 1902 2212 1934 Ethnicae

1239 1953 1271 1980 et
1294 1946 1519 1979 Christianae:
1554 1947 1637 1978 Sunt
1668 1947 1753 1978 enirn
1781 1946 1865 1978 haec
1893 1946 1958 1977 duo
1980 1945 2157 1987 praecipua
2179 1951 2212 1976 et

1263 1989 1529 2031 rincipalissima:
1570 1991 1631 2021 etsi
1667 1990 1763 2021 etiam
1797 1987 1862 2021 alia
1896 1995 1972 2021 sunt
2007 1987 2211 2020 discrimina:

1268 2034 1400 2071 rimam,
1428 2032 1525 2064 Turci
1555 2039 1665 2064 errant
1692 2033 1733 2064 de
1763 2033 1928 2069 essentia,
1957 2031 2090 2073 quando
2120 2031 2213 2062 invo-

1241 2083 1316 2109 cant
1332 2075 1466 2117 aliquid‚
1483 2075 1570 2117 quod
1588 2085 1654 2107 non
1673 2081 1725 2106 est
1747 2073 1849 2107 Deus.
1894 2074 1969 2106 Non
1992 2073 2104 2105 dieunt
2126 2073 2214 2105 hunc

1241 2119 1444 2152 conditorem
1467 2128 1559 2155 csse,
1589 2119 1643 2160 qui
1666 2124 1716 2149 est
1739 2125 1833 2160 pater
1855 2116 1987 2148 Domini
2011 2117 2117 2148 nostri
2139 2115 2214 2148 lesu

1242 2163 1374 2195 Christi.
1425 2161 1598 2199 Secundo,
1628 2167 1738 2192 errant
1768 2161 1808 2192 de
1837 2159 2021 2192 voluntate:
2050 2159 2215 2191 accedunt

1214 2223 1215 2245 ;
1242 2206 1286 2238 ad
1310 2205 1415 2237 Deum
1445 2205 1516 2235 sine
1545 2205 1740 2241 mediatore,
1770 2210 1802 2235 et
1829 2204 1901 2234 sine
1923 2202 2214 2245 promissionibus:

1242 2250 1315 2280 ideo
1345 2254 1508 2289 coguntur
1540 2247 1702 2279 dubitare:
1737 2247 1813 2288 quia
1844 2257 1910 2277 non
1933 2246 2060 2283 sciunt,
2093 2255 2135 2276 an
2158 2244 2215 2276 hn-

1244 2294 1339 2323 beant
1364 2291 1589 2322 remissionem
1615 2296 1841 2331 peccatorum:
1872 2299 1934 2320 nos
1956 2295 2064 2320 autem
2087 2286 2215 2319 accedi·

1243 2347 1314 2367 nius
1343 2335 1504 2366 mediante
1533 2333 1724 2365 mediatore.
1776 2331 1954 2373 Utrumque
1985 2331 2160 2362 discrimen
2183 2330 2215 2361 in

1243 2379 1307 2410 hoc
1336 2379 1424 2409 dicto
1456 2375 1730 2417 comprehensum
1758 2381 1827 2413 est,
1857 2378 1889 2405 nt
1918 2377 2090 2413 σφωιν-σω
2120 2377 2149 2403 te
2171 2382 2215 2402 oe-

1244 2433 1306 2452 rum
1331 2421 1443 2454 Deum.
1467 2424 1496 2449 et
1519 2430 1603 2460 qrcem
1627 2421 1737 2449 misisti
1759 2418 1871 2448 Iesum,
1896 2427 1960 2447 cue
1984 2416 2146 2447 Chr-iseum.
