2324 2958
140 165 202 198 871

144 329 267 370 Estne
300 329 494 383 cogitatio
526 336 607 377 tua,
640 328 804 382 quando
836 327 986 368 formas
1020 326 1119 367 ima-

256 406 391 460 ginem
424 405 547 459 patris
578 405 772 453 absentis,
805 405 998 459 quiddam

500 479 771 530 ὑφιστάμενονῖ

834 163 945 195 PfflL.
969 163 1071 196 MEL.
1093 161 1282 197 SCRIPTA
1303 161 1569 194 EXEGETICA.

2084 167 2152 200 8¹12

1258 254 1389 306 Ueffifss„
1405 253 1497 292 θεὸς,
1535 259 1695 293 μετέπειτα
1727 256 1830 295 λόγος,
1865 260 1916 288 καὶ
1949 259 2066 298 πνεῦμα
2097 260 2151 291 σὺ

1259 307 1436 380 Οὗαῗροέξὲς
1456 341 1521 370 ἐστὶ
1540 343 1689 379 μέγιστον.

1171 379 1268 412 Hunc
1305 390 1435 412 versum
1466 388 1682 415 mementote:
1716 384 1793 426 quia
1824 383 1862 415 fit
1894 386 1929 416 in
1959 396 1999 417 eo
2029 388 2151 419 mentio

1171 424 1266 454 trium
1303 433 1538 464 personarum,
1573 435 1657 498 guas
1691 425 1872 458 Sabelliani
1906 435 2150 471 oppugnarunt-

1170 465 1242 497 Nec
1273 466 1384 497 nititur
1413 472 1522 498 tamen
1552 467 1572 498 fi
1598 478 1634 499 es
1663 475 1780 500 nostra
1810 469 1947 502 oraculo
1970 472 2054 511 isto,
2088 473 2152 504 etsi

1171 506 1337 540 Diabolus
1366 515 1490 551 contra¹
1510 509 1717 543 voluntatem
1745 521 1840 544 suam
1869 513 2033 546 interdum
2063 514 2154 547 dedit

230 563 305 595 Non
336 570 407 600 esu
435 564 495 595 sed
525 570 575 596 est
607 565 716 606 imago
747 564 912 595 transfens
943 569 975 594 et
1004 571 1121 594 evane.
1173 551 1394 583 testimonium
1426 553 1574 590 veritati3
1606 560 1641 585 ut
1675 565 1751 586 cum
1784 554 1929 588 clamant
1955 555 2092 589 Diaboli
2119 558 2153 590 in

144 617 255 639 scens.
301 606 358 638 Sic
381 607 487 638 nostri
509 607 648 639 affectus
671 606 725 638 vel
748 613 855 638 motus
874 612 951 637 sunt
970 616 1025 637 res
1045 615 1121 636 eva-

143 655 335 682 nescentes-¹
379 649 491 679 Onmia
512 654 684 684 vertuntur,
708 654 791 679 certe
813 653 969 679 vertuntur
992 657 1120 677 artiores.

143 692 232 729 Quid
255 697 305 724 est
328 693 436 734 magis
459 692 616 731 volucre,
639 703 735 734 quam
759 703 852 723 amor
874 691 927 723 vel
950 691 1019 722 ira?
1053 691 1121 722 Sed

143 736 231 776 λόγος
259 736 384 766 aeterni
414 735 521 767 Patris
552 746 619 767 non
647 741 699 767 est
721 735 878 776 cogitatio
901 743 1120 772 evanescens,

143 779 206 810 sed
234 778 450 819 ὁφισταμενοςς
484 785 535 810 est
566 779 720 820 quiddam
750 779 957 816 subsistens,
991 777 1050 806 das
1078 777 1122 806 da

143 820 246 856 bleibe,
269 821 334 851 und
356 823 405 850 ein
427 831 524 851 wesen
545 821 609 851 hat.
656 821 713 852 Sic
731 820 871 862 Spiritus
894 826 1031 852 sanctus
1053 829 1120 851 non

144 870 196 897 est
219 870 328 896 motus
351 873 577 901 evanescens3
601 864 686 895 sicut
710 864 860 895 dixerunt
879 863 1122 900 Macedoniani,

144 913 178 940 et
201 906 467 940 Mahometistae.
514 905 724 939 Vocabulum
752 906 952 947 ι’·φισιάμειος
979 912 1032 937 est
1054 905 1122 937 cla-

144 950 215 982 rius
238 959 336 992 quam
360 951 539 993 πρόςωπον,
563 948 617 981 vel
639 959 800 991 persona,
829 951 870 982 de
897 949 1016 992 quibus
1045 947 1122 980 olim

145 994 258 1024 variae
276 992 408 1025 suerunt
432 995 536 1033 rixae,
555 993 641 1024 sicut
664 999 694 1024 et
719 992 759 1023 de
781 992 869 1038 οὐσίᾳ
890 1003 932 1025 ac
949 991 1122 1024 ὑποστάσει.

528 1060 536 1085 l

266 1176 376 1226 Quid
409 1176 598 1216 differunt
628 1183 728 1213 Nasci
751 1182 793 1214 et,
819 1180 1011 1219 procedere?

231 1267 316 1303 Quia
358 1272 484 1297 tantum
524 1265 627 1298 Filius
669 1266 788 1296 dicitur
827 1265 937 1296 nasci:

145 1316 284 1343 sanctus
312 1309 507 1351 procedere.
557 1308 769 1349 Respondeo.

146 1354 248 1386 tentia
282 1358 525 1394 cognoscente:
559 1351 638 1393 quia
672 1351 817 1393 genitum
851 1356 904 1382 est
936 1350 1047 1392 imago
1077 1350 1124 1392 gi-

146 1396 291 1440 gnentis;
315 1395 505 1426 Procedere
527 1401 589 1434 est,
608 1404 629 1425 a
651 1392 833 1425 voluntate:
856 1393 934 1435 quia
956 1392 1124 1435 significa-

146 1447 198 1472 tur
226 1444 342 1470 motus.
400 1437 442 1468 Et
470 1443 579 1468 motus
608 1442 661 1468 est
688 1447 708 1467 a
740 1434 928 1474 voluntate,
960 1446 1034 1467 cum
1059 1445 1124 1477 qua

146 1480 338 1524 copulatum
368 1485 419 1511 est
448 1481 480 1511 in
511 1479 644 1511 homine
675 1489 752 1518 cor,
782 1479 871 1520 quod
895 1479 1000 1521 gignit
1023 1484 1056 1510 et
1078 1477 1125 1509 ef·

144 1524 251 1557 fundit
278 1524 431 1566 Spiritus·
494 1522 528 1554 ln
559 1523 711 1555 omnibus
740 1521 931 1560 affectibus,
962 1522 1016 1564 qui
1047 1525 1126 1553 sunt

145 1568 241 1606 serii,
272 1573 323 1601 est
351 1576 493 1608 magnus
522 1571 630 1597 motus
661 1566 851 1606 spirituum,
882 1572 917 1597 ut
943 1566 977 1596 in
999 1574 1124 1596 amore.

144 1611 246 1653 quue
268 1611 430 1642 sentimus
464 1609 497 1640 in
531 1607 661 1641 osculo.
717 1608 802 1639 Nam
829 1609 861 1639 in
890 1609 978 1640 omni
1006 1607 1123 1640 osculo

144 1664 211 1686 non
234 1651 389 1685 simulato
413 1651 588 1684 effunditur
605 1652 752 1694 spiritus,
771 1651 921 1693 procedit
940 1650 1062 1683 halitus
1082 1661 1125 1682 ex

145 1697 257 1729 corde.
315 1695 406 1727 Haec
441 1701 492 1727 est
549 1694 768 1736 ualiscunque
802 1695 927 1737 imago,
961 1694 1051 1736 quod
1084 1704 1125 1725 ex

144 1745 281 1772 aeterno
311 1739 409 1770 Patre
439 1744 470 1770 et
494 1706 576 1769 Fiiio
600 1738 759 1779 procedat
784 1737 933 1775 flamma,
961 1736 1126 1779 copulans

144 1781 276 1814 Patrem
299 1788 330 1812 et
354 1780 486 1813 filium:
511 1782 575 1813 imo
594 1788 624 1812 et
649 1791 712 1812 nos
736 1779 896 1821 copulans
920 1791 995 1812 cum
1014 1780 1124 1818 Patre,

145 1833 176 1857 et
202 1824 286 1856 filio
310 1831 341 1855 et
365 1825 487 1865 Spiritu
510 1831 638 1856 sancto.

982 1265 1124 1306 Spiritus

815 1307 918 1339 Nasci
948 1313 999 1339 est
1021 1318 1042 1339 a
1064 1317 1123 1348 po-

233 1884 279 1915 lta
310 1886 444 1915 umbras
475 1884 560 1915 :llius
590 1885 772 1925 sapientiae
800 1884 830 1914 in
862 1884 957 1915 nobis
981 1883 1128 1915 condidit

146 1927 260 1965 Deus,
295 1935 329 1960 ut
362 1926 472 1969 aliquo
504 1929 601 1959 modo
638 1928 804 1969 possimus
835 1927 984 1969 cogitare
1013 1926 1127 1957 discri-

1172 594 1338 626 obsessis:
1371 593 1444 624 lesu
1464 595 1530 625 Fila·
1551 595 1624 625 Dei.
1681 597 1747 629 Sed
1775 596 1936 630 habemus
1966 599 2033 631 alia
2061 600 2153 632 testi·
2175 625 2179 628 ⁴

1143 637 1148 677 Ι
1171 637 1282 669 monia
1306 637 1450 669 certiora
1472 638 1505 669 in
1527 639 1636 671 saeris
1651 638 1787 671 litteris:
1810 641 1896 672 inter
1913 652 1999 683 quae
2017 643 2154 675 assidue

1176 1461 1198 1502 Ἃ

1171 680 1269 711 nobis
1293 680 1325 710 in
1349 687 1532 721 conspectu
1562 691 1641 714 esse
1669 683 1790 716 debent
1811 684 1916 715 verba
1937 685 2153 718 institutionis

1171 722 1349 764 Baptismi:
1382 721 1555 762 Baptizato
1583 735 1685 755 onmes
1705 730 1813 766 gentes
1834 728 1868 756 in
1889 729 2010 758 πυνιὶπι
2031 727 2152 763 Patrio.

1173 769 1202 795 εἰ
1225 765 1319 799 Filii,
1343 768 1372 795 et
1395 765 1534 805 Spiritus
1555 769 1668 798 sanctt'.

1259 808 1327 840 lam
1357 809 1541 850 cogitemus
1571 811 1612 842 de
1633 811 1794 843 immensa
1816 813 1962 844 bonitate
1985 811 2066 851 Dei,
2100 814 2154 846 de-

1173 849 1301 883 clarata
1324 861 1406 893 erga
1427 862 1490 883 nos
1513 852 1547 883 in
1569 855 1757 896 praecipuis
1780 856 1951 897 operibuS‚
1976 856 2098 898 quibus
2116 866 2156 889 se

1173 895 1270 926 nobis
1295 895 1523 926 communicat.
1567 895 1640 927 Nus
1662 897 1808 929 iacemus
1831 898 1864 929 in
1886 898 1960 930 istis
1979 899 2156 936 sordibus3

1173 947 1241 969 non
1267 937 1496 976 aestimamus,
1531 945 1656 979 quanta
1684 940 1749 971 sint
1779 939 1838 972 illa
1868 951 1971 982 opera
1993 942 2069 974 Dei.
2114 941 2157 974 Et

1174 981 1343 1022 quomodo
1372 981 1640 1020 aestimaremus,
1674 983 1706 1013 in
1735 983 1801 1015 ista
1833 982 2030 1016 confusione
2057 985 2157 1023 vitae,

1175 1033 1241 1065 qua
1262 1033 1330 1055 non
1352 1029 1494 1065 possunt
1517 1033 1583 1054 non
1605 1024 1732 1056 turbari
1762 1032 1794 1057 et
1821 1026 1969 1067 impediri
1998 1027 2073 1069 piae
2102 1037 2157 1058 co-

1175 1066 1364 1108 gitationes.
1410 1065 1542 1098 Mentes
1561 1067 1673 1099 ebriae
1691 1066 1917 1110 voluptatibus
1935 1068 2033 1101 huius
2053 1070 2158 1107 vitae;

1175 1110 1270 1147 item,
1303 1109 1454 1140 homines
1485 1109 1585 1142 dediti
1618 1111 1763 1142 assiduis
1792 1109 2055 1151 heluationibus,
2090 1122 2158 1145 non

1176 1158 1320 1193 possunt
1355 1151 1505 1183 meditari
1538 1152 1580 1185 de
1613 1163 1650 1185 re
1680 1160 1783 1185 tanta.
1840 1153 1947 1186 Etiam
1977 1155 2021 1196 pii
2050 1155 2158 1197 oppri-

1176 1201 1308 1226 muntur
1331 1194 1556 1236 magnitudine
1579 1202 1691 1228 tantae
1715 1197 1779 1231 rei,
1803 1204 1840 1229 ut
1862 1207 1929 1228 non
1951 1198 2083 1239 possint
2105 1208 2159 1230 sa»-

1177 1238 1220 1269 tis
1240 1239 1375 1278 assequi
1399 1237 1590 1279 cogitando,
1613 1244 1669 1270 aut
1692 1240 1876 1280 exprimere
1897 1239 2052 1272 dicendo.
2090 1240 2159 1273 lmo

1175 1280 1368 1330 magnitudo
1399 1289 1508 1312 rerum
1537 1281 1633 1313 affert
1662 1282 1963 1314 consternationem
1993 1283 2157 1315 mentibus

1173 1332 1248 1364 pus.

1262 1364 1424 1402 Primum,
1463 1369 1533 1396 tota
1573 1366 1726 1397 divinitas
1762 1365 1944 1398 declaravit
1984 1369 2036 1399 sui
2070 1378 2158 1400 amo—

1175 1418 1246 1439 rem
1268 1418 1351 1450 erga
1373 1416 1434 1438 nos
1457 1407 1491 1438 in
1510 1403 1695 1440 'creationez
1718 1409 1795 1450 quia
1811 1407 2014 1441 transfundit
2029 1409 2064 1441 in
2082 1419 2159 1448 nos,

1199 1460 1262 1483 uae
1290 1451 1324 1482 in
1352 1451 1427 1492 ipso
1454 1448 1530 1482 Deo
1559 1457 1638 1484 sunt
1666 1452 1798 1493 optima.
1850 1451 1944 1487 Quae
1974 1458 2054 1485 sunt
2081 1451 2161 1485 inat

1177 1493 1364 1535 Sapientia,
1387 1493 1530 1533 iustitia,
1560 1501 1592 1526 et
1613 1493 1763 1526 libertas.
1817 1493 1910 1526 Haec
1933 1502 2011 1527 sunt
2033 1505 2161 1527 summa

1176 1537 1266 1569 bona
1298 1537 1331 1568 in
1366 1535 1456 1568 Deo:
1491 1544 1524 1568 et
1553 1537 1637 1569 haec
1670 1535 1850 1570 transfudit
1878 1537 1910 1569 in
1939 1537 2106 1570 hominem
2127 1539 2160 1570 in

1177 1580 1358 1612 creatione:
1383 1589 1446 1611 nec
1469 1581 1575 1621 potuit
1594 1582 1674 1613 dare
1693 1579 1782 1613 aliud
1801 1581 1918 1613 maius.
1965 1581 2040 1614 Fuit
2060 1582 2159 1613 etiam

1177 1633 1253 1655 cum
1275 1623 1328 1655 his
1353 1623 1450 1654 bonis
1472 1624 1654 1656 coniuncta
1676 1624 1940 1666 vita'perpetua,
1970 1623 2159 1656 immortali·

1176 1673 1249 1704 tas,
1272 1666 1465 1707 integritas,
1486 1665 1715 1705 incolumitas,
1744 1666 1923 1699 dominium
1946 1667 1978 1699 in
2002 1677 2057 1699 res
2080 1677 2159 1708 con-

1178 1709 1284 1748 ditas,
1323 1707 1466 1741 felicitas
1497 1711 1532 1742 in
1564 1721 1627 1742 usu
1661 1710 1804 1741 omnium
1827 1719 1937 1741 rerum
1962 1716 2159 1742 creatarum.

1177 1752 1246 1784 Sed
1268 1750 1327 1783 illa
1356 1753 1486 1794 priora,
1515 1763 1603 1796 quae
1632 1753 1698 1784 dixi
1726 1754 1832 1790 bona,
1864 1751 1996 1785 suet-unt
2019 1763 2160 1791 summa,

1178 1795 1211 1827 in
1234 1796 1355 1837 quibus
1378 1794 1483 1828 voluit
1504 1796 1669 1828 hominem
1699 1794 1824 1828 referre
1853 1805 1947 1828 suam
1974 1796 2158 1839 imaginem.

1176 1838 1277 1870 Amat
1306 1849 1388 1881 ergo
1417 1848 1496 1871 vere
1518 1839 1605 1871 hanc
1629 1845 1836 1876 creaturam,
1870 1849 1969 1881 quam
1992 1839 2043 1870 sic
2064 1849 2160 1871 oma-

1179 1882 1242 1919 vit‚
1275 1892 1374 1922 quam
1407 1882 1469 1914 sibi
1504 1883 1536 1914 in
1565 1883 1702 1914 summis
1733 1881 1797 1913 illis
1829 1882 1924 1913 bonis
1957 1880 2061 1914 voluit
2083 1891 2160 1914 esse

1179 1922 1328 1956 similem.
1380 1924 1510 1960 Quanta
1543 1936 1620 1957 vero
1649 1925 1872 1967 ingratitudo,
1900 1931 2059 1966 quantum
2082 1935 2160 1967 pee-

147 1971 235 2002 mina
258 1980 489 2012 personarum.
535 1969 683 2002 Pertinet
700 1975 809 2001 autem
828 1971 870 2002 ad
889 1970 1128 2001 discernendas
1179 1973 1288 1998 catum
1312 1966 1372 1999 suit
1395 1968 1508 2006 Adae,
1531 1970 1726 2001 excutientis
1749 1967 1832 2000 haec
1857 1969 1967 2000 bona?
2001 1967 2073 2000 Nos
2096 1966 2161 2000 sal-

147 2023 309 2056 pen-sonas
346 2013 524 2045 divinitatis
560 2014 657 2044 etiam
691 2013 914 2044 consideratio
946 2013 1126 2044 missionis.

148 2057 246 2088 Pater
269 2067 334 2088 non
360 2057 512 2094 mittitur,
541 2057 600 2087 sed
631 2055 732 2087 Filius
762 2062 794 2087 et
823 2056 967 2097 Spiritus
989 2061 1154 2088 sanctus.

147 2100 330 2130 mittuntur:
365 2099 406 2130 Et
436 2099 565 2140 quidem
597 2097 691 2131 solus
722 2098 824 2130 Filius
853 2099 989 2131 mittitur
1011 2099 1054 2130 ad
1076 2108 1129 2130 as-

147 2142 340 2172 sumendam
363 2147 515 2171 naturnm
544 2140 736 2180 humanam,
763 2149 795 2172 et
822 2142 864 2172 ad
893 2141 1128 2182 perficiendum

147 2194 232 2226 opus
267 2183 500 2225 redemptionis
534 2183 667 2224 generis
698 2183 828 2214 humani

148 2226 257 2258 sactus
285 2233 337 2258 est
365 2225 480 2257 homo:
516 2225 618 2258 Solus
645 2224 746 2257 Filius
774 2233 824 2257 est
855 2236 995 2267 passus:
1030 2225 1130 2257 Pater

147 2280 214 2301 non
238 2269 419 2311 assumpsit
442 2275 592 2301 naturam
615 2268 802 2308 humanam,
825 2278 891 2299 non
915 2275 966 2301 est
990 2278 1127 2309 passus:

149 2312 292 2353 Spiritus
322 2319 459 2344 sanctus
490 2322 622 2354 quoque
649 2321 715 2343 non
745 2313 927 2353 assumpsit
954 2311 1128 2343 humanam

149 2362 319 2393 naturam,
348 2365 410 2387 ncc
434 2362 483 2387 est
508 2365 639 2397 passus,
691 2354 780 2386 llaec
802 2365 944 2387 necesse
967 2361 1017 2385 est
1040 2355 1129 2387 sciri.

151 2404 268 2429 contra
292 2398 522 2436 Sabellinnos,
551 2399 606 2440 qui
635 2398 713 2430 dicti
736 2404 814 2430 sunt
836 2399 934 2430 etiam
957 2398 1128 2438 Paropos.

150 2442 251 2477 n‘nm';
275 2442 352 2483 quia
375 2443 542 2482 negabant
566 2447 633 2473 tres
657 2451 734 2473 esse
757 2441 980 2473 subsistentes
1000 2443 1031 2472 in
1051 2441 1129 2472 divi-

150 2484 268 2516 nitate:
295 2479 454 2516 tollebant
478 2485 667 2516 discrimina
685 2493 912 2526 personarum.
947 2484 1043 2526 Apud
1058 2485 1130 2515 Sui-

151 2527 226 2558 dam
251 2528 407 2559 recitatur
431 2528 567 2559 historin
587 2528 627 2559 de
650 2527 756 2559 Thule
780 2538 861 2570 rege
879 2528 1130 2570 Aegyptiorum,

152 2571 203 2601 cui
228 2570 459 2611 interroganti,
487 2581 527 2602 an
559 2577 648 2603 esset
672 2570 790 2612 aliquis
814 2581 852 2602 se
874 2571 1055 2613 potentior,
1080 2581 1128 2602 re-

150 2613 281 2654 spondit
308 2613 487 2645 (truentum

895 2183 996 2215 Solus
1027 2183 1129 2214 Filius
1151 2219 1153 2222 Ι

1151 2372 1157 2589 1

1180 2017 1245 2042 tem
1274 2011 1435 2042 intuemur
1464 2013 1495 2043 in
1520 2023 1664 2044 morsum
1689 2012 1794 2053 pomi,
1821 2016 1853 2043 et
1875 2011 2031 2043 miramur
2051 2010 2161 2044 Deum

1180 2054 1229 2085 sie
1258 2053 1421 2085 offensum
1452 2053 1556 2086 fuisse
1587 2055 1651 2087 hoc
1680 2065 1804 2086 morsu.
1860 2054 1928 2086 Sed
1957 2055 2161 2087 debebamus

1180 2097 1298 2128 intueri
1322 2098 1589 2139 ingratitudinem
1623 2096 1730 2136 illam,
1766 2107 1852 2140 quae
1886 2097 1946 2129 suit
1980 2099 2099 2140 ingens
2127 2103 2161 2131 et

1181 2139 1339 2172 horribile
1373 2148 1561 2181 peceatum:
1601 2140 1817 2173 Debebumus
1851 2142 2001 2183 cogitare
2035 2141 2078 2172 de
2106 2140 2162 2173 de-

1181 2184 1364 2213 structione
1388 2183 1517 2216 illarum
1541 2185 1752 2216 maximarum
1777 2190 1808 2215 et
1827 2184 2022 2224 optimarum
2040 2193 2161 2221 rerum,

1182 2225 1381 2265 sapientiae,
1417 2228 1577 2265 iustitiae,
1614 2234 1645 2258 et
1669 2226 1847 2258 libertatis:
1881 2226 1975 2262 Quae
1997 2226 2085 2258 dona
2105 2237 2162 2258 ao—

1182 2275 1315 2308 ceperat
1337 2269 1452 2307 Adam,
1475 2276 1509 2301 ut
1529 2270 1709 2302 sustineret
1732 2279 1798 2301 non
1822 2279 1916 2300 suam
1940 2275 2065 2301 tantum
2088 2279 2161 2311 per-

1182 2320 1316 2350 sonant,
1342 2313 1400 2343 sed
1425 2314 1523 2344 totius
1547 2313 1680 2355 generis
1710 2311 1855 2343 humani.
1907 2311 1999 2343 Haec
2027 2312 2060 2342 in
2124 2313 2162 2344 ti·

1182 2354 1282 2392 tudo,
1312 2361 1340 2386 et
1369 2356 1504 2388 amissio
1534 2362 1698 2388 tantorum
1722 2355 1903 2393 bonorum,
1931 2360 1983 2386 est
2005 2322 2162 2397 quida-am

1182 2395 1279 2438 pinne
1304 2397 1474 2430 horribile:
1499 2406 1530 2430 et
1554 2409 1616 2431 nos
1640 2399 1826 2441 cogitantes
1849 2398 1890 2429 de
1913 2397 1996 2436 istis,
2019 2398 2161 2430 debeb·-

1183 2451 1256 2471 mus
1287 2442 1375 2472 flecti
1409 2442 1450 2473 nd
1481 2443 1628 2474 timorem
1658 2441 1737 2479 Dei,
1770 2448 1802 2473 et
1830 2441 1872 2473 nd
1901 2440 2161 2473 invocationem:

1183 2493 1249 2514 non
1281 2485 1485 2517 debebamus
1513 2486 1559 2516 ita
1589 2485 1772 2516 inordinate
1795 2485 1925 2522 vivere,
1955 2489 1987 2515 et
2011 2481 2160 2516 ferocire.

1184 2525 1352 2558 Debemus
1384 2530 1548 2570 cogitare,
1582 2535 1738 2570 quantum
1768 2526 1888 2559 malum
1918 2525 2015 2559 suerit
2045 2525 2161 2568 lapsu·

1184 2569 1289 2607 Adue,
1313 2572 1343 2601 in
1368 2582 1433 2613 quo
1457 2572 1603 2603 excussit
1629 2581 1683 2603 res
1706 2571 1877 2603 maximas„
1900 2576 1931 2601 et
1955 2571 2043 2601 bona
2065 2579 2161 2612 prae-

1185 2614 1404 2647 stantissima.
1429 2615 1510 2652 sibi,
1534 2622 1565 2646 et
1586 2615 1642 2646 toti
1667 2614 1862 2655 posteritati.
