2324 2958
76 207 140 239 ⁷09
761 200 977 233 POSTlLLA
999 199 1397 232 MELANTHOMANA.
2009 198 2072 229 710

1100 298 1130 323 et
1154 291 1241 322 dedit
1274 292 1322 322 eis
1345 301 1462 322 munus
1486 290 1737 331 amplissimum:
1767 290 1851 322 Nihil
1883 298 1933 322 est
1957 292 2073 330 maius,

1099 333 1178 364 nihil
1202 339 1252 364 cst
1274 333 1390 364 melius
1421 335 1713 365 communicatione
1738 336 1917 365 doetrinae.
1975 333 2073 375 Cogi·

1094 377 1394 416 tet-unusquisque
1428 377 1468 406 de
1496 385 1591 413 sese,
1625 383 1782 417 quantum
1815 377 1891 408 velit
1915 378 2009 413 dare„
2045 377 2073 408 si

77 301 161 333 urbe
182 298 291 341 aliqua
313 296 367 329 vel
389 295 548 328 suburbio
578 293 642 325 duo
671 293 725 324 vel
752 300 832 325 tres.
887 292 945 324 Ille
969 303 1046 325 eon—

78 349 196 375 ventus
220 339 370 372 vicinalis
393 339 574 371 vocabatur
596 341 749 375 παροικία.

164 384 317 416 Christus
347 383 429 414 satis
453 381 580 413 duriter
606 379 770 419 ,principio
800 388 858 416 eos
881 379 1045 418 increpat:

79 428 108 458 0
129 427 217 457 stulti
238 425 341 455 corde.
388 424 459 455 Nec
481 429 587 454 tamen
609 421 701 462 prius
724 427 925 463 agnoscunt,
950 431 1046 462 quam
1099 424 1215 459 posset
1238 418 1352 448 audire
1375 417 1460 448 illan:
1485 419 1675 449 concionem
1701 419 1832 450 (tn-isti.

79 481 152 502 cum
181 475 298 511 postea
329 468 360 498 in
390 475 496 498 coena
523 463 645 506 frangit
675 474 804 504 panem.
861 463 936 494 Non
970 461 1047 494 volo
1185 459 1340 501 Legimus
1355 460 1484 500 (pridem
1505 470 1663 490 summam
1684 461 1778 492 liuius
1797 462 1969 493 concionis
1993 462 2073 493 scri-

79 514 264 553 disputare,
288 520 350 540 nec
378 518 512 540 movere
548 509 648 538 rixas.
703 505 824 538 Dicunt
849 506 902 537 hic
926 506 1048 536 exliibi-
1072 501 1075 530 l
1099 509 1199 544 ptam,
1217 503 1278 533 sed
1292 501 1424 533 multum
1440 501 1536 532 refert
1551 502 1663 532 audii-⁴·
1675 504 1778 534 vivam
1794 515 1909 534 rocem
1925 504 2075 543 alicuius,

79 563 145 587 tum
162 564 238 585 esse
254 553 349 583 ritum
362 551 495 582 Coenae
507 548 656 580 Domini:
680 547 735 578 alii
755 549 882 586 dicunt,
902 549 1049 587 franyere
1073 539 1075 578 Ι
1101 546 1208 577 vivum
1226 555 1424 582 sermonem,
1449 545 1554 575 vivam
1575 546 1823 584 expositionem.
1861 546 1959 578 Dedit
1978 548 2075 587 igitur

74 607 185 637 panem
225 595 417 636 simpliciter
453 591 615 634 significat
649 591 902 620 distributionem.
962 588 1048 621 Nolo
1073 582 1076 624 Ῑ
1101 588 1148 619 eis
1174 597 1292 618 munus
1309 587 1564 628 ainplissimumg
1589 588 1663 628 quia
1683 588 1855 628 impertivit
1881 590 2074 628 doctrinam,

79 639 288 671 contendere.
335 637 400 668 Sed
420 636 536 667 Patres
560 635 600 665 de
623 634 685 664 ritu
704 633 838 665 Coenae
863 644 980 665 sacrae
1002 633 1048 663 in-
1100 630 1217 661 erudiit
1232 623 1317 667 'eosg
1352 637 1383 660 et
1407 630 1536 660 docenti
1571 639 1687 660 rursus
1723 631 1860 661 debetur
1891 631 2008 669 victus,
2043 638 2076 662 et

78 681 238 724 telligunt.
283 680 353 711 Nec
376 679 451 710 mihi
475 677 538 708 hoc
561 675 724 718 displicet.

1101 672 1268 714 δίδακιρον.
1326 671 1516 713 Discipulos
1561 673 1657 703 debet
1696 671 1835 703 Doctori
1881 684 1946 704 non
1987 673 2075 704 illam

166 723 285 755 Verum
300 722 385 764 quod
399 721 552 761 Papistae
564 720 638 750 inde
651 724 936 760 argumentantur:
961 717 1049 756 Eryo
1100 717 1298 752 mercedem,
1329 725 1424 756 quam
1460 715 1571 755 pendit
1601 715 1689 746 Nero
1715 716 1879 747 Senecae:
1903 726 1967 746 non
1992 727 2076 747 mer-

79 771 195 797 tanlum
219 777 277 795 ιιηα
305 767 397 803 par-te
426 763 620 792 Sacramenta·
650 762 792 791 utendum
821 765 875 790 cst.
934 761 968 791 ld
1002 761 1048 791 1ιί-

1101 759 1234 796 cedem,
1270 768 1366 799 quam
1396 758 1507 798 pendit
1541 757 1679 788 cuculus
1703 767 1782 789 suae
1806 759 1939 796 nutrici,
1973 758 2075 800 hypo—

78 808 140 837 mis
163 807 288 847 puerile
311 814 372 843 est,
395 807 480 836 sicut
503 806 610 836 onmia
634 811 827 846 argumenta
843 804 1048 845 l'apistarum

1100 799 1190 838 laidi,
1214 811 1386 838 currucae,
1404 802 1463 831 (ler
1482 803 1706 839 ffrasmnelren.
1856 818 1857 821 =

79 847 178 890 plena
200 856 275 879 sunt
298 848 564 880 ,stultisfflnorum
587 847 834 888 sophismatum.
1188 842 1332 874 cuculus
1351 850 1465 874 natura
1487 849 1536 873 est
1555 841 1650 874 valde
1669 843 1807 874 timidus.
1846 842 1946 874 Recte
1969 849 2075 875 autem

164 890 223 922 Est
246 890 364 920 usitata
381 888 600 929 Synecdochc
622 891 708 928 aput!
733 890 917 921 Hebraeos,
940 888 1050 919 dicere

1102 884 1298 917 Plutarchus
1329 887 1388 916 ait:
1422 887 1482 915 πᾶν
1510 885 1605 916 δειλὼ·
1633 886 1770 927 φόνικοιί
1805 886 1918 916 Omnis
1947 887 2076 918 timidus

78 932 272 965 fractionem
295 931 409 973 panis,
432 941 491 971 pro
515 931 672 959 comedere
695 936 727 961 et.
751 930 851 959 bibere
872 930 968 959 simul.
1101 933 1150 957 est
1174 928 1354 958 homicida:
1391 938 1457 959 zeus·
1486 938 1521 958 so
1549 932 1600 967 elge
1628 938 1816 967 perversum
1845 930 1990 960 [imorem
2012 931 2076 972 lmt,

163 974 245 1006 Post
269 973 472 1011 fractionem,
495 973 597 1014 inquit
619 972 851 1015 Evangelista‚
875 972 961 1013 quod
979 971 1049 1007 ,dis-
1101 973 1143 1001 isc
1164 971 1313 1001 lwt'misclt
1335 973 1403 1002 um!
1424 973 1592 1002 rraiircliscla.
1627 970 1717 1002 Talis
1742 978 1792 1002 cst
1816 972 1916 1013 igitur
1928 971 2076 1011 ‹:iiculuS‚

79 1019 216 1049 cesserit
247 1017 407 1048 Christus.
464 1015 510 1046 lta
533 1026 612 1047 vero
636 1026 701 1047 non
726 1015 825 1046 solvit
847 1015 981 1055 hospiti,
1005 1014 1050 1044 di·

1101 1018 1152 1043 est
1175 1013 1319 1050 timidus,
1350 1018 1382 1044 et
1404 1012 1501 1043 simul
1524 1015 1676 1052 ignavus,
1711 1021 1743 1044 et
1766 1020 1814 1045 est
1846 1021 1952 1045 tamen
1977 1014 2077 1046 mole-

79 1068 132 1092 cat
154 1059 282 1102 aliquis,
1066 1068 1068 1071 ’
1101 1062 1173 1085 stus
1208 1054 1385 1093 clamator,
1428 1057 1511 1086 sicut
1542 1052 1739 1098 ⁷coccysmis
1780 1058 1849 1087 eius
1884 1057 2078 1089 offendimur

206 1102 278 1133 Nm
301 1101 435 1136 solvens,
459 1104 504 1131 est
526 1102 672 1130 iniustus:
1101 1107 1228 1128 omnes.
1272 1098 1346 1128 Non
1370 1097 1447 1129 facit
1473 1099 1599 1137 nidum,
1636 1100 1695 1130 sed
1714 1111 1777 1131 ova
1802 1098 1943 1130 collocat
1970 1099 2022 1131 vel
2046 1103 2078 1131 in

209 1145 349 1175 Christus
372 1145 416 1173 ibi
438 1144 618 1182 discedens,
640 1153 700 1173 uon
724 1142 831 1172 soluit:
1101 1140 1210 1171 nidum
1234 1141 1386 1178 cassium,
1410 1143 1446 1172 In
1470 1142 1557 1172 eines
1579 1142 1707 1174 lem-hen
1732 1148 1812 1180 nest,
1837 1141 1889 1173 vel
1914 1143 1942 1172 in
1967 1144 2077 1174 nidum

1103 1192 1275 1214 currucae.
1316 1183 1405 1214 Haec
1425 1183 1568 1214 excludit
1592 1195 1657 1216 ova
1680 1184 1751 1216 illa:
1776 1192 1818 1223 et,
1842 1186 1917 1226 quia
1941 1185 2078 1217 cuculus

1102 1231 1153 1256 est
1176 1226 1323 1267 grandis,
1359 1225 1494 1258 multum
1526 1228 1660 1259 devorat
1691 1229 1804 1259 eiiam:
1839 1229 1964 1259 interea
1998 1227 2078 1269 pulli

1102 1278 1262 1299 currucae
1290 1270 1470 1300 moriuntur
1503 1268 1607 1308 same³
1642 1277 1672 1301 et
1707 1277 1820 1312 postea
1855 1270 1910 1302 ille
1944 1272 2078 1313 gran-‘lis

1101 1310 1240 1342 cucuius
1265 1311 1403 1343 devorat
1426 1311 1574 1343 altricem
1598 1323 1702 1343 suam.

1074 1012 1077 1019 t

207 1188 292 1226 Eryo
315 1191 359 1216 est
381 1188 521 1216 iniustus.

165 1230 236 1261 Hoc
274 1236 519 1270 argmnentum,
560 1238 622 1259 vos
657 1226 889 1259 adolescentes
923 1227 1050 1259 debetis

78 1273 278 1309 meminisse,
299 1272 374 1313 quia
391 1272 537 1302 continet
561 1269 732 1312 pulchram
756 1271 957 1301 doctrinam:
981 1270 1051 1300 Pri-

78 1326 164 1347 mum
194 1315 338 1356 cogitate
369 1315 410 1344 de
439 1314 571 1345 maiore.
626 1313 733 1344 Maior
764 1324 843 1344 vera
874 1319 939 1344 est:
975 1313 1050 1354 quia

78 1359 208 1390 sancita
231 1354 282 1388 est
304 1358 334 1387 in
355 1364 549 1397 praecepto:
571 1355 644 1386 Non
664 1357 780 1394 furtum
799 1357 910 1394 facies.
956 1355 1049 1386 Deus
1187 1353 1248 1384 Est
1269 1361 1376 1385 autem
1395 1354 1524 1386 avicula
1547 1365 1649 1396 parva
1675 1367 1824 1394 curruca,
1847 1362 1879 1387 et
1901 1363 1951 1387 est
1969 1357 2077 1398 imago

79 1401 242 1432 ordinavit
270 1407 303 1430 et
332 1400 489 1440 praecipit
520 1399 688 1433 iustitiam;
718 1399 792 1440 quia
823 1397 891 1429 vult
914 1397 1050 1439 intelligi
1101 1395 1288 1427 Ecclesiae:
1313 1397 1434 1429 Graeci
1459 1405 1577 1428 vocant
1602 1399 1765 1429 ὐπολάῑδαε
1797 1400 1872 1440 quia
1902 1400 1963 1430 sub
1988 1400 2079 1430 saxis

78 1444 236 1479 virtutes,
259 1448 293 1473 ut
317 1442 479 1479 sciamus,
509 1439 615 1482 qualis
638 1442 709 1482 ipse
733 1441 785 1471 sit.
835 1441 909 1482 lpse
932 1447 982 1472 est
1006 1442 1050 1472 iu·
1073 1425 1078 1503 Ι
1102 1439 1204 1476 iacet,
1238 1439 1323 1470 inter
1345 1449 1465 1481 saepes
1490 1447 1521 1471 et
1556 1439 1697 1482 Lapides:
1732 1443 1786 1472 Sic
1820 1443 1903 1473 iacet
1928 1441 2080 1474 Ecclesia

79 1492 170 1523 stus,
203 1485 234 1516 id
265 1491 332 1522 est,
367 1483 567 1515 horribiliter
596 1483 680 1518 odit,
714 1494 798 1524 quae
826 1483 906 1514 fiunt
937 1490 1050 1515 contra
1101 1481 1133 1512 in
1156 1480 1267 1512 humili
1301 1480 1376 1513 loeo
1400 1484 1486 1514 inter
1505 1494 1602 1514 saxa:
1637 1485 1795 1524 premitur
1817 1486 1933 1523 saxis-,¹
1960 1486 1992 1515 id
2016 1491 2080 1523 est,

79 1528 182 1569 ipsius
207 1534 346 1558 mentem
378 1533 409 1558 et
432 1525 651 1563 voluntatem3
682 1536 766 1567 quae
789 1532 837 1557 est
861 1525 948 1564 talis,
973 1537 1051 1568 qua-
1101 1523 1210 1554 multis
1233 1523 1485 1564 calamitatibus,
1516 1533 1547 1556 et
1582 1532 1689 1558 tamen
1724 1529 1846 1568 tegitur
1878 1538 1898 1559 a
1932 1526 2078 1559 Christo.

79 1570 120 1601 lis
143 1579 305 1611 expressa
327 1576 377 1600 est
401 1571 431 1600 in
456 1567 540 1611 lege.
586 1565 706 1600 Dicere
729 1567 850 1610 aliquid
874 1579 950 1600 esse
973 1579 1050 1600 con-
1101 1565 1169 1598 Alit
1192 1565 1340 1605 cuculos,
1363 1567 1484 1599 multos
1509 1569 1667 1610 ingrat‹)S‚
1691 1570 1820 1601 Arrium
1844 1577 1875 1601 et
1896 1569 2078 1613 Pelagium,

78 1619 129 1644 tra
152 1611 259 1654 legem
284 1611 360 1650 Dei,
391 1617 423 1642 et
446 1622 521 1642 esse
546 1618 661 1643 eontra
684 1618 823 1643 mentem
848 1618 877 1643 et
903 1611 1051 1643 volunta-
1101 1615 1133 1640 et
1156 1608 1239 1640 alios
1262 1609 1367 1641 malos
1396 1611 1562 1642 homines:
1598 1614 1683 1644 sieut
1706 1613 1835 1651 videtis,
1870 1613 1946 1654 quid
1981 1614 2076 1645 nobis

77 1662 142 1687 tem
165 1655 247 1692 Dei,
270 1655 353 1685 idem
378 1660 438 1685 est.
488 1653 570 1686 Vult
592 1653 684 1685 Deus
708 1655 855 1686 exerceri
878 1654 963 1685 hanc
987 1655 1050 1685 vir·
1101 1653 1252 1683 omnibus
1281 1653 1424 1685 accidat:
1455 1655 1529 1695 quia
1566 1655 1729 1695 gratitudo
1765 1663 1816 1687 est
1850 1666 1927 1687 rara
1962 1657 2076 1688 virtus.

77 1705 198 1735 tutem,
226 1707 311 1738 quae
334 1702 386 1728 est
407 1697 529 1728 iustitia
553 1695 774 1737 particularis:
806 1696 875 1728 vult
897 1697 1049 1739 singulos
1100 1693 1254 1726 Ecclesia
1280 1694 1337 1725 alit
1359 1695 1491 1734 multos,
1526 1698 1579 1738 qui
1614 1704 1731 1738 postea
1761 1698 1841 1730 fiunt
1874 1699 2010 1741 ingrati,
2045 1705 2078 1730 et

78 1741 218 1772 reddere
241 1750 335 1771 suum
357 1740 493 1780 cuique,
524 1749 589 1770 non
612 1738 746 1770 laedere
769 1739 869 1777 alios,
893 1750 959 1771 non
983 1738 1050 1771 fur·
1101 1737 1214 1769 hostes
1238 1738 1421 1770 Ecclesiae.
1478 1740 1584 1775 Quam
1618 1739 1738 1772 multos
1762 1742 1918 1778 vidimus.
1957 1742 2011 1783 qui
2044 1742 2076 1773 in

79 1789 145 1814 tum
168 1781 295 1815 facere.
325 1793 409 1823 quae
431 1788 508 1813 sunt
531 1792 633 1823 opera
656 1784 789 1823 propria
812 1783 955 1814 iustitiae
976 1793 1050 1824 par·
1101 1781 1224 1811 nostris
1255 1780 1416 1812 Ecclesiis
1451 1790 1527 1813 sunt.
1564 1784 1712 1820 educati,
1747 1792 1863 1825 postea
1898 1784 2076 1816 intulerunt

79 1824 243 1857 ticularis:
266 1825 339 1856 Non
364 1823 432 1856 vult
454 1835 514 1856 nos
534 1834 612 1856 esse
635 1824 862 1867 Tyi·an11iCOS‚
884 1833 982 1867 atque
1005 1826 1050 1857 ita
1101 1822 1220 1855 bellum
1243 1823 1294 1854 his
1317 1825 1398 1865 ipsis
1422 1824 1593 1863 Ecclesiis,
1617 1831 1651 1856 ut
1681 1826 1846 1863 vicenus,
1877 1827 2075 1868 (hmpanus,

78 1869 261 1909 superbos:
291 1874 325 1898 ut
354 1867 491 1899 velimus
520 1868 615 1899 nobis
639 1878 767 1899 sumere
791 1867 954 1899 licentiam
977 1878 1050 1909 per·
1101 1873 1133 1898 et
1156 1866 1210 1897 alii
1234 1866 1323 1898 multi
1347 1867 1483 1898 similes.
1529 1867 1674 1900 Vicelius
1699 1877 1767 1900 erat
1793 1869 1887 1907 exul,
1919 1880 1977 1901 seu
2001 1881 2075 1910 pro—

78 1910 175 1941 dendi
199 1908 295 1944 alios,
319 1909 470 1941 laedendi
491 1915 547 1942 aut
570 1911 798 1952 corrumpendi
822 1921 877 1942 res
899 1910 1048 1943 aliorum.
1100 1909 1219 1951 suguS,
1253 1916 1305 1940 est
1335 1912 1559 1942 amantissime
1593 1922 1611 1942 a
1646 1913 1742 1943 nobis
1783 1918 1957 1944 tractatus:
1997 1913 2077 1944 vixit

164 1952 273 1984 Debet
304 1962 381 1983 esse
410 1953 634 1984 consociatum
662 1963 768 1995 genus
798 1953 973 1995 humanum
1003 1955 1050 1985 di·
1100 1953 1153 1984 hic
1176 1951 1284 1983 alieno
1308 1953 1485 1985 beneficio:
1509 1961 1626 1995 postea
1651 1962 1702 1986 est
1726 1956 1753 1986 ei
1774 1956 1848 1986 data
1875 1957 1958 1986 bona
1981 1966 2076 1997 paro-

79 1994 222 2027 lectione
245 2002 277 2027 et
300 1995 409 2026 multis
433 1995 569 2033 officiis,
599 2006 664 2027 non
692 1997 816 2028 iniuriis
840 2003 873 2028 et
894 1996 1050 2029 violentia
1100 1997 1174 2027 chia
1198 2001 1247 2031 (ut
1270 2002 1407 2029 vocant)
1436 1997 1479 2028 ibi
1510 1997 1564 2028 diu
1587 1998 1678 2036 vixit,
1707 1997 1840 2040 collegit
1865 1997 1985 2039 aliquid
2009 1999 2075 2030 via-

79 2039 238 2080 grassan‘.
283 2037 374 2070 llaec
398 2044 447 2068 est
471 2037 624 2069 voluntas
647 2038 725 2076 Dei,
750 2046 780 2070 et
803 2040 874 2080 ipse
897 2041 992 2071 etiam
1017 2041 1048 2071 in
1100 2039 1171 2077 tici,
1201 2039 1331 2070 tandem
1355 2039 1549 2077 discedens,
1580 2039 1700 2072 bellum
1723 2041 1774 2072 liis
1805 2041 1884 2082 ipsis
1914 2040 2075 2072 Ecclesiis

78 2091 201 2123 genere
223 2081 364 2112 humano
389 2082 505 2112 retinet
529 2081 608 2117 ista;
637 2080 838 2113 horribiliter
867 2083 1047 2115 homicidas
1099 2080 1220 2116 intulit3
1244 2082 1304 2113 clas
1326 2085 1369 2113 ist
1390 2087 1440 2114 ein
1464 2082 1601 2115 cuculus
1626 2084 1791 2115 devorans
1815 2090 1962 2115 matrem.
2004 2083 2075 2115 Hoc

78 2125 164 2165 rapit
187 2124 227 2155 ad
252 2122 466 2165 supplicium3
489 2124 578 2155 iuxta
601 2125 736 2156 dictum:
763 2126 825 2159 Qui
841 2126 980 2164 alodium
1000 2137 1047 2155 ar·
1099 2135 1163 2156 non
1188 2125 1329 2156 debebat
1350 2125 1431 2157 fieri.

78 2168 173 2205 cipit,
196 2166 305 2205 yladio
327 2167 451 2205 peribit.
498 2166 554 2197 Sic
576 2165 665 2197 fures
688 2168 794 2208 punit,
824 2169 886 2198 Vae
904 2171 958 2208 qui
978 2180 1046 2208 spo·
1185 2168 1363 2199 Auditores
1398 2169 1517 2200 debent
1559 2170 1804 2210 gratitudinem,
1843 2169 1918 2199 item
1953 2170 2074 2201 victum

77 2209 154 2244 Iius,
184 2211 258 2249 quia
281 2209 483 2248 spoliaberis:
515 2210 643 2241 etiamsi
665 2211 877 2252 magistratus
900 2222 966 2243 non
989 2223 1048 2254 pu·
1098 2211 1168 2242 suis
1189 2211 1391 2252 pastoribuS‚
1420 2212 1505 2243 sieut
1528 2211 1610 2243 alias
1639 2214 1689 2243 usi
1721 2222 1835 2243 sanius
1864 2211 2074 2243 sirnilitudine

76 2253 140 2290 nit,
164 2253 236 2293 ipse
259 2253 368 2293 punit:
398 2252 480 2287 Quia
502 2250 573 2283 vult
596 2254 733 2294 agnosci
757 2263 793 2285 se
815 2264 893 2286 esse
917 2256 1047 2294 iustum,
1099 2255 1140 2285 (le
1163 2253 1337 2296 halcyone,
1362 2264 1448 2295 quae
1470 2255 1564 2286 etiam
1590 2261 1640 2286 est
1670 2256 1777 2295 imago
1807 2254 1994 2286 Ecclesiae:
2018 2254 2073 2286 Ni·

75 2293 263 2336 aequalem‚
293 2293 480 2336 diligentem
511 2305 615 2337 genus
644 2294 842 2328 humanum:
879 2296 973 2329 Deus
996 2304 1045 2329 est
1099 2297 1207 2328 dilicat
1232 2298 1262 2328 in
1282 2296 1430 2337 scopulis
1453 2298 1598 2335 marini&
1633 2304 1664 2328 et
1684 2298 1811 2338 quidem
1836 2296 1980 2328 excludit
2002 2297 2073 2337 pul-

75 2336 223 2379 aequalis
247 2339 410 2375 omnibus3
430 2339 460 2368 in
485 2338 636 2368 omnibns
659 2338 838 2370 detestatur
859 2346 1046 2381 peccatum:
1098 2339 1149 2371 los
1184 2341 1214 2370 in
1249 2340 1320 2380 ipsa
1357 2341 1485 2372 bruma:
1525 2347 1557 2371 et
1591 2340 1682 2371 Deus
1718 2341 1772 2370 dat
1806 2339 2072 2382 tranquillitatem

76 2379 221 2422 Ignoscit
246 2382 396 2412 omnibus
420 2379 687 2422 confugientibus
709 2382 750 2412 ad
774 2381 900 2413 Filium.
1098 2384 1190 2420 mari,
1212 2383 1267 2414 ubi
1290 2382 1444 2413 nidificat.
1501 2382 1576 2413 lnde
1600 2384 1805 2414 nominantur
1824 2385 2008 2424 halcyonm:
2037 2383 2071 2414 id

162 2423 269 2454 Maior
291 2424 387 2465 igitur
408 2433 487 2454 vera
512 2430 578 2454 est:
613 2424 678 2461 Qut
706 2434 769 2455 non
797 2426 901 2464 solvit,
930 2431 977 2458 est
1000 2430 1046 2458 in·
1098 2432 1160 2465 est,
1182 2427 1283 2457 breve
1305 2425 1512 2457 intervallum
1538 2425 1757 2467 tranquillini..

76 2468 184 2497 iustus.
240 2467 377 2504 Peccm,
413 2467 465 2507 qui
500 2465 577 2497 facit
605 2472 720 2497 contra
749 2466 948 2499 voluntatem
972 2468 1047 2508 Dei,
1185 2468 1301 2499 Gestat
1332 2476 1440 2499 autem
1464 2468 1614 2509 llalcyon
1644 2478 1756 2499 senem
1786 2469 1935 2499 maritum
1959 2468 2072 2511 Ceyca

75 2509 268 2549 praesertim
303 2510 356 2550 qui
392 2507 469 2540 facit
497 2508 672 2540 malitiose:
707 2510 793 2541 sicut
821 2520 860 2542 ex
890 2511 1047 2543 studiosis
1097 2512 1128 2542 in
1151 2510 1296 2543 humeris
1319 2517 1483 2552 aquatum.
1538 2511 1620 2542 Nam
1653 2521 1737 2552 aqua
1773 2511 1870 2542 maris
1895 2518 1945 2542 est
1970 2512 2070 2543 salsa.

74 2549 164 2582 multi
188 2551 373 2589 discedunt,
409 2562 472 2583 non
507 2550 676 2584 solventes
711 2553 830 2591 debita,
863 2563 947 2596 quae
971 2565 1047 2587 con·
1097 2553 1274 2591 Votum-es,
1299 2554 1381 2584 sieut
1407 2553 1568 2590 homines,
1599 2559 1757 2594 quaerunt
1785 2564 1904 2595 aquam
1928 2554 2071 2586 dulcem:

74 2599 250 2625 traxerunt.
297 2594 369 2626 Hoc
392 2594 546 2626 iniustum
570 2600 631 2625 est.
677 2595 742 2626 Sed
766 2596 871 2627 minor
886 2602 937 2628 est
958 2608 1046 2638 pror·
1098 2598 1147 2629 sic
1170 2595 1322 2629 Ecclesia
1344 2605 1442 2627 senes
1466 2603 1620 2636 pastores
1639 2602 1786 2628 amanter
1804 2598 1900 2628 debet
1917 2603 2071 2636 tractare,

74 2644 133 2666 sus
157 2637 317 2678 neganda.
365 2636 516 2668 Christus
540 2636 698 2668 benefecit
730 2638 801 2669 istis
831 2640 1046 2678 auditoribus,
1098 2650 1163 2671 non
1187 2640 1283 2671 debet
1307 2647 1382 2669 esse
1406 2637 1548 2669 crudelis
1572 2640 1734 2671 adversus
1759 2649 1826 2670 eos.
1862 2639 1983 2673 Verum
2007 2647 2069 2679 est,

1713 2700 1762 2723 45·
