2324 2958
65 191 130 225 669

67 286 188 328 aliquis
209 293 274 316 non
303 281 403 314 sentit
429 279 590 315 morbum,
626 277 697 309 ὅπα
727 280 799 316 sayt
831 286 869 308 er
900 285 956 316 sey
988 277 1037 306 m’c

65 329 206 367 liv-ancli,
238 327 305 357 und
324 329 366 357 ist
388 324 467 355 doclz
489 321 627 354 lmmcle:
660 319 894 359 propemodum
920 326 1034 349 omnes

67 370 153 404 tales
175 378 299 401 sumus.
323 367 442 398 ⁴Certe
468 362 723 405 magnitudinem
751 361 958 392 miseriarum
979 369 1036 390 no·

68 421 209 446 stratum
231 421 297 442 non
319 409 495 446 cernimus,
517 415 582 437 non
605 405 775 436 sentimus.
826 402 949 434 Verum
972 407 1034 439 est,

68 455 163 488 Deus
185 454 280 486 etiam
298 450 368 483 vult
392 456 510 482 tectam
533 445 742 487 essessaliqua
764 455 805 476 ex
827 451 936 486 parte;
960 445 1037 485 quia

68 508 136 531 non
157 504 332 538 possemus
354 494 528 530 sustinere,
556 495 590 522 et
612 499 685 520 cum
706 486 816 529 aliquo
839 487 937 519 modo
960 487 1037 518 inci-

68 541 176 583 {n‘mus
198 546 344 575 cernere,
365 536 429 567 nisi
441 534 678 566 vivificaremur
697 531 862 568 divinitus,
886 539 1037 561 succum·

69 585 232 616 heremus.
277 579 361 610 Nam
383 576 445 616 illi,
481 576 535 618 qui
556 584 624 606 non
644 573 862 610 vivificantur,
885 581 1037 613 mergun-

67 631 121 658 tur
143 624 174 656 in
197 622 361 653 interitum
385 627 418 652 et
440 618 714 660 desperationem.
759 615 849 646 Haec
882 621 933 647 est
955 624 1036 655 ergo

67 676 135 701 una
152 675 230 707 pars
253 664 385 706 generis
408 661 550 693 humani.
584 660 677 691 Sicut
699 659 767 690 iste*
785 658 870 689 latro
894 659 927 688 in
950 667 1036 688 sum-

67 709 129 741 mis
161 705 346 739 sceleribus
386 711 419 737 et
451 704 650 736 cruciatibus
689 700 852 732 delitiatur
885 707 917 732 et
938 699 1036 731 ludit:

67 752 118 783 sic
141 749 264 782 faciunt
287 747 343 780 alii
363 746 510 779 homines
533 743 798 776 innumerabiles.

156 792 278 824 Verum
311 789 393 822 alter
425 787 508 820 latro
533 797 734 825 conversus,
768 786 920 827 obiurgat
946 782 1037 815 illum

70 835 217 877 impium:
240 834 316 874 quta
337 837 467 873 oportet
491 829 619 872 aliquos
643 840 719 861 esse
741 838 934 860 conversos.
981 828 1038 864 Tu,

69 885 143 911 acm
165 881 198 908 in
220 877 329 907 eadem
349 876 569 912 damnatione,
603 873 718 914 inquit,
751 873 806 910 sis,
840 881 905 903 non
927 869 1038 905 meluis

69 921 194 952 Deum?
226 918 259 949 id
293 922 363 954 est,
395 925 502 956 poena
536 921 592 946 tua
625 915 766 945 debebat
793 919 826 944 te
853 921 1038 944 commone-

69 959 181 993 facere
214 960 256 991 de
288 965 345 990 tuo
382 963 537 999 peccato:
572 963 607 988 tu
639 957 765 988 interea
797 956 905 993 rides,
932 953 1036 995 ludis,

69 1002 237 1035 delitiaris.
292 1001 367 1033 Non
392 1002 477 1032 bene
499 998 592 1031 facis.
648 999 770 1030 Postea
797 998 886 1029 addit
909 994 1038 1030 confes:

69 1046 211 1077 sionem:
233 1046 299 1077 Nos
322 1047 404 1075 iuste
422 1046 612 1083 plectimur:
639 1043 691 1074 lu'c
708 1045 812 1073 autem
842 1040 919 1081 qnid
935 1039 1038 1080 fecit?

69 1086 137 1120 Dat
160 1087 377 1118 testimonium
400 1085 544 1122 Christo,
568 1090 601 1116 et
623 1082 744 1115 fatetur
773 1083 939 1124 proprium
961 1090 1038 1122 pec-

71 1135 190 1162 oetum.
246 1129 334 1160 Idem
357 1134 486 1169 oportet
508 1128 540 1158 in
560 1127 654 1157 nobis
678 1126 760 1156 fieri.
815 1125 848 1155 Is
877 1124 932 1166 qui
962 1133 1037 1155 con·

70 1173 221 1210 vertitur,
244 1172 343 1203 debet
376 1171 471 1201 fateri
494 1175 686 1210 peecatum,
719 1168 788 1199 sive
818 1168 935 1204 corde,
967 1166 1038 1197 sive

70 1224 140 1247 ore.
185 1214 249 1246 Ubi
272 1214 372 1244 estin
396 1213 514 1250 corde,
549 1211 592 1242 ibi
626 1211 764 1250 erumpit
795 1210 890 1241 etiam
924 1209 957 1240 in
987 1217 1036 1239 os·

69 1257 163 1290 Haec
197 1255 364 1288 confessio
398 1260 449 1286 est
480 1253 688 1290 necessaria}
722 1251 811 1284 aliud
843 1258 896 1283 cst
920 1255 1038 1287 *autem

68 1297 159 1341 loqui
192 1299 234 1330 de
266 1297 520 1330 enumeratione.
577 1295 643 1327 Cor
676 1295 770 1327 istius
801 1293 938 1326 latronis
961 1304 1039 1325 con-

68 1342 219 1379 vertitur,
242 1347 275 1372 et
297 1341 363 1371 hoc
386 1339 569 1373 confitetur,
593 1338 682 1380 quod
704 1339 776 1379 ipse
799 1344 831 1368 et
852 1336 937 1369 alter
955 1337 1039 1367 iuste

67 1384 256 1427 puniantur.
868 1419 870 1423 ι

156 1425 214 1458 Sic
246 1435 308 1456 nos
342 1434 457 1455 omnes
480 1424 512 1454 in
534 1428 604 1454 toto
628 1432 750 1464 genere
771 1423 916 1454 humano
940 1420 1039 1452 debe-

70 1478 144 1500 mus
165 1477 350 1510 agnoscere
372 1467 523 1498 iudicium
546 1465 609 1497 Dei
632 1466 764 1502 iustum,
798 1465 883 1496 sicut
916 1463 1038 1495 multae

69 1517 147 1542 sunt
170 1510 253 1541 tales
277 1509 517 1546 confessiones,
540 1509 625 1540 utin
642 1507 795 1539 Daniele:
823 1508 890 1538 Tibi
906 1508 1040 1538 Domine

70 1556 211 1587 atsutia:
231 1554 322 1584 nobis
339 1555 485 1592 confusio
511 1553 629 1591 faciei,
662 1556 725 1582 etc.
749 1550 868 1582 Omnia
890 1558 970 1589 qnae
987 1546 1038 1588 fe-

68 1598 151 1634 dui,
172 1595 318 1633 Domine,
346 1599 379 1625 in
402 1604 475 1626 vero
497 1595 613 1632 iudicio
631 1594 750 1634 fecisti.
805 1593 899 1623 Item:
932 1593 1039 1624 Iustus

68 1647 107 1669 es
128 1637 279 1674 Domine,
302 1640 333 1667 et
354 1640 476 1668 rectum
497 1634 655 1667 'iudicium
678 1641 775 1667 tuum.
831 1635 923 1667 Sicut
946 1634 1037 1666 Mau-

68 1679 162 1711 ritius
185 1679 362 1719 imperator
384 1678 474 1717 dixit,
509 1689 583 1710 cum
605 1684 682 1710 ante
708 1678 815 1720 ipsum
837 1676 968 1708 fuerunt
991 1677 1038 1708 in-

69 1721 201 1754 terfecti
224 1720 281 1752 filii
304 1727 337 1752 et
358 1719 434 1752 filia.
489 1721 564 1762 lpse
587 1727 652 1752 stat
675 1726 800 1760 mutus,
834 1719 912 1751 nihil
937 1720 1037 1762 loqui-

69 1770 137 1798 tur:
170 1771 287 1805 postea
316 1774 389 1796 cum
412 1769 543 1795 ventum
573 1769 623 1794 est
646 1763 687 1794 ad
721 1764 904 1804 coniugem,
937 1762 1037 1794 filiam

69 1806 281 1849 Imperatoris
294 1805 450 1844 Heraclii,
472 1816 539 1838 non
551 1806 655 1847 potuit
674 1806 794 1837 diutius
809 1807 898 1838 serre
916 1806 1038 1847 magni-

68 1850 215 1882 tudinem
249 1848 373 1880 doloris
401 1849 538 1889 tacitus3
571 1849 666 1880 dixit:
696 1851 804 1881 Iustus
836 1859 872 1880 es
893 1849 1038 1889 Domine,

70 1897 103 1925 et
132 1897 254 1924 rectum
288 1892 440 1923 iudicium
471 1895 569 1923 tunm.
632 1890 787 1923 Profecto
826 1890 886 1922 fuit
919 1902 1039 1933 magna

71 1932 250 1967 consessio.
284 1934 355 1965 Fuit
378 1933 555 1975 singularis
577 1932 632 1965 lux
644 1933 716 1965 Filii
732 1933 795 1965 Dei
817 1934 851 1965 in
873 1944 927 1972 en,
949 1934 1039 1975 quod

116 1977 174 2009 tuit
205 1977 349 2007 tribuere
382 1977 535 2008 iustitiam
562 1976 636 2008 Deo
665 1977 697 2008 in
727 1983 816 2008 tanta
844 1975 1038 2008 calamitate.

70 1987 142 2051 ἧς
163 2017 285 2050 nullam
309 2025 430 2050 tantam
453 2019 670 2060 Tragoediam
693 2020 817 2051 nostris
835 2020 1038 2060 temporibus

70 2060 240 2094 habemus.
283 2061 324 2092 Et
347 2072 545 2102 quamquam
568 2062 599 2092 in
623 2061 909 2103 Constantinopoli
937 2061 1038 2093 multa

70 2114 192 2146 magna
213 2102 299 2134 mala
321 2104 523 2142 acciderunt,
546 2110 653 2136 tamen
676 2103 743 2136 tale
765 2103 948 2146 exemplum
970 2115 1035 2136 non

70 2146 206 2184 accidit,
240 2145 336 2187 quale
370 2146 435 2177 boc
468 2152 531 2184 est,
564 2152 598 2178 ut
631 2152 802 2187 spectante
836 2147 1037 2188 Imperatore

71 2187 164 2221 claro
188 2195 220 2220 et
241 2195 387 2230 potente,
411 2195 443 2220 et
465 2189 596 2220 domino
619 2188 852 2228 interfectoris,
874 2190 1036 2222 interfecti

71 2231 138 2263 sint
171 2229 247 2270 filii,
281 2230 365 2270 filia,
400 2238 431 2262 et
467 2232 608 2263 coniunx
641 2232 672 2262 in
708 2233 1036 2274 conspectuffipsius.

69 2272 193 2306 Tamen
226 2284 292 2305 non
326 2272 432 2305 fremit
465 2274 627 2305 adversus
660 2273 788 2313 Deum,
826 2271 889 2307 sed'
918 2272 1037 2317 inquit:

72 2315 182 2349 Iustus
214 2327 250 2349 es
272 2317 427 2357 Domine,
461 2322 492 2348 c!
512 2320 633 2348 rectum
655 2317 803 2349 iudicium
825 2322 920 2353 tunm.
965 2318 1038 2349 Hoc

70 2369 150 2391 vere
172 2367 222 2391 est
244 2361 407 2391 lzemn'liari
438 2360 496 2391 sub
527 2363 652 2401 potenti
682 2369 779 2391 manu
800 2360 882 2392 Dei.-
913 2359 1037 2401 potenti

72 2402 115 2433 ad
137 2402 393 2442 deprimendum,
418 2408 449 2433 et
473 2403 594 2443 potenti
620 2403 660 2432 ad
690 2403 882 2434 sanandum.
927 2401 1039 2435 Talem

73 2450 201 2485 oportet
219 2455 297 2476 esse
319 2451 466 2475 nostram
490 2445 718 2476 contritionem
735 2450 767 2476 et
786 2444 1037 2477 confessionem.

158 2486 285 2518 Videtis
319 2497 400 2529 ergo
434 2487 607 2518 discrimen
625 2487 710 2518 inter
743 2483 818 2518 illos
843 2481 944 2518 duos:
980 2489 1045 2520 scd'

72 2528 215 2560 nondum
249 2530 288 2561 de
321 2536 389 2561 toto
425 2530 610 2561 discrimine
645 2530 765 2561 dictum
798 2535 859 2561 est.
904 2530 1040 2563 Postea-

73 2581 168 2612 quam
190 2573 320 2603 suntin
342 2572 472 2604 latrone
506 2571 652 2611 dolores,
684 2582 839 2614 pavoreS‚
875 2574 1038 2612 contritio,
1089 2575 1253 2613 paradiso.

740 179 955 216 POSTILLA
985 176 1380 213 nOELAN‘rHONtANA.

1990 169 2053 205 6⁷0

1086 273 1120 303 in
1141 271 1270 313 poenis,
1303 280 1388 312 quae
1416 278 1543 310 poenae
1576 266 1870 300 commonefaciunt
1894 276 1985 304 eum,
2019 272 2055 298 ut

1088 314 1196 346 David
1217 313 1344 354 inquit?
1359 314 1487 354 Bonum·
1501 314 1551 354 est
1573 313 1658 345 mim,
1688 312 1772 350 quod
1799 310 1975 341 humiliasti
1995 319 2054 349 me,

1088 362 1124 389 at
1141 357 1302 388 macerem
1332 355 1573 393 iustificationes
1607 357 1686 384 tuas.
1742 352 1849 383 Habet
1882 352 1946 383 iam
1968 352 2054 393 prin-

1089 396 1171 440 cipia
1184 395 1402 441 poenitentiae
1413 397 1445 427 in
1458 396 1529 427 istis
1543 394 1729 426 doloribus:
1752 395 1839 426 venit
1858 396 1901 425 ad
1918 393 2055 426 alteram

1088 448 1214 484 partem
1247 449 1346 472 verae
1382 438 1628 474 conversionis,
1663 447 1735 468 eum
1768 437 1886 478 inquit:
1920 438 2056 468 Domine

1088 489 1240 517 memento
1262 485 1333 520 mei,
1354 491 1425 513 mim
1447 484 1572 512 veneris
1588 483 1621 511 in
1640 489 1773 518 requam
1795 484 1890 511 tuum.
1923 479 2054 517 Videte,

1088 526 1196 569 qualis
1219 526 1262 557 sit
1283 526 1346 556 ista
1368 523 1455 554 vox?
1499 521 1558 553 llle
1579 520 1664 553 latro
1687 522 1750 552 iam
1775 529 1826 552 est
1847 521 1955 553 sactus
1968 522 2056 562 Apo-

1089 569 1205 600 stolus.
1250 565 1422 608 Apostolis
1444 563 1656 605 fugientibus,
1679 562 1741 595 aut
1757 569 1846 595 certe
1869 565 2056 596 “iacentibus

1090 618 1122 643 et
1145 611 1395 653 trepidantibus,
1424 608 1537 648 incipit
1560 605 1645 638 latro
1668 606 1701 637 in
1735 616 1835 637 cruce
1858 607 2056 646 concionari.

1088 656 1134 686 lta
1156 653 1248 686 Deus
1272 652 1413 684 subinde
1435 646 1597 681 instaurat
1618 644 1812 680 Ecclesiam.
1867 649 1870 653 '

1175 695 1241 727 Sed
1264 705 1330 727 non
1360 692 1467 725 solum
1495 693 1602 724 editur
1635 692 1678 722 ab
1710 689 1768 721 illo
1801 689 1969 722 confessio
2002 687 2057 722 vel

1089 739 1277 770 testihcatio
1300 739 1340 769 de
1361 734 1445 767 Filio
1467 734 1541 773 Dei,
1566 735 1625 766 sed
1647 734 1718 775 ipse
1740 743 1778 764 re
1799 743 1880 764 vera
1903 732 1939 764 fit
1960 742 2058 763 mem-

1089 783 1182 813 brum
1205 779 1506 816 Ecclesiaevivae,
1539 783 1571 808 et
1593 775 1838 814 sanctificatur,
1871 780 2059 814 renovatur,

1089 824 1289 855 vivificatur:
1313 822 1397 858 Quia
1421 822 1484 851 ista
1506 825 1558 851 est
1579 830 1645 851 vox
1669 819 1753 849 fidei.
1806 817 1959 861 Intelligit
1984 828 2056 849 eum

1090 875 1167 898 esse
1188 865 1357 903 Messinm,
1379 870 1412 896 et
1433 863 1497 894 scit
1519 872 1593 894 eum
1616 868 1839 903 regnaturum,
1863 865 2058 902 quamquam

1088 910 1152 940 iam
1185 909 1386 939 morientem.
1439 904 1621 947 Cogitate,
1654 902 1761 945 qualis
1798 902 1855 934 lux
1887 904 1920 934 in
1939 904 2056 934 'corde

1089 950 1197 988 fuerit,
1232 960 1304 982 cum
1338 949 1427 980 videt
1449 957 1539 980 eum-
1556 948 1619 979 iam
1648 945 1718 978 sere
1747 946 2059 988 expirare,jtamen'

1089 993 1267 1035 alloquitur-
1301 991 1486 1028 Christum,
1529 996 1565 1022 et
1594 988 1685 1021 facit*
1717 988 2061 1030 mentionem',regni.‘

1090 1036 1196 1067 Habet
1220 1033 1432 1072 intellectum,
1467 1033 1557 1074 quod
1578 1031 1741 1063 Dominus
1775 1030 1817 1062 sit
1850 1029 2059 1072 regnaturus,

1090 1076 1126 1110 ut
1148 1079 1248 1109 donet
1270 1084 1438 1108 aeternam
1460 1076 1668 1116 sapientiam,
1696 1074 1861 1112 iustitiam,
1884 1073 2009 1113 lucem3·
2027 1079 2060 1105 et

1090 1122 1190 1152 vitam
1216 1125 1395 1152 aeternam.
1450 1118 1522 1150 Scit
1553 1123 1682 1149 restare
1714 1116 1812 1148 aliam
1846 1117 1963 1155 vitam,
1997 1116 2061 1147 scit

1090 1173 1164 1195 eum
1187 1161 1265 1194 esse
1288 1163 1436 1193 datorem
1455 1161 1554 1199 witae,
1572 1165 1604 1191 et
1626 1158 1838 1190 salvatorem.

1176 1205 1317 1247 Spiritus
1341 1209 1477 1235 sanctus
1499 1203 1532 1234 in
1555 1213 1595 1235 eo
1613 1201 1715 1233 multa
1733 1207 1907 1240 monstrat,
1930 1202 2058 1233 etiamsi

1090 1248 1235 1280 nondum
1258 1247 1339 1279 satis
1362 1245 1525 1287 explicate
1548 1246 1659 1289 omnia
1681 1250 1779 1276 tenet.
1835 1241 1926 1285 Ipse*
1944 1243 2004 1275 fait
2026 1245 2058 1275 in

1090 1292 1154 1322 isto
1177 1290 1311 1332 populo,
1333 1289 1431 1321 scivit
1452 1287 1576 1329 aliquid
1598 1288 1640 1319 de
1662 1288 1823 1330 doctrina.
1876 1287 1938 1319 Hic
1959 1286 2060 1328 Spiri-

1092 1341 1144 1365 tus
1167 1340 1304 1367 sanctus
1327 1341 1400 1364 eum
1424 1332 1552 1368 erudiit,
1574 1331 1671 1362 huius
1694 1330 1826 1361 Domini
1855 1328 1927 1361 fore
1955 1335 2060 1361 aeter-

1091 1384 1179 1408 num¹
1198 1370 1348 1418 r'egnum.
1403 1370 1618 1416 Fieri‘etiam
1647 1378 1775 1414 potest,
1809 1378 1844 1404 ut
1878 1373 1920 1403 sit
1952 1378 2062 1417 motus

1090 1419 1211 1461 signis:
1244 1418 1378 1450 Audivit
1403 1422 1670 1448 terrae-motum:
1704 1415 1783 1446 vidit
1815 1413 1919 1446 solem
1936 1414 2062 1447 ‘obscu-·

1090 1463 1171 1506 rari:
1214 1462 1313 1493 scivit
1343 1459 1491 1491 sortasse
1517 1456 1628 1502 ¹etiam
1660 1456 1794 1500 aliquid·
1818 1459 1859 1490 de
1892 1458 2058 1504 prioribus

1090 1502 1266 1536 miraculis.
1565 1541 1569 1544 ῃ
1728 1512 1731 1521 r
1792 1510 1794 1515 ·
1833 1517 1836 1520 ⁴
1894 1507 1895 1511 ’
1918 1509 1930 1517 ’·
1974 1515 1976 1518 ·
2029 1515 2037 1520 --
2062 1537 2064 1540 Ι

1120 1544 1122 1547 ’
1174 1547 1236 1580 Hic
1257 1545 1388 1589 habetis
1410 1545 1637 1587 imaginem‘in
1656 1543 1790 1586 latrone
1808 1544 1889 1583 isto,
1918 1543 2059 1583 hominis

1090 1590 1147 1633 qui‘
1179 1590 1397 1627 convertitur,
1430 1593 1471 1622 et>
1495 1587 1631 1619 habetis·
1661 1587 1859 1630 doctrinam,
1877 1586 2067 1632 'quomossoj

1089 1633 1263 1665 salvemur.
1319 1631 1456 1663 Habetis
1479 1630 1712 1668 testimonium,¹
1743 1629 2061 1671 quodffinsfflureeur

1089 1675 1253 1717 Ecclesia,
1275 1676 1308 1707 in
1331 1680 1476 1706 extrema
1497 1672 1682 1705 solitudine.
1713 1672 1776 1713 Est
1797 1672 2068 1716 copiosissimum*

1090 1718 1284 1760 exemplum.
1606 1720 1621 1734 ·'
1716 1725 1717 1728 ’
1932 1712 1970 1756 '¹2'
2008 1719 2023 1730 ¹⁴

1177 1762 1396 1803 Posteaquam
1428 1760 1501 1801 ipse
1522 1758 1603 1790 dixit
1630 1767 1725 1790 suam
1753 1756 1993 1799 precationem,
2027 1762 2061 1788 et

1091 1804 1233 1837 ostendit
1266 1803 1362 1836 fidem
1396 1804 1428 1834 in
1460 1801 1525 1833 illis
1557 1801 1686 1833 verbis:
1719 1802 1872 1843 Bonane,
1904 1804 2062 1832 memento

1090 1851 1162 1886 mei,
1193 1857 1262 1879 cum
1285 1849 1411 1879 veneris
1433 1846 1467 1876 in
1489 1854 1622 1884 regnum
1645 1849 1752 1876 tuum:
1782 1844 1828 1875 ibi
1853 1843 1941 1874 audit
1963 1843 2060 1874 vicis—

1090 1891 1152 1921 sim
1165 1899 1282 1922 vocem
1294 1887 1482 1930 Evangelii:
1506 1888 1591 1919 Hodi
1606 1896 1727 1918 mecum
1744 1891 1812 1918 eris
1834 1890 1867 1917 in
1887 1886 2061 1927 pamelt‘so:

1090 1933 1122 1964 id
1147 1939 1208 1971 est,
1232 1933 1297 1964 eris
1314 1942 1441 1963 mecum
1464 1931 1496 1961 in
1520 1929 1577 1973 tali
1600 1936 1705 1965 statu3
1728 1929 1759 1960 in
1783 1940 1848 1970 quo
1871 1928 2073 1967 laetaberiS„

1090 1977 1122 2007 in
1168 1986 1210 2007 uo
1244 1976 1304 2006 erit
1335 1974 1482 2016 iustitia,
1502 1978 1536 2004 et
1555 1973 1634 2004 vita.
1683 1971 1777 2003 Dicit
1797 1969 2061 2009 restarewitam,

1091 2025 1127 2060 et·
1144 2019 1153 2049 i
1169 2017 1235 2061 lum
1258 2027 1336 2058 esse
1363 2020 1395 2050 in
1415 2017 1571 2057 transitu,
1600 2025 1661 2046 seu
1684 2015 1718 2046 in
1745 2014 1925 2046 itinere-ad
1947 2014 2059 2052 vitam,

1090 2067 1123 2101 et
1146 2059 1218 2092 fore
1240 2061 1350 2092 statim
1373 2058 1486 2101 inilla
1507 2058 1629 2090 iustitia
1651 2063 1683 2089 et
1706 2058 1782 2089 vita.
1894 2062 1907 2069 '⁴
1954 2058 1981 2074 “³

1134 2226 1243 2277 Quid
1274 2226 1470 2281 significat
1500 2223 1742 2265 vocabulum
1773 2222 2029 2283 Baradisusfss.

1176 2317 1350 2359 Significat
1373 2315 1546 2358 pulchrum
1574 2314 1728 2346 hortum:'
1749 2323 1807 2355 per
1835 2312 2060 2353 metaphoram

1091 2359 1288 2392 transfertur
1322 2360 1364 2391 ad
1398 2358 1486 2390 illum
1519 2364 1656 2395 statum,
1691 2357 1722 2387 in
1757 2367 1821 2396 quo
1855 2361 1906 2386 cst
1928 2356 2060 2395 iustitia,

1092 2403 1264 2444 sapientia,
1287 2408 1319 2433 et
1342 2402 1407 2433 vita
1426 2403 1497 2432 sine
1509 2406 1629 2431 morte:
1652 2400 1735 2430 sicut
1759 2398 1856 2429 homo
1876 2396 2058 2431 collocatus

1092 2446 1122 2476 in
1146 2445 1353 2487 paradisum,
1387 2443 1557 2474 habuisset
1581 2442 1790 2482 sapientiam,
1825 2441 1996 2479 iustitiam,
2028 2450 2060 2474 et

1094 2489 1207 2524 vitam3
1240 2487 1357 2519 suisset
1392 2485 1543 2526 templum
1560 2483 1648 2525 Dei,
1681 2484 1816 2515 vixisset
1849 2484 1921 2515 sine
1943 2491 2059 2516 morte.

1093 2530 1171 2562 lnde
1195 2531 1330 2561 sumitur
1353 2528 1409 2559 illa
1429 2527 1637 2567 metaphora:
1667 2525 1771 2558 Hodie
1797 2535 1917 2558 mecum
1941 2531 2005 2559 eris
2027 2531 2060 2560 in

1316 2572 1416 2602 Latro
1447 2571 1536 2601 audit
1558 2568 1644 2600 hane
1669 2579 1800 2608 vocem,
1834 2570 1921 2610 quod
1951 2571 1992 2601 sit
2028 2571 2058 2601 in

72 2614 224 2654 agnoscit
241 2624 278 2646 se
302 2615 386 2646 iuste
407 2615 524 2656 puniri,
543 2614 631 2646 dolet
655 2615 696 2646 de
717 2625 778 2647 suo
800 2621 956 2656 peccato,
990 2622 1040 2648 est
1091 2615 1147 2647 t'ali
1172 2621 1259 2647 statu
1283 2613 1424 2651 futurus,
1453 2617 1517 2644 non
1542 2613 1573 2642 in
1600 2612 1699 2643 tantis
1728 2612 1886 2650 miseriis,
1916 2618 1949 2643 ut
1973 2621 2059 2646 nunc
