2324 2958
109 197 172 231 189

781 190 995 224 POSTILLA
1028 190 1425 223 MELANTHOMANA.

192 289 329 322 Tantum
349 285 407 318 illa
430 287 554 328 agnitio
578 292 611 316 et.
632 286 797 316 invocatio
820 284 882 316 Dei
907 295 987 316 vera
1009 289 1074 322 est,
1100 291 1101 294 ’

109 334 238 378 quando
259 330 401 366 scimus,
433 329 523 360 hune
555 338 632 360 esse
654 338 768 358 verum
796 327 920 365 Deum,
953 328 1007 369 qui
1037 337 1075 358 se

1100 334 1101 338 ¹
1127 328 1160 358 in
1184 328 1299 365 lsrael,
1322 331 1352 358 et
1375 328 1407 358 in
1430 333 1551 368 stfflmnz
1581 330 1635 359 ctu'
1662 330 1911 361 contradicetur.

110 374 261 420 patefecit
298 372 400 403 misso
443 370 530 409 tilio,
564 377 599 402 ut
632 370 768 402 dicitur:
802 369 868 408 Qui
899 370 984 401 m‘dvt
1017 380 1076 407 me,
1101 381 1103 386 ·

109 420 194 452 videt
211 419 336 458 patrem
362 424 470 445 meum.
526 413 656 444 Deinde
689 423 764 444 cum
786 413 978 450 statuimus,
1013 422 1076 443 nos

109 459 250 495 exaudiri
280 463 415 499 propter
447 455 626 488 Christum.

109 502 340 547 promissiones
363 506 440 531 sunt
463 500 579 530 Amen.

108 597 189 621 voce
218 584 409 627 Evangelii,
443 585 557 627 agnito
590 583 657 615 filio
692 583 771 614 fiunt
806 583 990 614 manifesta.

106 636 276 673 postquam
320 634 446 660 :nentes
477 627 662 658 illustratae
695 632 772 657 sunt
801 626 864 657 hac
898 625 986 664 luce,
1031 627 1079 657 vi-

105 672 276 705 vificantur
308 672 405 702 etiam
428 671 542 708 corda,
576 675 610 701 ut
631 670 773 700 sentiant
802 668 1075 707 consolationem,

106 722 138 747 et
158 714 302 746 babeant
323 714 414 745 initia
441 715 529 744 vitae
556 719 730 749 aeto.·nae,
765 719 922 753 regantur
948 723 968 743 a
991 711 1077 750 Deo,

105 757 349 790 sanctificentur
372 767 391 787 a
414 757 537 796 Spiritu
559 761 688 786 sancto.

188 799 260 831 lloc
284 800 382 831 modo
406 798 561 830 Christus
585 804 636 829 est
657 799 759 828 lumen
783 798 827 828 ad
854 798 1077 829 revelationem

104 843 251 886 gentium,
275 842 308 872 id
332 848 395 878 est,
419 842 583 882 praebens
602 840 711 872 lucem
736 841 900 881 gentibus.

188 885 254 916 lam
299 884 409 916 ludaei
453 884 621 915 habebant
664 884 902 924 patelactiones
947 883 1076 913 divinas

105 927 210 960 factas
230 929 375 968 ipsorum
399 928 558 967 panibus
605 926 671 957 Sed
696 926 757 957 hae
780 927 1077 957 contemnebantur

103 977 199 1003 antea
221 981 240 1001 a
264 971 427 1012 gentibus.

102 1014 161 1045 sed
184 1014 282 1044 etiam
302 1011 453 1044 Ecclesia
476 1013 571 1043 istius
595 1010 717 1052 populi.

101 1055 190 1088 fatua
220 1062 252 1088 et
284 1056 526 1096 superstitiosa.
583 1055 675 1086 Sicut
699 1054 816 1086 Cicero
852 1055 988 1085 iudaeo-
1014 1053 1077 1084 hoc

102 1100 233 1130 nomine
255 1099 391 1129 deridet.
446 1098 544 1129 Nunc
576 1107 656 1128 vero
690 1096 833 1128 exhibito
867 1096 1010 1134 Messia,
1045 1102 1077 1127 et

102 1149 286 1183 propagato
314 1139 509 1182 Evangelio,
536 1146 738 1181 agnoscetur
767 1139 874 1181 gloria
902 1139 996 1171 liuius
1021 1148 1077 1179 po-

102 1183 180 1226 puli.
227 1183 340 1216 Palam
367 1184 605 1215 convincentur
635 1193 767 1219 omnes,
801 1183 983 1214 doctrinam
1012 1190 1077 1213 tla-

102 1228 202 1258 ditam
225 1227 278 1258 isti
302 1225 423 1267 populo
453 1237 518 1257 non
549 1225 652 1257 fuisse
677 1236 794 1256 vanam
809 1235 886 1257 -nec
914 1235 1077 1256 commen-

101 1270 216 1301 titiam:
241 1268 409 1301 Israelitas
433 1279 497 1299 non
521 1266 625 1299 fuisse
638 1269 803 1306 mentitos,
828 1279 902 1300 cum
915 1268 1078 1305 dixerunt,

102 1321 140 1344 se
162 1311 286 1344 habere
322 1313 560 1353 promissiones
584 1312 731 1349 divinas,
764 1318 795 1342 et
818 1321 857 1343 se
880 1321 957 1343 esse
975 1321 1078 1352 popu·

102 1354 170 1388 lum
193 1354 266 1387 Dei.

190 1398 261 1429 Nec
296 1397 404 1429 solum
439 1396 670 1428 resutabuntur
704 1395 852 1434 Ethnici,
890 1397 950 1427 sed
984 1397 1080 1427 etiam

103 1439 297 1482 hypocritae
319 1441 351 1471 in
374 1438 431 1471 illo
454 1441 528 1480 ipso
551 1437 674 1480 populo
699 1438 813 1470 lsrael.
853 1438 986 1469 Tradita
1009 1445 1080 1469 erat

102 1484 231 1515 ludaeis
254 1481 309 1514 lex
331 1481 466 1514 moralis
491 1492 551 1512 scu
574 1479 781 1522 Decalogus,
805 1482 944 1512 traditus
973 1479 1079 1512 cultus

105 1526 382 1563 ceremoniarum,
420 1525 559 1555 uadizus
595 1524 677 1555 ordo
712 1525 913 1555 iudiciorum.
973 1523 1080 1555 Habe-

104 1569 183 1598 bant
205 1566 371 1607 templum,
395 1577 504 1598 arcam
530 1566 684 1604 foederis,
707 1578 855 1608 regnum.
894 1566 997 1597 Erant
1019 1567 1079 1597 orti

103 1619 145 1640 ex
174 1610 333 1650 patribus.
391 1610 559 1640 Gerasi-ant
593 1608 718 1640 titulum
753 1608 864 1650 populi
892 1609 966 1640 Dei.
1020 1609 1079 1640 l-lis

103 1651 341 1693 gloriabantur,
363 1659 498 1692 propter
518 1652 600 1682 haec
623 1661 660 1682 se
673 1651 853 1683 efferebant
874 1651 1077 1693 hypocritae.

103 1693 322 1726 Collocabant
355 1695 386 1725 in
416 1694 469 1725 liis
494 1694 647 1724 iustitiam
666 1705 775 1725 suam:
812 1694 1024 1729 Quaenebant
1047 1696 1077 1725 in

103 1738 225 1769 umbris
250 1747 358 1768 rerum
381 1743 590 1768 externarum
612 1735 764 1774 salntem,
789 1742 821 1768 et
851 1738 951 1768 vitam
973 1744 1078 1768 aeter-

104 1790 187 1812 nam.
232 1780 307 1811 Non
338 1781 422 1811 enim
459 1788 551 1811 rec-te
588 1778 815 1821 intelligebant
847 1779 973 1821 legem,
1012 1791 1079 1811 non

105 1821 255 1854 colebant
280 1822 387 1854 Deum
410 1823 442 1854 in
465 1823 604 1853 veritate
628 1830 658 1853 et
682 1823 810 1864 spiritu,
835 1833 899 1854 non
913 1821 1075 1854 habebant

102 1875 214 1897 verum
238 1864 442 1897 intellectum
465 1876 494 1906 ps
505 1866 717 1897 omissionum
741 1866 782 1897 de
802 1865 937 1897 Messia.

187 1908 292 1939 Electi
316 1918 396 1940 vero
418 1909 451 1939 in
475 1908 538 1939 1100
561 1907 683 1949 populo
701 1907 843 1949 amplexi
862 1907 1078 1950 Evangelium

103 1952 355 1993 acquiescentes
378 1951 444 1982 hoc
467 1951 497 1981 in
524 1962 644 1990 puero,
674 1960 859 1993 agnoscent
891 1951 976 1982 banc
1001 1962 1078 1983 esse

101 2004 212 2025 veram
235 1993 373 2036 gloriam
397 2005 510 2026 coram
535 1993 618 2032 Deo,
641 2004 752 2026 veram
775 1995 941 2033 iustitiam,
966 2005 1078 2026 veram

102 2035 260 2075 salutem,
287 2038 441 2078 accipere
473 2037 633 2068 beneficia
662 2038 757 2068 huius
782 2038 929 2075 Domini,
966 2044 1077 2078 petere

103 2086 133 2111 et
156 2087 332 2120 expectare
357 2086 492 2121 propter
521 2079 610 2111 1111110
639 2079 814 2112 Dominum
849 2081 1077 2112 remissionem

102 2129 327 2164 peccatorum,
351 2124 507 2154 invocare
535 2123 637 2154 Deum
661 2122 778 2155 fiducia
803 2123 897 2155 huius
921 2124 1075 2156 Messiae.

101 2165 158 2197 Sic
180 2166 279 2207 igitur
301 2165 389 2207 plebi
412 2175 472 2197 seu
495 2164 618 2206 populo
641 2164 745 2197 lsrael
774 2165 881 2209 gloria
911 2167 973 2198 erit
995 2178 1078 2209 puer

101 2208 175 2240 iste.

343 2390 589 2430 Vaticinium
629 2389 834 2432 Simeonis.

188 2504 279 2536 Haec
301 2505 477 2547 magnifica
500 2506 678 2547 praeconia
701 2518 776 2538 cum
798 2507 932 2539 audiunt
946 2507 1076 2548 loseph,

102 2553 135 2579 et
157 2546 274 2586 Maria,
296 2549 466 2587 mirantur,
492 2550 742 2589 obstupescunt.
775 2548 948 2582 laetantur.
1008 2551 1074 2582 Sed

102 2590 191 2621 addit
202 2590 335 2622 Simeon
354 2601 430 2623 mox
450 2593 706 2633 praedictionem
728 2592 770 2623 de
788 2591 898 2624 futuro
915 2593 1075 2625 scandalo

102 2631 287 2672 multorum,
323 2633 401 2665 [tem
427 2633 625 2666 vaticinium
658 2635 700 2666 de
729 2645 842 2674 eruce,
871 2637 957 2672 Quia
979 2637 1074 2669 dicit:

681 455 717 486 111
750 456 815 487 11οο
848 456 933 486 enim
961 465 1076 487 omnes
1101 453 1103 456 ’

753 541 760 548 .
784 541 791 548 .
1032 541 1039 548 .
1102 524 1103 531 ’
1130 516 1262 546 Christi.

190 544 280 576 Haec
303 543 412 574 omnia
434 543 546 584 iguma
568 547 646 572 sum
664 540 833 572 Ethmc's‘
869 540 936 572 sed
965 541 1077 571 amma
1101 557 1103 580 ‘³
1129 557 1270 589 suturam
1294 568 1382 595 esse,
1405 557 1544 595 scilicet,
1565 560 1640 599 quia
1670 559 1790 589 videbit
1820 558 1917 590 filium
1943 559 2103 602 crucifigi.

1036 583 1103 614 Et*

2041 193 2104 226 190

1128 284 1272 316 Positum
1294 294 1362 316 esse
1384 288 1417 316 in
1438 285 1565 316 ruinam
1588 290 1618 317 et
1640 287 1906 318 resurrectionem
1934 287 2102 319 multorum

1965 330 2049 367 Quin
2071 335 2103 361 et

1128 370 1264 401 Mariae
1285 371 1423 401 animam
1452 371 1553 412 inquit
1581 377 1823 411 penetraturum
1854 382 1922 403 esse
1948 373 2102 413 ylculinm.

1214 428 1341 461 Alludit
1375 431 1419 460 ad
1456 431 1542 461 dicta
1579 430 1814 471 prophetarum
1855 432 1896 463 de
1936 431 2102 463 scandalis

1128 474 1277 504 extituris
1301 473 1331 503 in
1355 474 1418 503 isto
1439 471 1574 514 populu,
1597 480 1627 503 et
1652 474 1694 503 ad
1719 475 1870 505 vaticinia
1890 475 1931 505 de
1946 476 2105 516 passione

1309 515 1446 546 Matrem
1465 517 1569 556 ipsam
1594 514 1735 547 affirmat
1765 517 1797 546 in
1830 527 1950 558 magno
1988 516 2105 549 dolore

1129 600 1257 642 Ubique
1279 608 1388 632 autem
1413 600 1515 632 Maria
1535 608 1762 642 repraesentat
1784 601 1980 640 Ecclesiam,
2012 604 2104 634 cuius

1128 643 1328 675 afflictiones
1362 643 1414 675 hic
1449 645 1638 684 pinguntur,
1673 654 1746 675 cum
1781 645 1920 675 dicitur:
1956 647 2105 677 Am'nmm

1130 690 1214 717 tuam
1236 687 1419 727 penetrabit
1438 688 1581 728 yltutlt'zts,
1604 687 1677 718 dum
1691 688 1876 718 rvi-claretur
1895 689 2105 728 cogitationes

1101 741 1103 747 ¹
1129 730 1286 767 coralium,
1312 730 1342 760 id
1364 736 1424 767 est,
1449 730 1523 760 dum
1536 740 1573 760 se
1586 729 1721 770 profert,
1745 736 1775 761 et
1790 731 1931 761 ostendit
1944 731 2104 771 impietas,

475 969 655 1000 Ridebatur
679 980 744 1000 non
767 975 892 1000 tantum
915 969 1076 1006 doctrina,
1101 995 1103 1009 3

762 1011 970 1042 Iudicabatur
993 1021 1076 1053 gens
1100 1017 1103 1035 ³

1128 778 1225 803 antea
1249 779 1336 803 tecta
1360 773 1473 813 specie
1491 773 1672 813 sapientiae
1695 780 1726 803 et
1750 773 1899 804 iustitiae.

1215 831 1277 862 Hic
1296 832 1394 873 igitur
1421 832 1462 862 sit
1489 831 1600 863 Locus
1635 833 1748 863 tertius
1778 833 1948 863 doctrinae
1979 834 2009 864 in
2040 835 2103 865 isto

1128 880 1229 905 textu.
1280 874 1362 905 Nam
1392 875 1573 905 secundum
1609 874 1719 906 locum
1754 876 1981 906 constituimus
2020 875 2104 907 Can-

1128 917 1226 948 ticum
1246 917 1425 953 Simeonis,
1449 918 1534 958 quod
1555 918 1719 949 antecedit
1736 917 1822 949 hanc
1837 919 2102 959 praedictionem,

1129 966 1162 991 et
1184 967 1291 991 tamen
1316 971 1390 990 cum
1411 961 1638 1001 praedictione
1662 961 1925 1002 coniungendam
1949 969 2010 992 est.

1215 1019 1285 1049 Etsi
1309 1025 1416 1050 autem
1433 1025 1510 1050 nota
1533 1026 1583 1050 est
1598 1020 1746 1051 doctrina
1760 1021 1801 1051 de
1826 1031 1933 1058 cruce,
1958 1027 1989 1051 et
2002 1031 2106 1061 saepe

1129 1062 1301 1102 repetitur:
1326 1061 1449 1093 'l'amen
1472 1073 1537 1093 non
1553 1063 1662 1105 pigeat
1679 1074 1752 1098 nos,
1777 1063 1840 1095 11110
1855 1064 1951 1094 etiam
1975 1065 2005 1094 in
2029 1062 2105 1095 loco

1129 1115 1288 1136 revocare
1311 1106 1407 1135 nobis
1430 1116 1502 1136 eain
1524 1106 1556 1136 in
1581 1108 1780 1137 memoriam.
1827 1107 1923 1141 Quod
1946 1105 2104 1137 faciemus

1129 1148 1266 1178 nuncin
1291 1158 1423 1189 genere,
1453 1155 1484 1179 et
1509 1149 1639 1189 quidem
1668 1148 1798 1180 collatis
1829 1150 2105 1190 disputationibus

1128 1189 1413 1232 philosophorum,
1437 1201 1510 1222 cum
1533 1192 1693 1232 sapientia
1716 1191 1899 1223 Ecclesiae.

1216 1249 1280 1281 Ubi
1305 1256 1355 1281 est
1388 1251 1526 1292 primum
1561 1252 1679 1282 tradita
1709 1252 1892 1292 praedictio
1917 1252 1957 1282 de
1981 1252 2104 1283 cruce?

1132 1293 1247 1324 Statim
1260 1294 1371 1324 initio:
1395 1293 1519 1325 Ponam
1532 1295 1731 1326 1'111'1111‘01'tt'as:
1755 1295 1793 1325 Et
1806 1305 1938 1335 serpens
1951 1296 2107 1326 mordebit

1132 1337 1314 1367 caicnneum
1336 1338 1413 1367 eins.
1459 1337 1530 1367 Etsi
1553 1336 1617 1368 hoc
1640 1337 1862 1379 principaliter
1886 1338 1926 1368 ad
1941 1337 2108 1369 Christum

1131 1379 1283 1420 pertinet,
1311 1386 1421 1410 tamen
1451 1380 1492 1410 ad
1517 1386 1619 1411 totum
1651 1391 1772 1421 corpus
1804 1379 1976 1411 Ecclesiae
2009 1380 2107 1412 simul

1133 1420 1339 1453 referendum
1359 1429 1421 1460 est,
1445 1422 1530 1458 Quia
1553 1422 1715 1455 Diabolus
1739 1424 1814 1455 odio
1838 1422 1893 1454 filii
1913 1423 1976 1454 Dei
2000 1424 2107 1454 saevit

1132 1465 1164 1495 in
1199 1475 1305 1506 genus
1332 1465 1526 1496 humanum:
1558 1467 1696 1497 maxime
1729 1477 1809 1497 vero
1843 1467 1875 1496 in
1910 1465 2105 1497 Ecclesiam.

1133 1508 1239 1538 Adam
1263 1508 1341 1538 vixit
1363 1507 1427 1538 900
1461 1518 1579 1545 annos,
1614 1515 1645 1539 et
1669 1508 1768 1549 paulo
1788 1508 1939 1550 amplius,
1973 1516 2003 1540 et
2029 1509 2109 1540 vidit

1132 1556 1272 1580 eventus
1306 1551 1402 1581 11111115
1436 1551 1684 1591 praedictionis,
1721 1563 1794 1583 cum
1828 1562 1956 1582 summo
1992 1550 2108 1583 dolore

1132 1602 1205 1623 suo.
1251 1592 1375 1624 Eadem
1398 1594 1578 1634 praedictio
1609 1592 1659 1625 hic
1685 1595 1858 1635 repetitur:
1890 1595 1953 1623 Iste
1982 1597 2041 1624 erit
2074 1596 2108 1623 in

1131 1637 1260 1674 siquam.
1285 1637 1334 1663 eni
1379 1636 1621 1672 contradicetur,
1668 1636 1720 1671 Et,
1741 1641 1822 1666 lnam
1845 1639 1943 1676 ipsius
1977 1639 2107 1667 tnu‘mmn

1127 1678 1305 1716 penetrabit
1322 1678 1458 1717 gladius.
1483 1680 1513 1709 id
1539 1686 1601 1717 est,
1626 1687 1659 1711 tu
1672 1680 1795 1711 senties
1809 1690 1947 1721 magnos
1961 1679 2106 1712 dolores.

1131 1720 1164 1750 ld
1190 1727 1306 1762 postea
1329 1728 1466 1762 experta
1501 1728 1553 1753 est
1575 1721 1696 1759 Maria,
1731 1733 1804 1753 cum
1834 1722 1891 1754 fuit
1927 1724 2107 1764 spectatrix

1130 1763 1291 1804 supplicii,
1310 1763 1406 1795 huius
1431 1763 1486 1795 tilii
1511 1766 1572 1796 sui.
1621 1764 1716 1801 Quo-l
1751 1765 1979 1806 spectaculum
2013 1764 2105 1797 nulla

1129 1805 1194 1837 alia
1219 1813 1321 1837 mater
1345 1805 1443 1838 facile
1466 1808 1630 1838 sustinere
1654 1808 1826 1848 potuisset.
1876 1808 1943 1839 Sed
1974 1808 2036 1839 hos
2060 1810 2106 1840 in-

1130 1856 1247 1889 gentes
1272 1850 1406 1880 dolores
1439 1851 1512 1881 vicit
1548 1856 1674 1889 tamen,
1710 1852 1902 1882 confirmata
1937 1852 2104 1883 divinitus.

1129 1891 1238 1923 Credo
1263 1903 1328 1923 non
1353 1891 1456 1924 fuisse
1480 1892 1650 1925 fortiorem
1664 1892 1837 1925 foeminam
1855 1895 1885 1925 in
1901 1901 1969 1925 toto
1984 1904 2106 1936 genere

1128 1933 1280 1966 humano.
1327 1935 1400 1966 Fuit
1423 1937 1554 1967 omnino
1579 1948 1733 1978 magnum
1756 1938 1853 1968 animi
1879 1938 1998 1973 robur,
2031 1948 2104 1978 per-

1130 1975 1216 2009 ferre
1239 1977 1319 2009 illud
1342 1979 1435 2009 triste
1454 1978 1693 2020 spectaculum.

1217 2039 1489 2080 Quandocunque
1512 2046 1620 2071 autem
1644 2040 1761 2071 dicitur
1790 2040 1831 2071 de
1859 2039 1982 2078 Maria,
2014 2040 2105 2082 cogi-

1129 2086 1235 2112 temus
1259 2082 1290 2112 id
1313 2083 1629 2114 acconnnodandum
1653 2093 1730 2114 esse
1759 2083 1802 2113 ad
1830 2081 2016 2114 Ecclesiam
2035 2084 2104 2114 uni-

1129 2134 1271 2155 versam.
1318 2124 1421 2155 Nemo
1445 2126 1570 2166 piorum
1591 2132 1654 2163 est,
1679 2127 1730 2157 cui
1755 2136 1819 2157 non
1843 2126 1993 2158 accidant
2018 2124 2106 2157 mala

1129 2166 1368 2199 inextricabilia
1392 2167 1542 2199 humanis
1567 2167 1726 2207 consiliis,
1761 2175 1793 2199 et
1817 2169 1870 2209 qui
1895 2178 1959 2198 non
1983 2169 2104 2199 sentiat

1129 2209 1264 2241 dolores
1299 2211 1330 2241 in
1365 2211 1476 2242 multis
1501 2218 1531 2242 et
1566 2212 1695 2252 magnis
1730 2210 1984 2248 calamitatibus,
2017 2211 2105 2243 sicut

1128 2252 1317 2295 significare
1340 2253 1429 2285 volui
1452 2254 1483 2284 in
1508 2255 1580 2285 istis
1606 2253 1792 2286 versiculis:

1281 2314 1358 2343 Sunt
1378 2315 1518 2351 inqenlia
1539 2314 1727 2352 perferenda
1751 2315 1869 2342 sanctis

1282 2357 1319 2385 111
1342 2357 1455 2386 mundo
1473 2356 1563 2390 mala,
1586 2361 1619 2386 nt
1641 2359 1785 2385 invocare
1807 2357 1931 2385 discant

1283 2399 1461 2428 Mt'randwn
1485 2399 1636 2428 auxilium
1655 2399 1751 2428 Deum
1767 2400 1913 2437 ferentem

1282 2441 1537 2481 praesentemque
1559 2444 1623 2471 suis
1646 2443 1754 2471 adesse
1776 2445 1910 2471 cernant.

1214 2508 1432 2541 Conferamus
1449 2516 1556 2542 autem
1571 2520 1689 2541 causas
1703 2509 1922 2541 calamitatum
1935 2516 1967 2541 et
1979 2512 2099 2549 crucis,

1127 2562 1213 2594 quae
1236 2554 1451 2584 communiter
1473 2554 1626 2584 accidunt
1659 2554 1809 2584 omnibus
1844 2552 2040 2592 hominihus,
2068 2561 2101 2585 et

1128 2593 1312 2627 Ecclesiae:
1343 2602 1376 2627 et
1398 2595 1663 2634 consolationes,
1695 2603 1792 2628 notas
1820 2596 1854 2628 in
1876 2595 2101 2638 philosophia,

1127 2645 1160 2669 et
1181 2639 1214 2669 in
1237 2639 1387 2670 doctrina
1408 2637 1592 2670 Ecclesiae.
