2324 2958
145 163 255 196 XXIX
833 161 1045 192 POSTlLLA
1079 160 1476 194 MELANTHONIANA.
2056 162 2151 195 XXX

145 257 377 288 Dominicalium
400 255 646 289 accommodavit,
671 260 702 284 ut
725 256 859 285 ostendit
881 255 958 285 liber
981 255 1042 290 ille,
1066 256 1116 294 qui
1140 255 1388 285 Homiliarius
1413 256 1596 286 inscribitur:
1621 258 1650 286 in
1675 258 1761 286 cuius
1785 257 1970 295 praefatione
1984 258 2148 296 Imperator

146 300 274 330 Carolus
297 300 427 339 Magnus
451 299 569 333 fatetur,
592 308 627 326 se
640 297 737 327 Paulo
757 297 892 327 Diacono
917 298 1054 328 familiari
1077 309 1134 327 suo
1158 300 1336 333 iniunxisse,
1361 303 1393 328 ut
1416 303 1532 338 patrum
1557 300 1636 329 dicta
1659 309 1752 339 super
1769 299 1935 338 Evangelia
1959 301 1987 329 in
2012 300 2147 329 ordinem

145 344 303 383 redigeret,
327 347 357 372 et
380 346 479 372 certos
503 341 650 371 flosculos
674 351 711 370 ex
735 341 959 370 florentissimis
995 351 1096 370 eorum
1131 343 1223 380 pratis
1247 341 1372 380 legeret,
1408 346 1438 371 et
1460 343 1488 370 in
1513 352 1602 371 unum
1638 344 1724 381 quasi
1749 346 1862 371 sertum
1887 346 2010 381 aptaret.
2058 342 2148 379 Quod

145 397 212 415 cum
236 385 288 415 ille
311 385 448 419 fecisset,
473 395 564 424 opere
587 384 728 413 absoluto
752 383 800 413 his
824 383 964 412 versibus
989 383 1100 413 Carolo
1125 385 1234 423 Magno
1258 384 1391 413 laborem
1416 395 1504 414 suum
1529 385 1733 415 commendat:

595 458 694 492 Utere
710 458 805 499 felix,
1014 460 1149 492 Munere
1172 461 1304 499 Christi,
1395 461 1545 492 Pluribus
1567 462 1661 492 annis

592 503 724 544 Lurque
745 503 902 544 decusque
1013 503 1130 543 Mayne
1152 508 1287 536 tuarum.
1395 505 1512 536 carole
1531 505 1696 544 princeps,

591 547 695 587 Atque
717 550 824 587 toyate
1014 546 1147 577 Arbiter
1170 548 1269 584 orbis,
1397 546 1676 589 Dardnm'dueque

591 588 708 620 Gloria
728 589 841 629 yemis.

350 683 422 713 lnde
446 694 516 713 vero
539 683 669 712 nondum
693 684 770 712 satis
793 683 899 722 liquet,
924 682 1051 712 Paulum
1075 681 1240 712 Diaconum
1265 684 1349 723 ipsas
1368 683 1516 715 lectiones
1536 685 1660 723 primum
1672 683 1863 717 distinxisse,
1888 685 1944 712 sed
1964 683 2147 712 lectionibus

143 730 200 758 iam
224 732 293 757 ante
316 728 447 761 usitatis,
472 726 611 756 homilias
634 726 742 756 saltem
765 731 892 765 patrum,
917 736 993 765 quae
1017 735 1075 754 una
1098 736 1164 754 cum
1198 726 1382 755 lectionibus
1417 727 1479 755 illis
1504 726 1698 764 Evangelicis
1722 728 1750 756 in
1774 726 1920 755 Ecclesia
1944 727 2146 760 recitarentur.

143 772 330 801 adiunxisse.
366 770 556 808 Quocunque
579 780 650 808 ergo
673 773 794 799 auctore
819 769 989 798 distributio
1012 772 1146 797 textuum
1164 768 1395 798 Dominicalinm
1420 771 1584 799 constituta
1607 770 1643 798 ab
1668 770 1751 798 initio
1776 770 1874 803 fuerit,
1899 780 1965 798 eam
1988 774 2085 798 tamen
2111 770 2149 797 ob

143 825 284 844 caussam
308 813 455 843 communi
479 822 633 842 consensu
655 811 817 841 Ecclesiae
840 811 1005 841 Christiani
1029 812 1110 840 orbis
1141 815 1186 841 tot
1208 812 1324 841 seculis
1348 812 1497 842 lectiones
1532 813 1608 842 istas
1642 813 1836 843 retinuerunt.
1870 817 1903 841 ut
1925 812 1998 841 rude
2028 812 2148 851 vulgus,

144 868 211 887 cum
234 867 290 887 nec
313 858 427 895 integra
450 855 552 885 Biblia
573 855 690 896 legere,
715 866 770 884 nec
794 856 830 884 ab
854 855 923 884 aliis
946 853 1099 893 praelecta
1122 865 1301 884 conservare
1319 857 1462 884 memoria
1484 856 1594 894 possit,
1619 855 1773 885 historiam
1793 855 1907 885 Christi
1933 859 1963 884 et
1984 856 2146 894 praecipua

143 901 244 940 aliqua
266 900 439 930 testimonia
459 899 495 928 de
518 899 653 928 articulis
679 898 748 927 fidei
771 899 902 936 itemque
927 897 964 926 de
987 898 1171 936 poenitentia
1195 899 1275 927 serio
1300 899 1431 937 agenda,
1462 899 1561 937 deque
1586 898 1694 927 officiis
1719 898 2055 929 omnibus,dilectionis
2075 907 2146 936 erga

143 943 253 978 Deum,
278 947 308 972 et
330 943 505 982 proximum,
531 952 568 970 ex
589 942 723 975 usitatis,
748 945 778 970 et
801 940 936 979 quolibet
958 950 1035 969 auno
1059 941 1195 979 repetitis
1219 945 1249 970 et
1273 941 1432 970 inculcatis
1455 941 1636 971 lectionibus
1658 940 1889 970 Dominicalium
1915 940 2148 979 Evangeliorum

143 991 173 1016 et
196 985 401 1026 Epistolarum
426 985 606 1014 addisceret.

349 1061 483 1091 Eandem
508 1061 546 1090 ob
570 1070 710 1090 caussam
734 1061 807 1098 (etsi
831 1061 889 1089 sub
907 1059 1024 1099 Papatu
1048 1061 1164 1089 abusus
1187 1065 1382 1090 accesserunt
1405 1071 1462 1089 non
1482 1060 1586 1096 leves,
1610 1065 1643 1090 ut
1665 1061 1746 1100 quod
1769 1060 1935 1090 Bibliorum
1960 1060 2049 1089 lectio
2074 1059 2149 1089 adeo

143 1107 172 1135 in
197 1105 427 1136 desuetudinem
451 1105 541 1139 venit,
560 1108 593 1133 ut
616 1102 763 1141 Theologi
788 1102 871 1132 multi
896 1104 1047 1132 extiterint
1070 1103 1185 1132 seculis
1213 1104 1432 1143 superioribus,
1457 1105 1507 1142 qui
1533 1115 1569 1133 ne
1597 1104 1725 1133 viderint
1748 1104 1870 1143 quidem
1894 1113 2024 1142 unquam
2048 1102 2150 1132 Biblia

144 1150 272 1188 integra:
297 1153 327 1177 et
351 1148 431 1187 quod
455 1148 492 1176 ad
516 1147 632 1176 Missas
652 1146 796 1175 fucandas
820 1145 1050 1185 palliandasque
1083 1150 1184 1175 textus
1209 1146 1253 1176 illi
1285 1146 1421 1176 translati
1457 1147 1588 1181 fuerunt)
1622 1151 1720 1176 tamen
1744 1147 1905 1176 Ecclesiae
1941 1147 2031 1175 etiam
2051 1156 2150 1185 repur-

143 1196 231 1230 gatae
254 1191 417 1230 pleraeque
440 1200 494 1229 per
513 1190 717 1223 Germaniam,
742 1193 775 1218 ut
797 1189 956 1218 infirmitati
980 1189 1130 1218 rudiorum
1155 1189 1338 1219 consulatur.
1363 1190 1612 1218 consuetudinem
1637 1189 1717 1219 illam
1742 1194 1893 1228 receptam
1914 1190 1942 1218 in
1966 1189 2148 1218 lectionibus

143 1235 246 1264 certis.
271 1233 401 1271 singulis
425 1232 593 1262 Dominicis
617 1236 647 1261 et
669 1232 758 1261 festis
779 1232 888 1261 diebus
911 1232 1116 1271 proponendis
1140 1232 1176 1261 ad
1206 1232 1350 1271 populum
1374 1234 1522 1267 retinent,
1558 1232 1643 1261 salvo
1678 1232 1874 1261 nibilominus
1908 1242 1966 1261 usu
2001 1232 2149 1261 libertatis

142 1275 346 1310 Christianae,
372 1280 403 1305 ut
422 1275 470 1304 vel
495 1276 522 1304 in
547 1276 636 1304 testis
661 1275 830 1314 praecipuis
854 1276 996 1304 vaticinia
1019 1275 1229 1314 prophetarum
1251 1276 1288 1304 de
1313 1274 1436 1304 Christo
1460 1276 1588 1304 maxime
1614 1275 1743 1304 illustria
1767 1275 1962 1314 explicentur.
1986 1275 2034 1303 vel
2059 1276 2148 1304 etiam

143 1320 288 1358 integrum
313 1319 436 1358 aliquod
459 1319 612 1358 scriptum,
637 1319 704 1346 sive
723 1317 895 1357 Prophetae
909 1318 1049 1353 alicuius,
1074 1319 1140 1346 sive
1152 1318 1371 1357 Evangelistae
1391 1319 1532 1347 continuo
1551 1319 1654 1347 ordine
1678 1323 1835 1348 enarretur.
1871 1318 1960 1353 Quod
1981 1318 2100 1356 quidem
2121 1318 2149 1346 in

141 1362 294 1392 Ecclesiis
312 1362 566 1401 frequentioribus
587 1361 649 1390 fere
668 1361 698 1390 fit
715 1360 824 1390 diebus
842 1361 996 1400 profestis,
1022 1361 1134 1400 quibus
1157 1361 1195 1390 ad
1219 1362 1380 1390 conciones
1405 1372 1508 1390 sacras
1532 1361 1663 1401 populus
1681 1363 1710 1392 in
1733 1361 1856 1401 templis
1876 1362 2037 1390 convenire
2057 1360 2149 1389 solet.

349 1438 415 1467 Hac
437 1438 577 1467 libertate
606 1438 720 1471 relicta,
756 1441 787 1466 ut
811 1448 864 1476 par
892 1443 956 1471 est,
986 1438 1139 1467 Ecclesiis
1171 1438 1301 1467 diversis
1337 1442 1448 1477 (ncan¹
1472 1439 1550 1467 enim
1574 1439 1672 1467 onmia
1697 1439 1835 1467 omnibus
1860 1439 2054 1474 conveniunt)
2078 1438 2151 1466 citra

143 1482 391 1520 superstitionem
412 1484 608 1509 conservatus
632 1480 688 1509 fuit
705 1481 793 1509 etiam
817 1481 845 1509 in
865 1480 1134 1519 NVittembergcnsi
1154 1480 1312 1517 Ecclesia,
1347 1492 1414 1510 mos
1438 1482 1588 1510 annuatim
1623 1482 1795 1520 repetendi,
1832 1485 1922 1519 atque
1947 1482 1974 1509 in
1999 1485 2149 1518 suggestu

143 1527 174 1553 et
197 1523 312 1562 pulpito
337 1523 491 1552 enarrandi
515 1526 616 1552 textus
636 1522 853 1552 Dominicales.

350 1597 514 1627 instaurata
538 1599 626 1637 igitur
650 1599 815 1628 Academia
837 1604 907 1638 post
938 1599 1048 1628 bellum
1075 1599 1298 1631 Germanicum.
1335 1601 1404 1639 quia
1429 1600 1561 1639 Hungari
1597 1600 1680 1629 multi
1706 1600 1900 1629 Germanicas
1924 1601 2085 1628 conciones
2121 1600 2150 1628 in

141 1642 264 1681 templis
288 1641 458 1679 intelligere
481 1651 540 1669 non
565 1645 716 1680 poterant,
752 1641 955 1680 Philippus
981 1642 1265 1672 Melanchtbon.
1302 1644 1351 1681 qui
1383 1654 1452 1671 vere
1488 1647 1549 1672 erat
1579 1643 1652 1684 ἀνὴρ
1681 1643 1792 1678 ἐσθλὸς
1825 1642 1922 1672 κομι-ὼ·
1956 1642 2088 1680 ιε’)ἰιῧὸν,
2119 1643 2147 1671 in

142 1685 261 1715 illorum
286 1685 408 1723 gratiam
433 1684 513 1713 domi
532 1694 607 1713 suae
631 1685 761 1732 instituit
784 1684 894 1713 diebus
918 1685 1007 1713 festis
1032 1685 1262 1724 explicationem
1285 1685 1519 1724 Evangeliorum
1543 1685 1792 1715 Dominicalium:
1826 1686 1900 1714 Mox
1933 1685 2057 1714 aliorum
2082 1696 2149 1713 con-

142 1739 234 1758 cursu
258 1731 346 1757 aucta
369 1727 537 1765 frequentia
561 1727 738 1761 auditorum,
773 1727 800 1756 in
825 1727 1003 1756 auditorium
1027 1728 1179 1766 publicum
1210 1728 1363 1757 transtulit
1399 1739 1452 1757 eas
1488 1729 1554 1757 sive
1578 1728 1804 1757 Praelectiones
1834 1730 1901 1757 sive
1925 1727 2149 1763 commaculas,

143 1772 171 1800 in
200 1771 309 1810 quibus
334 1770 469 1799 familiari
492 1780 632 1799 sermone
663 1770 826 1809 insigniora
849 1770 1038 1809 singulorum
1062 1774 1196 1800 textuum
1220 1771 1372 1810 explicare
1405 1771 1534 1800 solebat.
1589 1771 1666 1800 Nam
1701 1775 1732 1801 ut
1765 1773 1793 1800 in
1830 1771 1965 1800 docenda
1995 1772 2148 1800 iuventute

143 1814 414 1843 exercitatissimus
438 1817 510 1846 erat,
541 1817 570 1841 et
594 1814 680 1852 copia
714 1813 889 1852 multiplicis
924 1813 1078 1843 doctrinae
1114 1815 1383 1850 instructissimus3
1424 1815 1471 1842 sic
1506 1815 1542 1843 ad
1577 1818 1695 1854 captum
1731 1815 1896 1843 auditorum
1933 1815 2146 1853 praesentium,

143 1867 267 1896 quorum
287 1856 424 1896 plerique
447 1855 660 1885 adolescentes
685 1860 778 1890 erant,
801 1856 885 1885 multi
910 1857 997 1885 etiam
1028 1856 1125 1885 adbuc
1148 1857 1248 1896 pueri,
1284 1858 1487 1886 enarrationes
1510 1868 1584 1886 suas
1615 1858 1763 1896 dirigens.
1799 1862 1860 1886 turn
1896 1857 2095 1886 Grannnatica
2119 1862 2149 1886 et

142 1900 305 1933 Historica‚
329 1904 391 1929 tum
414 1909 483 1929 vero
507 1900 594 1928 etiam
615 1898 811 1928 Catechetica
839 1904 868 1928 et
892 1899 1078 1937 Theologica
1102 1901 1231 1929 miscere
1264 1899 1394 1934 solebat,
1430 1904 1461 1929 ut
1496 1911 1552 1929 non
1577 1900 1665 1929 modo
1691 1901 1794 1934 utilis,
1831 1900 1886 1929 sed
1922 1901 2011 1928 etiarn
2041 1900 2146 1927 suavis

143 1946 172 1972 et
195 1942 325 1971 iucunda
347 1952 382 1971 ea
404 1941 568 1981 praelectio
593 1946 679 1971 esset
703 1942 851 1972 omnibus.
901 1944 946 1971 Ac
969 1943 1176 1977 meminerunt,
1207 1943 1256 1981 qui
1280 1944 1316 1972 ab
1341 1953 1418 1972 anno
1442 1945 1533 1972 1549.
1554 1954 1652 1982 usquc
1687 1944 1723 1972 ad
1754 1945 1870 1971 beatam
1899 1942 1981 1971 illius
2019 1953 2055 1971 ex
2091 1942 2147 1971 hae

143 1986 203 2014 vita
225 1986 440 2023 migrationem,
464 1995 542 2024 quae
565 1995 641 2014 anno
668 1987 748 2014 1560
773 1986 914 2023 contigit,
948 1985 1146 2024 XVitebergae
1181 1996 1301 2025 operam
1325 1986 1471 2015 dederunt
1494 1986 1621 2020 studiis,
1657 1987 1703 2015 rix
1738 1986 1825 2015 aliam
1863 1986 1960 2014 fuisse
1985 1985 2147 2015 lectionem

144 2028 239 2067 magis
263 2028 489 2067 frequentatam,
514 2038 601 2067 quam
626 2028 702 2057 hanc
726 2029 833 2067 ipsam,
858 2029 886 2057 in
911 2038 970 2067 qua
993 2033 1138 2068 perpetuo
1162 2028 1214 2058 ille
1233 2033 1425 2068 praeceptum
1446 2029 1503 2058 hoc
1527 2030 1638 2058 veteris
1658 2029 1728 2059 dicti
1753 2029 1950 2067 sequebatur:

776 2139 821 2170 Οὔ
842 2152 894 2178 μοι
916 2144 978 2179 λέγε
996 2140 1112 2178 κόμψα,
1140 2139 1204 2171 ἀλλ’
1226 2134 1269 2171 oi‘v
1292 2140 1387 2171 δεῖται
1410 2141 1511 2176 πολύς.

958 2233 997 2263 Et
1025 2233 1218 2263 Horatianum
1242 2234 1329 2264 illnd;

557 2325 656 2357 Omne
678 2327 750 2358 tulit
772 2331 933 2369 puuctum,
957 2329 1014 2368 qm·
1034 2329 1159 2359 miscuit
1181 2329 1258 2360 utile
1279 2329 1376 2359 dulci.

142 2403 203 2434 Vel
227 2404 328 2443 potius
353 2403 433 2442 quod
458 2403 607 2432 Dominus
627 2407 657 2433 et
679 2403 819 2434 Salvator
838 2409 942 2434 noster
964 2406 1059 2444 inquit
1083 2405 1189 2435 Matth.
1217 2408 1262 2435 13.
1286 2405 1395 2435 Omnis
1419 2407 1518 2436 scriba
1541 2406 1648 2435 doctus
1672 2407 1699 2434 in
1725 2415 1816 2443 regno
1840 2404 2004 2435 coelorum.
2035 2404 2146 2434 similis

142 2451 190 2477 est
209 2447 320 2476 bomini
346 2446 561 2486 patrifamilias,
587 2447 637 2484 qui
661 2446 771 2485 profert
791 2447 829 2477 de
851 2447 995 2477 thesauro
1019 2459 1077 2477 suo
1102 2459 1178 2477 nova
1200 2452 1230 2477 et
1252 2452 1363 2478 vetera.

347 2522 415 2552 Etsi
438 2527 537 2552 autem
562 2523 674 2553 dictare
697 2523 749 2553 ille
772 2524 844 2555 nibil
868 2525 996 2559 solebat,
1021 2529 1252 2565 extemporaneo
1274 2527 1423 2555 sermonis
1457 2535 1568 2565 genere
1602 2529 1706 2559 utens,
1742 2529 1774 2554 ut
1797 2528 1827 2554 et
1859 2526 1994 2555 subirent
2028 2524 2146 2553 animos

143 2565 273 2595 celerius
298 2576 376 2605 quae
400 2566 592 2601 dicebantur,
623 2570 653 2596 et
677 2568 743 2606 ipse
766 2568 803 2597 ad
827 2568 918 2597 borae
942 2568 1130 2607 clepsydram
1150 2568 1236 2608 plura
1258 2568 1446 2599 absolveret:
1471 2579 1528 2597 non
1552 2567 1709 2597 defuerunt
1732 2571 1841 2602 tamen,
1862 2569 1922 2606 qui,
1949 2578 2013 2597 cuin
2038 2576 2144 2596 manus

142 2609 296 2639 celeritate
320 2610 348 2637 in
372 2609 534 2639 scribendo
558 2609 700 2644 valerent,
725 2609 762 2639 de
786 2621 844 2649 qua
867 2621 883 2639 a
906 2610 1003 2641 Poeta
1027 2611 1137 2641 dictum
1163 2616 1224 2641 est:
