2324 2958
58 289 148 320 haud
169 286 267 319 dubie
285 286 424 317 armaw‘t
440 295 477 317 se
495 290 610 317 contra
628 282 807 315 Diabolum
819 285 1029 315 invocatione

58 337 91 362 et
113 330 178 362 fide
199 330 289 361 iuxta
315 329 586 369 promissionem,
619 332 651 358 et
680 327 725 358 ita
748 327 836 357 vicit.
892 327 958 358 Sed
982 333 1029 358 ta-

57 383 132 405 men
155 373 267 404 vitavit
289 372 385 402 etiam
410 372 620 402 occasiones:
643 379 708 400 non
731 369 868 406 assedit,
892 379 957 400 non
980 369 1029 401 lu-

59 417 102 447 sit
125 425 199 451 cum
221 412 367 446 muliere.
412 412 505 445 Multi
527 418 676 454 pereunt,
696 411 772 453 quia
790 421 857 442 non
874 412 1028 443 invocant

57 457 175 490 Filium
196 457 275 494 Dei,
308 462 341 487 et
368 457 431 497 ipsi
454 460 631 488 accersunt
648 455 844 486 occasiones
866 452 1028 495 lapsuum.

59 500 182 533 Paulus
204 500 292 531 iubet.
314 508 376 530 nos
400 502 545 528 (ια-1111118
567 497 736 531 ambulare,
766 507 827 526 uon
851 501 884 526 ut
902 498 1028 535 fatuos:

59 544 92 576 id
114 548 176 581 est,
198 551 264 573 non
281 539 350 572 vult
372 552 433 572 nos
454 550 628 573 accersere
645 540 841 570 occasiones
857 540 1028 580 peccandi.

57 585 126 618 Sed
146 584 231 616 haec
253 582 422 625 diligentia
443 594 509 615 11011
531 583 613 614 satis
635 582 788 623 praesidii
806 583 902 614 nobis
922 582 1027 614 affert.

56 627 133 660 {deo
155 627 316 659 accedere
338 628 436 658 debet
468 626 655 663 invocatio,
688 635 753 665 qua
786 631 936 666 petamus
965 634 1028 656 nos

56 670 183 702 servari
205 680 226 701 a
244 668 311 701 filio
334 669 417 707 Dei,
441 669 564 700 victore
586 667 729 699 Diaboli.

265 803 483 837 DOMiNJCA
506 802 814 835 REMINISCERE.

214 878 525 922 Evangelium
557 879 785 911 Matthaei
818 880 865 911 15.

86 958 129 989 Et
146 967 285 998 eqressus
306 956 379 987 inde
400 957 503 991 Iesus,
529 958 655 986 secessit
677 958 708 985 ιή
730 960 838 996 partes
864 956 938 998 Tyri
960 960 989 986 et

472 1007 610 1038 Sidonia

54 1105 277 1161 Explicatio
309 1105 693 1145 circumstantiarum
727 1104 953 1158 Temporis,
986 1110 1028 1144 et

435 1182 644 1221 Locorum.

139 1270 292 1304 Continet
315 1271 398 1303 11388
416 1272 561 1303 narratio
581 1270 764 1312 exemplum
783 1270 879 1303 valde
897 1270 1026 1303 illustre

53 1324 152 1346 verae
175 1320 208 1346 et
229 1314 376 1346 ardentis
400 1314 490 1352 fidei,
520 1315 608 1356 quod
638 1325 768 1355 semper
791 1316 822 1345 in
845 1321 1026 1356 conspectu

52 1367 130 1389 esse
153 1357 252 1388 debet
274 1357 305 1388 in
331 1358 417 1388 omni
440 1358 656 1388 invocatione.
702 1358 770 1388 Sed
794 1358 931 1398 primum
949 1368 1026 1389 con-

53 1400 248 1431 siderandae
273 1405 349 1430 sunt
372 1400 638 1431 circumstantiae
660 1401 828 1440 temporis,
850 1400 928 1437 loci,
948 1401 1025 1432 item

54 1442 140 1480 πάθη
160 1441 391 1482 pulcherrima,
411 1452 494 1483 quae
511 1443 541 1472 in
561 1442 624 1472 hac
641 1441 778 1473 historia
791 1444 1025 1484 exprimuntur.

138 1483 262 1515 Textus
275 1483 508 1525 Evangelistae
525 1484 624 1525 paula
641 1491 717 1516 ante
736 1483 813 1516 facit
830 1486 1026 1517 mentionem

54 1527 256 1559 secessionis
281 1525 402 1557 Christi
433 1537 473 1558 ex
505 1525 652 1558 Galilaea
681 1528 713 1558 in
737 1529 916 1565 desertum,
940 1527 1025 1560 ultra

52 1569 157 1610 ripam
175 1569 324 1599 Iordanis
345 1569 650 1609 septentrionalem.
698 1570 790 1602 Haec
807 1571 954 1602 secessio
972 1582 1026 1602 ac—

52 1611 129 1643 cidit
152 1621 218 1642 non
242 1611 297 1642 diu
315 1617 391 1652 post
410 1611 590 1652 Baptistam
611 1612 816 1644 interfectum
835 1614 875 1644 ab
895 1613 1026 1644 Herode

51 1654 190 1695 Antipa,
209 1653 263 1695 qui
281 1660 351 1684 erat
373 1653 551 1685 Tetrarcha
581 1654 762 1686 Galilaeae.
808 1656 904 1686 Nunc
927 1657 1026 1697 igitur

52 1696 240 1739 regreditur
271 1695 440 1734 Christus,
475 1702 508 1729 et
535 1698 672 1729 traiecto
703 1697 778 1729 lacu
807 1698 1026 1737 Genezareth,

51 1740 218 1770 transiens
247 1749 306 1779 per
334 1738 538 1777 Galilaeam,
573 1738 701 1772 confert
732 1750 769 1771 se
797 1741 838 1772 ad
862 1747 1026 1773 extremos

51 1781 171 1813 limites
195 1781 413 1820 Palaestinae,
436 1782 467 1813 id
492 1789 554 1820 est,
573 1789 607 1814 ut
630 1783 684 1815 hic
707 1783 835 1822 dicitur,
853 1785 884 1814 in
902 1790 1026 1825 parteS,

52 1835 113 1856 seu
146 1823 288 1856 confinia
315 1824 393 1866 Tyri
422 1831 454 1856 et
484 1825 636 1863 Sidonis,
670 1837 756 1868 quae
778 1824 909 1858 fuerunt
932 1828 1027 1859 mari-

52 1868 150 1899 timae
172 1867 272 1898 urbes
297 1866 502 1899 Phoeniciae.

137 1909 221 1941 Nam
245 1910 320 1951 quia
339 1909 487 1942 Herodes
510 1911 539 1942 ei
561 1911 789 1943 insidiabatur:
812 1910 915 1943 voluit
934 1911 1026 1943 Chri-

53 1958 125 1984 stus
154 1953 196 1983 ad
226 1963 265 1983 ea
292 1951 367 1983 loco
396 1954 576 1992 accedere,
605 1965 689 1995 quae
716 1954 901 1986 immediate
931 1961 1026 1986 erant

53 1996 115 2027 sub
147 1994 288 2037 Imperio
318 1995 559 2035 Romanorum,
594 1998 648 2029 ubi
678 1996 759 2028 nihil
782 1999 861 2029 iuris
881 1997 1025 2030 habebat

52 2037 214 2070 Herodes.

138 2079 231 2112 Loca
252 2081 456 2121 inspicienda
479 2088 556 2113 sunt
577 2082 609 2113 in
632 2081 770 2121 talibuS,
800 2089 832 2115 et
857 2089 946 2115 certe
971 2084 1025 2115 de-

53 2124 176 2155 bebant
199 2123 431 2155 adolescentes
455 2134 556 2165 saepe
578 2125 739 2167 inspicere
762 2126 892 2158 tabulas
916 2133 1025 2158 terrae

54 2171 199 2198 sanctae.
244 2166 305 2198 Est
327 2167 411 2198 enim
435 2167 627 2207 iucundum,
650 2169 863 2201 considerare
885 2170 1025 2212 vestigia

54 2208 195 2249 Christi,
220 2216 250 2241 et
275 2210 389 2241 itinera
409 2210 490 2241 eius.

138 2250 250 2283 Helias
274 2253 404 2293 quando
429 2251 511 2293 fugit
534 2258 626 2284 extra
648 2258 766 2285 terram
791 2254 1024 2294 israelitarum,

52 2295 150 2326 etiam
173 2293 255 2336 fugit
279 2296 310 2326 in
334 2294 408 2327 loca
432 2296 590 2326 maritima
617 2305 735 2328 versus
764 2296 886 2339 Tyrum
916 2305 948 2330 et
979 2299 1025 2330 Si-

53 2337 188 2376 donem,
223 2344 257 2368 ut
290 2339 397 2369 minus
426 2344 513 2369 esset
544 2338 572 2369 ei
603 2338 740 2378 periculi
764 2350 783 2370 a
806 2342 942 2383 regibus
966 2341 1025 2373 Sa-

53 2380 186 2411 mariae.
232 2380 314 2411 Nam
338 2380 451 2411 Sidoni
475 2381 582 2412 vicina
605 2379 664 2412 suit
682 2381 831 2422 Sarepta,
854 2384 910 2415 ubi
933 2384 1025 2416 habi-

55 2422 134 2453 tavit
158 2422 256 2453 vidua
278 2423 474 2464 Sareptana,
498 2433 582 2465 quae
604 2425 753 2465 praebuit
776 2425 892 2458 Heliae
914 2426 1026 2468 hospi·

54 2465 133 2495 tium
157 2470 305 2506 tempore
333 2465 438 2497 samis.
495 2467 545 2497 Ac
575 2466 646 2497 fieri
674 2474 803 2507 potest,
834 2475 869 2500 ut
891 2476 1026 2511 propter

54 2507 242 2538 memoriam
268 2507 382 2539 ileliae
415 2508 567 2540 Christus
596 2507 749 2540 libentius
779 2513 962 2544 accesserit
983 2513 1026 2544 ad

56 2547 112 2580 illa
129 2547 215 2587 loca,
239 2551 270 2580 in
294 2551 412 2591 quibus
432 2550 552 2582 multae
570 2562 710 2594 magnae
728 2563 783 2583 res
803 2559 918 2595 gestae
937 2561 1024 2593 sunt,

54 2598 87 2623 et
109 2592 163 2623 ubi
188 2600 443 2624 consentaneum
467 2601 517 2625 est
537 2597 699 2626 mansisse
717 2595 872 2637 reliquias
892 2597 1026 2629 scholae

54 2633 277 2675 propheticae.

208 2695 344 2714 mamurii
368 2696 441 2714 ‘'l’'‘lss
465 2696 526 2716 VOi,
542 2697 618 2715 XXIV.

735 188 949 224 POSTILLA
980 189 1375 223 MELANTHONIANA.

1987 196 2049 227 466

1164 284 1292 315 Nomen
1326 284 1460 323 Sarepta
1493 285 1656 327 significat
1690 285 1856 319 officinam
1887 288 2048 329 coquendi

1078 325 1226 358 metalla:
1270 326 1350 356 Eine
1371 327 1592 366 sclintelzlmtte,
1622 330 1697 358 oder
1719 330 1920 369 seiyerlmtte,
1943 340 1963 362 3
1988 331 2049 360 Ζα-

1079 369 1174 408 raph,
1198 369 1230 399 id
1254 376 1322 408 est,
1347 371 1491 408 exussit,
1517 372 1667 409 excoxit,
1693 372 1860 404 conflavit.
1907 373 2049 412 Zeu-path

1079 411 1132 443 vel
1167 411 1323 453 Sarepta,
1359 418 1410 443 est
1443 413 1690 449 conflatorium:
1732 416 1808 455 quia
1842 416 1885 447 ibi
1918 414 2049 447 fuerunt

1080 454 1222 486 conflata
1246 453 1397 492 metalla,
1425 466 1509 497 quae
1538 455 1780 498 colligebantur
1810 458 1842 488 in
1865 458 1982 490 vicinis
2003 457 2050 490 lo-

1080 499 1139 529 cis.
1184 497 1367 539 Argentum
1391 499 1539 530 nascitur
1560 499 1592 529 in
1616 509 1678 530 suo
1702 500 1843 540 quodam
1863 511 1985 542 genere
2003 500 2050 532 la-

1080 541 1190 582 pidum
1199 551 1207 580 5
1241 541 1316 572 ideo
1351 546 1479 581 oportet
1514 541 1584 572 fieri
1616 542 1859 582 separationem
1894 544 2050 575 materiae

1081 592 1182 624 purae
1206 584 1247 614 ab
1269 584 1415 623 impura,
1437 594 1524 625 quae
1546 590 1685 615 vocatur
1708 583 1840 622 Scoria,
1864 586 2050 622 Schlacken3

1081 631 1114 658 et
1136 632 1215 666 puto
1238 627 1381 658 scoriam
1403 636 1480 657 esse
1502 637 1522 657 a
1544 626 1644 668 σκῶρ,
1669 627 1700 657 id
1724 633 1793 665 est,
1822 631 1948 658 stercus.
1994 631 2048 660 Se-

1080 670 1205 710 paratio
1234 679 1315 711 ergo
1345 669 1475 700 scoriae
1504 670 1546 700 ab
1576 675 1715 712 argento
1743 670 1928 701 nominatur
1951 680 2049 703 exeo-

1082 712 1146 742 ctio
1181 722 1241 743 seu
1274 712 1425 753 purgatio
1460 713 1607 753 argenti,
1642 712 1702 744 etsi
1730 712 1815 743 idern
1840 713 1875 743 fit
1898 714 1994 745 etiam
2018 715 2048 744 in

1081 756 1222 785 caeteris
1245 753 1411 792 inetallis3
1440 761 1471 786 et
1501 755 1586 786 haec
1608 761 1657 786 est
1682 765 1759 786 vera
1783 753 1961 794 Λ1811111113,
1983 766 2049 787 11011

1080 796 1277 838 Sophistica.

1166 840 1336 880 Scriptura
1357 849 1458 881 saepe
1482 841 1547 872 huc
1570 839 1701 878 alludit,
1729 846 1763 872 ut
1790 841 1823 872 in
1850 840 1907 873 illo
1931 841 2050 883 insigni

1080 883 1167 913 dicto
1192 882 1377 914 Salomonis
1403 883 1514 920 [Prov.
1528 883 1613 922 304:
1649 884 1754 913 Omnis
1776 894 1872 914 sermo
1896 884 1960 914 Dei
1976 894 2050 923 pur·-

1078 929 1171 964 9a1ns
1194 930 1239 954 est
1262 925 1386 967 clypeus
1404 926 1632 965 confidentibus.
1678 927 1817 967 Oportet
1834 927 1971 958 verbum
1987 926 2050 958 Dei

1079 969 1172 1009 quasi
1202 974 1373 1009 purgatum
1398 979 1475 1000 esse
1502 970 1534 1000 in
1557 969 1718 1000 mentibus
1742 970 1870 1007 studio,
1899 975 1931 1001 et
1953 979 2050 1010 expe-

1079 1011 1192 1041 rientia
1226 1010 1384 1052 spirituali
1417 1012 1449 1042 in
1480 1012 1659 1043 terroribus
1691 1018 1721 1043 et
1753 1011 2049 1050 consolationibus,

1079 1059 1109 1084 et
1132 1054 1196 1084 hoc
1220 1055 1355 1085 verbum
1379 1054 1484 1085 instar
1513 1054 1620 1096 clypei
1650 1054 1960 1096 apprehendendum
1990 1061 2050 1089 est,

1078 1102 1114 1127 ut
1137 1103 1324 1136 opponatur
1345 1098 1596 1136 tentationibus,
1622 1103 1654 1129 et
1675 1098 1801 1129 insidiis
1825 1096 1968 1128 Diaboli.

1166 1139 1199 1169 {n
1228 1138 1286 1170 illa
1314 1140 1433 1170 vicinia
1463 1141 1558 1171 etiam
1588 1138 1648 1172 suit
1672 1141 1808 1171 materia
1831 1141 1985 1181 copiosa,
2010 1151 2049 1172 ex

1079 1191 1143 1223 qua
1166 1181 1305 1213 conflari
1328 1183 1432 1223 potuit
1454 1183 1588 1221 vitrum,
1613 1184 1707 1214 cuius
1731 1183 1888 1215 fundendi
1909 1193 1965 1215 ars
1987 1184 2050 1225 pri-

1079 1235 1163 1255 mum
1188 1226 1219 1255 in
1242 1225 1314 1256 istis
1338 1222 1425 1256 locisv
1445 1226 1578 1257 inventa
1600 1224 1676 1263 fuit,
1700 1227 1793 1267 quia,
1823 1236 1896 1257 cum
1919 1225 1960 1257 ad
1983 1224 2050 1267 pel-

1078 1265 1209 1298 lendum
1241 1267 1346 1309 frigus
1381 1267 1558 1309 aliquando
1590 1269 1675 1311 ignis
1703 1270 1734 1300 in
1765 1279 1865 1300 arena
1888 1279 2050 1300 accensus

1079 1316 1188 1348 esset,
1221 1312 1487 1342 animadversum
1509 1310 1584 1350 suit,
1614 1322 1748 1343 arenam
1771 1310 1887 1353 liquari
1911 1312 1942 1343 in
1965 1322 2050 1343 mas-

1079 1364 1149 1384 sam
1182 1352 1387 1394 pellucidam.
1446 1354 1566 1385 Postea
1595 1353 1751 1395 paulatim
1784 1355 1944 1386 industria
1977 1355 2050 1386 arti-

1079 1396 1176 1427 ficum
1199 1396 1330 1428 exculta
1353 1395 1411 1428 fuit
1434 1407 1490 1428 ars
1514 1396 1582 1434 illa,
1607 1397 1747 1428 faciendi
1772 1398 1900 1435 vitrum,
1923 1408 1963 1429 ex
1986 1407 2050 1439 qua

1079 1449 1232 1480 magnum
1266 1444 1438 1480 quaestum
1473 1439 1657 1471 habuerunt
1693 1440 1829 1471 Sidonii.
1886 1440 1926 1471 Et
1960 1446 2050 1472 certe

1078 1492 1134 1512 ars
1157 1480 1213 1512 illa
1242 1488 1292 1513 est
1313 1482 1458 1524 egregia.
1510 1482 1545 1513 Si
1568 1493 1633 1513 non
1658 1489 1747 1513 esset
1770 1493 1825 1514 res
1849 1488 1913 1514 tam
1937 1482 2049 1525 vulga-

1068 1524 1123 1555 vris
1147 1530 1179 1555 et
1202 1526 1394 1565 communis,
1417 1532 1589 1565 superaret
1611 1526 1728 1556 vitrum
1752 1535 1866 1557 omnes
1891 1535 2050 1568 gemmas,

1079 1567 1153 1608 quia
1183 1572 1234 1598 est
1263 1568 1404 1599 maxime
1427 1568 1654 1609 perspicuum,
1685 1574 1715 1599 et
1739 1569 1876 1609 praebet
1899 1567 2049 1610 multipli-

1080 1619 1149 1640 cem
1172 1620 1278 1641 usum.

1165 1653 1267 1684 Sidon
1301 1659 1352 1684 est
1385 1653 1548 1694 antiquior
1580 1653 1680 1695 Tyro.

1079 1693 1146 1726 filio
1169 1696 1386 1737 primogenito
1411 1695 1554 1726 canaan.

1737 1653 1844 1685 Habet
1877 1664 1996 1686 nomen
2031 1665 2050 1684 a

1611 1696 1745 1727 Canaan
1774 1703 1900 1735 autem,
1933 1707 1952 1727 a
2007 1706 2049 1728 uo

1079 1737 1246 1769 Cananaei
1271 1744 1347 1769 sunt
1370 1739 1458 1775 dicti,
1482 1737 1541 1769 fuit
1564 1737 1649 1770 filius
1673 1739 1788 1777 Cham,
1813 1746 1846 1770 et
1865 1739 1969 1770 Cham
2005 1740 2050 1770 uit

1079 1779 1165 1812 filius
1187 1781 1260 1812 Noe
1282 1787 1358 1812 natu
1383 1782 1548 1819 minimus,
1573 1782 1623 1813 cui
1646 1788 1740 1822 pater
1762 1781 1939 1820 maledixit,
1962 1782 2050 1824 quod

1079 1823 1317 1855 contumeliose
1348 1825 1550 1865 exagitasset
1577 1825 1756 1856 nuditatem
1784 1825 1976 1856 dormientis
1998 1835 2050 1865 pa·

1079 1867 1148 1898 tris.
1194 1867 1284 1898 Haec
1314 1866 1499 1898 maledictio
1531 1868 1699 1908 oppressit
1723 1868 1853 1899 tandem
1876 1868 2050 1909 posterita-

1078 1917 1143 1941 tem
1167 1910 1255 1947 eius,
1279 1911 1369 1941 iuxta
1391 1920 1524 1941 versum
1545 1910 1655 1948 illum,
1685 1911 1739 1952 qui
1763 1917 1811 1942 est
1838 1911 1922 1952 apud
1945 1910 2050 1942 Theo-

1079 1953 1210 1990 critum,
1244 1952 1331 1984 haud
1367 1954 1464 1984 dubie
1497 1959 1648 1994 sumptus
1682 1964 1701 1984 a
1729 1955 1854 1984 sanctis
1885 1954 2050 1994 patribus3

1079 1997 1154 2038 quia
1178 2003 1295 2037 gentes
1319 1995 1438 2027 multas
1462 1997 1567 2027 bonas
1590 1997 1768 2027 sententias
1793 1997 1886 2037 quasi
1910 2007 1968 2037 per
1984 2007 2049 2028 ma·

1078 2049 1141 2070 nus
1154 2040 1290 2070 traditas
1307 2045 1506 2079 acceperunt
1525 2050 1544 2070 a
1557 2040 1720 2080 patribus:
1739 2045 1771 2070 et
1789 2040 1865 2080 quia
1885 2050 1957 2070 cum
1976 2039 2050 2081 lege

1079 2088 1282 2124 congruunt,
1305 2083 1506 2113 retinuerunt
1531 2092 1598 2113 835.
1645 2082 1773 2113 Versus
1795 2082 1849 2113 hic
1873 2088 1936 2113 est:

1175 2125 1330 2165 Εὔσεβέων
1352 2125 1494 2156 παίδεσσι
1516 2124 1551 2155 τά
1575 2124 1662 2163 lolia,
1686 2124 1854 2165 δυσσεβέων
1877 2123 1946 2155 δὀὔ.

1163 2168 1199 2199 111
1227 2174 1295 2205 est,
1325 2167 1452 2197 Piorum
1482 2167 1586 2197 liberis
1616 2169 1798 2207 continymlt
1828 2167 1968 2202 meliora,
1993 2167 2049 2196 Im-

1073 2213 1198 2251 pt'orum
1221 2221 1281 2240 mm
1305 2213 1384 2240 ilem.
1431 2210 1491 2242 Est
1513 2211 1614 2249 idem,
1644 2211 1731 2252 quod
1758 2209 1908 2241 t’salmus
1932 2210 2048 2252 inquit:

1079 2254 1280 2284 Gener-atione·
1307 2258 1460 2283 rectorum
1488 2253 1695 2283 benedicetur:
1726 2253 1758 2284 id
1782 2259 1848 2290 est,
1878 2252 1970 2284 Deus
1994 2254 2049 2283 bc·

1078 2297 1198 2329 nedicit
1220 2297 1405 2338 posteritati
1429 2307 1554 2334 eorum,
1578 2297 1631 2338 qui
1654 2297 1759 2337 ipsum
1783 2296 1905 2333 timent,
1926 2294 2050 2333 colunt,

1078 2346 1110 2372 et.
1141 2346 1231 2371 recte
1259 2341 1424 2371 invocant.
1482 2338 1605 2370 Contra
1635 2349 1714 2369 vero
1739 2345 1901 2380 vagantur
1924 2348 2051 2379 poenae

1078 2383 1109 2414 in
1132 2389 1201 2414 tota
1223 2383 1417 2424 posteritate
1441 2387 1575 2423 propter
1597 2382 1792 2422 impietatem
1816 2387 1996 2422 parentum.

1164 2425 1225 2456 Est
1260 2426 1356 2457 etiam
1390 2424 1474 2457 alius
1508 2434 1625 2455 versus
1655 2422 1896 2462 memorabilis,
1918 2424 1973 2465 qui
1997 2424 2051 2455 tri-

1079 2469 1188 2500 buitur
1211 2468 1362 2509 Orpheo:
1407 2469 1507 2499 Δειναὶ
1535 2466 1591 2507 γὰρ
1621 2466 1693 2497 κατὰ
1723 2470 1808 2505 γαῖαν
1838 2469 1964 2508 ἐρίιίωες
1992 2469 2051 2497 εἰσι

1078 2511 1200 2550 τοκήων.
1247 2511 1374 2545 Furiae,
1398 2521 1476 2542 seu.
1500 2511 1590 2539 dirae
1609 2513 1772 2548 parentum
1794 2513 1862 2539 sunt
1887 2510 2050 2541 admodum

1078 2565 1188 2585 saevae
1217 2558 1247 2585 et
1277 2558 1398 2584 atroces
1425 2564 1482 2592 per
1511 2554 1680 2581 nniversam
1703 2556 1825 2581 terram.
1871 2551 1905 2583 111
1929 2553 2051 2594 oppido
2092 2574 2094 2577 -

1079 2598 1248 2638 Freyberg
1272 2597 1303 2628 in
1328 2595 1461 2634 Misnia,
1486 2601 1579 2636 pater
1602 2595 1732 2636 quidam
1756 2595 1851 2627 iussit
1874 2593 1972 2626 tilium
1997 2605 2050 2626 ex·

1079 2633 1172 2681 sequi
1195 2639 1360 2682 negotium
1386 2639 1560 2679 quoddam.
1616 2636 1715 2669 Filius
1739 2638 1809 2670 sive
1833 2640 2050 2675 contumacia,

1865 2698 1900 2723 30
