2324 2958
42 207 107 240 549

130 299 267 332 Contra:

131 335 302 375 Aitditores
324 343 418 373 Moisi
438 339 574 372 audiunt
595 339 719 370 verbum
743 338 821 371 Dei:

129 385 299 419 Pharisaei
320 387 416 415 erant
438 384 605 415 auditores
626 381 742 413 Moisi:

131 430 215 468 Eryo
236 427 370 458 audiunt
396 426 520 457 verbum
548 426 621 456 Dei:
646 429 688 462 et,
711 433 770 465 per
798 432 1019 464 consequens,

214 473 292 502 eunt
310 479 354 500 ex
375 470 451 508 Deo,
473 472 551 500 sunt
566 469 703 507 populus
721 466 794 504 Dei,
816 470 879 496 etc.

130 512 339 553 Respondeo.
363 511 468 542 Maior
500 520 579 542 vera
601 515 652 540 est
685 509 756 540 sine
788 507 950 539 calumnia
971 508 1019 539 in-

47 555 194 591 tellecta;
219 555 278 585 sed
294 553 404 584 Minor
419 559 468 584 est
489 551 584 590 falsa,
606 552 682 593 quia
705 551 856 582 Christus
880 551 951 592 ipse
975 551 1019 582 di-

45 600 103 632 cit:
136 600 252 630 Moises
279 597 487 628 testimonium
522 597 562 626 de
583 605 632 626 me
652 596 810 634 perhe’bet:
854 593 948 624 ltem:
985 595 1020 625 Si

43 642 220 673 crederetis
251 641 352 678 Μοιζςί,
384 641 477 670 etiam
510 639 586 669 milei
618 638 804 669 crederetis.
849 636 1018 667 Pharisaei

43 688 222 724 excerpunt
244 692 284 713 ex
307 681 414 712 Moise
441 690 525 722 quae
554 679 677 711 volunt.
722 679 828 710 Etiam
850 679 1019 710 Mahomet

44 726 142 758 habet
163 724 272 766 aliqua
294 734 384 758 vera,
408 725 438 755 id
463 730 523 761 851,
542 722 663 764 legalia
680 723 857 764 quaedam3
880 722 939 753 secl
962 722 1018 753 do-

43 769 180 802 ctrinam
203 766 374 807 Evangelii
397 776 536 808 prorsus
559 766 680 802 abiicit,
700 773 728 796 et
754 764 915 807 legalibus
939 773 1016 805 quo-

43 821 108 854 que
131 811 245 842 miscet
268 808 369 840 multa
394 819 533 840 venena.
580 808 627 839 lta
649 807 811 840 faciebant
836 806 1016 838 Pharisaei.

128 853 204 885 Nun
237 852 295 884 suit
316 862 459 893 unquam
483 859 548 883 tam
572 850 716 883 furiosus
740 852 929 893 quisquam,
962 849 1016 890 qui

45 901 203 938 epargent
226 905 347 926 novum
367 896 506 937 dogma,
529 901 631 926 totum
654 893 715 925 Dei
739 895 874 924 verbum
897 893 1016 923 abiice-

44 945 104 971 ret.
148 938 271 969 Omnes
301 937 464 979 phanatici
493 943 686 978 praetexunt
719 935 829 978 aliqua
851 935 1016 976 speciosa,

43 987 76 1013 et
98 981 238 1012 retinent
261 979 382 1022 legalia
416 981 585 1022 quaedam.
630 980 696 1011 Sed
735 980 789 1021 qui
822 989 920 1010 unuin
944 988 1017 1009 cor-

42 1024 173 1064 rumpit,
208 1033 283 1055 reus
308 1029 361 1054 est.
390 1024 543 1054 omnium.
588 1022 747 1054 Doctrina
781 1021 855 1052 fidei
879 1027 928 1052 est
951 1029 1016 1051 una

44 1065 240 1107 copulativa,
259 1066 291 1097 id
314 1072 375 1103 est,
408 1066 448 1096 ad
473 1067 643 1097 veritatem
666 1065 739 1096 fidei
764 1064 949 1105 requiritur,
982 1068 1017 1093 ut

44 1119 159 1140 omnes
181 1114 292 1150 partes
315 1109 523 1140 retineantur.
569 1109 676 1139 ludaei
700 1109 873 1139 etiamnum
896 1106 1016 1137 habent

44 1152 168 1192 scripta
202 1151 318 1183 Moisis
353 1157 385 1182 et
419 1150 671 1192 Prophetarum:
703 1160 764 1181 nec
798 1155 906 1180 tamen
941 1153 1019 1179 sunt

44 1195 212 1226 auditores
235 1195 338 1229 verbi,
362 1194 420 1224 5811
434 1199 655 1233 corruptores.
680 1193 753 1223 Non
767 1191 919 1223 18118111τό
933 1190 1018 1233 ῥητὸν

45 1247 151 1279 neque
174 1236 306 1267 διάνοιαν
328 1235 576 1276 Prophetarum.

46 1364 291 1408 Convicia
321 1367 618 1407 Iudaeorum
663 1373 839 1406 contra
872 1364 1018 1407 Chri-

458 1449 598 1483 stum.

132 1542 311 1583 Postquam
346 1548 453 1572 autem
494 1541 645 1574 Christus
685 1542 782 1580 dixit,
822 1542 1022 1573 Pharisaeos

44 1594 109 1615 non
123 1593 199 1615 esse
209 1583 406 1622 Ecclesiam,
425 1585 580 1625 incipiunt
592 1595 664 1616 eum
685 1585 862 1616 criminari:
886 1584 1021 1616 Dicunt:

46 1626 95 1657 Tu
122 1636 156 1658 es
178 1625 419 1664 Samam‘mus,
453 1631 483 1658 et
505 1627 601 1658 habes
625 1627 842 1659 Daemonium.
886 1627 1022 1659 Talibus

44 1667 251 1701 contumeliis
274 1679 404 1710 semper
425 1668 567 1701 afficitur
584 1669 746 1701 Ecclesia.
792 1671 844 1701 Ab
868 1669 941 1702 aliis
964 1681 1021 1701 no-

45 1712 184 1744 minatur
205 1711 428 1749 Samaritana,
452 1713 493 1743 ab
517 1711 589 1744 aliis
612 1712 843 1744 Daemonz'aca.

97 1859 225 1908 Quale
257 1868 319 1900 est
349 1861 571 1901 convicium
604 1862 656 1901 de
688 1860 969 1903 Samaritano?

131 1959 205 1990 Non
240 1958 379 1991 refertur
411 1959 476 1991 hoc
509 1970 625 1992 nomen
660 1967 784 1993 tantum
818 1962 860 1993 ad
889 1967 1020 2004 gentem

44 2000 145 2040 mam,
179 2013 265 2043 quae
299 2002 469 2034 habitabat
502 2003 533 2034 in
557 2003 720 2043 Samaria,
753 2005 786 2035 id
819 2011 881 2043 est,
913 2005 946 2036 in
979 2014 1019 2035 8ο

45 2043 132 2082 loco,
160 2045 211 2076 ubi
236 2045 393 2076 habitavit
416 2045 520 2076 tribus
542 2045 708 2086 Ephraim,
743 2047 813 2079 fere
845 2048 888 2078 in>
911 2049 1020 2079 medio

46 2094 153 2119 terrae
165 2086 389 2123 Palaestinae3
414 2088 473 2118 sed
497 2090 706 2121 nominabant
720 2091 751 2121 in
776 2100 898 2132 genere
911 2090 1020 2121 Sama·

45 2129 182 2168 11131105,
205 2131 259 2172 qui
282 2137 376 2162 erant
399 2131 619 2169 semiethnici,
641 2132 673 2163 id
697 2139 758 2171 est,
782 2134 943 2172 homineS,
966 2134 1020 2175 qui

46 2171 211 2204 habebant
245 2172 471 2204 confusionem
506 2173 717 2206 Ethnicarum
751 2183 783 2207 et
817 2176 1020 2208 iudaicamm

45 2215 232 2256 opinionum
255 2222 287 2247 et
309 2215 466 2248 cultuum.

131 2258 203 2290 Fuit
226 2258 374 2290 Samaria
409 2260 487 2290 urbs
511 2259 603 2301 regia
625 2260 657 2291 in
680 2260 766 2292 tribu
788 2260 956 2302 Ephraim,
989 2268 1021 2293 et

43 2311 163 2332 nomen
183 2301 272 2332 dedit
295 2302 354 2333 toti
367 2303 505 2343 regioni,
530 2302 563 2333 in
587 2312 651 2344 qua
674 2302 805 2335 suerunt
826 2305 942 2336 decem
965 2304 1021 2336 tri-

42 2343 107 2375 bus
128 2351 204 2375 ante
227 2344 473 2376 abductionem:
505 2344 585 2375 Eam
609 2346 716 2386 coepit
739 2345 890 2385 Salman,
912 2348 967 2389 qui
990 2353 1022 2378 81

44 2386 272 2418 ›Salmanasser
295 2395 443 2424 vocatur,
466 2388 520 2429 qui
543 2385 603 2418 fuit
626 2394 720 2428 pater
742 2389 954 2421 senacherib.
990 2390 1021 2421 15

45 2429 181 2460 abduxit
204 2429 317 2461 decem
336 2430 452 2467 tribus,
477 2438 509 2461 et
532 2440 637 2461 novas
661 2429 811 2469 colonias
835 2433 967 2464 deduxit
988 2434 1020 2464 in

44 2469 235 2504 Samariam.
260 2472 317 2503 lsti
339 2472 500 2510 homines,
522 2474 598 2514 quia
617 2480 708 2505 erant
731 2473 884 2516 gentiles,
905 2475 1022 2507 attule-
1071 2500 1076 2503 -

44 2520 121 2544 runt
152 2523 232 2546 suos
265 2516 345 2546 ritus
380 2515 538 2547 Ethnicos
572 2516 604 2546 in
627 2516 818 2555 Samariam,
853 2518 913 2549 sed
947 2519 1021 2560 quia

44 2556 136 2598 regio
159 2558 267 2597 coepit
288 2558 434 2589 infestari
468 2569 487 2589 a
521 2557 689 2597 leonibus,
731 2566 762 2590 et
801 2558 872 2591 aliis
896 2562 1021 2600 bestiis,

43 2604 80 2629 ut
102 2608 167 2630 non
190 2606 259 2631 tuto
283 2607 418 2641 possent
441 2600 552 2632 colere
576 2611 688 2642 agrOS,
712 2609 744 2633 et
767 2603 809 2633 uti
832 2604 1021 2645 peregrina·
1061 2606 1194 2642 ,omnia

43 2640 199 2680 tionibus,
223 2642 459 2675 consuluerunt
483 2642 632 2680 oracula,
658 2651 689 2675 et
713 2644 867 2686 reliquias
892 2646 1020 2678 israeli-

1000 2702 1017 2720 Ι

726 200 939 234 POSTILLA
961 198 1359 232 MELANTHONJANA.

1981 200 2045 231 551)

1074 298 1177 324 tarum
1209 292 1250 323 de
1278 301 1379 323 causa
1412 297 1443 322 et
1466 292 1609 323 remedio
1639 291 1736 324 huius
1765 292 1851 325 mali.
1897 292 2045 335 Respon-

1073 346 1145 368 sum
1169 342 1220 366 est
1244 335 1302 372 eis,
1327 345 1399 365 eam
1418 334 1461 365 ob
1495 345 1626 365 causam
1651 337 1797 376 grassari
1819 334 1946 376 leones,
1970 337 2045 378 quia

1073 377 1219 410 colerent
1242 375 1342 414 idola,
1365 382 1397 408 et
1420 377 1599 408 desituram
1633 388 1708 409 esse
1731 377 1820 410 illam
1842 389 1994 420 poenam,
2016 379 2045 410 si

1072 422 1256 462 reciperent
1277 419 1386 461 legem
1408 419 1516 458 Moisi,
1539 426 1571 451 et
1595 419 1704 451 cultus
1728 421 1899 460 Iudaicos,⁴
1925 423 2044 463 quibus

1072 464 1164 495 Deus
1187 462 1285 494 vellet
1309 464 1338 493 in
1363 460 1418 493 illo
1442 462 1518 493 loco
1542 461 1617 493 coli.
1661 463 1921 496 Accersiverunt
1948 465 2045 506 igitur

1071 508 1113 538 311
1135 517 1172 537 58
1195 506 1387 537 sacerdotes
1421 504 1545 546 aliquot
1568 515 1607 536 ex
1631 504 1761 544 Iudaea,
1797 518 1827 538 81
1852 515 2046 549 receperunt

1071 549 1231 591 quosdam
1255 547 1362 581 cultus
1386 547 1547 579 Iudaicos.

1156 592 1222 623 Sed
1245 602 1317 623 cum
1336 589 1433 622 simul
1457 591 1636 622 retinerent
1658 601 1738 621 suos
1768 593 1850 623 ritus
1873 592 2044 631 Ethnicos‚

1069 634 1134 666 hoc
1156 641 1344 675 praetextu,
1374 634 1462 675 quod
1493 640 1600 665 tamen
1625 632 1769 665 colerent
1798 645 1909 666 verum
1938 635 2045 667 Deum

1069 677 1266 718 patefactum
1289 678 1320 708 in
1343 676 1467 718 populo
1491 675 1610 707 lsrael:
1646 677 1785 717 Propter
1817 676 1903 708 hanc
1933 679 2045 709 coniu-

1070 721 1196 751 sionem
1219 719 1411 751 thnicismi
1439 726 1470 751 et
1503 719 1656 750 Iudaismi
1680 726 1831 760 coeptum
1854 726 1905 750 est
1928 731 2045 752 nomen

1070 763 1260 794 Samaritani
1294 763 1377 793 sumi
1410 773 1470 803 pro
1506 763 1666 793 convicio.
1712 763 1762 794 Ac
1798 762 1906 794 ludaei
1941 764 2044 805 magis

1071 806 1210 836 oderant
1233 806 1591 846 Samarita1ios,.quani
1606 811 1756 836 caeteros
1769 805 1947 842 Ethnicos3
1971 807 2045 847 quia

1069 847 1197 878 Ethnici
1222 847 1329 889 palam
1352 847 1591 889 profitebantur
1619 857 1657 878 58
1679 848 1807 879 alienos
1837 858 1913 879 8558
1947 859 1966 879 3
1990 859 2046 890 po-

1069 891 1146 931 pulo
1160 890 1228 921 Dei.
1265 891 1463 922 Samaritani
1485 896 1591 922 autem
1617 891 1825 922 vindicabant
1847 891 1907 922 sibi
1928 901 2045 922 nomen

1068 933 1190 974 populo
1204 933 1280 970 Dei,
1303 932 1499 964 simulabant
1512 932 1753 974 professionem
1777 941 1809 965 et
1833 933 1953 965 cultum
1972 934 2045 971 Dei,

1068 977 1127 1006 sed
1152 986 1266 1007 revera
1290 978 1544 1018 corrumpebant
1565 977 1788 1008 sinceritatem
1818 975 1926 1009 cultus
1948 977 2046 1008 dixini

1070 1020 1166 1050 etiam
1191 1020 1222 1049 in
1247 1020 1391 1050 externis
1414 1020 1540 1050 ritibus.

1154 1061 1275 1093 Postea
1299 1062 1386 1093 circa
1409 1068 1556 1102 tempora
1573 1061 1752 1094 Ptolomaei
1776 1062 1856 1104 Lagi
1881 1064 2046 1094 conditum

1070 1110 1119 1135 851
1142 1105 1309 1145 peculiare
1334 1104 1487 1145 templum
1509 1106 1540 1137 111
1559 1105 1707 1137 Samaria
1728 1107 1761 1136 in
1781 1112 1889 1137 monte
1901 1105 2045 1143 Garizin,

1070 1148 1156 1178 unde
1179 1158 1298 1189 magna
1325 1146 1412 1178 bella
1445 1153 1517 1180 orta
1538 1154 1623 1179 sunt.
1670 1148 1712 1180 Et
1741 1148 1937 1180 Samaritani
1971 1160 2047 1180 con-

1071 1191 1248 1221 tendebant
1272 1191 1368 1221 istum
1391 1200 1468 1222 esse
1491 1191 1688 1223 sanctiorem
1701 1189 1810 1222 locum
1834 1192 2047 1229 adorationis,

1071 1234 1145 1275 quia
1172 1233 1214 1264 ibi
1237 1233 1433 1264 habitaverit
1456 1232 1532 1265 olim
1556 1233 1667 1272 lacob,
1701 1234 1850 1265 habuerit
1884 1235 1926 1265 ibi
1951 1234 2047 1265 visio-

1070 1286 1143 1307 nem
1157 1274 1292 1307 Scalae:
1315 1276 1454 1318 denique
1476 1275 1667 1318 allegabant
1678 1276 1869 1319 religionem
1881 1277 2048 1319 antiquam

1072 1319 1166 1350 istius
1188 1317 1263 1350 loci.
1297 1318 1382 1350 Hinc
1405 1320 1482 1351 odia
1502 1319 1588 1351 inter
1609 1319 1748 1352 ludaeos
1773 1327 1803 1351 et
1823 1320 2047 1351 Samaritanos

1072 1363 1177 1403 magis
1200 1368 1297 1393 aucta
1320 1360 1462 1393 suerunt.

1157 1405 1223 1435 Sed
1247 1411 1278 1435 et
1306 1411 1380 1436 ante
1403 1404 1633 1437 abductionem
1667 1406 1782 1437 decem
1818 1407 1956 1437 tribuum
1980 1404 2048 1437 sue·

1073 1453 1148 1478 runt
1170 1446 1406 1479 aemulationes
1429 1454 1606 1489 perpetuae
1629 1449 1713 1479 inter
1741 1449 1860 1480 tribum
1882 1448 2047 1489 Ephraim,

1073 1490 1104 1520 in
1138 1500 1202 1531 qua
1236 1496 1308 1521 erat
1342 1491 1440 1521 sedes
1475 1491 1585 1528 reo-ia,
1623 1497 1655 1522 et
1689 1491 1772 1522 inter
1806 1492 1925 1523 tribum
1958 1490 2047 1523 luda.

1074 1533 1251 1574 Postquam
1274 1532 1443 1564 leroboam
1467 1514 1690 1565 collocaverat
1719 1533 1840 1566 vitulos
1873 1544 1993 1566 aureos
2016 1535 2048 1565 in

1073 1575 1148 1606 Dan
1172 1581 1204 1606 et
1226 1574 1359 1614 Bethel,
1383 1582 1417 1607 ut
1438 1575 1594 1617 populum
1612 1577 1792 1609 abduceret
1815 1588 1831 1609 a
1856 1576 1979 1619 templo
2001 1576 2048 1609 le·

1075 1617 1326 1659 rosolymitano.

1158 1661 1284 1691 Nomen
1308 1661 1478 1693 Samariae
1507 1661 1672 1704 significat
1701 1663 1893 1694 custodiam.
1939 1662 2048 1694 Credo

1073 1703 1122 1734 sic
1145 1702 1342 1745 appellatam
1372 1713 1448 1735 8558
1477 1711 1614 1745 propter
1640 1706 1835 1738 antithesim
1870 1706 1945 1748 quia
1968 1706 2049 1737 urbs

1074 1745 1276 1788 ierosolyma
1310 1747 1396 1777 dicta
1430 1746 1489 1779 fuit
1523 1748 1613 1785 Sion,
1647 1748 1679 1779 id
1713 1755 1765 1780 est
1799 1747 1945 1789 specula.
2000 1747 2049 1779 llli

1073 1799 1153 1831 ergo
1178 1796 1306 1827 contra,
1337 1799 1429 1821 suam
1465 1791 1578 1822 urbem
1612 1791 1765 1822 dicebant
1789 1792 1984 1829 Szinariam,
2016 1792 2048 1823 id

1072 1839 1135 1870 est,
1160 1841 1268 1863 arcem
1292 1832 1477 1871 custodiae,
1509 1834 1564 1864 ubi
1593 1840 1687 1864 erant
1719 1834 1883 1876 praemia
1917 1840 2047 1867 statuta,

1073 1875 1166 1916 quasi
1190 1876 1300 1912 dicas,
1329 1876 1427 1906 statio
1450 1875 1616 1914 militaris,
1646 1877 1706 1908 Ez'n
1729 1878 1907 1909 lawaltshut:
1939 1876 2048 1909 volue-

1073 1924 1147 1949 runt
1170 1928 1290 1949 nomen
1308 1917 1414 1950 lenius
1436 1919 1569 1957 habere,
1594 1930 1690 1961 quam
1715 1919 1861 1960 spen-ula.
1896 1919 1975 1952 Plus
1998 1927 2050 1951 851

1072 1961 1157 1992 enim
1181 1971 1256 1992 esse
1279 1962 1466 1999 stationem,
1490 1963 1698 2003 praesidium,
1717 1974 1838 2001 arcein,
1861 1974 1956 2005 quam
1976 1973 2049 2005 spe-

1073 2003 1190 2035 culam.
1235 2003 1325 2045 Impii
1348 2012 1506 2045 quaerunt
1529 2005 1723 2047 magnificos
1753 2013 1784 2037 et
1815 2005 1981 2047 gloriosos
2013 2007 2049 2037 ti·

1072 2045 1160 2078 tulos
1183 2047 1224 2077 ad
1248 2057 1285 2078 se
1308 2049 1486 2086 ornandos,
1509 2054 1543 2079 ut
1566 2049 1713 2080 videmus
1737 2060 1823 2080 nunc
1845 2050 1878 2080 in
1900 2048 2050 2090 Epistola

1072 2088 1212 2121 Turcica
1245 2100 1369 2123 recens¹
1393 2090 1587 2123 Germanice
1606 2092 1703 2123 edita.
1759 2092 1868 2123 Turea
1900 2090 1978 2123 facit
2011 2102 2049 2123 58

1073 2133 1245 2164 custodem
1268 2133 1342 2171 Dei,
1366 2138 1398 2164 et
1422 2135 1535 2165 nescio
1559 2135 1636 2176 quid
1661 2144 1735 2166 non.
1781 2134 1905 2166 Tribuit
1927 2135 1990 2166 sibi
2014 2135 2049 2166 ti-

1073 2174 1172 2214 tulos,
1206 2186 1272 2207 non
1296 2177 1452 2208 cadentes
1486 2177 1517 2208 in
1540 2176 1715 2215 hominem,
1749 2185 1783 2208 ut
1818 2178 1920 2209 videri
1943 2178 2049 2219 possit

1071 2217 1258 2250 fabulosum
1282 2229 1358 2250 esse
1380 2219 1502 2261 aliquid
1520 2220 1758 2262 ignorantibuS,
1781 2220 1841 2251 sed
1865 2230 1976 2252 verum
2000 2227 2049 2252 est

1073 2271 1177 2292 nimis.

1074 2392 1157 2435 Cur
1186 2408 1267 2434 non
1292 2395 1510 2449 respondet
1525 2395 1706 2436 Christus
1742 2395 1795 2435 ad
1824 2395 2047 2437 convicium

1424 2471 1686 2513 Samaritani?

1160 2561 1371 2604 Respondeo.
1427 2562 1511 2597 Quia
1545 2573 1609 2594 non
1644 2569 1694 2594 est
1717 2564 1981 2604 respondendum
2004 2566 2048 2596 ad

1240 2605 1385 2637 Possunt
1420 2604 1528 2647 aliqua
1551 2606 1732 2647 praeteriri,
1765 2616 1849 2648 quae
1884 2617 1949 2638 non
1973 2614 2048 2639 suut

1075 2648 1292 2685 atrocissima,
1315 2655 1346 2678 et
1369 2658 1453 2689 quae
1476 2659 1539 2680 non
1563 2648 1697 2681 laedunt
1714 2649 1896 2681 immediate
1910 2648 2047 2691 gloriam

1690 2709 1741 2733 35·
