2324 2958
83 195 146 228 233

758 188 973 222 POSTlLLA
996 185 1393 220 MELANTHONIANA.

2021 187 2085 219 234

85 286 209 322 solebat
227 285 352 316 dicere:
377 286 452 316 Tria
469 289 546 315 sunt
561 287 693 324 quaein
715 285 817 315 Gallia
835 285 981 322 efficiunt
997 292 1055 314 seu
1105 280 1275 319 Messiam,
1299 286 1329 311 et
1350 279 1481 321 Magos,
1506 281 1559 321 qui
1585 281 1694 312 testati
1718 279 1847 312 fucrant
1871 281 1912 311 de
1935 282 2004 312 eius
2028 292 2083 312 na-

84 330 212 365 eoelmnc
234 329 432 366 Cmclinales,
458 326 541 365 Rex,
559 329 707 367 pecunia,
730 331 762 358 et
783 329 977 357 meretrices.

162 370 254 402 Haec
283 376 372 401 certe
401 380 468 401 non
497 375 549 401 est
577 369 743 400 ordinaria
775 369 965 405 successio,
996 368 1054 398 ob-

80 413 161 447 trudi
183 411 357 443 Ecclesiae
380 411 543 443 hominem
567 411 716 452 impium,
745 411 894 452 ignarum
925 409 1053 451 religio-

79 456 138 493 nis,
162 453 241 486 nihil
265 461 433 485 curantem
456 454 640 485 doctrinam
659 461 690 485 et
710 452 849 485 salutem
870 451 1052 483 Ecclesiae.

160 497 294 529 Memini
328 496 461 528 fratrem
497 497 600 528 Ducis
635 496 766 528 Henrici
794 495 1052 527 Brunsvicensis

77 541 254 582 Georgium
283 539 482 581 Episcopum
510 539 736 577 Mindensem,
771 545 803 570 et
831 546 948 580 postea
974 538 1053 569 Bre-

74 594 237 621 mensem,
266 584 335 624 (qui
358 589 429 614 erat
452 584 559 614 bonus
582 582 754 623 Princeps,
778 590 809 613 et
835 580 931 612 valde
955 581 1053 612 bene-

74 627 156 659 ficus
185 637 265 667 erga
295 630 472 666 pauperes)
502 626 613 657 dicere
641 623 838 667 aliquando:
879 624 951 665 Ego
981 634 1052 655 sum

73 668 182 702 sactus
212 669 418 710 Episcopus,
453 679 526 701 cum
564 678 673 699 essem
708 667 926 707 adolescens:
961 673 1054 707 pater

72 722 166 744 meus
202 712 339 753 putabat
372 712 454 742 satis
494 721 587 749 esse,
629 711 657 741 si
690 711 846 742 haberem
886 711 1053 747 ditionem,

72 755 160 788 unde
188 756 348 792 viverem,
381 764 449 786 non
482 764 556 785 sum
590 753 757 785 adhibitus
787 755 830 785 ad
858 753 987 790 studia,
1021 759 1052 783 et

72 804 181 830 tamen
205 798 311 829 debeo
334 807 492 838 praeesse
514 795 699 829 Ecclesiae.

158 840 246 872 ldem
269 841 532 881 conquerebatur
551 840 696 881 optimus
716 839 875 880 Princeps
895 838 1053 869 Herman-

71 893 134 916 nus
171 882 384 915 coloniensis
418 882 701 924 Archiepiscopus
741 883 774 913 in
814 888 963 912 extrema
1001 890 1053 911 se-

71 933 185 964 necta,
209 927 298 968 quod
320 935 387 957 non
410 926 571 957 educatus
595 932 687 957 esset
711 925 743 956 in
766 925 898 961 studiis,
928 924 982 965 qui
1007 930 1053 954 ta-

71 979 166 1007 men,
207 979 281 1000 cum
315 969 525 1010 pervenisset
561 969 603 1000 ad
637 969 836 1010 agnitionem
869 965 1054 1009 Evangelii,

73 1007 222 1043 stffdiose
244 1010 308 1043 hoc
333 1013 471 1053 agebat,
496 1019 529 1042 ut
554 1011 648 1043 fieret
671 1010 861 1042 reformatio
885 1008 1052 1041 Coloniae.

159 1054 251 1086 Haec
272 1055 371 1096 igitur
394 1064 459 1086 non
491 1061 542 1086 est
565 1064 643 1085 vera
672 1053 845 1085 successio
874 1052 1053 1090 ordinaria,

72 1098 194 1129 intrudi
216 1108 350 1139 quoquo
374 1097 473 1128 modo
496 1098 528 1129 in
551 1097 788 1138 Episcopatus,
812 1106 871 1137 per
894 1095 1054 1127 venditio-

72 1150 151 1178 nes,
182 1141 382 1182 emptioneS,
412 1146 445 1171 et
474 1139 678 1182 largitiones.
723 1138 766 1169 Et
787 1145 897 1170 tamen
918 1144 1054 1179 propter

72 1183 173 1215 talem
196 1184 445 1214 successionem
468 1188 627 1224 arrogant
648 1182 712 1213 sibi
736 1182 892 1222 Papistac
918 1191 1053 1222 posses-

71 1227 200 1258 sionem
223 1236 323 1257 verae
347 1226 533 1264 doctrinae,
565 1232 596 1257 et
625 1225 657 1257 in
682 1225 827 1266 Synodis
856 1225 987 1265 rapiunt
1011 1224 1052 1255 ad

72 1279 111 1300 se
137 1269 346 1300 autoritatem
376 1269 596 1309 praetoriam,
625 1266 678 1299 vel
707 1269 832 1309 regiam
861 1268 893 1298 in
921 1274 1054 1298 contro-

71 1313 191 1344 versiis
215 1312 443 1344 diiudicandis.

159 1354 227 1386 Sed
250 1353 435 1396 prophetia,
459 1355 492 1385 id
516 1360 585 1391 est,
626 1353 854 1394 interpretatio
885 1353 1055 1384 doctrinae

73 1404 125 1429 est
141 1398 275 1434 donum,
295 1407 362 1428 non
383 1403 435 1428 est
453 1407 493 1427 ex
517 1397 734 1428 successione
754 1396 931 1427 ordinaria.
970 1395 1054 1437 Syn-

73 1441 159 1471 odus
182 1449 249 1470 non
271 1439 373 1470 habet
396 1444 594 1479 potestatem
619 1439 742 1480 regiam
770 1439 800 1469 in
824 1439 999 1469 iudicando
1024 1443 1055 1469 et

72 1482 331 1522 interpretando,
355 1482 414 1513 sed
437 1488 562 1512 tantum
587 1481 684 1512 debet
703 1491 780 1513 esse
798 1481 905 1519 testis,
928 1490 1054 1512 sonans

73 1526 244 1556 veritatem
263 1532 502 1565 congruentem
521 1534 595 1555 cum
613 1525 717 1555 verbo
736 1523 810 1555 Dei.
856 1523 905 1555 lta
922 1524 954 1554 in
974 1533 1054 1555 con·

73 1566 148 1599 cilio
182 1568 248 1598 isto
279 1566 600 1608 Hierosolymitano,
634 1567 674 1597 ad
710 1567 798 1608 quod
832 1567 943 1598 vocati
976 1573 1054 1598 sunt

71 1609 162 1641 multi
187 1609 246 1640 viri
270 1610 395 1646 sancti,
428 1608 597 1641 confessio
628 1608 716 1640 sacta
746 1616 799 1641 est
825 1610 866 1640 de
888 1609 1053 1640 sententia

71 1651 216 1683 vaticinii
238 1651 400 1683 Micheae.
446 1651 519 1683 Non
544 1659 595 1683 est
618 1650 741 1693 aliquid
769 1653 847 1683 novi
878 1651 1054 1693 prolatum,

70 1705 224 1737 pugnans
247 1705 321 1726 cum
344 1695 448 1726 verbo
472 1694 546 1725 Dei.
592 1695 649 1726 Sic
672 1693 904 1725 universaliter
927 1694 1054 1735 Synodi

70 1738 238 1775 iudicium,
262 1744 313 1768 est
337 1738 569 1776 testimonium,
593 1744 625 1769 et
646 1736 815 1769 consessio
835 1736 1053 1779 singulorum,

71 1781 149 1822 quid
177 1781 340 1819 sentiant,
367 1785 400 1811 et
429 1780 494 1812 hoc
521 1781 743 1812 testimonium
767 1779 854 1811 valet
884 1790 950 1811 non
978 1790 1054 1821 pro-

70 1830 144 1865 pter
171 1824 379 1855 autoritatem
407 1821 491 1861 loci,
523 1823 583 1855 sed
618 1825 646 1855 si
680 1830 841 1865 congruat
869 1833 943 1854 cum
974 1824 1054 1855 scri-

71 1873 179 1907 ptura.
509 1872 514 1876 '

157 1908 313 1940 Potestas
344 1909 512 1950 praetoria
539 1907 593 1940 vel
624 1910 714 1951 regia
750 1917 803 1940 est
836 1914 986 1949 potestas
1021 1909 1053 1939 in

70 1952 264 1990 iudicando,
293 1952 516 1983 determinans
546 1958 580 1983 et
607 1952 827 1993 interpretans
853 1950 979 1993 legem,
1009 1952 1053 1982 ita

71 2002 107 2026 ut
129 1995 354 2035 interpretatio
378 1994 491 2025 valeat
512 2000 647 2035 propter
669 1996 879 2026 autoritatem
903 1994 970 2026 loci
993 2004 1054 2025 seu

71 2037 206 2069 ordinis.
252 2037 319 2069 Sed
339 2037 549 2079 synodorum
574 2038 605 2068 in
624 2036 779 2069 Ecclesia
798 2037 963 2075 iudicium,
986 2047 1052 2068 non

71 2086 208 2122 propter
229 2081 439 2112 autoritatem
462 2078 528 2111 loci
552 2079 651 2118 valet,
674 2081 733 2112 sed
757 2087 893 2122 propter
912 2080 1052 2121 scriptu-

71 2134 154 2162 ram,
178 2124 207 2154 si
231 2134 304 2155 cum
327 2122 384 2154 illa
407 2123 604 2154 consentiat.

156 2165 227 2197 Etsi
261 2172 370 2197 autem
403 2176 470 2197 non
505 2166 701 2197 describitur
737 2167 779 2197 ab
814 2163 1052 2207 Evangelistis,

71 2209 148 2251 quid
178 2210 310 2240 tentarit
339 2208 491 2240 llerodes
526 2215 642 2240 contra
670 2209 761 2239 viros
794 2207 870 2240 illos
904 2214 1051 2244 sanctos,

71 2253 126 2293 qui
149 2259 214 2283 tam
239 2258 353 2293 aperte
376 2250 520 2292 professi
544 2249 688 2287 fuerant,
719 2250 879 2283 Messiam
906 2252 1051 2283 nascitu-

72 2305 142 2326 rum
166 2305 243 2326 esse
266 2295 298 2326 in
317 2294 525 2331 Bethlehem,
549 2300 656 2325 tamen
681 2295 868 2335 persecutio
886 2295 1051 2326 adversus
1074 2329 1079 2335 ,

71 2337 192 2379 Magos
212 2345 375 2374 narratur,
401 2344 431 2368 et
454 2344 529 2377 post
553 2337 738 2368 discessum
757 2335 898 2375 illorum,
922 2338 953 2368 in
973 2347 1050 2378 pue-

71 2389 129 2411 ros
163 2379 466 2412 Bethlehemiticos.
513 2379 636 2410 Postea
666 2379 755 2421 Magi
789 2381 885 2411 etiam
919 2381 1050 2411 domum

72 2424 215 2463 reversi,
250 2434 323 2455 cum
352 2423 585 2464 profiterentur
612 2422 708 2453 fidem
732 2433 825 2453 suam
849 2423 890 2453 de
913 2422 1050 2461 Messia,

73 2466 171 2497 derisi
190 2472 267 2497 sunt
284 2476 303 2497 a
322 2465 465 2507 collegio
483 2475 619 2496 suorum
637 2465 860 2503 sacerdotum,
881 2472 936 2497 aut
953 2466 1049 2496 etiam

71 2509 334 2550 persecutionem
358 2509 449 2550 passi
473 2515 547 2539 sunt
576 2519 595 2538 a
619 2508 787 2549 tyranniS,
817 2508 871 2549 qui
895 2507 1049 2540 volebant

72 2550 189 2582 tollere
213 2552 410 2583 occasiones
434 2561 473 2582 ex
497 2549 619 2592 populo
643 2551 813 2588 turbandi,
844 2557 876 2582 et
897 2551 1050 2582 movendi

72 2592 194 2636 aliquid
217 2600 354 2635 propter
372 2594 543 2632 Messium,
566 2594 652 2625 sicut
676 2594 718 2623 ob
741 2592 829 2624 hanc
850 2594 955 2634 ipsam
975 2604 1050 2625 cau-

74 2647 143 2669 sam
162 2636 312 2669 Herodes
336 2637 490 2668 incitatur
513 2647 532 2667 a
552 2635 706 2674 Diabolo,
729 2642 764 2667 ut
788 2637 909 2678 cogitet
930 2635 1051 2669 tollere

1105 324 1240 355 tivitate.

1193 368 1311 398 Servat
1335 373 1443 397 tamen
1464 364 1557 396 Deus
1576 364 1697 407 Magos
1720 367 1761 396 ab
1786 366 1912 397 insidiis
1931 366 2085 404 Herodis,

1106 416 1139 440 et
1161 410 1222 440 iter
1244 407 1374 440 illorum
1398 409 1447 439 sic
1471 409 1646 449 gubernat,
1668 415 1702 439 ut
1727 419 1785 449 per
1808 408 1903 440 aliam
1924 410 2009 440 viam
2037 421 2084 440 re-

1107 453 1205 484 ducat
1227 462 1299 489 eos,
1323 461 1364 482 ne
1387 452 1451 481 sint
1474 451 1625 488 ministri,
1648 458 1678 481 et
1703 462 1828 491 organa
1853 453 1993 494 tyranni.
2030 453 2085 484 stc

1106 505 1237 536 semper
1271 494 1412 526 custodit
1447 493 1639 525 mirabiliter
1672 493 1866 525 Ecclesiam.
1924 495 1975 526 Ac
2009 496 2084 526 mihi

1107 549 1171 569 non
1206 538 1314 568 minus
1348 535 1559 573 miraculum,
1594 547 1691 578 quain
1722 538 1930 569 resuscitatio
1954 537 2085 576 Lazari,

1106 581 1210 612 videri
1238 579 1342 618 solet,
1373 580 1460 621 quod
1490 580 1594 610 Maria
1625 585 1655 610 et
1686 577 1769 610 aliae
1800 577 1960 611 foeminae
1992 592 2085 622 prae-

1107 629 1233 655 stantes
1258 621 1380 660 forma,
1404 621 1470 653 illis
1494 623 1714 663 temporibus,
1739 623 1857 663 quibus
1880 624 2086 663 vagabantur

1106 666 1242 707 pessimi
1265 665 1414 696 homines
1437 666 1471 695 in
1495 664 1632 702 ludaea,
1663 672 1853 696 manserunt
1882 665 2023 696 intactae
2054 674 2082 697 ct

1106 707 1304 747 incolumes,
1338 708 1550 749 quantumvis
1584 706 1746 739 Diabolus
1781 709 1829 739 eis
1863 708 2084 746 insidiaretur,

1106 753 1176 783 sive
1199 752 1315 789 scivit,
1343 751 1415 782 sive
1437 751 1627 792 suspicatus
1651 756 1718 788 est,
1747 749 1884 781 Mariam
1913 761 1990 782 esse
2020 762 2085 782 ma-

1105 802 1189 826 trem
1212 794 1367 825 Messiae.

1192 835 1345 878 Denique
1366 842 1402 867 ut
1424 834 1515 877 Magi
1538 834 1679 867 afferunt
1702 836 1790 867 dona
1814 835 1957 874 Mariae,
1986 843 2016 867 et
2041 837 2086 867 in-

1105 878 1245 918 santulo,
1265 880 1384 921 quibus
1403 879 1647 911 incommodum
1664 877 1779 910 fuisset
1797 880 1998 921 peregrinari
2016 880 2086 910 sine

1106 923 1258 964 pecunia,
1279 923 1325 953 ita
1349 921 1441 953 Deus
1464 922 1623 963 prospicit
1647 921 1819 953 Ecclesiae
1842 923 1884 953 de
1907 923 2007 959 victu,
2032 923 2086 953 dat

1106 964 1287 1007 hospitiola
1309 970 1341 995 ct
1363 963 1507 996 casulas.
1553 963 1745 1005 Cogitemus
1770 965 1865 996 etiam
1888 964 2008 1006 Magos
2034 966 2086 996 de-

1107 1009 1198 1039 disse
1232 1008 1381 1039 didactra
1415 1018 1474 1049 pro
1510 1008 1680 1045 doctrina,
1719 1017 1816 1049 quam
1857 1009 2025 1038 audierant
2066 1018 2085 1039 a

1106 1051 1211 1082 Maria
1234 1057 1266 1082 et
1286 1050 1438 1091 losepho.
1480 1050 1526 1081 lta
1550 1050 1637 1081 scire
1661 1051 1832 1088 debemus,
1856 1049 2031 1082 Ecclesiae
2055 1057 2083 1081 et

1106 1093 1310 1125 Ductoribus
1334 1092 1487 1125 fidelibus
1516 1093 1628 1124 deberi
1659 1093 1825 1131 didactra,
1855 1095 1941 1124 sicut
1964 1092 2086 1124 Paulus

1106 1137 1227 1178 inquit:
1263 1136 1329 1174 Qui
1349 1137 1499 1167 eruditur
1522 1146 1577 1167 seu
1600 1136 1790 1173 instituitur,
1815 1137 2016 1167 communiret
2041 1138 2086 1166 iu-

1106 1180 1253 1211 stituetzti
1273 1180 1357 1210 bona
1378 1188 1456 1216 mla,
1487 1185 1519 1210 et
1547 1177 1667 1220 alioqui
1691 1180 1916 1210 necessarium
1941 1185 1991 1209 est
2015 1179 2087 1211 offi-

1107 1223 1194 1254 cium
1217 1222 1393 1265 gratitudo.
1435 1222 1487 1253 De
1510 1220 1671 1263 allegoria
1696 1233 1865 1253 munerum
1889 1223 1955 1253 <lixi
1976 1229 2085 1260 antea,

1106 1266 1165 1296 sed
1189 1266 1331 1306 pertinet
1354 1275 1393 1296 ea
1418 1265 1460 1296 ad
1483 1265 1572 1296 hunc
1595 1275 1729 1306 quoque
1753 1263 1875 1303 locum,
1900 1265 1930 1296 in
1951 1276 2015 1306 quo
2041 1266 2086 1296 di-

1107 1309 1210 1340 cimus
1234 1309 1276 1339 de
1298 1307 1461 1339 Ecclesia.
1510 1308 1592 1339 Nam
1624 1309 1653 1338 in
1684 1306 1757 1338 sola
1781 1307 1934 1339 Ecclesia
1968 1308 2087 1339 colitur

1106 1351 1201 1383 Deus
1224 1352 1393 1393 agnitione
1418 1362 1518 1383 verae
1548 1351 1735 1388 doctrinae,
1771 1351 1849 1382 ltem
1878 1351 2087 1383 invocatione

1107 1401 1138 1425 et
1162 1393 1387 1432 consessione,
1410 1400 1442 1425 et
1465 1393 1640 1426 tolerantia
1662 1395 1695 1425 in
1719 1403 1830 1424 cruce.
1875 1393 1928 1424 De
1952 1393 2085 1425 Clu-isto

1106 1436 1317 1478 peculiariter
1339 1436 1399 1468 suit
1421 1438 1636 1478 praedictum,
1659 1437 1747 1478 quod
1771 1447 1835 1467 non
1861 1437 2011 1467 debuerit
2029 1447 2086 1478 pu-

1107 1486 1256 1511 trescere
1275 1490 1353 1511 caro
1373 1481 1488 1520 ipsius,
1507 1481 1590 1511 sicut
1613 1478 1764 1510 Psalmus
1783 1480 1904 1520 inquit:
1934 1479 2008 1510 Noa
2028 1480 2087 1511 da—

1108 1523 1155 1553 bis
1173 1526 1318 1553 sanctum
1337 1527 1421 1553 tuum
1441 1523 1549 1554 videre
1568 1526 1819 1562 corruptionrm,
1843 1523 1877 1553 id
1896 1526 1955 1559 cst,
1977 1527 2087 1563 putre-

1102 1564 1288 1605 factionem.
1334 1565 1392 1596 Sic
1422 1566 1537 1608 igitur,
1572 1576 1646 1597 cum
1678 1565 1718 1596 de
1747 1564 1881 1597 Christo
1911 1564 2087 1607 loquimur,

1085 1609 1239 1650 .myrrha
1261 1609 1347 1639 inter
1368 1608 1434 1639 alia
1456 1607 1638 1649 significat,
1668 1610 1755 1649 quod
1781 1618 1903 1649 corpus
1927 1609 1998 1639 eius
2021 1619 2088 1640 non

1107 1652 1149 1682 sit
1176 1650 1415 1692 putrefactum,
1451 1653 1511 1682 sed
1540 1651 1695 1682 manserit
1726 1650 1900 1682 incolume.
1946 1651 2018 1682 Hoc
2045 1652 2088 1682 ad

1107 1695 1311 1735 superiorem
1334 1693 1528 1736 allegoriam
1551 1694 1709 1731 addatur,
1735 1695 1765 1724 in
1791 1704 1855 1735 qua
1878 1694 2000 1725 dictum
2024 1701 2087 1732 est,

1107 1737 1195 1778 quod
1218 1747 1333 1768 aurum
1357 1737 1489 1768 Christo
1520 1737 1563 1767 sit
1591 1735 1738 1768 oblatum
1765 1744 1799 1768 ut
1823 1738 1912 1779 regi,
1947 1736 2023 1768 thus
2051 1744 2085 1769 ut

1106 1779 1193 1817 Deo,
1216 1779 1351 1822 myrrha
1373 1785 1409 1811 ut
1431 1779 1555 1811 homini
1578 1789 1731 1821 passuro.

1339 1991 1400 2025 DE
1422 1992 1648 2025 BAPTISMO
1672 1993 1855 2026 CHRISTI.

1464 2087 1497 2118 M
1505 2098 1524 2119 a
1532 2094 1543 2118 t
1552 2094 1563 2119 t
1571 2087 1593 2118 h
1603 2098 1621 2118 a
1631 2089 1666 2119 ei
1695 2086 1726 2119 3.

1109 2181 1196 2214 Tunc
1229 2186 1362 2214 accessit
1393 2182 1484 2213 Iesus
1517 2193 1539 2213 a
1568 2182 1720 2213 Galilaea
1754 2183 1799 2213 ad
1829 2183 2016 2220 Iordanem,
2051 2188 2084 2214 ut

1386 2225 1610 2266 baptizaretur
1634 2236 1653 2256 a
1677 2229 1804 2259 Ioanne.

1192 2336 1330 2369 Veteres
1354 2336 1437 2367 diem
1456 2335 1661 2377 Epiphaniae
1684 2337 1905 2375 nominarunt,
1929 2347 1995 2368 non
2019 2345 2083 2369 tam

1103 2386 1238 2420 propter
1267 2378 1415 2417 stellam,
1445 2390 1530 2420 quae
1559 2380 1708 2420 apparuit
1732 2377 1858 2420 Magis,
1889 2389 1985 2421 quam
2008 2391 2083 2421 pro·

1103 2429 1176 2463 pter
1204 2422 1404 2453 divinitatem
1441 2428 1656 2453 monstratam
1690 2422 1721 2452 in
1752 2421 1925 2462 Baptismo
1949 2422 2082 2455 Christi.

1104 2467 1154 2495 An
1185 2466 1299 2497 eodem
1331 2465 1383 2497 dic
1416 2465 1502 2496 haec
1537 2464 1712 2505 patefactio
1747 2465 1789 2495 sit
1824 2465 1984 2505 exhibita,
2041 2477 2082 2498 uo

1102 2507 1190 2550 Magi
1221 2509 1361 2540 ducente
1389 2507 1487 2539 stella
1511 2512 1671 2538 venerunt
1703 2507 1745 2537 ad
1770 2506 1955 2547 Christum,
1987 2510 2083 2540 rein-

1103 2561 1168 2592 quo
1191 2552 1223 2583 in
1243 2552 1359 2583 medio.
1396 2550 1534 2586 Quidam
1557 2551 1669 2581 dicunt
1689 2550 1827 2581 eundem
1847 2561 1979 2593 quoque
1998 2553 2083 2583 diem

1101 2593 1224 2633 fuisse,
1253 2604 1318 2636 quo
1344 2593 1496 2625 Christus
1526 2594 1559 2624 in
1583 2593 1703 2633 nuptiis
1727 2593 1805 2625 lecit
1826 2595 1964 2635 primum
1988 2595 2082 2626 mira-

1103 2636 1220 2669 culum.
1268 2637 1334 2668 Sed
1357 2647 1423 2668 non
1448 2642 1526 2676 puto
1550 2634 1615 2667 hoc
1639 2646 1824 2678 congruere
1848 2647 1920 2668 cum
1945 2637 2082 2669 historia
