2324 2958
63 199 129 234 697

65 303 198 327 somnus
224 292 258 327 in
286 288 455 329 Ecclesia,
483 289 524 322 de
551 298 617 331 qua
639 288 712 329 ipse
733 286 897 320 Dominus
919 287 1036 328 inquit:

64 336 136 377 Ego
157 346 211 367 ero
231 334 387 365 vobiscum
406 342 501 373 usque
530 332 573 362 ad
601 331 888 360 consummationem
909 329 1034 359 saeculi.

65 380 158 419 Item,
183 378 360 417 Ubicunque
383 376 445 406 duo
469 378 523 405 aut
544 377 607 404 tres
629 374 661 403 in
684 383 748 402 meo
770 374 890 403 nomine
912 381 1037 412 conyn-

65 423 135 463 σοὺ·
156 424 243 455 sunt,
264 419 312 450 ibi
332 429 385 448 ero
407 420 441 452 in
463 417 564 447 medio
585 418 732 455 ipsorum.

150 463 187 496 ln
208 461 382 503 Prophetis
403 470 505 502 saepe
528 460 672 501 pingitur
695 457 904 489 conservatio
922 455 1038 488 Eccle-

65 507 136 540 siae
156 506 221 539 hac
249 505 373 546 figura:
405 503 478 543 Eyo
506 502 633 542 qestabo
657 511 713 531 eos
734 500 827 530 etiam
848 501 881 529 in
904 503 1036 529 senecta.

65 550 162 584 Itetn:
196 547 268 587 Eyo
289 547 417 587 qestabo
438 556 494 575 vos
514 549 548 576 ut
566 547 681 585 pastor
703 542 832 573 tenellos
854 553 952 583 aqnos
974 542 1038 572 etli-

65 596 117 624 tos
137 593 170 622 in
192 600 313 629 campo.
357 587 484 622 Tenelli
513 588 590 630 agni
612 597 679 618 non
701 591 842 628 possunt
865 585 1036 621 incederez

64 635 126 669 aed
211 638 264 664 tor
286 642 345 664 eos
369 630 462 663 sovet
483 631 515 661 in
539 630 676 672 gremio,
695 636 729 660 et
747 629 780 660 in
802 629 910 660 sinum
927 629 1036 670 ponitt

64 676 122 710 Sic
144 643 298 708 ffissms
329 684 392 706 nos
416 673 508 715 ponit
535 673 568 704 in
596 683 692 704 suum
715 671 890 714 gremium,
913 678 944 702 et
968 681 1038 702 ser·

66 725 123 752 vat
155 728 218 751 nos
251 719 361 750 invitis
394 714 547 748 Diabolis
582 721 614 747 et
648 715 784 756 organis
811 712 1036 745 Diabolorum.

65 761 186 794 Servat
213 767 320 792 autem
350 769 411 792 nos
441 768 507 789 non
530 764 672 796 tantum,
700 758 807 789 donec
830 755 928 788 huius
951 757 1038 787 vitae

68 813 202 834 cursum
225 802 448 840 conficiamus,
472 801 533 832 sed
555 801 652 833 etiam
674 800 706 831 in
729 805 845 838 morte,
868 800 973 830 donec
996 798 1038 829 ad

65 845 166 876 vitam
189 850 357 875 aeternam
380 842 627 875 transferamur.
673 842 797 874 Paulus
821 846 1040 874 conservatur

66 887 99 918 in
121 891 238 923 morte,
261 885 392 926 quando
414 886 610 917 interficitur
631 895 652 916 a
673 884 826 922 Nerone3
850 889 883 915 et
903 885 953 915 sic
972 893 1040 914 ser-

71 934 185 967 vatur,
206 933 242 959 ut
264 927 386 959 sentiat
407 936 446 958 se
468 925 640 959 transferri
663 927 705 958 ad
727 927 826 958 vitam
848 932 1023 957 aeternam.

69 1117 359 1159 Antithesis
398 1116 659 1157 doctrinae
697 1114 955 1157 Ecclesiae
992 1120 1042 1154 et

69 1194 536 1251 philosophicarum
575 1192 942 1233 sententiarum
981 1190 1040 1230 de

109 1269 501 1319 resurrectione,
534 1267 719 1309 iudicia
749 1267 920 1309 futuro
952 1273 1002 1307 et

380 1346 485 1385 vita
515 1351 732 1386 aeterna.

151 1434 324 1468 Articulus
342 1436 383 1467 de
405 1434 650 1467 resurrectione
672 1440 873 1466 mortuorum
895 1434 1041 1475 inprimis

66 1477 195 1513 illustre
210 1478 392 1510 ‚discrimen
415 1476 494 1509 facit
515 1478 601 1509 inter
622 1487 736 1509 omnes
758 1477 888 1517 impios,
908 1483 939 1508 et
957 1477 1042 1508 inter

67 1531 180 1554 veram
202 1519 391 1552 Ecclesiam
414 1520 491 1551 Dei:
527 1519 610 1555 Quia
637 1518 711 1551 sola
734 1519 890 1551 Ecclesia
910 1518 1041 1560 protite-

66 1571 122 1597 nu·
150 1573 215 1595 non
245 1562 353 1594 solum
382 1563 527 1595 victuras
557 1572 633 1594 esse
657 1563 784 1594 animas
807 1568 882 1603 post
904 1567 1040 1593 mortem

66 1615 258 1646 corporum,
275 1606 335 1637 sed
354 1611 456 1636 totum
477 1615 582 1646 genus
601 1605 776 1637 humanum
800 1614 877 1636 esse
900 1605 1042 1636 resusci—

65 1649 200 1680 tandum
220 1654 254 1679 et
269 1649 456 1679 vocandum
480 1649 512 1678 in
535 1648 700 1686 iudicium,
723 1658 762 1679 ac
785 1653 902 1687 postea
925 1646 1041 1678 Eccle-

66 1692 150 1723 siam
172 1700 250 1722 esse
273 1690 453 1721 ornandam
475 1696 609 1722 aeterna
635 1689 752 1732 gloria,
773 1696 805 1721 et
827 1690 985 1721 victuram
1008 1690 1038 1720 in

66 1739 202 1766 aeterna
225 1733 463 1764 consuetudine
486 1743 559 1764 cum
582 1732 667 1771 Deo,
691 1739 723 1764 et
746 1733 864 1774 impios
888 1733 1040 1764 abiicien-

68 1776 130 1808 dos
153 1777 186 1807 in
208 1782 520 1816 aeternas„poenas.

154 1818 248 1850 Haec
277 1818 443 1857 doctriua,
473 1819 550 1860 quia
577 1818 686 1860 posita
709 1824 759 1849 est
782 1824 876 1849 extra
900 1828 1039 1858 conspe-

68 1866 156 1894 ctum
186 1861 339 1898 rationis,
371 1871 438 1893 non
466 1862 572 1893 minus
600 1871 697 1903 quam
728 1861 877 1892 doctrina
906 1861 947 1891 de
970 1866 1039 1892 tota

67 1903 291 1944 redemptione
321 1904 452 1945 generis
480 1904 629 1942 humani,
662 1903 829 1944 pateticta
853 1910 901 1934 est
925 1904 1037 1934 divini-

68 1949 141 1984 tus,
175 1953 207 1977 et
241 1956 371 1987 semper
401 1945 459 1976 fuit
487 1953 567 1977 nota
588 1947 620 1978 in
643 1945 809 1977 Ecclesia.
865 1946 980 1978 Statim
1004 1947 1036 1977 in

67 1989 171 2030 prima
192 1989 414 2028 promissione
436 1989 556 2020 tradita
573 1995 624 2019 est
641 1989 724 2027 haec
742 1989 908 2021 doctrina:
931 1990 1036 2018 Semen

67 2031 203 2060 mulieris
232 2035 370 2060 comm-et
401 2035 494 2069 capul
524 2033 689 2070 serpentis,
722 2033 755 2062 id
786 2037 854 2070 est,
888 2032 1036 2063 destruet

67 2080 240 2114 peccatum
259 2080 291 2104 et
310 2080 457 2104 mortem.
501 2072 542 2104 Et
562 2074 602 2104 de
618 2074 736 2105 iudicio
756 2082 894 2106 venturo
914 2076 1035 2106 dictum

68 2122 120 2148 δι
147 2116 179 2147 in
209 2117 369 2147 concione
398 2117 439 2146 ad
470 2115 566 2147 Cain:
598 2116 765 2146 Peccatum
788 2121 868 2147 tuum
891 2119 1035 2157 quiescet,

69 2158 168 2190 donec
199 2159 399 2188 revelabitur:
438 2159 469 2189 id
504 2165 570 2198 est,
610 2158 702 2190 Deus
735 2160 937 2191 iudicaturus
972 2167 1035 2198 est,

68 2201 194 2233 etiamsi
217 2201 363 2232 differtur
385 2201 548 2232 iudicium.
589 2201 655 2232 Sed
674 2208 724 2233 est
741 2202 838 2234 simul
857 2204 1034 2244 descriptio

67 2242 234 2276 horribilis
263 2245 452 2275 securitatis
482 2245 513 2274 in
544 2254 666 2285 genere
695 2244 845 2277 humano.
891 2246 1035 2277 Mundus

68 2297 133 2318 non
150 2287 312 2324 adficitur,
332 2297 449 2318 secure
467 2287 617 2329 indulget
638 2288 707 2318 suis
730 2286 906 2330 furoribus,
930 2289 1036 2320 donec

67 2330 201 2362 veniunt
225 2339 370 2371 poenae,
393 2330 452 2360 sed
476 2330 538 2361 liae
560 2336 682 2360 tantum
706 2336 780 2361 sunt
802 2330 967 2363 inchoatio
990 2333 1035 2362 iu-

66 2372 143 2404 dicii
163 2371 272 2404 futuri.
319 2371 365 2403 lta
386 2371 542 2403 Salomon
562 2373 679 2413 inquit:
703 2372 812 2402 Omnia
827 2375 967 2412 proferet
990 2374 1036 2404 ad

67 2415 226 2445 iudicium.
271 2415 306 2446 In
330 2414 470 2455 epistola
493 2415 590 2446 lutiae
613 2416 731 2446 citatur
754 2418 871 2448 concio
893 2416 1020 2448 Enoch.

153 2457 221 2489 Sed
250 2458 281 2489 in
313 2456 487 2499 Prophetis
518 2459 624 2495 mamis
651 2459 825 2499 perspicua
848 2466 924 2490 sunt
947 2460 1034 2491 testi-

67 2500 189 2531 monia:
211 2501 370 2538 Absor-pla
393 2504 437 2530 cst
459 2511 540 2530 mors
561 2503 593 2530 in
617 2502 759 2536 victoria,
783 2502 883 2543 inquit
901 2501 1034 2533 Esaias·-

67 2540 108 2573 Et
141 2543 227 2583 apud
262 2543 384 2574 oseam
421 2549 473 2574 est
509 2544 673 2574 sententia
705 2545 843 2575 maxime
876 2543 1034 2576 illustris:

67 2584 155 2614 Mors
175 2594 228 2615 ero
250 2596 330 2615 mors
353 2589 416 2616 tna.
461 2585 622 2617 Dominus
645 2586 718 2627 ipse
740 2587 771 2617 in
794 2586 921 2627 psalmo
944 2587 1034 2618 dicit:

67 2625 140 2657 Non
163 2627 315 2668 relinques
334 2629 464 2658 animam
481 2639 574 2659 meam
592 2630 624 2658 in
642 2630 773 2667 inferno.
808 2629 901 2661 Item:
930 2629 1036 2660 Vivent

749 192 967 229 PosmLA
983 190 1381 226 MELANTHONIANA.

1995 188 2060 222 698

1087 284 1190 314 corda
1211 294 1314 314 eorum
1337 285 1369 313 in
1391 284 1551 314 saeculum.
1601 283 1788 325 Prophetae
1816 282 1906 315 clare
1932 283 2058 325 praedi-

1088 332 1223 365 xerunt,
1246 327 1335 367 quod
1356 325 1500 358 Messias
1523 333 1680 358 venturus
1704 327 1766 366 sit,
1789 327 1877 369 quod
1899 336 2060 368 passurus

1089 369 1132 400 sit
1154 374 1187 400 et
1209 374 1457 400 resurrecturus
1480 379 1520 400 ex
1543 375 1659 407 morte,
1675 375 1708 401 et
1730 368 1859 401 futurus
1882 370 1979 401 iudex
2002 370 2060 400 bo—

1088 421 1205 443 norum
1239 416 1272 442 et
1304 410 1476 442 malorum.
1531 412 1710 453 Postquam
1744 412 1842 453 igitur
1869 412 2059 449 resurrexit,

1088 454 1171 486 haec
1193 454 1265 495 ipsa
1287 454 1490 485 resurrectio
1513 454 1584 485 eius
1607 460 1657 484 est
1679 453 1805 486 illustre
1827 455 2060 491 testimonium,

1089 498 1153 528 imo
1176 503 1209 528 et
1232 506 1335 528 causa
1356 503 1492 527 nostrae
1509 497 1778 533 resurrectionis;
1801 496 1843 527 Et
1884 497 1992 528 uidem
2009 506 2062 527 re-

1088 540 1232 571 surrexit
1265 540 1336 580 ipse
1368 549 1435 570 non
1469 537 1582 577 solus,
1616 539 1676 569 sed
1703 538 1804 570 multa
1832 538 1932 570 milia
1955 537 2061 576 simtu,

1089 582 1175 614 sicut
1197 581 1351 623 Apostoli
1381 580 1556 612 voluerunt
1587 581 1729 612 breviter
1751 581 1957 622 significare,
1986 591 2062 612 cum

1090 626 1221 663 dicunt,
1263 623 1356 656 Visos
1385 635 1454 656 esse
1481 628 1621 655 sanctos.
1677 623 1753 655 Non
1784 623 1935 665 cogitetis
1958 622 2063 655 fuisse

1088 674 1238 708 spectra,
1272 668 1336 698 imo
1370 673 1550 708 propterea
1584 665 1736 698 Christus
1770 666 1890 697 mansit
1919 666 1962 697 40
1991 667 2061 697 dies

1089 711 1176 750 apud
1195 708 1387 751 discipulos,
1404 716 1440 741 ut
1459 715 1549 741 certo
1568 715 1801 751 agnoscerent,
1818 718 1927 749 neque
1945 709 2063 749 ipsum,

1090 761 1197 794 neque
1221 758 1373 784 caeteros
1395 752 1500 784 fuisse
1522 757 1665 794 spectra.

1176 795 1236 826 His
1269 796 1464 827 testimoniis
1499 794 1694 826 confirmare
1728 793 1853 824 debetis
1883 792 1981 824 fidem
2010 803 2062 825 ve-

1090 843 1194 869 stram
1227 839 1268 869 de
1302 839 1564 876 resurrectione,
1597 846 1682 878 quae
1709 836 1839 877 quidem
1868 835 2064 867 confirmata

1090 887 1144 912 est
1176 886 1209 911 et
1241 880 1314 912 aliis
1353 879 1536 912 illustribus
1574 879 1768 911 testimoniis
1802 879 1930 910 divinis.
1986 878 2063 910 ldeo

1091 923 1178 954 enim
1200 921 1302 955 Filius
1325 922 1388 955 Dei
1411 923 1621 955 resuscitavit
1642 921 1823 959 Lazarum,
1847 927 1882 952 ut
1905 927 1997 952 esset
2018 928 2063 953 te-

1091 965 1289 1003 stimonium,
1308 965 1395 997 hunc
1414 965 1529 997 Filium
1551 975 1628 997 esse
1649 963 1826 995 Dominum
1848 970 1881 995 et
1904 965 2064 996 victorem

1092 1008 1224 1045 mortis,
1259 1014 1291 1040 et
1321 1010 1546 1040 restituturum
1576 1007 1674 1039 aliam
1701 1008 1812 1038 vitam.
1868 1007 1944 1038 ldeo
1968 1007 2064 1038 etiam

1092 1049 1210 1081 Enoch
1239 1057 1315 1082 ante
1345 1050 1500 1082 diluvium
1527 1049 1707 1082 translatus
1738 1056 1789 1080 est
1817 1050 1968 1081 vivusvin
1991 1059 2064 1082 coe

1092 1091 1178 1130 lum,
1206 1099 1240 1123 et
1268 1092 1358 1124 Elias
1387 1100 1463 1134 post
1492 1093 1665 1131 diluvium,
1696 1098 1730 1123 ut
1751 1099 1843 1123 esset
1865 1091 1996 1124 illustre
2019 1099 2065 1124 te-

1091 1136 1276 1166 stimonium
1300 1135 1552 1167 immortalitatis
1572 1142 1605 1168 et
1623 1136 1753 1167 futurae
1771 1135 1868 1167 vitae.
1907 1135 1981 1178 Ego
1999 1145 2065 1166 non

1093 1178 1223 1215 dubito,
1254 1179 1330 1219 quin
1358 1178 1475 1210 Moses
1505 1180 1601 1210 etiam
1624 1184 1701 1219 post
1724 1185 1861 1209 mortem
1885 1177 2063 1210 translatus

1093 1221 1135 1251 sit
1157 1231 1233 1251 cum
1256 1231 1397 1261 corpore
1419 1222 1450 1252 in
1474 1220 1617 1253 eoelum:
1642 1221 1718 1262 quia
1736 1226 1855 1262 postea
1871 1220 2065 1263 colloquun-

1092 1268 1148 1294 tur
1170 1273 1243 1293 cum
1267 1262 1400 1294 Christo
1422 1263 1538 1295 Moses
1561 1270 1594 1295 et
1617 1263 1718 1295 Elias.

1179 1305 1260 1336 Cum
1284 1316 1436 1337 essemus
1459 1306 1660 1338 Ratisbonae
1687 1307 1719 1337 in
1744 1305 1928 1347 colloquio,
1959 1306 2064 1347 Grop-

1092 1357 1192 1388 perus
1216 1349 1389 1388 disputans
1413 1350 1454 1380 de
1477 1349 1627 1387 Sanctis,
1656 1350 1746 1389 quod
1768 1349 1928 1381 haberent
1951 1359 2064 1381 curam

1093 1391 1215 1428 nostri,
1248 1390 1406 1422 volebant
1439 1392 1503 1422 hoc
1532 1393 1674 1432 probare
1705 1390 1805 1433 longa
1828 1402 2063 1423 commemora-

1092 1433 1182 1464 tione
1205 1444 1245 1464 ex
1260 1433 1448 1475 Augustino
1471 1440 1504 1465 et
1526 1433 1615 1465 aliis:
1639 1433 1718 1465 Dixi
1742 1435 1787 1465 ei:
1811 1434 1878 1466 Imo
1900 1433 1979 1466 volo
2003 1443 2063 1466 vos

1094 1476 1214 1506 docere
1238 1475 1398 1507 illustrius
1420 1477 1658 1508 testimonium:
1683 1476 1765 1512 Quia
1784 1476 1899 1508 Moses
1923 1484 1955 1508 et
1973 1475 2063 1508 Elias

1092 1517 1326 1559 colloquuntur
1354 1520 1395 1550 de
1422 1521 1537 1557 rebus,
1561 1530 1646 1561 quae
1667 1525 1846 1551 eventurae
1869 1525 1978 1558 erant,
2001 1519 2065 1551 Lu·

1093 1571 1153 1592 cae
1176 1561 1207 1592 9.
1251 1560 1310 1592 Ille
1332 1563 1516 1603 respondit:
1550 1563 1656 1593 Etiam
1686 1563 1763 1594 mihi
1786 1561 1851 1594 hoc
1873 1562 1973 1594 valde
1994 1561 2065 1604 pla·

1093 1609 1160 1641 cet,
1184 1604 1247 1635 hoc
1271 1603 1432 1636 volebam.
1491 1604 1629 1636 Putabat
1657 1614 1696 1635 se
1718 1605 1783 1636 iam
1805 1606 1945 1644 vicisse,
1975 1606 2064 1648 quod

1092 1647 1205 1678 Sancti
1229 1653 1342 1678 essent
1364 1648 1551 1686 invocandi,
1574 1648 1634 1679 sed
1657 1658 1723 1679 non
1747 1649 1896 1689 sequitur
1918 1647 1994 1680 hinc
2017 1648 2064 1679 in-

1091 1690 1301 1721 vocationem
1330 1690 1511 1721 taciendam
1548 1700 1623 1721 esse
1658 1691 1700 1721 ad
1734 1689 1833 1721 ullam
1864 1698 2063 1729 creaturam,

1091 1738 1146 1763 aut
1180 1731 1329 1763 homines
1360 1739 1520 1764 mortuos.
1576 1732 1658 1764 lllud
1686 1735 1853 1775 sequitur,
1888 1734 1976 1776 quod
1998 1733 2064 1765 alia

1090 1775 1133 1806 sit
1155 1776 1221 1806 vita
1244 1781 1321 1818 post
1344 1775 1431 1807 hanc
1456 1777 1566 1807 vitam.

1177 1818 1219 1849 Ut
1241 1826 1348 1849 autem
1365 1817 1565 1859 intelligatis,
1583 1817 1671 1850 hunc
1693 1818 1866 1851 articulum
1889 1829 1966 1850 esse
1987 1830 2063 1860 pro-

1090 1861 1191 1901 priam
1214 1871 1330 1892 vocem
1356 1861 1544 1899 Ecclesiae,
1568 1861 1715 1893 conferte
1737 1863 1856 1893 iudicia
1879 1862 2063 1903 sapientum

1089 1910 1181 1934 extra
1210 1903 1412 1942 Ecclesiam,
1439 1910 1472 1935 et
1494 1905 1720 1942 considerate,
1749 1914 1923 1946 quousque
1946 1914 2062 1945 proce-

1088 1947 1143 1977 dat
1165 1947 1259 1978 ratio.
1307 1947 1463 1988 Repetam
1486 1948 1584 1990 igitur
1606 1948 1668 1979 ista
1691 1947 1790 1989 paulo
1814 1946 1920 1979 altius.

1086 2130 1133 2169 In
1175 2130 1337 2170 homine
1376 2130 1632 2185 philosopho,
1670 2137 1715 2170 ut
1748 2130 1933 2180 Platone,
1971 2130 2058 2170 Xe-

1086 2207 1304 2261 nophonte,
1333 2213 1374 2247 et
1406 2208 1489 2247 aliis
1521 2207 1659 2257 doctis,
1685 2214 1726 2247 et:
1757 2207 1861 2246 bene
1894 2207 2056 2248 moratis

1085 2284 1335 2334 hominibus,
1378 2299 1481 2338 quae
1519 2284 1594 2324 fuit
1632 2283 1822 2337 cogitatio
1855 2283 1906 2323 de
1938 2283 2028 2323 Deo
2040 2285 2058 2325 ’ἔ

1212 2361 1439 2401 sentiuntne
1472 2361 1621 2414 aliquid
1652 2375 1738 2400 esse
1771 2360 1932 2401 Deum?

1171 2459 1228 2491 lta.
1263 2460 1406 2491 Omnino
1425 2466 1571 2491 statuunt
1588 2469 1663 2489 esse
1683 2457 1797 2490 Deum.
1832 2459 1906 2494 Qua
1924 2469 1960 2491 re
1979 2471 2057 2492 con-

1085 2503 1281 2534 vincuntur?
1311 2504 1383 2543 ipsa
1405 2509 1512 2533 mente
1536 2502 1691 2537 hominis3
1721 2509 1835 2543 postea
1859 2503 1954 2533 etiam
1979 2514 2056 2535 con·

1086 2546 1287 2576 sideratione
1318 2546 1417 2576 totius
1447 2545 1567 2584 opificii
1597 2545 1715 2575 mundi.
1765 2545 1864 2575 Scitis
1892 2546 1923 2576 in
1952 2545 2056 2587 pbilo-

1086 2587 1204 2629 sophia
1237 2589 1321 2619 tradi
1356 2594 1564 2628 argumenta,
1599 2597 1682 2628 quae
1717 2588 1931 2623 convincunt,
1967 2590 2055 2631 quod

1086 2637 1204 2662 natura
1236 2641 1345 2662 rerum
1378 2640 1444 2661 non
1477 2630 1641 2661 exstiterit
1675 2639 1774 2668 casu,
1809 2631 1867 2662 sed
1896 2633 1984 2672 quod
2013 2633 2055 2664 sit
