2324 2958
48 175 112 208 297

50 278 142 302 more
154 265 228 302 Dei,
253 265 325 296 sine
343 262 518 295 dilectione
536 263 685 304 proximi,
704 270 767 294 etc.
803 263 895 296 Haec
918 265 1026 296 omnia

50 311 194 345 incidunt
214 308 247 338 in
271 305 469 338 solutionem
491 307 675 348 argumenti
697 307 870 347 propositi.

133 350 285 383 Christus
309 360 348 381 eo
372 349 457 390 ipsu,
481 349 570 391 quod
592 349 697 391 tangit
718 347 899 390 leprosum,
925 355 1024 381 testa·

52 403 102 430 uu·
121 404 160 425 se
182 403 258 425 esse
281 392 456 429 Messiam3
481 399 513 423 et
536 391 704 433 leprosum
727 401 806 423 vere
829 402 849 423 a
871 402 910 423 se
932 403 1024 423 mun-

49 439 157 472 darum
180 446 268 467 esse.
314 435 348 466 ld
372 442 442 466 erat
465 445 566 476 supra
588 433 713 476 legem,
742 441 775 466 et
803 441 913 466 tamen
937 445 1023 466 sum-

41 490 133 514 -mum
156 489 240 519 opus
262 477 363 520 legis',
385 478 417 509 id
441 484 508 516 est,
537 476 788 509 illustrationem
811 476 939 519 gloriae
961 477 1023 509 Dei

47 522 234 556 adiuvabat.
278 521 408 553 Deinde
436 521 582 563 attingit,
614 527 650 552 ut
682 526 843 552 monstret
878 531 1023 552 ceremo-

46 566 117 598 nias
145 565 318 596 admittere
350 564 629 605 dispensationem
659 563 691 594 in
721 562 840 595 officiis
875 563 1022 595 dilectio-

45 609 108 640 nis.
154 607 238 639 Nam
266 614 401 639 externa
428 607 616 638 ceremonia
645 616 709 637 non
738 605 865 649 obligat
893 616 1023 648 semper

45 651 78 683 in
97 651 248 682 omnibus
268 651 412 682 casibus·
451 650 543 682 Sicut
562 659 652 680 recte
671 659 870 680 excusamus
888 649 1021 681 Macca-

45 694 149 726 baeos
173 700 360 736 pugnantes
384 694 415 724 in
439 692 587 724 Sabbato
616 699 754 733 propter
780 690 944 733 publicam
966 702 1022 724 ne-

45 736 247 775 cessitatem,
271 742 301 768 et
325 736 613 767 conservationem
635 736 705 768 veri
730 734 850 767 cultus.

206 901 477 942 Conuninatio
510 909 647 942 contra
679 902 860 941 Iudaeos.

130 993 166 1025 ln
190 993 254 1024 fine
277 1000 386 1024 textus
411 1000 461 1025 est
487 993 698 1025 comminatio
728 993 891 1024 adversus
920 993 1024 1034 hypo-

43 1037 157 1069 critas.
188 1037 331 1068 Minatur
350 1037 434 1067 enim
454 1035 607 1067 Christus
625 1035 754 1067 ludaeis
771 1036 915 1073 exitium,
935 1036 1024 1077 quod

43 1078 118 1112 freti
142 1078 217 1121 lege
240 1087 270 1110 et
295 1078 388 1110 titulo
412 1078 522 1120 populi
545 1079 618 1117 Dei,
642 1079 896 1110 contemnebant
914 1077 1023 1109 Evan-

44 1122 185 1166 gelium,
211 1123 299 1153 sieut
320 1132 408 1153 nunc
431 1132 563 1164 quoque
585 1121 768 1153 adversarii
794 1122 898 1152 nostri
921 1131 1024 1163 purae

43 1166 214 1198 doctrinae
247 1164 419 1206 Evangelii
458 1171 628 1206 opponunt
667 1163 794 1196 titulum
831 1163 1022 1195 Ecclesiae:

43 1209 123 1240 Filii
143 1209 250 1250 reyni,
274 1209 390 1249 inquit,
420 1209 587 1239 eiicientur
609 1209 642 1239 in
664 1209 813 1239 tenebras
835 1209 1022 1239 exteriores.

42 1251 169 1284 Contra
199 1261 279 1283 vero
314 1250 419 1282 dulcis
454 1250 639 1282 consolatio
674 1257 724 1282 est
758 1251 799 1282 de
832 1251 1023 1292 receptione

43 1295 206 1337 gentium:
248 1294 349 1325 Multi
369 1295 410 1326 ab
433 1295 555 1326 oriente
577 1298 607 1325 et
635 1295 797 1326 occidente
825 1295 966 1332 venient,
993 1298 1022 1325 et

43 1338 226 1370 accumbent
257 1348 323 1369 cum
352 1337 534 1375 Abraham,
565 1339 662 1369 Isaac
684 1341 713 1368 et
736 1336 833 1369 Jacob
862 1338 894 1368 in
924 1346 1024 1378 reyno

43 1382 212 1412 coelorum.

230 1558 305 1589 DIE
334 1557 664 1591 CONVERSIONIS
695 1558 838 1597 PAULI,

130 1644 245 1676 euius
274 1643 464 1676 Historia
495 1645 712 1682 recitatur,
743 1645 880 1676 Actor.
904 1645 934 1676 9.

129 1763 244 1796 Recita
268 1772 397 1796 veteres
421 1763 606 1796 versiculos
631 1774 671 1795 ex
691 1763 884 1806 vulgaribus
908 1766 1023 1797 obser-

43 1808 232 1839 vationibus
255 1814 402 1849 sumptas
427 1808 468 1839 de
491 1807 743 1848 tempestatibus
766 1806 864 1839 huius
889 1809 960 1839 diei.

107 1868 210 1899 Clara
231 1868 301 1899 dies
320 1866 428 1905 Pauli,
453 1867 536 1899 bona
554 1871 700 1908 tempora
719 1868 850 1899 denotat
869 1869 957 1907 anni,

106 1910 147 1942 Si
157 1909 285 1950 fuerint
304 1911 400 1948 renti,
423 1911 592 1952 desiynant
608 1911 737 1951 proelia
753 1912 852 1951 qemi,

107 1954 146 1984 Si
158 1953 283 1993 fuerint
303 1954 447 1991 nebulae,
471 1957 604 1994 pereant
623 1955 779 1985 animalia
797 1964 951 1995 quaeque,

107 1996 147 2028 St·
163 1998 218 2027 nix
237 2001 266 2027 et
284 1997 426 2037 plat-iae,
449 1997 618 2037 tleszjqnant
637 2001 781 2038 tempora
800 2007 894 2035 cara,

107 2038 172 2072 Sed
191 2040 222 2071 si
238 2041 305 2071 vult
324 2040 492 2077 Dominus,
517 2043 674 2072 convertit
693 2041 799 2072 οηιηία
817 2041 914 2072 solus.

41 2108 116 2140 Non
140 2115 192 2140 est
215 2109 384 2151 indignum
409 2108 539 2139 homine
563 2109 709 2147 erudito,
734 2118 937 2141 conservare
958 2119 1024 2140 me-

41 2152 178 2183 moriam
202 2161 392 2183 sermonum
417 2157 582 2189 veterum,
612 2152 768 2193 quidquid
791 2152 888 2184 etiam
918 2153 961 2183 sit
984 2153 1025 2183 de

42 2201 162 2226 eventu
185 2196 320 2226 istarum
344 2194 623 2225 observationum.

129 2237 229 2269 Cuias
253 2236 312 2269 fuit
336 2236 482 2268 Paulus?
513 2237 568 2268 ubi
598 2244 696 2269 natus
721 2236 802 2269 suit?
848 2239 922 2269 Fuit
945 2237 1023 2269 Tar-

42 2281 166 2319 sensis,
189 2281 220 2311 id
241 2287 302 2317 est.
321 2286 417 2311 natus
437 2281 468 2310 in
488 2281 581 2318 urbe,
602 2280 653 2311 cui
672 2291 790 2324 nomen
810 2280 869 2313 fuit
887 2281 1023 2313 Tarsus.
1048 2279 1052 2304 Ι

43 2323 108 2355 Ubi
132 2325 195 2355 sita
214 2323 272 2355 suit
293 2323 441 2355 Tarsus-x?
477 2323 549 2354 Fuit
567 2323 759 2365 metropolis
779 2323 922 2356 OEliciae.
958 2325 1024 2356 No-

43 2376 118 2398 men
143 2366 243 2398 habet
274 2377 293 2397 a
316 2365 430 2397 Tarsis
462 2364 528 2397 filio
552 2365 667 2404 lavan,
698 2373 728 2398 et
752 2367 866 2399 Tarsis
896 2374 948 2399 est
971 2366 1024 2399 vel

43 2419 64 2440 a
86 2408 264 2448 Thirosch,
287 2410 319 2440 id
343 2417 404 2446 est,
429 2416 549 2447 musto,
573 2407 626 2439 vel
648 2408 799 2449 laraseh,
823 2411 1024 2449 haereditas,

43 2461 229 2493 possessio,

131 2495 251 2527 Graeci
286 2496 389 2536 ignari
420 2496 556 2536 originis
586 2496 747 2537 gentium,
782 2495 1024 2539 Etymologiam

44 2538 186 2569 nominis
214 2538 356 2575 'sarsum
385 2548 425 2568 ex
449 2549 509 2569 sua
533 2537 644 2580 lingua
668 2538 840 2570 tinxerunt.
884 2539 927 2571 Et
948 2541 1024 2582 quia

44 2581 154 2622 τάρσος
177 2580 341 2621 significat
363 2580 501 2612 Graecis
526 2588 650 2622 partem
670 2582 722 2612 imi
742 2582 846 2622 pedis,
870 2593 953 2624 quae
973 2589 1025 2614 est

45 2623 194 2664 proxima
222 2623 399 2662 calcaneo,
433 2630 462 2655 et
495 2625 688 2656 eminentior
716 2634 776 2656 seu
806 2625 904 2657 altior
934 2632 1024 2657 ante-

744 169 960 203 POSTlLLA
982 169 1381 202 MELANTHOMANA.

1991 172 2056 204 298

1077 264 1165 296 riore
1187 274 1229 295 ae
1251 262 1351 304 plana
1374 264 1519 305 regione,
1544 275 1640 306 quam
1665 266 1781 296 usitate
1805 275 1962 297 vocamus
1986 265 2057 306 pla-

1076 317 1153 338 num
1186 307 1296 348 pedis:
1333 305 1460 348 fingunt
1486 317 1506 338 a
1535 307 1637 349 τάρσῳ
1665 307 1930 350 Bellerophontis
1958 308 2056 340 isthic

1074 348 1195 387 fracto,
1219 359 1338 380 nornen
1362 350 1434 381 urbi
1456 348 1561 380 fuisse
1582 350 1728 381 inditum.

1162 392 1260 428 Quod
1284 392 1404 423 Graeci
1432 392 1540 433 τάρσον
1564 399 1705 430 vocant,
1736 403 1798 424 nos
1822 394 1980 425 Germani
2009 395 2055 425 di-

1076 435 1190 474 cimus,
1214 437 1266 466 bett
1285 435 1413 474 ffienben.
1460 435 1559 466 Scitis
1582 435 1614 465 in
1638 435 1702 466 imo
1720 436 1805 476 pede
1823 437 1959 477 primum
1979 446 2056 468 esse

1076 478 1195 520 digitos
1219 478 1330 519 pedis,
1353 478 1398 509 bic
1422 478 1507 517 geett.
1554 477 1677 509 Postea
1700 485 1750 509 est
1773 477 1917 518 planum,
1940 479 2054 511 πεδίον.

1075 520 1156 552 Tum
1179 519 1317 552 altitudo
1342 521 1453 562 pedis,
1484 521 1639 552 continua
1663 520 1826 561 planitiei,
1857 533 1917 554 seu
1940 522 2056 565 πεδίῳτ

1075 573 1176 604 saepe
1205 569 1314 595 autem
1344 573 1422 604 pars
1449 564 1582 605 ponitur
1614 574 1675 604 pro
1710 570 1790 595 toto.
1837 564 1912 595 ldeo
1943 566 2056 597 dicunt

1074 605 1366 647 Bellerophontem
1397 607 1481 647 pede
1511 604 1636 644 fracto,
1667 617 1741 638 cum
1774 613 1863 638 esset
1893 618 2056 640 excussus

1074 659 1115 680 ex
1134 648 1283 691 Pegaso,
1308 650 1423 681 urbem
1441 659 1462 681 a
1479 659 1517 680 se
1535 648 1633 680 isthic
1654 650 1837 688 conditam,
1866 651 2057 683 nominasse

1074 691 1224 723 Tarsum.

1161 734 1243 770 Quis
1267 733 1327 766 fuit
1350 734 1596 776 Bellerophon?
1641 734 1714 766 Fuit
1738 734 1946 774 Corinthius,
1970 735 2055 767 tilius

1075 777 1210 811 Glauci,
1245 778 1299 819 qui
1327 777 1387 809 fuit
1416 788 1474 808 rex
1505 776 1559 808 vel
1590 777 1741 808 dominus
1771 777 1937 815 Corinthi,
1972 788 2056 820 quae

1076 820 1153 851 olim
1187 820 1273 851 dicta
1307 819 1367 852 fuit
1400 819 1546 861 Ephyra.
1597 820 1671 851 Fuit
1706 821 1755 851 vir
1796 827 1971 862 praestans
2006 832 2056 852 ro-

1078 864 1157 895 bore
1185 864 1337 904 corporis
1372 870 1405 894 et
1438 863 1545 894 animi.
1591 862 1709 895 Dictus
1739 869 1790 894 est
1819 863 2057 905 Bellerophon-

1075 912 1139 944 teS,
1161 907 1256 947 quasi
1280 907 1372 937 dicas
1396 905 1548 948 galeatus
1573 905 1777 938 interfector.
1814 907 1895 937 Nam
1920 909 2057 947 ρ’ἐλλερος

1076 949 1209 990 antiqua
1232 947 1455 991 appellatione
1484 949 1649 990 significat
1674 948 1822 991 galeam,
1853 950 1914 980 etsi
1938 950 2058 981 Graeci

1076 991 1244 1023 Bellerum
1273 992 1437 1034 quendam
1465 993 1649 1030 nominant,
1678 994 1848 1032 primatem
1872 992 2057 1024 Corinthio-

1077 1045 1160 1073 rum,
1184 1045 1280 1076 quem
1304 1033 1528 1076 Bellerophon
1551 1036 1592 1066 de
1615 1036 1723 1066 medio
1747 1035 1925 1067 sustulerit⁴

1163 1076 1245 1109 Cum
1267 1088 1287 1109 a
1309 1077 1429 1109 Praeto
1453 1077 1654 1119 Argivorum
1678 1088 1757 1120 rege
1781 1085 1938 1120 exceptus
1967 1085 2057 1110 esset

1076 1120 1236 1162 hospitio,
1265 1131 1348 1152 uxor
1371 1120 1481 1152 Praeti
1503 1131 1614 1152 amore
1639 1122 1709 1153 eius
1733 1127 1846 1163 capta,
1877 1120 2057 1153 solicitavit

1075 1173 1149 1195 eum
1173 1164 1215 1195 ad
1238 1170 1407 1205 stuprum,
1437 1170 1469 1194 et
1495 1163 1631 1205 repulsa
1652 1165 1693 1195 ab
1723 1174 1782 1202 eo,
1811 1165 1982 1196 accusavit
2010 1165 2056 1195 in·

1075 1213 1249 1238 nocentem
1273 1207 1359 1248 apud
1382 1207 1551 1245 maritum,
1580 1207 1635 1248 qui
1665 1217 1739 1238 cum
1762 1207 1848 1238 domi
1875 1218 1957 1239 suae
1983 1218 2057 1239 eum

1075 1249 1261 1281 interficere
1283 1248 1398 1288 nollet,
1420 1256 1556 1291 propter
1578 1251 1630 1281 ius
1656 1250 1798 1290 hospitii,
1822 1251 1909 1291 quod
1933 1252 1974 1282 ah
1998 1249 2055 1281 illo

1075 1299 1184 1324 tamen
1208 1291 1366 1324 violatum
1390 1303 1467 1324 esse
1491 1293 1663 1331 credebat,
1691 1294 1777 1324 misit
1801 1303 1874 1324 eum
1898 1294 1940 1324 ad
1963 1303 2056 1325 soce-

1075 1347 1147 1367 rum
1175 1337 1207 1366 in
1235 1336 1389 1377 Lyciam,
1418 1336 1546 1367 traditis
1580 1335 1700 1374 literis,
1735 1337 1853 1377 quibus
1884 1337 2058 1368 iubebatur

1075 1379 1234 1416 interfici,
1267 1380 1354 1410 unde
1382 1380 1592 1420 proverbium
1624 1386 1692 1417 est,
1726 1380 1766 1410 de
1787 1380 1892 1410 literis
1917 1380 2057 1411 Reum-0-

1075 1422 1222 1462 phontis,
1257 1421 1374 1463 quales
1404 1431 1467 1452 nos
1499 1422 1657 1459 dicimus,
1688 1422 1803 1453 literas
1832 1422 1942 1453 Vrsae.
1990 1422 2059 1454 Sed

1076 1463 1250 1506 aliquoties
1274 1465 1316 1495 ad
1339 1462 1491 1495 difficiles
1513 1474 1644 1506 pugnas
1672 1475 1692 1496 a
1721 1475 1800 1506 rege
1823 1465 1946 1506 Lyciae
1969 1464 2057 1497 able-

1077 1513 1190 1548 gatus,
1224 1518 1298 1538 cnm
1327 1517 1458 1548 semper
1486 1507 1596 1539 victor
1624 1508 1784 1545 redisset,
1816 1515 1984 1548 postremo
2016 1508 2058 1539 ad

1077 1550 1283 1581 Chimaeram
1307 1550 1554 1581 interimendam
1572 1551 1695 1582 missus
1726 1557 1786 1582 est.
1834 1551 1937 1586 Quem
1966 1551 2058 1583 labo-

1075 1603 1144 1624 rem
1174 1594 1289 1631 etiam,
1323 1599 1443 1624 nactus
1467 1593 1634 1635 Pegasum
1665 1604 1803 1635 equum,
1837 1592 1976 1626 feliciter
2004 1605 2058 1626 su-

1075 1637 1214 1677 peraw't.

1162 1677 1223 1710 Est
1246 1677 1431 1720 exemplum
1455 1679 1696 1717 continentiae,
1724 1686 1755 1710 et
1784 1678 1987 1710 defensionis
2011 1680 2056 1711 di-

1076 1722 1182 1753 vinae.
1216 1721 1256 1752 Et
1279 1728 1356 1752 sunt
1374 1722 1406 1752 in
1426 1721 1574 1753 historiis
1594 1721 1808 1753 Ethnicoruni
1828 1721 1954 1764 aliquot
1973 1724 2057 1754 eius-

1076 1765 1163 1795 modi
1193 1765 1418 1801 narrationes,
1454 1774 1538 1806 quae
1569 1763 1691 1795 similes
1722 1772 1799 1796 sunt
1827 1765 1986 1796 historiae
2010 1765 2057 1796 lo-

1077 1807 1181 1848 sephi.
1229 1807 1300 1838 Vos
1324 1806 1558 1840 adolescentes
1582 1814 1781 1839 mementote
1806 1809 1866 1839 has
1892 1815 1960 1839 tres
1983 1819 2057 1840 nar-

1076 1851 1234 1881 rationes.

1162 1891 1358 1935 Hippolytus
1395 1892 1481 1925 tilius
1512 1892 1651 1931 Thesei,
1686 1905 1760 1925 cum
1795 1904 1861 1924 non
1895 1904 2058 1926 assensus

1076 1942 1168 1968 esset
1190 1935 1317 1967 mulieri
1344 1936 1545 1977 impudicae,
1576 1946 1742 1968 novercae
1769 1947 1853 1968 suae
1874 1936 2058 1976 Phaedrae,

1076 1986 1256 2012 accusatus
1287 1978 1347 2010 fuit
1378 1980 1466 2020 apud
1500 1986 1644 2020 patrem,
1679 1981 1733 2021 qui
1767 1980 1864 2011 fidem
1896 1979 2057 2012 adhibens

1077 2021 1253 2064 quaerelae
1271 2023 1397 2061 uxoris,
1424 2024 1551 2053 curavit
1571 2033 1654 2061 eum,
1675 2033 1862 2064 quanquam
1882 2023 2058 2062 insontem,

1077 2066 1173 2098 obiici
1203 2064 1368 2106 periculis
1415 2066 1482 2097 Sed
1512 2066 1712 2107 discerptum
1743 2067 1784 2097 ab
1814 2067 1907 2107 equis
1931 2066 2058 2098 Aescu-

1076 2107 1182 2150 lapius
1207 2107 1418 2140 incolumitati
1444 2109 1597 2140 restituit.

1164 2151 1292 2183 Deinde
1317 2150 1457 2190 Peleus,
1486 2162 1505 2183 a
1529 2152 1680 2194 Coniuge
1703 2152 1818 2183 Acasti
1842 2152 1932 2194 regis
1955 2151 2057 2183 Thes-

1077 2193 1240 2233 salorum,
1264 2194 1413 2226 similiter
1435 2196 1477 2226 ad
1501 2201 1649 2235 stuprum
1674 2194 1859 2226 solicitatus
1884 2201 1944 2226 est.
1991 2194 2058 2226 Sed

1077 2249 1151 2270 cum
1176 2244 1366 2269 recusasset
1389 2239 1417 2269 ei
1441 2248 1565 2269 morem
1589 2248 1723 2279 gerere,
1755 2236 1812 2268 illa
1842 2237 1928 2279 apud
1953 2238 2058 2269 virum

1077 2282 1248 2313 criminata
1271 2287 1322 2312 est
1347 2291 1428 2312 eum.
1476 2281 1622 2312 Acastus
1646 2281 1763 2312 obiecit
1787 2291 1858 2311 eum
1880 2282 2057 2319 centauris,

1076 2330 1111 2355 ut
1139 2326 1180 2355 ab
1210 2323 1262 2355 his
1290 2324 1547 2362 interficeretur,
1581 2322 1635 2354 vel
1664 2330 1699 2355 ut
1728 2326 1845 2363 poetae
1876 2322 1974 2365 aliqui
1999 2323 2057 2355 fln-

1077 2374 1175 2408 gunt,
1209 2367 1365 2398 nudatum
1395 2368 1513 2405 armis,
1548 2368 1695 2408 praebuit
1726 2366 1805 2397 feris
1832 2364 2056 2399 lacerandum.

1076 2411 1149 2441 Fuit
1177 2419 1286 2442 autem
1314 2411 1342 2441 ei
1372 2409 1501 2452 gladius
1530 2417 1705 2450 porrectus
1734 2420 1754 2439 a
1778 2409 1961 2447 Mercurio,
1990 2420 2055 2451 quo

1076 2464 1114 2485 se
1137 2453 1292 2485 defendit.

1162 2497 1271 2528 Tertia
1306 2498 1451 2528 narratio
1487 2504 1537 2527 est
1572 2496 1612 2526 de
1647 2493 1922 2536 Bellerophonte,
1960 2506 2056 2536 quem

1077 2539 1219 2571 foemina
1238 2539 1375 2577 lasciva,
1400 2550 1481 2569 uxor
1502 2539 1619 2576 Praeti,
1644 2537 1730 2569 salso
1753 2540 1935 2575 accusavit,
1960 2539 2054 2580 quasi

1076 2589 1190 2614 contra
1223 2584 1273 2613 ius
1305 2583 1435 2622 hospitii
1464 2582 1526 2612 xim
1558 2582 1586 2612 ei
1618 2580 1737 2612 inferre
1769 2581 1940 2612 voluisset.
1986 2580 2055 2613 Sed

1076 2626 1240 2666 superatis
1269 2624 1424 2665 periculis
1460 2625 1629 2662 omnibus,
1666 2635 1722 2656 rex
1750 2624 1875 2665 Lyciae
1901 2625 2056 2655 virtutem
