2324 2958
41 178 108 212 545

42 273 111 306 litia
140 278 210 304 tota
239 268 418 307 deleretur,
450 267 541 299 iuxta
569 264 706 296 dictum:
744 264 813 294 Non
843 265 1012 302 auferetur

41 321 202 357 sceptrum
223 315 263 346 de
285 313 376 351 Iuda,
404 311 505 343 donec
526 307 649 340 venerit
670 304 771 345 Sz'loh‚
800 305 832 336 id
855 311 918 343 est,
943 302 1012 336 Sal-

43 365 149 391 vator.
191 356 310 388 Latina
331 350 494 385 vocabula
514 353 604 383 salus
625 355 658 381 et
679 351 795 382 calmae,
819 354 852 379 et
874 348 1014 379 salvator

44 405 231 444 congruunt
253 407 328 429 cum
350 396 482 427 nomine
503 395 609 431 Silolz,
642 392 731 433 quod
765 390 928 433 significat
959 390 1013 420 da-

42 450 146 476 torem
167 438 302 476 salutis,
334 439 389 481 qui
418 447 483 469 non
506 436 670 473 umbram,
704 433 764 464 sed
792 443 904 464 veram
927 431 1014 463 salu-

45 493 111 519 tem
133 484 234 517 affert.

727 165 945 201 POS'HLLA
961 163 1313 197 MELANTHONIAN
1316 164 1356 195 A.

1972 161 2035 194 546

1066 264 1213 300 ruptum,
1247 262 1279 288 et
1310 262 1401 288 recte
1428 256 1584 288 utentium
1617 256 1858 294 Sacramentis,
1897 256 1929 288 in
1993 267 2036 289 uo

1065 307 1164 333 coetu
1182 299 1276 332 Deus·
1298 305 1350 331 est
1369 297 1491 331 efficax
1521 309 1580 340 per
1609 300 1820 331 ministerium
1850 298 1988 342 Evange
2003 300 2034 338 ii,

1065 350 1098 376 et
1119 341 1250 385 aliquos
1273 347 1460 384 regenerat,
1489 347 1521 372 et
1548 342 1691 373 vivificat
1728 342 1792 373 vita
1821 348 1973 381 aeterna,
2004 349 2037 374 et

1065 392 1141 418 sunt
1163 392 1271 417 tamen
1298 385 1331 416 in
1354 394 1393 416 eo
1417 390 1514 415 coetu
1535 383 1628 415 multi
1655 394 1721 415 non
1753 385 1875 425 sancti,
1909 385 1970 417 sed
1995 386 2036 417 de

1067 429 1216 462 doctrina
1239 427 1493 460 consentientes.

1151 471 1245 503 Hanc
1267 469 1487 501 definitionem
1510 475 1641 510 oportet
1667 476 1776 500 notam
1805 480 1893 508 esse,
1922 476 1954 501 et
1981 471 2036 503 de-

129 525 255 558 Politici
288 522 400 566 Reges
433 532 499 554 non
532 526 671 562 possunt
705 519 786 550 dare
815 516 954 549 salutem
982 522 1014 548 et
1038 526 1039 530 ¹
1066 516 1181 547 bemus
1210 513 1275 545 hoc
1304 513 1491 544 firmissime
1518 518 1647 549 tenere,
1677 513 1764 552 quod
1793 511 1856 550 illi,
1892 513 1947 554 qui
1970 522 2036 545 non

45 580 156 602 veram
173 567 368 604 libertatem,
390 566 454 597 imo
474 575 510 595 se
528 564 620 605 ipsos
637 560 768 593 salvare
785 570 849 591 non
861 565 1013 602 possunt.

44 612 193 648 Quantus
218 609 289 641 Rex
316 607 375 640 fuit
398 607 530 650 Cyrus?
560 611 593 637 et
620 611 745 641 tamen,
782 613 880 645 quam
909 603 1013 633 tristis

42 654 103 687 fuit
131 654 200 685 eius
234 652 356 689 exitus,
390 651 418 681 si
449 651 493 682 ita
513 649 628 689 periit,
662 648 746 678 sicut
775 652 887 677 narrat
913 645 1015 676 Hero-

43 697 151 729 dotus.
205 695 377 736 Augustus
412 692 522 723 floruit
555 701 661 732 usque
695 690 736 721 ad
764 695 920 726 mortem,
954 687 1014 718 sed

44 746 150 771 tamen
173 738 319 769 moritur.
376 734 472 767 Solus
496 733 639 765 Messias
668 739 719 763 est
752 732 854 771 Siloh,
887 731 920 762 id
954 735 1014 768 est,

42 781 212 819 liberator,
235 780 289 821 qui
312 779 368 810 dat
390 783 525 809 aeterna
549 778 645 807 bona.

129 823 258 855 Deinde
281 822 380 853 etiam
413 826 522 851 stante
545 817 660 860 politia
693 817 805 848 debuit
838 816 1013 857 promissio

45 867 87 899 de
118 863 282 907 corporali
321 863 474 895 libertate
512 862 705 893 ludaeorum
745 858 900 900 intelligi,
941 868 1014 890 cum

44 909 236 950 exceptione
270 907 498 948 castigationis
532 911 565 936 et
594 904 714 936 crucis.
770 902 879 934 ludaei
912 901 1014 932 habe-

44 953 122 984 bant
154 950 297 982 humana
332 947 493 985 consilia3
532 946 689 978 volebant
723 956 761 977 se
794 954 946 976 asserere
981 942 1013 974 in

42 993 243 1031 libertatem,
283 998 315 1024 et
347 998 502 1023 excutere
536 991 645 1032 iugum
680 989 921 1024 Romanorum,
954 985 1014 1017 sed

42 1037 241 1069 aberrabant
274 1046 294 1067 a
328 1045 407 1066 vero
440 1032 610 1065 intellectu
649 1031 904 1074 promissionum
942 1038 1015 1060 cor-

43 1078 214 1121 poralium.

197 1182 484 1237 Disputatio
532 1181 591 1220 de
629 1178 859 1219 Ecclesia.

130 1275 210 1306 Post
243 1272 494 1314 disputationem
529 1271 569 1302 de
602 1269 770 1306 libertate,
807 1268 956 1310 sequitur
984 1267 1016 1298 in

43 1317 254 1360 praecedenti
278 1321 368 1346 textu
390 1313 567 1355 disputatio
589 1313 630 1345 de
653 1312 816 1343 Ecclesia.
863 1310 1016 1342 Christus

45 1360 196 1393 concedit
215 1359 354 1390 ludaeos
385 1367 462 1389 esse
496 1366 609 1387 semen
643 1354 800 1386 Abrahae
833 1353 1016 1384 secundum

45 1412 196 1439 carnem,
230 1401 288 1432 sed
311 1405 411 1441 negat
434 1405 666 1439 persecutores
690 1398 757 1435 sui,
792 1403 825 1428 et.
848 1396 1017 1427 doctrinae

44 1455 126 1477 suae
159 1453 235 1475 esse
268 1443 414 1474 membra
448 1451 545 1472 verae
576 1439 761 1472 Ecclesiae.
806 1440 844 1470 Si
867 1439 1018 1470 Abrahae

43 1489 105 1527 filii
135 1487 260 1525 essetis,
293 1485 414 1526 inquit,
447 1482 573 1515 scilicet
605 1493 721 1514 revera
755 1488 788 1513 et.
819 1482 851 1513 in
886 1481 1015 1522 spiritu:

42 1530 198 1570 faceretis*
219 1538 317 1568 opera
348 1528 500 1558 Abrahae.
555 1526 649 1556 Item:
687 1524 726 1557 Si
756 1524 859 1555 Deum
887 1527 1016 1563 patrem

44 1572 211 1611 haberetis,
234 1570 452 1609 agnosceretis
473 1569 650 1601 doctrinam
673 1578 782 1599 meam.
837 1568 891 1598 Vos
913 1570 1017 1598 autem

44 1615 123 1646 estis
145 1623 188 1645 ez·
206 1617 302 1653 patre
324 1611 469 1643 Diabolo.

130 1655 191 1687 Hic
213 1660 379 1696 repetatur
407 1653 551 1685 delinitio
586 1652 770 1684 Ecclesiae.
827 1652 1015 1683 Statuamus

45 1704 136 1732 certo
159 1708 236 1730 esse
257 1696 399 1738 aliquam
418 1695 601 1728 Ecclesiam
625 1695 776 1726 omnibus
800 1694 1014 1734 temporibus,

46 1747 78 1773 et
101 1751 184 1782 quae
207 1750 247 1771 ac
270 1738 375 1781 apalis
397 1737 453 1770 illa
476 1740 529 1776 sit,
560 1736 734 1780 diligenter
757 1737 1013 1768 consideremus

46 1783 129 1815 Cum
162 1783 311 1814 videmus
341 1792 480 1823 magnas
512 1779 588 1812 illas
630 1779 844 1812 eonfusiones
883 1780 1016 1820 generis

45 1827 189 1864 humani,
221 1835 287 1855 non
310 1830 420 1865 potest
441 1823 523 1862 fieri,
557 1824 634 1865 quin
669 1823 874 1854 offendantur
907 1822 1015 1853 animi.

45 1868 104 1900 Sic
126 1869 210 1899 enim
234 1868 432 1909 cogitamus:
455 1865 559 1898 Tanta
582 1872 633 1897 est
651 1864 821 1898 multitudo
844 1865 1015 1906 impiorum

45 1911 223 1947 hominum,
247 1916 337 1941 tanta
356 1909 531 1940 diversitas
565 1909 770 1950 opinionum,
805 1914 870 1938 tam
903 1908 1016 1939 variae

46 1960 173 1985 sectae:
197 1952 275 1984 ltem
295 1954 326 1983 in
351 1950 406 1982 illo
430 1952 502 1992 ipso
526 1958 631 1986 coetu,
660 1952 714 1993 qui
744 1951 932 1982 nominatur
953 1949 1016 1982 Ec-

47 1995 160 2034 clesia,
182 2002 229 2027 tot
245 2002 320 2026 sunt
345 1995 494 2025 dissidia:
516 1994 618 2025 Estne
641 2004 721 2035 ergo
748 1993 858 2034 aliqua
876 2004 1016 2035 congre-

47 2039 147 2113 gatio,
170 2049 254 2080 quae
277 2048 395 2069 revera
420 2044 469 2068 est
494 2035 644 2068 Ecclesia
666 2036 746 2075 Dei,
780 2038 813 2067 in
835 2046 900 2078 qua
923 2036 1016 2067 Deus

70 2082 188 2119 abitat‚
222 2087 253 2112 et
288 2081 320 2111 in
355 2090 419 2121 qua
449 2080 608 2111 habitabit
636 2080 670 2111 in
698 2080 785 2111 omni
813 2079 1017 2117 aeternitate,

48 2124 99 2156 cui
112 2124 363 2155 communicabit
382 2133 474 2154 suam
487 2122 599 2161 vitam,
623 2122 827 2163 sapientiam,
850 2123 1016 2160 iustitiam,

49 2167 201 2198 laetitiam
225 2172 257 2198 et
279 2165 385 2197 lucem
409 2171 584 2198 aeternam.

131 2208 241 2241 Valde
264 2207 396 2241 difficile
425 2215 473 2239 est
498 2209 639 2239 retinere
661 2206 747 2239 hanc
777 2207 1017 2246 assensionem,

48 2254 124 2294 quia
157 2262 259 2294 grave
291 2258 343 2283 est
376 2249 567 2282 scandalum
597 2249 809 2282 multitudinis
832 2251 1016 2291 impiorum,

47 2296 122 2327 item
145 2295 354 2327 dissidiorum
383 2295 467 2325 inter
489 2292 565 2325 illos
594 2294 703 2334 ipsos,
726 2294 781 2335 qui
810 2294 1018 2325 nominantur

47 2337 200 2370 Ecclesia
230 2337 303 2369 Dei.
361 2337 535 2368 Adversus
568 2335 651 2367 haec
691 2334 849 2368 scandala
887 2342 1018 2377 oportet

49 2390 110 2412 uos
140 2382 223 2412 bene
262 2380 402 2412 munitos
438 2389 524 2411 esse.
580 2378 632 2410 Ac
665 2377 827 2420 loquimur
861 2389 947 2411 nunc
978 2379 1018 2411 de

48 2422 200 2455 Ecclesia
223 2422 351 2454 visibili.

152 2526 260 2578 Quid
289 2536 350 2568 est
377 2528 496 2581 igitur
524 2526 698 2567 Ecclesia
727 2526 914 2568 visibilis?

135 2608 196 2641 Est
225 2615 337 2641 coetus
371 2609 634 2650 amplectentium
664 2607 880 2652 Evaugelium
913 2610 1020 2641 incor-

202 2677 346 2697 UssLANTH.
356 2677 435 2697 ¹)i’1111.
452 2677 513 2696 VOln.
527 2676 594 2696 XXIV

1066 565 1142 590 sunt
1164 558 1197 588 in
1221 562 1318 589 coetu
1341 562 1546 593 vocatorum,
1572 565 1638 585 non
1662 556 1727 586 sint
1756 556 1900 586 membra
1921 554 2037 588 Eccle-

1067 601 1136 632 siae
1158 599 1232 631 Dei.
1277 598 1362 630 Sunt
1390 605 1499 629 autem
1525 597 1635 629 vocati
1665 598 1719 639 qui
1749 603 1887 628 externa
1909 597 2037 639 profes-

1066 644 1160 675 sione
1182 642 1347 683 accipiunt
1376 641 1577 678 doctrinam,
1611 640 1683 671 sive
1711 641 1776 671 sint
1805 641 1930 678 sancti,
1966 642 2038 673 sive

1066 696 1132 717 non
1170 686 1235 716 sint
1270 685 1394 722 sancti,
1433 683 1532 715 modo
1569 683 1609 714 de
1633 683 1782 721 doctrina
1818 684 2035 715 consentiant.

1066 729 1134 760 Sed
1169 728 1434 759 contradicentes
1467 724 1664 767 Evangelio,
1700 736 1760 757 seu
1789 724 1904 756 hostes
1925 736 2036 767 perse-

1067 777 1205 813 quentes
1227 769 1457 811 Evangelium,
1489 778 1555 799 non
1579 774 1656 799 sunt
1684 769 1829 800 membra
1852 767 2035 807 Ecclesiae,

1066 824 1109 845 ne
1142 814 1271 855 quidem
1311 810 1450 844 visibilis
1490 809 1672 842 Ecclesiae.
1739 810 1831 843 Sicut
1870 811 1924 842 hic
1961 812 2036 843 dicit

1067 856 1236 888 Christus:
1267 857 1322 888 Vos
1344 865 1383 886 ez·
1402 859 1497 895 patre
1518 853 1656 886 Dz'abolo
1679 855 1766 886 estis.

1153 899 1285 930 Certum
1321 904 1372 929 est
1399 898 1515 939 igitur,
1553 897 1639 938 qnod
1670 903 1902 938 persecutores
1930 896 2038 928 Evau-

1068 941 1144 983 gelii
1168 952 1234 973 non
1257 942 1323 972 sint
1352 941 1499 972 membra
1521 937 1710 971 Ecclesiae.
1739 940 1864 971 etiamsi
1893 939 2038 971 iactitant

1068 984 1194 1016 titulum
1217 982 1391 1015 Ecclesiae
1417 989 1453 1014 ut
1483 982 1654 1013 Pharisaei
1680 990 1712 1013 et
1738 983 1918 1019 saducaei,
1952 981 2038 1017 Quia

1067 1026 1222 1059 Ecclesia
1261 1037 1329 1057 non
1363 1033 1413 1057 est
1452 1035 1574 1066 corpus
1608 1023 1799 1066 politicum,
1832 1025 1918 1056 sicut
1951 1035 2039 1057 nunc

1069 1071 1164 1101 etiam
1197 1069 1416 1111 imaginantur
1445 1066 1553 1109 aliqui.
1617 1068 1699 1099 Cum
1732 1068 1844 1099 vident
1879 1068 2039 1099 dominari

1069 1112 1191 1154 Papam
1213 1118 1268 1143 aut
1291 1111 1489 1152 Episcopos,
1514 1111 1660 1152 cogitant
1680 1121 1739 1142 eos
1754 1120 1832 1142 esse
1844 1109 2040 1149 Ecclesiam,

1068 1162 1204 1197 propter
1239 1154 1377 1196 gradum
1413 1160 1469 1185 aut
1508 1154 1655 1185 ordinem
1693 1154 1870 1195 dignitatis.
1938 1153 2040 1194 Atqui

1070 1199 1160 1240 Papa
1191 1204 1223 1229 et
1252 1197 1408 1238 Episcopi
1438 1202 1683 1238 persequuntur
1712 1195 1942 1238 Evangeliimiz
1978 1196 2040 1227 Ec·

1070 1240 1172 1272 clesia
1209 1247 1319 1272 autem
1353 1246 1404 1271 est
1445 1249 1548 1280 penes
1584 1249 1667 1277 eos,
1708 1240 1762 1281 qui
1798 1238 2040 1280 amplectuntur

1067 1283 1292 1325 Evangelium.

1154 1326 1195 1357 Et
1217 1325 1302 1357 haec
1326 1331 1375 1356 est
1399 1324 1456 1356 illa
1478 1325 1617 1362 veritam,
1649 1325 1690 1356 de
1713 1335 1777 1366 qua
1801 1324 1954 1356 Christus
1975 1324 2040 1356 dis-

1068 1375 1161 1410 putat
1184 1374 1300 1400 contra
1323 1368 1540 1399 Pharisaeos=
1571 1369 1639 1408 Eyo
1669 1368 1739 1399 (lae'co
1761 1368 1847 1399 vobis
1870 1368 2039 1407 ceritatem,

1069 1423 1123 1444 vos
1144 1416 1248 1444 autem
1275 1421 1340 1443 non
1369 1412 1502 1443 medicis
1523 1411 1609 1442 mila:
1667 1409 1781 1442 Solum
1810 1410 1874 1441 Dei
1903 1411 2040 1442 verbum

1069 1461 1120 1486 est
1142 1455 1274 1494 veritas,
1297 1460 1329 1485 et
1358 1455 1534 1495 opponitur
1562 1453 1741 1485 mendaciis
1766 1452 1913 1491 Diaboli,
1943 1462 2041 1494 quem

1069 1497 1221 1529 Christus
1233 1497 1288 1528 hic
1300 1503 1395 1528 vocat
1404 1501 1539 1537 patrem.
1563 1496 1594 1526 id
1609 1502 1670 1534 est,
1693 1502 1863 1528 auctorem
1878 1496 2040 1529 mendacii.

1069 1662 1150 1702 Sed
1187 1662 1219 1701 si
1255 1661 1440 1716 Episcopi
1485 1668 1527 1701 et,
1566 1660 1782 1701 Pontifices
1825 1676 1905 1702 non
1949 1668 2042 1702 sunt

1068 1738 1261 1788 Ecclesia,
1306 1738 1519 1792 ,quomodo
1558 1737 1734 1778 Ecclesia
1778 1752 1864 1778 esse
1907 1743 2042 1793 potest

1377 1822 1514 1855 coetus
1545 1813 1735 1857 visibilis?

1154 1922 1365 1964 Respondeo.
1411 1924 1502 1955 Sicut
1532 1921 1650 1954 schola
1678 1929 1730 1955 est
1759 1921 1888 1955 visibile
1910 1932 2042 1964 corpus,

1069 1972 1101 1998 et
1124 1972 1173 1997 est
1201 1973 1316 1998 coetus
1346 1967 1560 2004 discentium,
1595 1976 1661 1997 non
1693 1972 1745 1997 est
1781 1972 1888 1997 autem
1925 1972 2042 1998 coetus

1068 2008 1167 2050 plane
1189 2009 1334 2047 otiosus,
1361 2020 1402 2040 ac
1424 2008 1526 2040 multo
1557 2009 1664 2041 minus
1694 2015 1809 2040 coetus
1838 2018 2041 2050 persequens

1070 2052 1178 2083 studia
1208 2051 1388 2083 hostiliter:
1423 2052 1470 2083 lta
1500 2052 1595 2083 etiam
1630 2050 1783 2083 Ecclesia
1817 2058 1867 2083 est
1902 2049 2041 2083 visibilis

1070 2101 1197 2132 coetuS,
1220 2095 1280 2126 sed
1300 2093 1563 2135 amplectentium
1582 2093 1809 2137 Evangehum,
1833 2104 1898 2125 non
1920 2094 2040 2126 haben-

1069 2139 1147 2169 tium
1171 2137 1322 2169 hostilem
1346 2138 1487 2169 animum
1510 2138 1674 2169 adversus
1698 2138 1891 2169 doctrinam.

1070 2303 1310 2344 Defensio
1340 2303 1599 2344 doctrinae
1635 2302 1833 2344 Christi
1869 2308 2039 2342 eontra

1268 2380 1482 2421 Iudaeos
1512 2379 1840 2420 adversarios.

1158 2480 1328 2521 Repetitur
1361 2486 1470 2511 autem
1501 2479 1532 2509 in
1563 2478 1730 2519 praesenti
1760 2487 1908 2519 quoque,
1946 2484 2040 2510 textu

1070 2525 1275 2555 asseveratio
1307 2524 1348 2554 de
1380 2523 1518 2553 veritate
1540 2521 1729 2558 doctrinae,
1762 2521 1836 2562 quia
1867 2532 1939 2553 cum
1962 2521 2040 2553 dicit

1072 2566 1239 2598 Christus:
1266 2567 1341 2604 Quis
1364 2576 1405 2596 ea:
1427 2565 1513 2596 robis
1535 2568 1647 2603 arquet
1672 2574 1718 2594 me
1738 2565 1778 2595 de
1794 2569 1941 2605 peccato,
1971 2574 2038 2596 non

1072 2607 1215 2650 loquitur
1248 2610 1281 2640 in
1314 2617 1453 2651 genere:
1491 2607 1553 2638 etsi
1590 2606 1654 2638 hoc
1677 2617 1808 2648 quoque
1842 2617 1954 2639 verum
1977 2614 2040 2645 est,

1681 2667 1712 2692 35
