2324 2958
101 176 162 208 137

97 270 237 303 suasorii
270 275 303 300 ut
338 266 603 304 consolationes,
645 272 675 296 et
716 264 980 296 adhortationes:
1015 271 1070 297 aut

97 314 229 357 generis
252 309 453 350 didascalici,
477 308 531 340 vel
544 307 804 345 demonstrativi,
829 307 914 342 Quia
938 309 1070 339 demon-

97 357 267 388 strativum
292 363 394 395 genus
419 353 521 383 oritur
544 362 583 382 ex
608 349 818 382 didascalico.

183 398 218 430 Si
243 396 392 429 volumus
419 394 517 437 paulo
541 393 638 425 altius
669 393 786 431 ordiri,
826 392 869 423 ita
892 403 1070 434 possumus

97 442 286 473 discernere
318 437 469 470 Psalmos
507 437 689 469 secundum
723 436 875 467 materias
911 436 1069 468 diversas.

97 484 162 516 Alii
186 489 261 515 sunt
280 481 417 524 legaleS‚
443 479 498 512 alii
520 477 725 521 Evangelici.
778 478 862 509 Nam
892 485 926 508 ut
954 477 1069 509 Eccle-

96 528 166 558 siae
190 527 339 558 doctrina
357 525 511 556 universa
538 523 570 554 in
599 523 681 553 duas
711 528 824 562 partes
855 521 1069 559 distribuitur,

97 571 128 601 in
152 568 259 611 legem
289 575 321 600 et
351 566 580 608 Evangelium,
615 565 669 596 Sic
704 571 735 595 et
770 563 894 595 Psalmi
922 565 962 594 ad
987 563 1070 594 haec

95 622 222 644 summa
251 621 374 654 genera
405 609 520 641 referri
553 613 704 649 possunt.
760 605 825 638 Alii
854 606 961 649 magis
992 617 1067 638 6011-

95 656 198 687 tinent
221 655 401 685 doctrinam
423 652 520 695 legis,
543 651 575 682 id
599 657 660 688 est,
690 656 870 691 praecepta
897 657 927 680 et
951 649 1070 681 adhor-

95 698 251 729 tationes:
292 695 355 727 Alii
379 697 483 738 magis
523 695 778 734 interpretantur
817 693 1069 733 promissionem

96 741 137 772 de
161 739 305 778 Chrism,
330 749 414 781 quae
436 743 487 769 est
510 738 642 779 propria
667 735 849 777 Evangelii.

182 783 266 814 Huic
299 781 498 813 distinctioni
531 780 724 811 501016101οι-
753 780 816 809 iam
839 776 953 810 altera.
1006 777 1070 808 Alii

95 832 173 859 sunt
197 825 327 868 generis
350 824 505 862 suasorii,
528 830 563 855 ut
586 823 640 864 qui
657 822 895 853 concionantur
914 821 954 852 de
973 821 1069 852 bonis

93 869 260 910 operibus,
284 873 339 899 aut
362 865 578 898 consolantur
597 867 670 906 pios
694 865 725 895 in
745 863 991 902 afflictionibus,
1015 869 1071 894 aut

93 912 261 944 continent
293 911 480 952 petitiones.
546 907 612 940 Alii
649 917 787 949 prorsus
826 907 990 949 pertinent
1027 907 1070 937 ad

91 964 198 996 genus
221 953 428 985 διδασκαλικὸν
452 963 512 984 seu
531 951 835 988 demonstrativum,
858 956 891 981 ut
905 948 1069 987 Psalmus,

91 997 188 1028 DAz-it
216 997 394 1033 Dominus,
429 996 484 1038 qui
508 1001 560 1026 est
592 994 818 1035 interpretatio
841 993 1070 1034 promissionis

94 1040 136 1072 de
159 1039 307 1071 Christo:
333 1039 416 1074 Quia
439 1039 504 1070 1106
528 1044 579 1069 est
601 1037 812 1078 praecipuum
835 1035 1070 1076 prophetarum

94 1081 251 1121 officium,
274 1088 309 1113 ut
332 1083 397 1112 sint
419 1087 523 1113 testes
548 1081 589 1112 de
606 1086 745 1111 venturo
758 1078 894 1116 messia,
917 1084 949 1109 et
971 1078 1070 1109 inter-

93 1131 205 1167 pretes
240 1125 490 1157 ironiissionum.

179 1137 268 1198 Talis
293 1173 343 1198 est
367 1173 398 1198 et
422 1165 574 1197 l’salmus
597 1165 641 1203 2.,
665 1162 1068 1205 videlicetEvangelicus,

93 1216 125 1242 et
149 1208 350 1241 doctrinalis.
396 1209 457 1240 Est
481 1209 565 1239 enim
584 1206 770 1249 prophetia,
794 1212 826 1238 et
849 1207 1070 1245 asseveratio,

93 1253 181 1294 quod
204 1259 362 1283 venturus
386 1253 429 1283 sit
452 1251 609 1289 Messias,
633 1256 666 1282 et
689 1248 784 1280 simul
804 1249 964 1287 1106111110,
995 1250 1069 1291 quis

92 1306 134 1328 ac
157 1294 263 1337 qualis
287 1297 329 1326 sit
356 1294 497 1332 futurus,
521 1294 610 1336 quod
633 1294 676 1325 sit
699 1294 770 1324 eius
793 1292 955 1330 officium,
986 1303 1070 1334 quae

92 1339 135 1370 sit
167 1338 277 1369 futura
309 1349 375 1369 vox
410 1337 602 1375 doctrinae,
641 1336 808 1377 quomodo
842 1337 885 1366 sit
917 1334 1070 1367 facienda

91 1380 268 1423 applicatio
315 1380 552 1412 beneficiorum
592 1378 749 1410 Messiae'.
823 1378 915 1410 Haec
960 1379 1070 1410 omnia

93 1422 321 1464 complectitur
339 1423 501 1460 breviter,
528 1422 611 1457 Quia
634 1420 737 1452 refert
759 1431 797 1452 se
824 1422 865 1452 ad
889 1420 972 1452 alias
995 1432 1070 1462 pro-

91 1466 238 1508 phetias,
268 1476 350 1507 quas
384 1471 515 1507 oportet
547 1465 642 1496 etiam
665 1473 728 1495 nos
752 1464 783 1494 in
806 1463 948 1506 legendo
973 1463 1070 1495 simul

93 1509 324 1546 considerare,
359 1509 442 1539 sicut
476 1506 708 1539 universaliter
738 1507 769 1537 in
793 1507 950 1538 brevibus
975 1507 1070 1537 dictis

92 1556 223 1592 oportet
250 1561 313 1581 nos
348 1551 498 1592 cogitare
532 1551 573 1581 de
592 1549 869 1591 promissionibus
904 1560 969 1581 non
1004 1560 1069 1581 uno

91 1599 240 1634 tempore
263 1593 411 1630 traditis,
439 1599 473 1625 ut
496 1592 593 1624 simul
615 1591 793 1634 complecti
824 1591 947 1624 multos
970 1591 1068 1624 locos

92 1638 269 1669 universae
293 1636 473 1667 doctrinae.

177 1679 230 1710 De
240 1689 383 1720 persona
394 1678 541 1710 Messiae
560 1678 669 1715 docet,
691 1678 779 1719 quod
800 1688 866 1708 non
883 1684 1008 1709 tantum
1027 1678 1071 1709 sit

91 1723 124 1753 in
137 1732 177 1754 eo
188 1722 462 1760 naturahumana,
474 1727 510 1753 ut
522 1722 553 1752 in
564 1720 704 1758 Davide,
717 1720 908 1759 Salomone,
923 1727 974 1752 set
982 1721 1070 1762 quod

93 1765 137 1796 sit
149 1766 245 1796 etiam
257 1763 342 1795 filius
354 1764 426 1796 Dei.
449 1764 502 1795 De
514 1762 626 1795 officio
639 1764 837 1805 eiusinquit,
857 1764 946 1805 quod
959 1764 1001 1794 sit
1019 1764 1068 1795 fu-

91 1813 184 1839 turus
196 1818 264 1838 rex.
289 1807 331 1838 Et
342 1818 382 1838 ne
394 1807 467 1849 quis
479 1813 569 1848 putet
581 1806 724 1838 futurum
737 1817 875 1848 regnum
888 1806 1069 1848 politic-im,

91 1851 194 1888 addit,
218 1851 305 1892 quod
319 1849 372 1881 hie
390 1851 462 1891 ipse
479 1861 537 1882 rex
549 1849 678 1881 futurus
691 1850 733 1880 sit
751 1850 880 1881 doctor.
909 1850 1009 1881 Addit
1028 1850 1068 1881 de

91 1903 195 1935 regno
218 1895 290 1925 eius
314 1893 528 1935 propagando
549 1893 635 1924 inter
656 1898 784 1934 gentes.
818 1892 859 1923 Et
881 1892 1070 1933 pronuntiat

91 1937 227 1974 beatos,
251 1937 305 1978 qui
336 1936 503 1967 confidunt
532 1937 564 1967 in
595 1946 654 1973 eo,
689 1936 719 1966 id
744 1942 806 1973 est,
830 1936 946 1974 docet,
980 1937 1069 1978 quod

92 1978 253 2011 beneficia
276 1978 418 2010 Messiae
441 1978 504 2010 fide
522 1977 736 2020 applicentur.

178 2021 250 2053 Hoc
264 2029 312 2053 est
327 2027 565 2063 argumentum,
588 2021 671 2052 haec
684 2032 810 2052 summa
824 2020 956 2059 Psalmi,
980 2022 1068 2063 quod

92 2064 133 2096 ad
152 2064 354 2106 principales
380 2065 533 2096 materias
551 2065 676 2096 attinet.
717 2065 784 2096 Sed
807 2065 839 2095 in
864 2065 1013 2102 exordio,
1036 2071 1068 2096 et

92 2116 166 2148 post
178 2108 399 2139 narrationem
413 2108 454 2139 de
467 2117 609 2147 persona
622 2114 653 2139 et
665 2107 776 2139 officio
789 2107 945 2146 Messiae,
968 2108 1068 2139 habet

92 2150 232 2181 affectus
256 2151 421 2192 insigues,
452 2151 696 2192 obiurgationes
726 2157 759 2182 et
782 2151 1066 2182 comminationes,

179 2193 245 2224 Sed
279 2191 469 2234 principalis
504 2194 647 2224 narratio
681 2194 886 2235 potissimum
915 2195 1066 2225 conside-

91 2236 194 2266 randa
217 2243 278 2267 est.
335 2236 375 2267 Et
399 2236 529 2277 quoties
561 2236 601 2266 de
633 2247 756 2278 genere
779 2236 902 2268 Psalmi
925 2236 1064 2268 alicuius

90 2279 269 2319 quaeritur,
292 2280 469 2319 praecipue
493 2279 599 2320 agitur
628 2280 667 2310 de
690 2286 901 2321 argumento,
931 2281 972 2311 de
991 2279 1066 2319 fine,

92 2322 133 2352 de
157 2320 306 2353 consilio.
354 2322 434 2352 'Nam
466 2322 537 2352 ideo
568 2322 798 2354 discernuntur
826 2333 949 2365 genera
973 2322 1065 2353 Psal-

89 2374 228 2403 morum,
252 2370 285 2395 ut
310 2364 392 2395 fines
416 2363 618 2406 singulorum
643 2364 883 2407 intelligantur,
914 2365 978 2397 1106
1003 2372 1065 2403 est,

89 2413 125 2438 ut
148 2407 233 2438 sciat
256 2406 372 2443 lector,
397 2408 472 2448 quid
498 2408 683 2445 instituerit,
716 2409 747 2439 id
771 2417 837 2447 est,
872 2410 949 2450 quid
985 2408 1061 2439 velit

90 2449 211 2480 docere
246 2449 298 2481 vel
333 2449 466 2481 efficere
501 2450 642 2491 Spiritus
682 2458 817 2483 sanctus
857 2453 887 2483 in
922 2451 1062 2495 singulis

89 2491 240 2530 Psalmis,
264 2500 295 2524 et
319 2500 353 2524 ut
377 2492 483 2524 166101
518 2494 743 2525 accommodet
772 2502 911 2526 mentem
941 2502 971 2526 et
1003 2506 1062 2526 cor

88 2535 131 2565 ad
150 2533 239 2566 illum
264 2543 405 2574 motum,
440 2537 492 2577 qui
523 2537 732 2577 proponitur,
760 2537 974 2578 amplectatur
997 2538 1061 2570 fide

89 2578 294 2616 doctrinam,
342 2587 540 2620 expavescat
581 2579 722 2610 lectione
762 2582 1059 2619 comminationum,
1085 2585 1089 2625 1

782 171 998 203 PosTtLLA
1020 170 1417 203 MELANTHONIANA.

2039 174 2099 207 1:38

1124 270 1275 305 expectet
1303 265 1534 307 mitigationem
1569 266 1804 306 calamitatum,
1837 266 2021 299 Meminerit
2052 269 2100 300 in-

1122 308 1230 349 signia
1253 309 1438 339 testimonia
1461 309 1650 350 dogmatum
1672 310 1856 351 Ecclesiae,
1881 311 1923 342 ad
1946 310 2099 342 alendam

1123 357 1155 382 et
1178 351 1438 382 confirmandam
1457 351 1565 382 fidem.

1207 392 1315 424 Habet
1350 404 1423 425 cum
1458 404 1580 436 genere
1600 395 1802 428 didascalico
1831 402 1863 427 61
1892 396 2098 427 demonstra-

1122 436 1188 467 tivo
1222 446 1375 478 magnam
1410 435 1602 469 affinitatem
1635 444 1741 469 status
1775 439 1919 470 finitivus
1953 439 2096 479 ὁρισικός,

1123 478 1206 514 Quia
1229 480 1448 518 narrationes,
1473 482 1758 519 asseverationes,
1789 482 1997 513 definitiones
2021 488 2098 513 sunt

1123 521 1278 563 ὁριστικαί.
1305 522 1414 563 Atque
1426 523 1471 554 ita
1485 523 1636 555 dicimus:
1649 523 1828 564 Responde
1842 525 1915 556 mihi
1929 525 2097 566 ὸρισιικῶς,

1122 564 1154 595 id
1178 570 1246 602 est,
1281 565 1487 607 categorice,
1523 574 1780 605 asseveranter,
1815 567 1988 599 definitive.
2041 568 2098 599 Sic

1122 607 1222 648 igitur
1256 613 1288 638 ct
1317 608 1371 639 hic
1399 607 1552 640 Psalmus
1584 615 1634 640 est
1663 615 1769 640 status
1794 609 1918 641 finitivi.
1962 610 2098 648 Definit,

1122 650 1196 691 quis
1219 650 1279 690 sit,
1313 656 1345 682 et
1366 652 1409 682 ad
1432 651 1509 692 quid
1539 653 1580 683 sit
1609 653 1731 683 missus
1755 651 1912 693 Messias,
1953 660 1985 684 et
2014 663 2098 695 quae

1123 693 1163 724 sit
1187 691 1373 734 applicatio.
1419 694 1555 725 Habetis
1581 695 1679 736 igitur
1701 695 1818 726 eadem
1845 697 1950 735 capita
1979 697 2009 727 in
2034 695 2097 726 hoc

1122 734 1273 774 Psalmo,
1310 736 1351 767 de
1374 738 1492 778 quibus
1526 738 1666 769 diximus
1694 739 1725 768 in
1761 738 1812 769 die
1844 737 2000 769 natalitio.
2047 738 2098 769 De

1122 777 1174 809 his
1198 779 1335 810 eandem
1347 789 1465 810 vocem
1483 787 1580 811 sonat
1598 780 1652 811 hic
1671 779 1835 818 Psalmus,
1861 792 1956 822 quam
1979 781 2097 812 auditis

1123 821 1153 851 in
1178 819 1229 851 1115
1252 820 1425 860 Ε66165115,
1449 822 1512 854 Dei
1537 823 1709 854 beneficio.

1208 863 1250 894 Et
1275 865 1348 905 quia
1371 866 1524 906 proponit
1554 865 1732 904 Messiam,
1773 872 1807 897 ut
1841 876 1951 907 regem
1980 872 2011 897 et
2041 866 2098 897 do-

1124 911 1260 945 ctorem,
1279 907 1404 948 gratior
1428 909 1526 940 debet
1548 909 1646 940 nobis
1671 919 1748 940 esse
1771 908 1825 939 hic
1848 908 2012 947 Psalmus,
2033 920 2098 949 quo

1123 951 1394 981 commendantur
1415 952 1519 991 fnobis
1544 952 1652 983 studia
1681 953 1864 983 doctrinae:
1898 951 2100 992 praecipitur

1124 992 1239 1030 nobis,
1271 998 1307 1024 ut
1341 994 1524 1025 discamus:
1565 993 1718 1036 Denique
1752 995 1975 1037 significatur,
2010 995 2099 1036 quod

1123 1034 1217 1066 Deus
1241 1035 1487 1068 sitservaturus
1499 1047 1615 1069 vocem
1634 1038 1816 1076 doctrinae,
1842 1038 1937 1075 Quia,
1962 1039 1989 1069 si
2003 1037 2097 1069 Deus

1124 1078 1211 1108 dedit
1236 1077 1334 1110 filium
1358 1080 1543 1111 doctorem:
1562 1080 1654 1123 Ergo
1686 1081 1897 1112 conservabit
1927 1080 2012 1112 hanc
2041 1082 2098 1111 do-

1123 1122 1284 1159 ctrinam,
1320 1121 1390 1153 vult
1424 1133 1497 1154 eam
1520 1124 1615 1161 disci,
1648 1125 1772 1162 audiri,
1807 1123 1883 1164 legi.
1929 1123 1976 1155 lta
1999 1123 2099 1164 plane

1123 1162 1359 1203 scholasticus,
1383 1172 1417 1196 ut
1441 1167 1485 1197 ita
1508 1167 1626 1204 dicam,
1661 1173 1713 1198 est
1745 1166 1799 1198 hie
1832 1165 1996 1205 Psalmus,
2031 1177 2097 1198 non

1122 1212 1260 1245 tantum,
1282 1208 1359 1248 quia
1382 1215 1431 1240 est
1458 1207 1690 1248 didascalicuS,
1714 1210 1774 1241 sed
1798 1210 1894 1241 etiam
1922 1210 1996 1251 quia
2020 1220 2099 1241 con-

1123 1249 1229 1280 firmat
1247 1251 1355 1281 studia
1379 1252 1612 1291 doctrinarum,
1634 1253 1665 1283 in
1689 1253 1807 1294 quibus
1831 1262 2012 1284 versamur.

1209 1292 1318 1325 Debet
1341 1294 1437 1326 etiam
1460 1296 1555 1327 vobis
1580 1301 1709 1338 gratum
1734 1306 1826 1334 esse,
1861 1296 1951 1337 quod
1980 1296 2099 1327 videtis

1122 1345 1186 1367 nos
1210 1346 1278 1367 non
1301 1347 1461 1378 quaerere
1484 1339 1679 1380 peregrinas
1707 1339 2011 1380 interpretationes,
2039 1339 2101 1370 sed

1123 1377 1399 1420 simplicissimam
1423 1382 1618 1413 sententiam
1642 1382 1757 1413 ordine
1786 1382 1918 1412 recitari
1941 1392 1961 1412 a
1990 1382 2099 1413 nobis.

1122 1421 1293 1453 Debemus
1317 1424 1401 1454 enim
1416 1423 1568 1465 discipuli
1592 1434 1669 1456 esse
1692 1425 1786 1456 vocis
1808 1425 1949 1462 divinae,
1973 1431 2005 1456 et
2029 1434 2101 1456 eam

1123 1465 1217 1506 sequi
1237 1466 1308 1497 51116
1331 1468 1514 1508 peregrinis
1538 1474 1595 1498 aut
1617 1466 1734 1498 alienis
1763 1468 2101 1508 interpretationibus,

1123 1506 1239 1548 quales
1259 1509 1367 1540 studio
1387 1515 1551 1550 quaerunt
1572 1510 1700 1548 ludaei,
1736 1510 1799 1546 Qui
1834 1511 1978 1552 tingunt,
2012 1510 2101 1552 quod

1121 1549 1176 1580 hic
1199 1549 1353 1582 Psalmus
1378 1552 1417 1583 de
1431 1551 1610 1584 Salomone
1622 1551 1790 1594 loquatur,
1807 1554 1850 1584 ad
1873 1563 1968 1594 quem
1993 1559 2102 1584 tamen

1123 1602 1191 1624 non
1215 1595 1368 1635 congruit
1391 1593 1491 1633 illud,
1525 1597 1613 1638 quod
1636 1595 1691 1627 hic
1714 1596 1846 1627 dicitur:
1877 1596 1976 1627 Beati
1997 1606 2104 1627 omnes

1123 1637 1180 1676 qui
1210 1637 1371 1678 consillum
1404 1639 1438 1668 in
1470 1649 1514 1670 co.
1570 1639 1654 1670 Nam
1688 1644 1820 1670 caetera
1854 1649 1940 1671 nunc
1974 1640 2100 1674 omitto,

1123 1679 1210 1713 Quid
1232 1678 1298 1710 hoc
1320 1679 1406 1711 aliud
1420 1688 1512 1713 esset
1532 1682 1658 1713 dicere:
1681 1682 1819 1713 Beatum
1833 1692 1921 1720 esse,
1945 1683 1998 1723 qui
2022 1692 2101 1713 con-

1122 1721 1201 1752 fidat
1223 1722 1256 1752 in
1279 1721 1471 1762 Salomone,
1497 1735 1595 1766 quam
1617 1725 1646 1755 si
1671 1725 1778 1756 dicas:
1800 1724 1924 1756 Beatus
1949 1731 2015 1763 est,
2046 1725 2101 1766 qui

1123 1763 1258 1795 confidit
1280 1765 1312 1796 in
1337 1765 1438 1808 Cyro,
1470 1773 1525 1798 aut
1548 1767 1700 1806 Croeso,
1729 1769 1782 1799 cui
1811 1768 1904 1799 scitis
1928 1766 2101 1800 oraculum

1121 1808 1351 1848 respondisse:
1379 1809 1422 1840 Te
1443 1811 1545 1850 ipsum
1568 1820 1744 1852 aynoscens
1766 1812 1832 1842 em's
1854 1811 1974 1842 beatus.

1207 1850 1244 1881 ld
1272 1852 1570 1894 interpretabantur
1607 1855 1677 1885 eius
1707 1859 1947 1892 assentatores,
1985 1860 2018 1885 et
2051 1854 2102 1885 sic

1120 1893 1192 1934 ipse
1232 1904 1363 1936 quoque
1396 1895 1625 1938 intelligebat,
1671 1897 1766 1938 quasi
1808 1896 2010 1928 blandiretur
2037 1897 2101 1937 ipsi

1120 1947 1252 1975 numen,
1277 1944 1310 1968 et
1329 1938 1503 1970 extolleret
1523 1940 1593 1971 eius
1617 1940 1808 1981 potentiam,
1828 1951 1925 1981 quam
1945 1941 1972 1970 si
1996 1950 2099 1981 agno-

1121 1986 1242 2018 sceret,
1266 1988 1297 2012 et
1321 1980 1442 2013 bellum
1462 1993 1535 2014 cum
1549 1982 1638 2025 Cyro
1662 1989 1803 2027 gereret,
1826 1982 1968 2014 futurum
1992 1983 2099 2024 ipsum

1121 2023 1268 2054 beatum:
1290 2023 1357 2055 Sed
1381 2024 1481 2067 longe
1504 2024 1569 2056 alia
1583 2033 1653 2057 erat
1667 2027 1830 2058 sententia
1843 2024 1990 2063 0106011,
2009 2026 2098 2057 vide-

1120 2064 1210 2103 licet,
1234 2066 1269 2097 Si
1292 2070 1472 2108 agnoveris
1495 2075 1527 2099 te
1551 2079 1628 2100 esse
1651 2070 1807 2110 imparem
1831 2069 1920 2110 Cyro
1945 2067 2099 2100 bellatori

1119 2108 1277 2147 heroico,
1316 2117 1348 2142 et
1378 2112 1561 2153 quieveris,
1602 2113 1687 2143 bene
1721 2112 1871 2143 habebis.
1916 2110 1975 2142 Est
1999 2112 2101 2152 igitur

1119 2151 1294 2184 manifesta
1312 2154 1450 2193 insania,
1474 2155 1636 2196 expositio
1655 2154 1710 2186 illa
1724 2155 1866 2192 Iudaica,
1887 2155 1971 2185 sieut
1990 2165 2099 2195 neque

1117 2195 1181 2225 ista
1194 2195 1331 2237 intelligi
1344 2203 1483 2237 possunt
1497 2198 1537 2228 de
1549 2197 1743 2229 Salomone:
1762 2198 1828 2239 1390
1841 2198 1934 2228 hodic
1944 2198 2041 2237 ῃςηιιί
2055 2201 2099 2235 te,

1118 2238 1202 2272 Quia
1223 2250 1384 2281 generare
1402 2247 1452 2272 est
1472 2242 1512 2272 de
1529 2242 1715 2272 substantia
1738 2250 1797 2271 sua
1817 2241 1964 2282 gignere.
2006 2240 2098 2278 item,

1118 2280 1216 2311 Dabo
1240 2283 1298 2313 mn·
1311 2287 1420 2323 5707in
1443 2284 1673 2316 Imm-‹wlitacem
1698 2288 1795 2315 timim.
1842 2283 1924 2314 Nam
1938 2282 2099 2314 Salomon

1118 2334 1184 2354 non
1207 2324 1265 2356 fnit
1289 2325 1450 2358 Dominus
1476 2328 1632 2367 gentium,
1657 2337 1718 2358 1166
1742 2327 1844 2367 potuit
1873 2327 1920 2357 eis
1944 2324 2098 2358 conferre

1118 2366 1265 2399 salutem.
1310 2368 1364 2400 De
1397 2369 1471 2401 solo
1501 2369 1625 2401 Mes-sia
1656 2370 1778 2400 dictum
1807 2375 1874 2400 est:
1909 2371 1946 2401 In
1980 2370 2098 2400 semine.

1117 2410 1273 2442 Abrahae
1296 2412 1519 2444 benedicentur
1542 2423 1648 2444 011111ιέ
1669 2417 1788 2453 11611163.
1834 2411 1931 2450 item,
1957 2413 2012 2443 lllt’
2034 2415 2099 2443 vrit

1116 2455 1298 2493 erpa-lulio
1323 2457 1480 2495 ῃειιίιίιηιῑ
1522 2456 1559 2486 lit
1592 2460 1701 2495 flemus·
1731 2456 1775 2485 nd
1805 2465 1872 2486 eum
1902 2453 2096 2495 consumi-m.

1115 2495 1172 2527 Est
1199 2508 1383 2529 consensus
1408 2499 1660 2539 promissionum
1686 2499 1840 2535 omnium,
1872 2504 1903 2529 et
1927 2498 1989 2529 liae
2012 2499 2096 2529 inter

1115 2549 1152 2569 se
1177 2539 1398 2572 conserendae
1422 2549 1507 2573 sunt.
1553 2541 1603 2571 Ac
1633 2542 1747 2572 mirum
1779 2549 1828 2572 est
1860 2542 1998 2572 eandem
2021 2551 2096 2572 sen-

1114 2584 1246 2614 tentiam
1270 2583 1338 2615 fere
1363 2585 1475 2615 iisdem
1501 2585 1610 2615 verbis
1631 2585 1745 2625 repeti.
1792 2584 1889 2619 Quod
1919 2595 1992 2615 cum
2017 2595 2093 2614 6011-

87 2627 291 2653 sustentetur
314 2623 598 2663 promissionibm,
622 2623 773 2654 ardenter
796 2630 897 2665 petat,-
927 2631 955 2656 et
981 2635 1059 2655 vere
1083 2627 1089 2651 1
1113 2625 1285 2661 >idm-atur,
1311 2627 1392 2659 fides
1417 2628 1449 2658 lit
1471 2627 1604 2665 firmior,
1629 2634 1659 2658 et
1680 2626 1866 2659 consolatio
1886 2634 1934 2658 est
1948 2628 2093 2659 uberior.
