2324 2958
141 177 208 213 393

145 272 279 305 confido
311 268 356 302 illi
388 268 473 305 Deo,
506 267 562 309 qui
595 273 647 299 est
670 273 775 307 pater,
803 265 900 305 filius,
922 273 956 299 et
977 267 1115 308 Spiritus
1140 275 1144 308 t

146 320 301 352 sanctus,
323 317 356 343 et
376 320 450 342 eum
471 310 592 341 invoco
619 308 739 341 fiducia
761 309 1018 350 promissionum
1041 319 1116 340 sua-

145 368 229 391 rum.
293 354 347 394 Sd)
370 353 430 392 t'esse
464 353 538 385 mein
559 357 720 385 bertrammi
743 351 805 391 auff
832 352 895 390 itm,
930 354 987 383 bae
1012 361 1039 384 et
1063 352 1117 383 mit

145 400 240 437 werbe
262 395 369 437 helffen,
393 396 448 427 nnb
473 396 541 431 mid,
565 396 701 436 regin-en.
731 393 787 425 Ps.
810 394 842 426 2.
865 394 998 426 dicitur:
1021 393 1119 424 Beati

147 451 247 474 mimos
267 439 321 480 qui
331 437 489 476 confidunt
510 439 543 467 in
566 447 612 472 eo,
635 437 780 479 μακάριοι
802 436 908 473 πάντες
930 437 1118 472 πιστεύοντες

146 486 190 522 εἰς
209 482 306 515 αὗῐόι.

231 524 324 560 Quae
358 529 410 554 est
447 524 612 554 sententia
645 522 762 553 horum
785 523 981 554 verborum:
1017 521 1120 552 Credo

145 567 316 600 Ecclen‘am
337 565 556 598 catholicam?
574 566 628 596 An
640 564 704 596 hoc
716 564 852 596 dicitur:
877 563 985 596 Credo
998 565 1118 602 omnia,

143 619 228 654 quae
250 607 404 641 Ecclesia
427 607 525 639 dicit?
554 608 590 639 Id
608 617 689 639 vero
711 617 778 638 non
801 608 873 638 sine
896 606 1120 639 declaratione

142 653 249 694 accipi
271 657 390 693 potest.
415 650 527 682 Manet
545 651 669 682 veritas
691 651 722 681 in
747 648 910 681 Ecclesia.
940 651 1004 682 Sed
1027 649 1120 682 multi
1143 655 1146 678 ι

143 702 251 727 tamen
274 700 417 736 possunt
439 703 562 725 errare.
596 693 767 724 Sententia
788 698 895 724 autem
919 699 984 724 est:
1009 692 1118 724 Credo
1142 684 1146 738 l

142 747 221 770 esse
243 744 276 769 et
297 746 431 768 manere
452 735 650 773 Ecclesiam,
673 735 780 773 id'est,
802 745 874 766 sum
888 742 1011 774 certus,
1030 736 1117 777 quod
1144 757 1145 769 ἶ

143 790 276 823 semper
298 780 341 811 sit
363 777 528 817 Ecclesia,
553 784 586 810 et
608 779 695 820 quod
714 784 872 819 perpetuo
887 789 1042 810 mansura
1066 779 1117 809 sit.
1143 772 1146 821 l

229 821 324 854 Multi
346 828 473 863 putant,
495 821 576 853 nihil
599 822 773 858 interesse,
785 822 856 852 sive
875 822 940 852 sint
953 820 1119 862 Papistae,
1143 827 1146 862 ς

143 866 215 897 sive
236 863 445 907 Evangelici,
469 865 540 895 sive
563 863 709 902 Turcae,
743 871 800 896 aut
823 862 896 895 aliis
920 864 1120 906 quibuscun·
1144 875 1145 881 ¹

143 918 207 951 que
230 908 333 940 sectis
351 908 483 939 addicti.
545 907 624 951 lteJn
659 917 733 938 cuni
763 907 891 944 vident,
926 917 1013 938 nunc
1043 905 1117 943 hos,
1144 900 1146 916 ⁸

143 961 232 983 nunc
257 949 340 982 alios
365 951 515 992 opprimi,
540 951 686 992 cogitant
709 960 774 980 non
801 959 900 990 posse
924 949 1006 987 fieri,
1041 949 1118 990 quin
1143 958 1147 990 j

143 995 275 1025 tandem
299 992 448 1025 deleatur
471 991 635 1024 Ecclesia.
957 1020 962 1024 .
1145 1005 1147 1035 ς

230 1036 356 1068 Contra
379 1035 441 1067 has
465 1036 683 1078 cogitationes
706 1034 798 1067 Deus
823 1044 884 1065 nos
915 1033 1118 1066 consolatur.
1145 1052 1147 1067 ι

142 1077 252 1112 Docet
272 1089 348 1110 esse
369 1078 555 1110 Ecclesiam
580 1079 643 1110 sibi
665 1077 864 1119 placentem,
892 1077 1078 1109 distinctam
1102 1087 1121 1107 a

143 1120 287 1154 colluvie
309 1120 446 1153 aliarum
464 1128 648 1154 sectarum:
671 1120 824 1152 Affirmat
848 1121 945 1151 etiam
975 1131 1013 1152 se
1036 1130 1121 1151 sem-

143 1175 203 1207 per
227 1171 435 1196 servaturum
459 1174 535 1195 esse
558 1162 757 1201 Ecclesiam,
792 1164 880 1194 omni
904 1170 1063 1204 tempore,
1087 1170 1120 1194 ut
1147 1199 1150 1205 Ι

144 1218 217 1240 cum
241 1208 273 1238 in
296 1207 397 1238 Esaia
420 1207 540 1249 inquit:
577 1209 644 1246 Eyo
666 1216 720 1238 ros
747 1211 952 1237 senescentes
982 1207 1121 1245 qestabo.

142 1249 185 1283 Et
207 1249 360 1282 Christus
383 1251 427 1281 ait
449 1249 566 1280 Matth.
597 1249 727 1281 ultimo:
762 1250 829 1288 Eyo
863 1250 1020 1280 vobiscum
1052 1259 1122 1280 sum

143 1304 242 1334 usque
266 1295 311 1325 ad
331 1295 636 1325 consummationem
657 1294 788 1324 saec-ult.
834 1291 925 1329 Item,
954 1293 1123 1323 Abba-ecia-

143 1337 262 1368 btmtur
281 1338 352 1368 dies
371 1341 507 1376 propter
529 1337 652 1367 electos.
698 1334 836 1374 Semper
859 1335 958 1376 igitur
987 1340 1037 1366 est
1061 1334 1123 1366 Ec-

145 1377 260 1416 clesia,
283 1386 317 1409 et
340 1379 401 1409 erit
425 1388 522 1409 omne
546 1385 704 1418 tempore.
751 1377 855 1408 Erunt
887 1376 996 1408 adhuc
1025 1376 1122 1408 electi

143 1421 177 1452 in
199 1421 273 1461 ipso
297 1420 362 1451 fine
385 1420 506 1452 mundi.

232 1463 324 1495 Haec
347 1461 533 1494 consolatio
552 1463 723 1503 proposita
746 1468 796 1492 est
819 1462 915 1492 nobis
938 1462 971 1492 in
984 1460 1121 1493 articulo

144 1507 208 1537 isto
233 1504 401 1547 Symboli:
429 1506 532 1537 Credo
555 1506 727 1537 Ecclesiam
760 1505 964 1536 Catholicam.
1030 1504 1122 1535 Ideo-

143 1558 209 1590 que
232 1557 335 1589 saepe
358 1548 555 1588 cogitandus
591 1554 640 1577 est
675 1547 727 1578 hic
751 1546 911 1578 articulus
935 1548 965 1577 in
989 1548 1123 1578 invoca-

143 1591 245 1628 tione,
269 1596 301 1620 et
324 1588 396 1620 aliis
421 1591 548 1630 magnis
569 1591 816 1621 tentationibus.
861 1589 911 1621 Tu
941 1590 1044 1621 debes
1069 1600 1122 1620 co-

168 1633 263 1670 'tare,
297 1632 385 1673 quod
419 1632 563 1663 tenearis
598 1633 753 1670 credere,
788 1633 877 1673 quod
901 1633 943 1663 sit
967 1643 1123 1664 mansura

174 1673 309 1707 cclesia-
354 1673 468 1706 Debes
493 1675 590 1705 etiam
614 1681 646 1706 te
668 1673 837 1706 includere
868 1676 898 1705 in
923 1674 1121 1712 Ecclesiam,

144 1725 177 1750 et
199 1724 231 1749 te
255 1721 383 1760 erigere
405 1718 437 1748 in
461 1717 610 1749 omnibus
634 1717 790 1759 periculis
812 1718 876 1749 hac
905 1728 966 1757 spe
990 1724 1021 1748 et
1045 1728 1122 1748 con-
1145 1728 1151 1760 g

144 1759 326 1792 solatione:
352 1760 444 1792 Deus
467 1761 613 1791 servabit
636 1771 698 1791 nos
721 1768 753 1791 ct
771 1759 965 1797 Ecclesiam,
993 1761 1122 1792 etiamsi
1147 1762 1150 1790 ζ

145 1804 318 1835 videantur
342 1804 449 1834 omnia
473 1804 595 1835 ruitura
619 1811 649 1834 et
675 1804 844 1835 interitura
868 1813 954 1835 esse.

232 1846 373 1884 VidetiS,
408 1853 530 1888 quanto
565 1847 667 1877 simus
701 1847 733 1877 in
768 1845 928 1886 periculo,
964 1854 995 1877 et
1026 1857 1121 1887 quam

143 1888 310 1921 horribilis
346 1890 386 1920 sit
428 1890 596 1920 distractio
631 1890 820 1930 opinionum
854 1896 886 1921 et
921 1889 1149 1931 dogtnatutn,2

145 1939 267 1975 quanta
291 1933 389 1964 etiam
407 1932 449 1963 sit
473 1932 642 1964 distractio
661 1933 838 1970 hominum,
852 1934 1121 1974 gubernatorum,
1148 1948 1149 1951 =

146 1981 178 2007 et
200 1976 395 2017 principum.
420 1977 499 2007 Sunt
523 1976 647 2016 passim
670 1974 828 2007 tumultus
854 1974 1032 2007 bellorum:
1057 1975 1123 2006 Ho-
1148 2009 1149 2021 ἵ

145 2019 251 2050 mines
275 2019 432 2059 incipiunt
455 2018 554 2049 irasci
577 2017 650 2049 Deo
670 2025 702 2050 et
725 2020 828 2050 verbo
852 2020 933 2057 e²us,
967 2019 1123 2050 abiiciunt
1148 2025 1149 2029 ¹

145 2061 342 2093 doctrinam.
389 2060 455 2092 Sed
479 2071 542 2092 nos
567 2061 724 2092 debemus
747 2072 880 2093 manere
903 2063 934 2092 in
958 2072 1049 2100 vera,
1073 2072 1123 2092 re-

147 2111 212 2143 cta,
247 2111 279 2135 et
309 2103 445 2135 salutari
472 2104 632 2141 doctrina,
668 2111 697 2135 et
733 2106 874 2136 retinere
903 2105 990 2137 hanc
1019 2114 1123 2145 spem,
1148 2098 1149 2114 ¹

146 2157 336 2179 mansuram
361 2156 437 2178 esse
460 2154 490 2177 et
515 2147 641 2178 servari
664 2145 860 2186 Ecclesiam,
891 2150 977 2179 iuxta
1003 2148 1122 2180 articu-

146 2189 212 2221 lum
237 2188 403 2231 Symboli:
431 2191 533 2221 Crmlo
560 2191 729 2221 Ecclesiam

346 2355 407 2394 De
441 2355 706 2408 appellatione
740 2354 929 2408 Symboli,

234 2444 319 2479 Quid
344 2445 508 2485 significat
533 2444 728 2475 vocabulum
752 2445 925 2486 Symboli‘?
969 2447 1043 2479 Non
1080 2448 1121 2478 si·
1146 2441 1147 2458 ³

148 2485 280 2528 gnificat
305 2488 401 2524 idem,
424 2488 510 2528 quod
537 2487 619 2518 fides
643 2488 724 2528 ipsa.
791 2489 896 2526 5201le
924 2491 995 2522 nicht
1019 2491 1044 2521 fo
1067 2491 1119 2522 niet

148 2531 196 2561 (116
220 2532 335 2570 gitium.
403 2529 573 2570 Significat
630 2532 671 2561 riu
695 2528 895 2569 itcnnteitren,
931 2533 1061 2574 signum
1081 2543 1120 2564 ex
1146 2557 1147 2562 ,

147 2582 213 2613 quo
248 2573 440 2613 agnoscitur
473 2570 602 2613 aliquis.
637 2580 669 2603 ut
701 2573 728 2603 si
763 2574 836 2614 quis
870 2573 1044 2615 professus
1071 2583 1147 2615 est,

147 2614 342 2657 Symbolum
366 2614 605 2656 Apostolicum,
629 2616 670 2646 de
694 2626 752 2653 eo,
781 2617 874 2657 quasi
898 2628 938 2649 ex
963 2625 1053 2650 certo
1078 2620 1120 2650 si·
1144 2619 1147 2657 ς’

828 171 1045 205 POSTILLA
1067 171 1464 205 MELANTHONIANA.

2081 171 2146 204 394

1169 276 1235 309 gno
1257 265 1395 297 iudicari
1417 265 1533 305 potuit,
1557 264 1631 305 quis
1653 271 1754 303 esset,
1778 275 1819 296 an
1844 265 2039 297 coniunctus
2063 275 2143 296 vero

1170 308 1277 340 coetui
1299 306 1492 345 Ecclesiae,
1525 313 1581 338 aut
1604 308 1844 339 contaminatus
1866 306 1977 350 aliqua
2001 308 2143 345 haeresi,

1170 349 1225 383 vel
1247 349 1423 392 implicitus
1447 350 1550 381 sectis
1573 347 1734 380 fanaticis.

1258 393 1294 425 ln
1317 391 1415 424 bellis
1427 390 1581 435 symbola
1593 392 1812 431 nominantur,
1836 393 2031 432 {irlbtgeitbetn
2055 392 2146 428 Item.

1175 436 1247 469 OEine
1271 436 1333 474 lofe,
1357 438 1394 467 be
1414 436 1470 467 bae
1482 435 1662 477 ffliegfivolcf
1684 435 1732 471 fid)
1753 438 1802 471 bez>
1825 436 1928 473 {cuncty
1952 438 2007 467 rnb
2022 435 2147 472 {iteunbt

1172 481 1227 512 mir
1248 479 1350 518 {Seinbc
1380 478 1572 510 noucinanber
1602 478 1803 517 vittcttcbieben
1825 480 1947 510 merben.
2014 477 2049 510 Si
2074 479 2146 519 quis

1172 527 1273 553 noctu
1296 527 1437 564 vagatur
1458 521 1492 552 in
1515 520 1653 557 castris,
1687 525 1719 551 et
1742 520 1889 562 ignorat,
1922 525 1988 554 mas
2018 522 2061 553 bie
2085 521 2147 553 tote

1174 565 1230 601 feti,
1271 574 1356 607 quae
1378 563 1421 595 sit
1443 569 1574 595 tessera
1597 561 1756 600 militaris,
1790 568 1839 594 est
1863 563 1895 594 in
1920 573 2039 605 magno
2063 564 2148 605 peri-

1172 607 1261 645 culo,
1285 613 1316 638 et
1338 606 1544 644 interficitur,
1568 606 1654 641 Quia
1676 605 1837 636 iudicatur
1860 615 1936 637 esse
1947 605 2064 637 hostis.
2091 605 2148 637 Sic

1171 650 1270 691 igitur
1301 657 1335 681 et
1369 647 1563 691 Symbolum
1597 647 1826 689 Apostolicum
1849 654 1899 679 est
1922 649 2050 690 siguum
2073 660 2148 689 pto-

1171 692 1340 730 fessionis,
1375 698 1406 723 et
1439 691 1658 723 distinctionis
1693 701 1759 722 non
1794 690 1902 722 solum
1938 702 1956 722 a
1981 692 2146 733 gentibus,

1171 736 1229 766 sed
1253 737 1350 767 etiam
1373 736 1414 766 ab
1437 733 1510 766 aliis
1529 733 1681 765 fanaticis
1700 734 1812 765 sectis.

1385 900 1448 939 De
1481 899 1714 939 recitatione
1747 898 1938 952 Symboli.

1260 989 1327 1021 Cur
1354 988 1474 1021 sinwuli
1503 990 1546 1030 pii
1577 989 1721 1031 quotidie
1751 989 1871 1020 debent
1896 990 2035 1021 recitare
2058 989 2151 1030 Sym-

1175 1031 1307 1064 bolum?
1353 1016 1476 1064 Multae
1499 1039 1575 1065 sunt
1598 1042 1721 1063 causae
1744 1032 1980 1074 gravissimae,
2007 1042 2066 1064 cur
2089 1042 2151 1062 nos

1173 1076 1214 1106 ad
1239 1076 1464 1116 quotidianam
1497 1076 1724 1107 recitationem
1759 1073 1909 1116 Symboli
1938 1074 2152 1106 assuefacere

1175 1119 1370 1149 debeamus:
1395 1129 1478 1160 quas
1502 1128 1684 1160 proponam
1707 1116 1988 1151 adolescentibus.
2024 1124 2059 1149 ut
2082 1128 2153 1155 eos,

1175 1162 1230 1203 qui
1253 1171 1294 1192 ne
1317 1168 1456 1202 possunt
1481 1161 1612 1203 quidem
1636 1162 1776 1192 recitare
1800 1159 2011 1202 Symbolum,
2035 1159 2152 1202 quales

1175 1202 1267 1235 multi
1289 1210 1367 1235 sunt
1391 1205 1488 1235 etiam
1517 1204 1603 1235 inter
1627 1202 1870 1241 scholasticos,
1903 1204 2025 1244 pudeat
2048 1201 2150 1244 negli-

1175 1247 1306 1288 gentiae
1329 1257 1421 1278 suae.
1489 1246 1547 1278 Est
1577 1247 1728 1287 proxima
1752 1247 1803 1277 via
1827 1247 1868 1277 ad
1892 1245 2097 1277 Tureismum
2121 1252 2152 1277 et

1175 1289 1425 1327 Ethnicismum‚
1444 1288 1615 1332 negligere
1638 1289 1863 1321 recitationem
1887 1287 2047 1331 Syntboli.
2073 1289 2151 1320 Pro·

1176 1333 1271 1364 brum
1296 1333 1399 1363 maius
1425 1339 1486 1371 est,
1521 1343 1619 1374 quam
1644 1339 1677 1363 ut
1701 1333 1782 1363 satis
1807 1333 1906 1363 irasci
1930 1330 2051 1363 talibus
2075 1342 2151 1373 pos-

1177 1376 1249 1412 sim,
1274 1376 1328 1416 qui
1350 1375 1505 1417 ignorant
1539 1374 1739 1417 Symbolum.
1807 1375 1901 1410 Quos
1937 1385 2002 1405 non
2038 1375 2152 1406 mirum

1177 1425 1239 1454 est,
1263 1419 1360 1449 etiam
1383 1419 1416 1449 in
1440 1417 1514 1449 aliis
1537 1419 1638 1450 rebus
1663 1416 1793 1449 bestiali
1811 1428 1903 1449 more
1922 1418 2043 1449 rivere.
2067 1417 2151 1448 Boni

1176 1467 1206 1491 et
1226 1460 1269 1501 pii
1293 1461 1354 1491 viri
1377 1461 1418 1492 ad
1442 1461 1605 1492 minimum
1630 1467 1680 1492 ter
1703 1461 1841 1492 recitant
1854 1459 2049 1502 Symbolum
2072 1470 2153 1501 quo-

1176 1503 1262 1534 tidie.

1262 1544 1347 1580 Quid
1382 1545 1446 1576 hoc
1479 1544 1627 1577 utilitatis
1662 1545 1781 1577 habet?
1827 1546 1970 1577 Primum
2005 1546 2152 1577 recitatio

1175 1586 1324 1629 Symboli
1349 1588 1466 1630 redigit
1491 1589 1522 1619 in
1547 1589 1749 1626 memoriam,
1773 1589 1919 1620 ordinem
1944 1595 1974 1620 et
1994 1598 2153 1620 summam

1175 1631 1274 1661 totius
1299 1631 1469 1662 doctrinae
1492 1630 1676 1662 Ecclesiae.

1260 1672 1390 1704 Deinde
1414 1681 1463 1704 cst
1488 1673 1763 1706 commonefactio
1795 1674 1835 1704 de
1869 1675 2056 1715 praecipuis
2092 1673 2153 1705 Dei

1175 1717 1343 1757 operibus,
1367 1717 1408 1748 de
1427 1718 1606 1748 creatione.
1632 1717 1672 1747 de
1695 1717 1932 1757 redemptione,
1956 1717 1997 1748 de
2009 1717 2153 1748 sanctifi-

1176 1759 1317 1797 catione,
1340 1765 1369 1789 et
1396 1760 1437 1790 de
1459 1766 1618 1800 perpetua
1641 1758 1813 1790 Ecclesiae
1837 1758 2046 1791 collectione.

1261 1801 1438 1833 Praeterea
1462 1804 1488 1832 si
1512 1813 1606 1833 mens
1630 1809 1678 1833 est
1704 1803 1775 1843 pia,
1801 1803 1831 1833 in
1856 1802 1919 1834 hac
1942 1804 2014 1844 ipsa
2038 1804 2153 1835 recita-

1176 1845 1275 1882 tione,
1299 1844 1333 1875 fit
1358 1844 1536 1886 applicatio
1562 1845 1796 1876 beneficiorum
1820 1845 1894 1876 Dei.
1941 1846 2023 1877 Cum
2053 1846 2152 1877 dicis:

1176 1887 1284 1918 Credo
1307 1888 1339 1918 in
1363 1888 1481 1925 Deum,
1504 1888 1652 1930 cogitare
1676 1889 1795 1926 debes,
1832 1888 1889 1919 tibi
1915 1899 2046 1930 quoque
2071 1887 2155 1920 velle

1176 1940 1251 1961 esse
1275 1929 1393 1962 Deum.
1441 1930 1523 1962 Cum
1547 1932 1645 1962 dicis:
1671 1931 1780 1962 Credo
1804 1931 1834 1962 in
1855 1931 1961 1962 lesum
1975 1931 2152 1970 Christum,

1176 1972 1285 2005 Credo
1320 1975 1549 2005 remissionem
1584 1982 1816 2014 peccatorum,
1856 1980 2004 2006 statuere
2038 1976 2153 2012 debes,

1175 2016 1232 2047 tibi
1257 2026 1387 2058 quoque
1410 2017 1498 2049 hunc
1522 2016 1723 2048 salvatorem
1749 2017 1904 2048 donatum
1930 2027 2024 2056 esse,
2042 2019 2154 2050 et-tibi

1177 2060 1273 2091 etiam
1297 2061 1394 2091 tribui
1417 2067 1552 2101 propter
1576 2070 1650 2091 eum
1674 2061 1901 2091 remissionem
1927 2067 2153 2102 peccatorum.

1262 2101 1395 2134 Memini
1420 2104 1593 2145 quendam,
1618 2103 1671 2144 qui
1696 2110 1772 2134 ante
1796 2102 1919 2134 multos
1943 2114 2049 2135 annos
2067 2104 2155 2136 dice-

1176 2146 1248 2183 bat,
1285 2156 1321 2176 se
1355 2145 1418 2178 hac
1453 2145 1683 2178 consolatione
1716 2147 1891 2187 praecipue
1928 2146 2154 2179 confirmatum

1176 2198 1253 2220 esse
1275 2189 1307 2219 in
1332 2190 1461 2231 magnis
1487 2188 1670 2221 doloribus,

1261 2231 1320 2262 Est
1354 2239 1385 2263 et
1421 2232 1588 2263 consessio
1624 2239 1738 2263 nostra
1770 2233 1916 2274 quotidie
1948 2233 2152 2265 ostendenda

1175 2281 1292 2306 contra
1314 2275 1478 2306 DiabolOs
1502 2276 1766 2315 pronuntiatione
1789 2274 1951 2316 Symboli.

1260 2317 1299 2348 Et
1335 2329 1409 2350 cuni
1442 2319 1628 2359 experimur
1661 2317 1714 2349 vel
1746 2328 1941 2350 communes
1964 2328 2152 2358 aerumnas,

1146 2377 1147 2384 κ
1176 2359 1227 2391 vel
1246 2361 1379 2402 propria
1402 2360 1539 2392 vulnera
1563 2367 1593 2392 et
1618 2361 1762 2402 pericula
1792 2369 1924 2399 nostra,
1962 2363 2076 2393 endem
2102 2373 2152 2394 re·

1175 2404 1328 2435 citatione
1352 2405 1479 2436 animus
1508 2406 1744 2435 exuscitandus
1775 2412 1824 2435 est
1849 2406 1889 2437 ad
1910 2407 2151 2445 precationem.

1263 2447 1414 2488 Denique
1439 2457 1511 2480 cum
1537 2448 1694 2477 seminum
1722 2454 1868 2479 nostram
1896 2448 2151 2480 imbecillitatem

1174 2497 1205 2520 et
1230 2490 1466 2527 dubitationes,
1491 2492 1611 2520 crebra
1644 2492 1827 2530 reptitione
1856 2491 2005 2533 Symboli
2035 2493 2149 2523 invita-

1173 2543 1246 2564 mur
1268 2534 1310 2564 ad
1334 2533 1525 2574 quaerenda
1550 2539 1581 2563 et
1604 2533 1781 2574 cogitanda
1805 2534 1976 2566 doctrinae
2006 2536 2149 2566 testimo-

1174 2576 1238 2614 nia,
1260 2576 1497 2617 patefactione<
1522 2575 1660 2613 divinas,
1686 2582 1716 2607 et
1734 2575 1892 2609 miracula
1905 2579 2046 2609 omnium
2071 2586 2149 2609 tem-

1173 2629 1300 2658 porum,
1324 2625 1357 2650 ut
1381 2618 1464 2650 fides
1488 2618 1708 2650 confirmetur.
