2324 2958
271 248 336 288 De
368 248 487 289 tertio
518 250 648 304 gradu
678 252 961 292 tentationum.

216 338 328 370 Tertia
358 339 494 371 tentatio
524 346 577 373 est
600 343 749 375 'omnium
767 343 908 374 maxime
926 342 1111 374 horribilis:

129 383 207 425 quia
230 383 263 413 in
286 381 368 421 hac,
398 388 490 415 tanta
518 389 569 415 est
593 384 795 427 impudentia
818 385 970 423 Diaboli,
993 391 1028 416 ut
1052 396 1111 428 po-

129 424 230 456 stulet
252 434 291 456 se
314 426 465 465 adorari,
495 432 527 458 et
550 428 681 469 quidem
705 439 725 460 a
747 435 813 460 tam
836 428 1111 470 praestanti'per-

128 478 232 506 sona,
267 468 344 509 quia
377 469 449 501 sive
482 472 674 512 suspicatus
697 472 739 503 sit
769 482 811 503 ex
839 470 948 503 multis
972 472 1111 503 circum-

128 511 276 549 scandis,
299 512 389 553 quod
412 511 558 545 Messias
582 521 691 553 esset,
715 516 786 546 sive
810 514 1012 557 ignoraverit
1035 524 1111 547 esse

129 554 286 585 Messiam
310 557 357 593 (ut
381 555 540 588 credibile
562 563 626 595 est,
647 559 734 599 quod
753 557 846 589 Deus
870 556 1012 589 voluerit
1036 568 1110 590 eum

127 596 240 639 aliqua
263 595 389 633 celare)
407 603 515 630 tamen
545 600 625 631 vidit
648 610 726 632 esse
748 601 912 633 hominem
935 608 1110 641 praestan—

128 641 308 679 tissimum,
333 648 365 672 et
388 640 475 673 hunc
498 641 567 674 vult
591 643 763 680 inducere,
794 650 828 674 ut
855 644 971 675 adoret
992 645 1110 685 ipsum,

127 689 161 715 et
195 683 291 715 offert
320 685 350 716 ei
378 685 547 727 imperium
578 686 677 718 totius
707 688 798 718 orbis
823 693 1002 725 terrarum,
1037 698 1110 718 cum

127 732 214 758 tetro
247 727 439 765 mendacio:
482 729 577 770 quasi
611 729 642 760 in
681 739 744 762 sna
784 736 949 772 potestate
988 729 1111 762 habeat

125 779 232 812 regna
253 770 375 802 mundi.
420 769 540 802 Daniel
564 782 724 813 expresse
746 773 841 805 dicit:
872 773 964 805 Dens
986 778 1033 805 est
1056 775 1113 815 qui

126 811 269 852 stabilit,
300 817 329 844 et
359 811 522 853 transfert
551 825 662 856 reyna.
709 816 864 858 imperia,
899 815 1048 858 politiae,
1077 823 1109 848 et

126 856 281 898 quicquid
304 863 353 888 est
379 857 502 888 ordinis
532 857 674 899 politici,
705 865 784 892 sunt
806 859 869 891 Dei
892 870 987 901 opus.
1034 862 1108 893 Ser-

126 905 247 931 vantur
280 910 300 931 a
334 898 426 939 Deo,
460 910 525 932 non
551 912 571 933 a
600 901 762 941 Diabolo,
799 903 854 944 qui
879 909 1005 935 tantum
1028 902 1108 936 facit

126 942 389 982 destructiones,
423 954 489 975 non
519 943 631 983 aliter,
666 955 764 985 quam
793 944 891 987 lupus
922 947 1052 978 irruens
1075 947 1107 977 in

126 995 264 1028 gregem
287 985 414 1025 ovium,
442 987 553 1018 turbat
581 998 717 1031 gregem
740 987 831 1021 illud.
878 989 976 1025 Quod
998 995 1107 1022 autem
1133 952 1138 1148 Ι

124 1034 281 1060 servatur
304 1029 336 1060 in
358 1028 416 1061 illo
441 1040 559 1073 grege,
583 1037 735 1063 servatur
759 1030 927 1075 diligentia
949 1033 1107 1074 pastoris.

124 1069 218 1103 Deus
248 1078 283 1104 ut
312 1071 421 1104 fidelis
452 1079 569 1115 pastor
592 1081 705 1107 servat
728 1074 881 1116 politias,
912 1082 945 1108 et
962 1077 1023 1108 dat
1048 1075 1107 1108 ali-

125 1124 210 1156 quos
233 1113 350 1147 fideles
375 1117 545 1148 custodes,
601 1116 766 1150 Diabolus
791 1125 822 1150 et
846 1119 942 1151 huius
967 1129 1108 1161 organa,

123 1155 273 1190 latrones
298 1164 329 1190 et
354 1161 485 1200 tyranni
509 1166 586 1192 sunt
610 1160 701 1193 velut
724 1160 811 1203 lupi,
835 1168 868 1194 et
890 1163 1026 1196 turbant
1050 1173 1107 1204 po-

122 1198 223 1239 litias,
246 1208 413 1243 tamquam
431 1213 579 1246 gregem.
626 1203 697 1237 Hac
721 1205 862 1248 imagine
885 1215 987 1247 saepe
1010 1206 1107 1238 soleo

123 1245 181 1282 uti,
198 1250 233 1276 ut
257 1251 440 1277 monstrem
465 1247 641 1279 discrimen
667 1248 792 1280 ordinis
817 1247 954 1290 politici,
978 1255 1011 1280 et
1033 1260 1107 1290 per-

123 1287 362 1326 turbationum,
397 1298 483 1330 quae
517 1287 650 1322 aliunde
687 1292 862 1323 accedunt.
920 1292 986 1324 Sed
1020 1302 1108 1324 nunc

122 1330 322 1362 mentionem
346 1329 443 1364 huius
468 1332 620 1374 imaginis
645 1331 748 1372 facio,
771 1341 806 1366 ut
830 1334 907 1365 hinc
931 1335 1027 1366 etiam
1051 1346 1069 1366 a
1095 1354 1107 1360 -

121 1379 259 1415 pareat,
291 1384 389 1415 quam
418 1375 548 1417 insigne
577 1376 621 1407 sit
642 1375 708 1408 hoc
731 1378 941 1409 mendacium
963 1346 1107 1418 Diaboli,

123 1426 197 1448 cum
229 1416 363 1449 Christo
392 1419 535 1450 seducto
565 1419 598 1450 in
630 1425 775 1452 montem
799 1419 992 1459 sublimem,
1015 1431 1107 1453 mon-

121 1465 206 1491 strat
240 1460 269 1492 ei
304 1470 460 1503 magnum
489 1467 597 1493 terrae
626 1467 784 1502 tractum,
821 1469 853 1495 et
882 1463 975 1496 dicit:
1014 1464 1107 1496 Haec

121 1503 228 1535 omnia
260 1514 330 1536 mea
362 1509 451 1535 sunt:
497 1504 612 1537 Palam
647 1511 681 1538 et
712 1507 920 1548 impudenter
953 1508 1108 1540 mentitur

120 1547 258 1588 spiritus
288 1547 441 1580 mendax.
492 1547 568 1580 Non
595 1556 674 1581 sunt
696 1559 800 1592 regna
824 1551 935 1584 mundi
958 1552 989 1583 in
1014 1558 1106 1592 pote-

121 1596 210 1623 state
231 1589 378 1622 Diaboli.
424 1591 500 1632 lpse
531 1602 597 1624 non
628 1598 739 1634 potest
768 1592 827 1626 illa
858 1594 939 1626 dare
968 1604 1029 1627 suo
1054 1605 1106 1627 ar-

120 1634 237 1673 bitrio,
260 1633 424 1670 cuivelit.
470 1633 566 1667 Deus
589 1637 748 1677 permittit
771 1637 818 1676 ei,
842 1643 878 1670 ut
900 1639 1001 1670 rebus
1025 1649 1045 1670 a
1068 1648 1106 1670 se

122 1678 281 1717 conditis,
316 1683 349 1710 et
379 1688 463 1720 quas
492 1679 565 1720 ipse
587 1686 719 1718 servat,
753 1681 923 1719 abutatur,
959 1687 992 1714 et
1015 1682 1106 1713 varie

122 1727 295 1764 grassetur
325 1722 357 1753 in
388 1731 512 1764 genere
539 1721 700 1762 humano,
729 1723 816 1756 sicut
838 1725 997 1766 permittit
1019 1724 1106 1757 Cali-

121 1763 221 1807 gulae
243 1771 299 1796 aut
320 1765 461 1804 Neroni,
491 1772 526 1797 ut
554 1767 699 1808 potentia
728 1767 855 1809 imperii
885 1767 1026 1800 Romani
1051 1769 1105 1800 ab·
1132 1789 1134 1799 ι

121 1814 266 1841 utantur.
312 1808 383 1840 Nec
407 1814 514 1841 tamen
541 1820 652 1842 verum
677 1816 739 1849 est,
763 1811 918 1843 muudum
942 1821 1020 1844 esse
1042 1811 1106 1844 Ne-

120 1853 214 1883 ronis
237 1858 292 1884 aut
316 1850 500 1894 Caligulae.

209 1903 250 1935 Et
273 1909 381 1935 tamen
407 1905 470 1936 hoc
494 1905 666 1937 mendacio
690 1906 788 1937 audet
808 1904 971 1938 Diabolus
994 1906 1107 1947 impel-
1132 1905 1135 1925 ⁸

122 1945 190 1978 lere
206 1946 389 1985 Christum,
408 1954 444 1979 ut
463 1947 581 1979 relicto
600 1949 782 1980 ministerio
801 1950 935 1981 invadat.
953 1959 1106 1992 regnum,
1133 1964 1135 1967 ’

123 1990 303 2022 constituat
331 2000 369 2022 se
400 2001 510 2033 regem
541 1998 658 2023 contra
688 1992 876 2023 mandatum
901 1991 983 2031 Dei,
1019 1999 1050 2025 et
1073 2000 1107 2024 ut

121 2034 268 2075 potiatur
297 2043 419 2076 regno,
450 2033 596 2076 postulat
619 2036 662 2066 ab
688 2045 729 2066 co
752 2036 997 2067 adorationem:
1023 2047 1107 2078 quae
1133 2060 1135 2070 Α

122 2084 173 2108 est
203 2075 380 2109 manifesta
409 2076 606 2112 idololatria.
659 2079 726 2110 Sed
756 2079 980 2120 significatur,
1006 2081 1107 2111 omni-
1134 2098 1135 2106 κ

123 2121 184 2151 bus
214 2121 420 2162 temporibus
452 2120 515 2153 hoc
541 2121 626 2160 fieri,
661 2128 695 2153 ut
726 2118 888 2153 conentur
920 2122 1019 2165 aliqui
1046 2122 1107 2154 Ec-

123 2163 259 2195 clesiam
280 2170 409 2196 vertere
429 2165 459 2195 in
479 2175 616 2207 regnum
637 2175 696 2207 per
714 2164 835 2197 cultum
854 2164 1107 2204 idololatricum,

122 2208 183 2238 etsi
205 2206 327 2247 politici
347 2219 412 2250 quo
440 2219 479 2240 ue
498 2209 740 2251 gubernatores
757 2209 909 2241 stabilire
928 2220 988 2241 sua
1002 2220 1107 2252 regna

122 2249 234 2282 solent
258 2261 318 2292 per
341 2218 572 2283 idoldllatriam.

210 2303 385 2335 Sumamus
416 2304 522 2344 ipsum
553 2303 875 2336 Nabuchodonosor.
929 2303 1105 2336 Constituit

123 2345 248 2378 cultum
272 2345 532 2378 idololatricum:
559 2345 627 2379 vult
648 2348 844 2380 consociare
863 2349 1030 2390 imperium
1048 2359 1108 2390 per

123 2400 244 2421 novum
269 2389 412 2423 cultum.
437 2401 532 2433 quem
559 2392 707 2423 instituit.
766 2391 887 2423 lnvcliit
914 2402 1033 2423 novum
1059 2403 1106 2424 rc-

124 2432 300 2472 ligiouem,
329 2440 362 2465 ut
389 2436 558 2466 ‹fontir-mot
584 2445 678 2466 suam
707 2436 903 2477 potentiam,
933 2442 963 2466 ct
993 2442 1106 2467 uincto-

126 2477 264 2508 ritatem.

213 2537 398 2568 Antiochus
428 2538 577 2570 similiter
609 2538 696 2570 facit.
751 2538 829 2571 Vult
860 2539 890 2570 in
915 2551 976 2571 suo
1001 2550 1104 2581 regno

125 2590 203 2612 esse
232 2591 327 2612 unum
359 2581 567 2623 rvligionem.
598 2593 794 2625 ‹piumqunm
824 2584 963 2624 impium.
1021 2584 1106 2614 Fon—

127 2625 222 2654 vcrtit
250 2623 404 2666 templum
432 2625 560 2657 Domini
592 2627 622 2657 in
656 2626 811 2668 templum
837 2626 924 2658 lovis
948 2627 1106 2670 Olympii:

770 153 882 186 PfflL.
906 154 1008 186 MEL.
1032 153 1220 186 SCRIPTA
1241 151 1506 187 EXEGETICA.

2082 160 2147 193 460

1164 246 1322 280 Celebrat
1353 247 1570 291 ierosolymis
1598 249 1844 289 Bacchanalia,
1876 251 1966 293 quod
1996 259 2048 285 est
2069 253 2145 288 hor-

1159 291 1302 323 rendum
1323 291 1437 324 auditu
1458 293 1492 324 in
1515 290 1638 334 populo
1658 291 1732 324 Dei.

1250 332 1400 375 Inprimis
1419 345 1501 367 vero
1519 335 1784 368 accommodatio
1804 335 1860 368 fiat
1878 337 1921 368 ad
1937 337 2146 372 manifestam

1162 382 1196 408 et
1223 375 1418 410 horribilem
1447 377 1687 417 idololatriam,
1721 389 1807 420 quae
1836 381 2016 414 constituta
2038 383 2146 414 estin

1163 429 1269 462 regno
1297 420 1466 461 pontificio
1496 422 1570 453 istis
1605 422 1780 463 postremis
1815 424 2029 464 temporibus.
2084 425 2146 458 Est

1164 464 1250 495 enim
1280 468 1404 496 nervus
1432 475 1474 496 ac
1505 465 1596 497 basis
1625 463 1714 496 illius
1738 466 1851 507 regni,
1876 465 2001 499 idolum
2024 467 2145 500 Trans-

1163 507 1472 546 snbstantiationis,
1516 507 1734 549 prophanatio
1777 518 1903 541 coenae
1937 508 2072 543 Domini
2113 511 2146 545 in

1164 549 1278 580 Missis
1305 548 1479 582 venalibus
1507 557 1541 583 et
1568 551 1780 589 tunebribuS‚
1809 551 1960 584 doctrina
1983 554 2082 595 impia
2103 555 2146 587 de

1165 593 1288 624 meritis
1321 592 1539 626 humanorum
1572 604 1726 635 operum,
1763 600 1796 626 et
1825 595 1866 626 de
1891 596 2065 629 retinenda
2087 597 2145 630 du-

1165 635 1335 674 bitatione.
1394 636 1566 678 invocatio
1600 643 1813 675 sanctorum,
1852 637 1967 675 similis
2001 638 2144 672 Ethnico

1165 676 1276 719 cultui,
1295 688 1361 720 quo
1384 679 1625 720 invocabantur
1647 678 1800 711 homines
1823 682 1953 712 mortui.
1998 681 2064 714 Per
2082 681 2144 715 hos

1164 731 1287 757 nervos
1321 727 1388 754 stat
1422 732 1560 764 regnum
1593 722 1816 765 pontificium,
1853 731 1886 755 et
1919 724 2007 756 hanc
2040 731 2144 758 totam

1163 761 1383 796 idololatriam
1407 764 1584 798 defendunt
1603 765 1759 806 Papistae
1783 767 1827 798 ad
1851 768 2039 799 retinendas
2063 779 2145 810 opes

1163 813 1195 838 et
1229 807 1408 848 potentiani
1442 818 1546 840 suam.
1602 807 1698 841 Multi
1732 810 1829 841 etiam
1864 820 1905 842 ex
1935 812 2060 843 nostris
2091 812 2146 844 de-

1163 849 1277 882 ficiunt
1314 850 1357 882 ad
1388 849 1560 893 Papum,
1598 858 1634 883 ut
1667 850 1818 885 fruantur
1857 855 2145 887 commoditatibus

1162 893 1258 925 istius
1292 893 1407 936 regni,
1443 895 1570 926 etiamsi
1602 894 1790 938 intelligant
1823 906 1861 927 se
1895 895 2056 938 implicari
2090 898 2145 931 isti

1156 935 1380 968 idololatriae.

1249 977 1407 1012 Profecto
1442 986 1495 1011 est
1527 978 1685 1012 horribile
1713 979 1852 1020 idolum,
1887 983 1975 1024 quod
2003 983 2146 1017 Missam

1161 1021 1326 1055 Pontificii
1349 1029 1484 1061 vocant,
1506 1024 1600 1055 cuius
1624 1023 1707 1055 haec
1731 1024 1796 1055 duo
1819 1030 1899 1056 sunt
1920 1023 2146 1065 fundamenta,

1161 1065 1335 1098 manifeste
1369 1065 1471 1098 salsa:
1514 1066 1633 1108 Opinio
1669 1066 1711 1098 de
1743 1067 1934 1108 praesentia
1968 1066 2148 1109 Corporali

1162 1107 1286 1140 Christi
1310 1110 1372 1141 sub
1397 1110 1510 1151 specie
1534 1108 1677 1142 hostiae:
1708 1116 1740 1142 et
1764 1110 1874 1151 opinio
1897 1111 1938 1142 de
1962 1109 2145 1144 oblatione:

1162 1162 1257 1194 quem
1282 1151 1404 1184 cultum
1427 1154 1472 1184 ita
1495 1153 1723 1185 necessarium
1751 1163 1828 1184 esse
1851 1160 1984 1194 putant3
2007 1161 2058 1192 ut,
2082 1155 2146 1187 nisi

1161 1197 1324 1227 sacerdos
1348 1194 1449 1228 faciat
1472 1194 1563 1228 illam
1587 1195 1807 1234 oblationem,
1827 1197 2014 1229 existiment
2036 1196 2147 1231 Deum

1161 1239 1279 1272 iratum
1303 1237 1374 1271 sere
1398 1240 1555 1271 universo
1581 1240 1695 1282 generi
1718 1237 1873 1271 humano.

1248 1281 1306 1314 Sic
1329 1283 1428 1314 etiam
1453 1283 1633 1314 constituta
1662 1281 1722 1314 suit
1745 1283 1891 1324 potentia
1914 1284 2008 1325 regni
2031 1283 2146 1316 Phari-

1161 1324 1243 1356 saici
1272 1325 1305 1356 in
1339 1324 1464 1367 populo
1493 1325 1637 1358 ludaico.
1693 1323 1862 1357 Dicebant
1889 1336 1967 1357 esse
1997 1327 2147 1359 instituta

1161 1366 1338 1406 sacrificia,
1357 1374 1523 1411 tamquam
1540 1366 1663 1400 cultum
1680 1369 1907 1409 praecipuum,
1924 1378 1992 1410 quo
2015 1376 2148 1411 oportet

1160 1410 1318 1442 satisfieri
1342 1422 1402 1452 pro
1426 1411 1577 1453 peccatis
1611 1409 1739 1453 populi:
1784 1409 1950 1444 Dicebant
1977 1412 2148 1446 sacrificia

1157 1451 1217 1487 illa
1234 1455 1352 1486 mereri
1372 1455 1601 1487 remissionem
1620 1459 1845 1496 peccatorum,
1863 1453 1976 1487 delere
1995 1462 2146 1497 peccata.

1162 1496 1228 1528 lsta
1253 1498 1383 1539 opinio,
1418 1508 1503 1540 quae
1527 1508 1606 1530 vere
1635 1495 1695 1529 suit
1718 1495 1949 1536 idololatr-ica,
1982 1499 2147 1533 retinebat

1158 1539 1329 1582 populum.
1369 1540 1523 1573 Adulteri
1541 1540 1786 1576 sacrificabant,
1806 1547 1840 1573 ut
1857 1548 1998 1582 possent
2014 1542 2146 1584 impune

1160 1593 1320 1616 exercerc
1336 1583 1518 1623 adulteria,
1543 1585 1630 1618 sicut
1653 1585 1685 1616 in
1708 1590 1832 1626 papatu
1854 1583 2006 1621 adulteri,
2031 1592 2064 1616 et
2086 1584 2144 1618 alii

1159 1625 1317 1670 flagitiosi
1334 1623 1514 1667 fundarunt
1529 1628 1666 1666 Missas,
1684 1633 1720 1660 ut
1738 1627 1899 1659 haberent
1917 1627 2146 1661 remissionem

1160 1677 1387 1712 peccatorum.

1247 1713 1477 1747 Labefactatis
1501 1714 1612 1746 nervis
1635 1712 1856 1751 idololatriae,
1882 1714 1966 1745 bene
1990 1713 2146 1746 videbant

1161 1755 1350 1795 Pharisaei,
1385 1756 1534 1789 labefieri
1568 1767 1649 1789 suas
1684 1766 1783 1798 opeS‚
1807 1757 1997 1797 potentiam,
2026 1758 2144 1789 autori·

1160 1805 1271 1832 tatem.
1319 1801 1366 1832 lta
1383 1800 1547 1832 Pontificii
1566 1799 1679 1832 dolent
1698 1799 1831 1831 diminui
1850 1798 1949 1832 hodie
1965 1801 2145 1842 potentiam

1159 1849 1192 1875 et
1215 1851 1389 1885 quaestum
1419 1854 1531 1882 suum,
1562 1842 1727 1885 patefacta
1755 1841 1831 1875 luce
1859 1843 2007 1875 veritatis
2038 1843 2145 1876 Evan-

1158 1885 1298 1929 gelicae.
1361 1886 1542 1920 Potuerunt
1575 1894 1652 1918 ante
1687 1886 1770 1919 haec
1805 1892 1952 1928 tempora
1987 1885 2145 1920 Monachi

1160 1929 1301 1972 singulis
1324 1931 1419 1962 annis
1449 1931 1574 1962 habere
1604 1941 1644 1962 ex
1671 1930 1892 1963 conductione
1920 1936 1954 1962 et
1977 1928 2145 1963 locatione

1160 1974 1338 2006 Missurum
1367 1974 1607 2015 Nou-imbergae
1635 1983 1756 2006 aureos
1785 1980 1964 2005 sexcentos
1992 1983 2059 2006 non
2087 1973 2144 2005 mi-

1160 2028 1239 2055 nus,
1263 2017 1295 2048 in
1317 2015 1459 2058 singulis
1483 2017 1666 2048 coenobiis.

1248 2060 1447 2102 imperator,
1481 2067 1511 2091 et
1536 2060 1653 2092 summi
1677 2069 1794 2102 reges,
1830 2066 1862 2092 et
1891 2058 1983 2092 multi
2005 2057 2059 2091 alii
2082 2059 2143 2091 viri

1160 2104 1330 2145 sapientes
1367 2103 1475 2135 adhuc
1511 2104 1698 2135 detinentur
1739 2104 1770 2136 in
1809 2104 1871 2135 istu
1914 2103 2144 2144 persuasione,

1161 2148 1326 2188 Oportere
1355 2157 1430 2179 esse
1460 2145 1525 2178 tale
1555 2147 1771 2184 sucrificium,
1803 2153 1835 2178 et
1858 2157 1925 2179 non
1949 2156 2050 2187 posse
2076 2145 2144 2178 fieri

1134 2198 1136 2209 ¹
1162 2191 1223 2222 nisi
1247 2201 1266 2221 a
1291 2190 1410 2223 talibus
1434 2191 1604 2231 personis,
1630 2190 1790 2223 ordinatis
1813 2201 1834 2222 u
1857 2189 2008 2222 Romano
2032 2188 2144 2222 Ponti-

1158 2233 1224 2265 fice
1247 2242 1276 2265 et
1299 2234 1489 2276 Epist-opis:
1512 2241 1589 2266 sunt
1610 2233 1761 2266 luscinati
1780 2233 1842 2265 liac
1861 2233 2033 2275 opinione3
2056 2232 2145 2274 quod

1161 2278 1223 2309 nisi
1249 2277 1337 2309 tieret
1365 2277 1444 2309 illud
1469 2277 1681 2315 sacrificium,
1707 2277 1798 2309 Deus
1820 2275 1946 2308 deleret
1966 2282 2069 2308 totum
2087 2285 2144 2318 ge-

1162 2331 1224 2352 nus
1260 2321 1446 2354 lunnanum.
1505 2321 1596 2353 llaec
1630 2321 1804 2363 persuasio
1834 2318 1929 2358 facit,
1963 2326 1997 2350 ut
2024 2319 2142 2351 summi

1162 2363 1365 2397 Monam-nne
1395 2363 1497 2397 velint
1526 2364 1718 2397 conservari
1749 2365 1848 2395 istum
1875 2370 2013 2400 statum,
2047 2369 2079 2393 et
2110 2369 2143 2394 ut

1159 2416 1304 2449 pugnent
1331 2420 1390 2450 pro
1415 2409 1573 2451 dignitate
1596 2409 1692 2440 istius
1715 2414 1842 2445 statuS,
1866 2413 1897 2438 et
1922 2406 2075 2437 omnibus
2098 2405 2144 2438 vi-

1163 2453 1253 2482 ribus
1289 2459 1450 2485 conentur
1484 2452 1680 2485 exscindere
1713 2457 1745 2482 et
1780 2450 1945 2491 extirpare
1980 2449 2143 2481 contradi-

1162 2502 1287 2527 centes.

1247 2538 1344 2572 'l'urci
1369 2540 1466 2571 etiam
1486 2540 1725 2571 constituerunt
1745 2548 1840 2570 suum
1861 2536 2029 2578 imperium
2050 2545 2143 2577 prae·

1628 2582 1769 2624 Fingunt
1787 2580 1909 2623 aliquid
1928 2590 2004 2611 eme
2024 2578 2142 2615 Deum,

1163 2590 1251 2613 textu
1273 2594 1379 2614 novae
1399 2582 1580 2624 religionis.

1619 2625 1738 2658 Dicunt
1764 2624 1870 2657 Deum
1895 2634 1971 2656 esse
1996 2621 2142 2654 condito-

1162 2629 1247 2666 quod
1280 2636 1345 2660 non
1377 2633 1427 2659 est
1458 2627 1561 2659 Deus.
