2324 2958
62 151 137 203 149-

60 246 115 284 sti,
139 254 215 277 cum
237 242 358 275 caeteri
379 240 552 284 Apostoli,
585 247 618 274 et
639 239 765 273 Paulus
799 240 855 272 diu
883 244 961 272 ante
985 250 1040 272 ex-

64 288 158 321 tincti
176 291 297 319 essent.

148 330 243 362 Deus
265 327 331 360 alia
352 332 452 369 atque
473 326 540 358 alia
562 324 727 358 curricula
756 325 903 357 attribuit
926 326 1039 357 docto-

64 374 157 406 ribus
180 370 370 408 Ecclesiae,
405 375 438 401 et
463 368 656 401 mirabiliter
685 367 817 410 aliquos
840 374 970 405 servat,
1004 373 1040 399 ut

63 417 131 448 sint
151 420 254 447 testes
277 419 309 445 et
331 413 488 444 custodes
511 412 692 443 doctrinae.
735 411 788 443 Ac
815 409 972 442 fortassis
996 410 1038 441 si-

64 457 253 502 gnificatum
283 455 350 487 hoc
382 454 442 487 suit
471 465 491 486 a
525 453 678 492 Christo,
725 454 975 485 commendante
1008 453 1038 484 ei

63 506 218 538 matrem,
263 498 352 541 quod
383 498 468 529 inter
500 495 687 538 Apostolos
711 496 896 528 diutissime
919 496 1038 537 guber-

63 549 201 576 naturus
223 547 316 573 esset
337 539 533 573 Ecclesiam.
579 539 674 571 Hanc
696 539 726 570 ei
748 544 884 571 matrem
906 538 1038 580 potissi-

63 595 150 619 mum
172 594 274 617 curae
297 593 373 615 esse
395 582 548 615 Christus
571 581 685 614 voluit.

150 626 275 669 Ephesi
296 636 364 658 non
385 624 493 658 solum
517 625 627 657 docuit
648 623 819 666 populum,
853 624 913 656 sed
942 624 1039 656 etiam

64 667 216 703 scholam
237 669 362 707 habuit,
395 669 481 701 sicut
503 668 662 709 Episcopi
685 667 762 699 olim
785 667 949 698 docebant
971 676 1039 697 non

64 717 190 745 tantum
223 712 256 743 in
289 710 422 753 publico
456 716 571 748 coetu,
604 711 666 742 sed
700 710 796 742 etiam
829 710 1040 740 instituebant

65 754 197 797 aliquos
219 755 380 796 privatim.
444 754 625 785 Auditores
647 753 748 795 igitur
770 753 885 784 habuit
906 750 1039 789 multos,

66 798 121 839 qui
142 803 221 838 post
243 797 313 829 eius
336 802 472 828 mortem
494 802 720 838 propagarunt
749 795 942 827 doctrinam.
978 793 1041 825 Ta-

66 839 118 872 les
139 840 272 872 ruerunt
294 839 451 881 IgnatiuS,
481 840 536 881 qui
558 839 668 871 factus
691 844 741 869 est
764 838 950 878 Episcopus
973 836 1041 867 An-

65 882 255 918 tiochenus3
284 881 362 913 Item
396 880 602 923 Polycarpus
625 881 811 923 Episcopus
834 879 1041 912 Smirnaeus:

64 925 185 966 Papias
207 923 396 966 Episcopus
419 923 615 966 Hierapolis.

126 967 252 999 Horum
273 968 460 998 testimonia
482 966 616 999 multum
640 964 833 1007 prosuerunt
855 963 1040 1002 Ecclesiae,

63 1011 149 1042 sicut
171 1009 327 1041 irenaeus
340 1009 476 1051 allegat,
499 1019 583 1051 quae
600 1009 761 1041 audiverit
782 1018 822 1039 ex
842 1006 1041 1048 Polycarpo,

64 1053 158 1084 cuius
179 1053 252 1093 ipse
274 1051 334 1083 tuit
357 1051 546 1093 discipulus.
568 1053 620 1083 Ac
643 1049 740 1082 walde
762 1049 840 1081 utile
864 1055 916 1081 est
939 1050 1041 1080 omni-

63 1096 128 1127 bus
161 1095 380 1136 temporibus,
417 1100 529 1126 tenere
561 1100 675 1126 vetera
711 1093 908 1124 testimonia.
970 1091 1040 1122 Nec

63 1137 235 1179 quisquam
258 1143 323 1168 tam
352 1138 461 1169 audax
484 1147 525 1168 ac
546 1136 740 1168 temerarius
763 1145 840 1167 esse
862 1135 973 1172 debet,
1005 1140 1039 1165 ut

61 1186 154 1221 putet
186 1178 242 1210 illa
265 1180 330 1210 sibi
356 1180 596 1210 contemnanda
618 1187 706 1217 esse,
739 1184 795 1209 aut
817 1178 880 1209 sibi
902 1187 1038 1218 persua·

61 1222 150 1259 deat,
183 1231 220 1252 se
252 1231 317 1252 non
341 1222 489 1263 indigere
512 1222 709 1253 testimoniis
738 1227 906 1258 veterum,
939 1226 971 1251 et
1000 1229 1040 1251 se

60 1264 309 1295 controversias
339 1264 379 1295 de
413 1264 561 1295 maximis
591 1265 692 1296 rebus
726 1264 894 1305 explicare
922 1273 1036 1303 posse,

59 1308 131 1338 sine
152 1305 230 1338 ullis
253 1308 449 1338 testimoniis
483 1307 603 1338 veteris
626 1313 657 1338 et
685 1307 828 1348 purioris
851 1305 1037 1337 Ecclesiae.

145 1348 278 1389 Scripta
310 1349 476 1387 Iohannis,
506 1349 665 1391 singulari
700 1348 867 1391 diligentia
895 1347 1038 1390 legenda

60 1398 148 1424 sunt.
215 1392 358 1432 Scripsit
386 1390 557 1423 historiam
589 1391 826 1433 Evangelicam
849 1398 1060 1433 postremus·

60 1435 216 1471 omnium,
248 1440 282 1465 et
315 1432 506 1475 complexus
540 1440 592 1465 est
622 1435 801 1465 conciones
825 1441 858 1465 et
880 1433 1038 1465 miracula

61 1475 184 1508 Christi
208 1474 304 1507 valde
328 1477 480 1519 insignia,
516 1487 600 1517 quae
622 1475 677 1507 alii
710 1475 946 1518 Evangelistae
969 1486 1036 1507 non

59 1519 248 1549 recitarunt.
295 1518 481 1550 Articulum
505 1520 545 1550 de
568 1519 736 1550 divinitate
759 1518 814 1550 filii
827 1518 1038 1560 peculiariter

59 1559 246 1592 illustravit.
313 1561 431 1592 Omisit
453 1568 561 1593 autem
580 1560 757 1602 pleraque,
790 1572 875 1603 quac
897 1562 939 1592 ab
963 1561 1037 1592 aliis

57 1603 123 1634 iam
145 1609 222 1634 ante
245 1604 367 1644 scripta
389 1610 492 1635 erant.

59 1643 275 1687 ralipomena‚
295 1645 328 1676 id
351 1652 413 1684 est,
436 1656 520 1687 quae
543 1657 562 1677 a
586 1648 727 1678 caeteris
747 1647 871 1677 omissa
894 1645 1036 1678 fuerunt.

61 1688 219 1720 Oratione
241 1697 323 1720 usus
347 1696 398 1720 est
420 1689 631 1721 ornatissima
654 1695 687 1720 et.
710 1688 940 1729 pulcherrima.

147 1729 348 1771 Camerario,
372 1732 426 1772 qui
449 1738 559 1772 potest
583 1732 729 1763 iudicare
752 1733 793 1763 de
823 1731 957 1763 Graeca
978 1730 1037 1762 lin-

60 1783 138 1816 gua,
161 1774 337 1805 admodum
366 1773 476 1815 placet
505 1784 615 1806 sermo
638 1773 802 1806 Iohannis.
869 1775 930 1805 Est
953 1775 1037 1806 enim

60 1817 93 1847 in
117 1825 156 1847 eo
179 1826 297 1858 magna
321 1818 446 1857 puritas
469 1824 503 1849 et
524 1818 720 1859 proprietas,
745 1824 777 1848 et
800 1816 942 1849 dulcedo
966 1828 1038 1849 ora-

64 1859 173 1890 tionis.

146 1901 310 1933 Eusebius
328 1908 440 1933 narrat
461 1913 480 1934 a
503 1901 646 1934 Iohanne
669 1903 826 1943 scriptum
844 1912 919 1934 esse
931 1902 1038 1935 Evan-

62 1942 194 1986 gelium,
219 1945 261 1974 ad
284 1943 491 1976 refutandum
514 1945 674 1977 Ebionem
698 1952 729 1976 et
753 1945 960 1984 Cerinthum,
983 1947 1037 1988 qui

61 1987 305 2018 contendebant
328 1988 360 2017 in
384 1987 517 2019 Christo
539 1994 664 2020 tantum
687 1998 765 2019 esse
787 1989 962 2029 humanam
982 1999 1038 2020 na-

61 2035 177 2060 turam.
222 2031 273 2062 Ac
296 2029 402 2060 Ebion
426 2029 638 2062 tumultuatus
657 2038 708 2062 est
732 2032 764 2062 in
782 2031 903 2063 Iudaea
927 2038 957 2063 et
976 2031 1036 2063 Pa-

61 2070 214 2110 laestina,
239 2071 415 2104 Cerinthus
438 2073 469 2103 in
488 2073 579 2104 Asia.

148 2114 222 2145 Non
246 2115 377 2146 dubium
401 2122 451 2146 est
474 2115 609 2148 Iohanni
638 2127 790 2158 magnum
819 2116 968 2149 dolorem
991 2123 1037 2148 at-

63 2156 180 2188 tulisse
209 2155 262 2187 illa
285 2157 455 2189 horribilia
479 2159 614 2191 dissidia
646 2160 854 2202 dogmatum,
888 2170 1037 2201 praeser-
1062 2166 1063 2171 ¹

63 2200 119 2230 tim
143 2200 183 2230 de
203 2210 329 2231 summo
348 2199 486 2231 articulo
510 2201 600 2233 fidei:
622 2202 692 2234 Etsi
715 2201 800 2234 aliae
812 2213 943 2245 quoque
956 2202 1037 2235 mul—

63 2248 116 2273 tae
139 2249 251 2273 sectae
275 2242 370 2274 simul
395 2242 459 2275 illis
489 2246 687 2285 temporibus
716 2244 865 2284 suerunt,
899 2257 1036 2288 quarum

61 2283 192 2316 furores
226 2294 292 2315 non
326 2287 429 2326 potuit
461 2293 611 2327 spectare
639 2289 710 2320 sine
733 2289 894 2320 acerrimo
921 2288 1037 2321 dolore
1062 2306 1063 2309 =

215 2326 363 2359 Coactus
386 2331 482 2360 etiam
507 2328 563 2360 Iuit
585 2331 695 2362 videre
724 2332 884 2364 excidium
908 2332 1036 2365 leroso-

76 2381 181 2412 ymae.
228 2368 268 2401 Et
291 2372 371 2402 vidit.
392 2378 469 2402 ante
487 2382 528 2403 ac
551 2379 628 2413 post
646 2373 786 2405 deletam
799 2374 1036 2416 lerosolymam

62 2328 170 2359 animi.

61 2369 75 2401 l

62 2414 215 2445 assiduas
238 2413 507 2446 tumultuationes
526 2426 607 2447 snae
629 2417 749 2457 gentiS,
772 2417 804 2448 in
827 2419 946 2460 quibus
970 2429 1036 2449 ma-
1062 2419 1063 2422 ’

63 2465 128 2498 gna
146 2454 319 2488 multitudo
342 2458 488 2498 quotidie
510 2458 775 2491 interficiebatur.

149 2498 239 2531 Haec
261 2501 425 2541 spectavit
448 2511 520 2532 cum
543 2501 668 2543 ingenti
686 2501 803 2534 dolore
821 2513 894 2535 suo.
939 2502 981 2534 Et
1003 2503 1034 2534 in

63 2541 115 2572 his
137 2542 238 2573 ruinis
261 2543 397 2583 patriae,
416 2549 448 2574 et
470 2545 601 2575 interitu
624 2545 732 2586 gentis
750 2555 843 2583 suae,
865 2546 977 2578 didicit
998 2556 1036 2578 re
1060 2537 1062 2573 ἶ

63 2585 146 2626 ipsa,
168 2591 345 2626 perpetuas
363 2587 514 2618 miserias
538 2596 616 2618 esse
639 2586 811 2620 Ecclesiae
833 2589 864 2620 in
877 2589 940 2620 hac
953 2589 1034 2621 vita:

351 2657 373 2667 ›

740 146 957 180 POSTILLA
978 145 1375 180 MELAN'I'HONIANA.

560 1604 674 1635 Voluit
697 1605 781 1635 enim
805 1605 954 1635 scribere
977 1604 1038 1635 Pa·
1062 1607 1063 1611 ’

2005 149 2070 182 150

1091 245 1125 271 et
1147 240 1260 272 statuit
1285 239 1383 272 aliam
1410 240 1484 272 fore
1507 240 1684 283 aliquando
1719 240 1858 284 gloriam
1880 240 2067 275 Ecclesiae:

1091 282 1231 322 Didicit,
1263 283 1296 314 in
1317 283 1382 314 hac
1409 283 1505 315 etiam
1528 284 1595 316 vita
1616 284 1724 316 Deum
1747 285 1926 317 ostendere
1948 286 2069 318 iudicia

1091 335 1152 357 sua
1174 326 1209 358 in
1230 327 1346 366 poenis
1369 326 1553 368 impiorum.

1177 368 1358 400 Doctrinae
1391 368 1546 400 lobannis
1569 367 1662 400 Deus
1695 370 1882 401 testimonia
1905 369 2070 411 perhibuit

1091 411 1188 442 etiam
1209 421 1270 452 per
1292 409 1461 442 miracula.
1519 412 1677 443 Scribitur
1700 410 1825 453 aliquot
1847 419 1995 445 mortuos
2019 423 2069 445 re·

1091 454 1286 491 suscitasse,
1320 463 1362 485 ex
1384 454 1504 495 quibus
1527 452 1649 485 semina
1681 456 1867 486 nominatur
1888 454 2069 494 Drusiana,

1091 506 1176 537 quae
1194 506 1268 528 cum
1287 501 1475 539 gestaretur
1498 497 1527 527 ei
1550 497 1681 528 obviam
1692 497 1841 528 redeunti
1863 508 2015 540 peregre,
2037 499 2070 530 in

1092 539 1190 570 vitam
1213 540 1255 571 ab
1280 549 1321 570 eo
1344 545 1502 571 revocata
1523 544 1586 570 est.
1653 539 1871 571 Nominantur
1894 547 1927 572 et
1949 540 2005 572 alii
2027 542 2070 573 ab

1092 591 1131 611 eo
1156 582 1360 613 resuscitati:
1389 581 1431 612 Et
1460 582 1533 622 ipse
1566 591 1641 613 cum
1674 583 1883 623 propinatum
1916 585 1945 615 ei
1979 590 2071 616 esset

1091 633 1264 663 venenum,
1286 624 1378 663 Item,
1401 634 1475 656 cum
1499 624 1669 656 coniectus
1692 630 1783 656 esset
1805 625 1836 656 in
1856 636 1915 656 vas
1938 625 2072 667 plenum

1091 665 1240 699 fervente
1263 665 1357 705 oleo,
1387 665 1561 699 incolumis
1594 673 1702 698 tamen
1726 669 1842 699 evasit.
1909 668 2070 700 Existimo

1092 715 1125 739 et
1147 708 1219 740 aliis
1242 709 1392 751 pluribus
1416 708 1573 751 exemplis
1596 709 1703 742 Deum
1727 710 1937 742 testificatum
1965 710 2069 743 fuisse

1093 751 1134 782 de
1156 752 1306 783 doctrina
1324 751 1488 783 Iohannis.

1179 793 1262 826 Cum
1284 794 1484 826 adolescens
1508 804 1630 832 essem,
1658 794 1793 827 multum
1827 796 1945 827 utebar
1973 795 2072 835 libro,

1093 837 1148 877 qui
1172 836 1301 869 Graece
1324 838 1469 878 scriptus
1493 844 1564 869 erat
1587 837 1629 869 de
1650 837 1797 869 historiis
1821 837 2072 879 Apostolorum,

1094 885 1127 910 et
1148 878 1286 911 aliorum
1308 880 1515 921 quorundam
1538 886 1740 912 sanctorum.
1807 881 1959 912 Habebat
1981 880 2072 912 illum

1092 922 1125 952 in
1144 921 1343 954 bibliotheca
1366 933 1427 954 sua
1450 922 1587 964 CapniO.
1652 923 1767 965 Neque
1797 923 1965 955 meliorem
1995 924 2073 961 vidi,

1092 964 1171 995 Erat
1194 975 1292 997 manu
1314 966 1469 1005 scriptus,
1493 971 1525 997 et
1547 975 1626 1006 prae
1639 975 1676 996 se
1688 964 1818 997 ferebat
1835 967 2071 1008 antiquitatem.

1092 1006 1169 1038 Vidi
1192 1013 1321 1048 -postea
1355 1007 1455 1039 alium
1484 1009 1571 1049 apud
1605 1008 1874 1047 Birckemarum,
1908 1015 1940 1040 et
1973 1008 2072 1041 alium

1092 1050 1180 1089 apud
1202 1050 1364 1092 Langum,
1387 1051 1454 1081 Sed
1477 1051 1530 1082 isti
1553 1057 1647 1082 erant
1669 1052 1886 1089 recentiores,
1911 1058 1943 1083 et
1965 1052 2072 1094 magis

1092 1090 1245 1124 fabulosi.
1291 1093 1461 1124 Fortassis
1484 1092 1592 1125 adhuc
1616 1100 1724 1125 exstat
1742 1093 1826 1125 liber
1848 1093 1916 1132 ille,
1941 1095 1982 1126 de
2005 1105 2071 1136 quo

1091 1135 1169 1171 dixi,
1193 1135 1226 1166 in
1249 1134 1462 1174 Pfortzheim‚
1485 1137 1540 1167 ubi
1563 1135 1679 1168 relicta
1703 1143 1754 1168 est
1774 1135 1973 1169 bibliotheca
1986 1137 2069 1177 Cap-

1090 1178 1209 1208 nionis.
1254 1178 1329 1209 Non
1354 1185 1424 1209 erat
1447 1178 1535 1217 mihi,
1559 1180 1657 1210 etiam
1679 1179 1896 1218 adolescenti,
1925 1179 2069 1212 difficilis

1091 1219 1222 1252 Graeca
1244 1219 1301 1252 illa
1319 1220 1429 1259 lectio,
1451 1228 1484 1253 et
1507 1220 1697 1254 delectabar
1719 1223 1907 1264 cognitione
1919 1233 2069 1264 quarum-

1091 1273 1221 1305 cunque
1245 1262 1456 1295 historiarum
1479 1263 1798 1296 Ecclesiasticarum.

1177 1305 1342 1337 Eusebius
1376 1307 1459 1338 duas
1493 1307 1603 1339 adhuc
1643 1307 1800 1339 historias
1834 1307 1951 1345 habet,
1971 1318 2069 1349 quae

1089 1353 1167 1380 sunt
1190 1349 1308 1390 dignae
1331 1350 1498 1380 memoria.
1545 1348 1619 1381 Una
1638 1356 1690 1382 est
1713 1351 1754 1382 de
1777 1357 1882 1382 morte
1912 1350 2067 1382 Cei-inthi-

1090 1390 1172 1422 Cum
1196 1391 1360 1423 Iohannes
1384 1391 1584 1434 intelligeret
1607 1392 1812 1431 Cerinthum,
1843 1394 2012 1425 sedentem
2036 1394 2066 1424 in

1091 1433 1220 1472 balneo,
1244 1445 1399 1466 evomere
1422 1434 1648 1476 blasphemias
1671 1446 1750 1467 suas
1774 1437 1858 1467 inter
1888 1446 1968 1467 suos
1993 1446 2067 1478 gre-

1090 1472 1196 1517 ga'les,
1217 1476 1369 1508 hortatus
1393 1484 1443 1509 est
1467 1479 1633 1509 auditores
1657 1489 1749 1515 suos,
1773 1489 1846 1509 cum
1871 1479 1990 1520 quibus
2012 1489 2066 1510 ve-

1089 1524 1182 1550 nerat
1205 1520 1247 1549 ad
1270 1520 1355 1551 idem
1379 1519 1543 1557 balneum,
1566 1527 1601 1551 ut
1623 1531 1738 1552 secum
1757 1531 1833 1552 mox
1852 1522 2068 1563 regrederen-

1090 1568 1152 1592 tur.
1219 1560 1312 1593 Deus
1332 1563 1416 1593 enim
1440 1573 1506 1593 non
1536 1561 1632 1601 feret,
1661 1564 1776 1605 inquit,
1806 1565 1888 1595 istas
1914 1562 2066 1605 blasphe-

1089 1605 1182 1635 miaS.
1229 1605 1346 1636 Statim
1371 1616 1445 1637 cum
1469 1606 1663 1644 exivissem,
1687 1605 1838 1646 collapsa
1862 1613 1914 1638 est
1937 1607 2066 1645 domus,

1089 1653 1118 1677 et
1139 1649 1233 1679 ruina
1255 1657 1317 1678 sua
1341 1648 1484 1688 opressit
1508 1647 1697 1680 Cerinthum
1721 1659 1794 1680 cum
1818 1650 1899 1680 suis.

1176 1689 1288 1721 Altera
1309 1689 1447 1721 historia
1472 1697 1521 1721 est
1546 1691 1588 1722 de
1611 1692 1754 1732 quodam
1783 1692 1994 1724 adolescente
2018 1702 2067 1723 re-

1090 1742 1210 1764 vocato
1241 1743 1259 1763 a
1284 1733 1430 1764 Iohanne
1453 1733 1495 1764 ad
1518 1734 1762 1774 poenitentiam.
1809 1733 2067 1766 Ccmmendave·

1090 1781 1142 1806 rat
1167 1774 1329 1806 lohannes
1352 1774 1599 1807 adolescentem
1623 1777 1787 1818 quendam
1812 1787 1997 1819 generosae
2020 1778 2067 1809 in-

1090 1817 1177 1848 dolis
1201 1817 1368 1859 Episcopo
1393 1818 1521 1849 cuidam
1544 1820 1575 1849 in
1599 1820 1682 1850 urbe
1708 1820 1816 1851 vicina
1844 1819 1989 1861 Epheso.
2035 1820 2066 1852 Is

1091 1871 1164 1891 cum
1199 1861 1367 1892 didicisset
1401 1872 1561 1892 summam
1595 1862 1763 1893 doctrinae
1792 1861 2012 1901 Christianae,
2036 1869 2068 1895 et

1091 1904 1285 1944 baptismum
1308 1904 1507 1945 accepisset,
1532 1911 1649 1945 postea
1667 1911 1775 1937 tamen
1795 1906 1941 1936 deseruit
1970 1905 2067 1938 scho-

1091 1945 1155 1977 lam
1175 1946 1344 1988 Episcopi,
1368 1954 1399 1978 et
1423 1947 1569 1978 adiunxit
1593 1957 1630 1978 se
1653 1946 1748 1979 malis
1772 1947 1949 1986 sodalitiis,
1980 1949 2067 1981 sicut

1090 1988 1169 2019 nihil
1204 1996 1256 2021 est
1289 1991 1452 2027 usitatius,
1487 2001 1584 2031 quam
1617 1997 1758 2022 aetatem
1788 1990 1962 2022 iuvenilem
1997 2001 2069 2023 cor-

1090 2033 1195 2072 rumpi
1219 2032 1380 2064 sodalitiis
1403 2034 1530 2074 pravis:
1554 2032 1733 2071 lohannes,
1763 2044 1835 2065 cum
1866 2035 2068 2072 rescivisset,

1090 2075 1144 2106 ubi
1177 2082 1278 2113 esset,
1312 2075 1483 2116 profectus
1517 2082 1568 2108 est
1602 2077 1672 2117 ipse
1706 2077 1748 2107 ad
1782 2075 2001 2115 latrunculos,
2034 2078 2068 2108 in

1090 2128 1227 2159 quorum
1256 2118 1410 2150 sodalitio
1433 2118 1488 2150 ille
1501 2120 1706 2158 versabatur,
1730 2130 1792 2151 nec
1805 2119 1937 2158 destitit,
1960 2120 2069 2151 donec

1090 2171 1162 2192 eum
1186 2161 1380 2199 retraheret,
1404 2162 1501 2200 Quia,
1525 2163 1586 2193 etsi
1611 2163 1737 2193 iuvenis
1762 2161 1815 2194 illc
1840 2161 1987 2204 fugiebat
2010 2163 2067 2193 ini-

1089 2203 1133 2235 tio
1173 2211 1389 2245 conspectum
1428 2204 1598 2243 Iohannis,
1634 2211 1761 2239 tamen,
1797 2216 1869 2237 cum
1909 2206 2005 2236 venia
2039 2205 2068 2236 ei

1089 2247 1253 2287 promissa
1277 2254 1366 2279 esset
1390 2258 1408 2279 a
1433 2247 1589 2285 Iohanne,
1612 2248 1703 2278 rediit
1724 2259 1796 2279 cum
1817 2259 1855 2278 co
1886 2248 1927 2278 ad
1950 2246 2066 2280 Eccle-

1088 2290 1180 2320 siam.
1227 2289 1298 2322 Hoc
1322 2297 1372 2321 est
1398 2290 1527 2322 illustre
1550 2289 1743 2331 exemplum,
1768 2290 1856 2331 quod
1884 2291 1966 2332 lapsi
1992 2300 2067 2332 pos-

1089 2333 1155 2363 sint
1178 2333 1285 2365 redire
1314 2334 1357 2364 ad
1381 2334 1626 2374 poenitentiam,
1661 2340 1693 2364 et
1728 2333 1869 2364 debeant
1898 2334 2000 2375 recipi
2022 2334 2066 2365 ab

1089 2374 1254 2414 Ecclesia,
1278 2377 1307 2407 si
1331 2378 1508 2408 ostendant
1531 2387 1610 2408 vera
1633 2377 1727 2417 signa
1750 2376 1978 2417 poenitentiae.

1176 2418 1267 2450 Ilaec
1287 2419 1350 2450 dtxi
1376 2420 1416 2451 de
1434 2419 1573 2450 historia
1598 2418 1763 2457 Iohannis,
1793 2419 1848 2460 qui
1882 2417 1952 2450 fere
1980 2429 2066 2450 unus

1061 2466 1063 2482 ‹
1088 2459 1218 2501 placide
1240 2468 1390 2493 mortuus
1413 2468 1465 2494 est
1487 2472 1527 2493 ex
1550 2460 1739 2502 Apostolis:
1764 2460 1894 2493 Caeteri
1918 2461 2065 2503 plerique

1088 2504 1219 2536 fuerunt
1241 2504 1347 2536 affecti
1373 2503 1501 2546 capitali
1525 2503 1696 2545 supplicio.
1731 2504 1826 2536 Nunc
1846 2514 2065 2547 excerpemus

1088 2548 1241 2579 materias
1275 2549 1470 2589 praecipuas
1505 2558 1546 2579 ex
1581 2546 1722 2579 lectione
1761 2547 1910 2579 hodierni
1945 2554 2064 2579 textus.

1060 2582 1064 2621 l
1087 2592 1168 2622 Sunt
1190 2596 1298 2622 autem
1322 2591 1477 2622 materiae
1501 2590 1603 2627 duae,
1638 2600 1775 2632 quarum
1799 2591 1959 2622 maximus
1983 2599 2064 2622 usus

1860 2649 1910 2674 10·
