2324 2958
45 170 108 203 353
275 160 294 176 ‘
725 162 939 196 POSTILLA
973 160 1327 193 MELANTHONlAN
1330 161 1355 191 Α
1362 183 1369 191 .
1985 159 2049 191 354

137 263 200 302 Quo
217 270 338 300 ,amere
360 263 473 291 mortis
494 259 572 291 obiit
592 260 818 298 Polycarlms?
852 256 936 289 Cum
958 257 1021 288 iam
1075 261 1108 287 et
1131 253 1322 296 disciplinas
1345 260 1436 285 recte
1458 255 1608 285 traditas.
1653 253 1743 285 llaec
1774 260 1823 284 est
1852 263 1918 284 non
1941 252 2049 284 solum

49 307 118 340 fere
138 303 386 345 nonagesimum
408 308 523 344 ageret
547 311 669 332 annum
692 301 823 338 aetatis,
851 306 883 331 et
907 299 1023 331 Ecclc-
1074 297 1229 335 stultitia,
1250 297 1421 328 sedetiam
1437 295 1557 327 malitia
1576 298 1732 338 insignis,
1758 298 1813 328 baa
1830 297 1887 333 stu?
1902 298 1945 327 bie
1969 296 2050 330 bfiien

49 352 115 382 sias
136 347 189 379 diu
211 356 332 387 magno
355 345 471 376 labore
493 345 647 381 rexisset,
670 349 784 384 raptus
810 349 860 373 est
884 343 925 373 ad
946 353 1022 384 sup·
1075 342 1201 373 marren.
1247 340 1331 371 Sunt
1354 339 1435 371 fatui
1458 338 1621 377 malitiosi,
1651 341 1767 381 quales
1790 338 1912 371 multos
1935 349 2050 381 exper-

50 391 176 436 plicium
209 395 242 420 et
277 398 362 430 rogo
396 388 524 419 ardenti
559 387 742 427 impositus.
788 385 890 416 Stans
913 393 1022 416 autem
1074 390 1127 415 tus
1151 390 1203 415 est
1225 381 1380 414 Basilius.

49 437 129 468 inter
150 432 275 463 medias
299 431 448 462 flammas·
473 430 552 461 dixit
580 430 815 471 precationem,
846 439 944 469 quam
968 429 1022 459 de·
1164 427 1261 458 Cuius
1291 426 1360 465 fm't
1388 427 1556 457 Basilius?
1624 426 1695 456 Fuit
1731 425 1911 466 Cappadox
1947 426 2051 466 stirpe

48 475 160 523 get-ibit
183 474 362 510 Eusebius,
397 474 429 504 in
452 484 517 514 qua
541 478 593 504 est
614 470 752 503 illustris
787 471 956 502 consessio
981 471 1023 501 de
1075 476 1242 506 materna,
1283 469 1342 500 sed
1384 475 1554 509 paternum
1595 478 1700 510 genus
1736 469 1825 499 duxit
1859 479 1899 499 ex
1933 468 2051 499 Ponto.

47 529 124 553 vero
147 517 232 555 Deo,
268 517 309 548 de
342 517 448 548 tribus
481 516 634 557 personis
659 515 856 552 divinitatis,
890 515 931 545 de
956 513 1022 544 filio
1077 512 1290 553 l'raecipuam
1325 521 1405 542 vero
1440 519 1566 552 partem
1599 512 1716 542 aetatis
1751 512 1838 552 degit
1867 512 1897 542 in
1923 510 2051 552 Cappa-

45 561 231 594 mediatore.
293 559 364 591 Nec
398 560 631 590 absumsemnt
667 568 741 589 eum
775 557 927 588 flammae
961 557 1021 588 sed
1047 547 1052 577 Ι
1076 557 1169 586 docia
1205 556 1236 585 in
1272 555 1405 585 civitate
1439 554 1617 585 Caesarea.
1675 554 1886 594 Cappadocia
1922 555 2052 585 nomine

46 612 206 647 tyrannus
230 602 437 643 stupefactus
461 612 498 638 ne
521 602 689 637 inusitata,
725 611 797 631 cum
823 601 947 631 videret
972 610 1022 630 se·
1076 598 1203 629 Ueneto
1239 599 1323 628 dicta
1356 596 1415 628 fuit
1450 597 1601 628 Mazeka.
1666 596 1700 626 ld
1735 607 1852 627 nomen
1888 596 2053 637 significat

44 657 117 679 nem
151 645 302 677 illaesum
337 646 450 676 vivere
484 645 516 675 in
550 654 632 685 rogo
656 643 796 681 ardenti,
829 644 926 675 iussit
949 653 1022 674 eum
1076 651 1271 679 novercam,
1304 640 1419 682 lingua
1445 639 1612 671 Polonica.
1657 640 1813 670 ‘Fuerunt
1847 640 1890 669 ihi
1925 640 2053 677 Heneti,

44 688 154 732 gladio
177 688 342 720 carnificis
365 686 539 719 transfodi.
1076 685 1159 715 sicut
1185 690 1215 715 et
1238 695 1326 715 nunc
1360 684 1403 714 ibi
1439 690 1526 714 sunt.
1582 683 1703 713 Vicina
1738 682 1969 723 Cappadociae
2002 688 2054 713 est

128 731 329 763 Ostenderat
342 730 550 772 Polycarpus
568 735 600 761 et
619 736 694 761 ante
712 728 921 770 supplicium,
946 739 1022 760 con-
1076 727 1204 758 Cilicia.
1240 737 1325 768 quae
1359 732 1391 757 et
1420 727 1493 766 ipsa
1516 724 1573 757 fuit
1599 733 1695 757 vetus
1719 727 1817 756 sedes
1842 725 2053 756 Henetorum.

40 775 195 806 ‘stantiam
220 774 318 805 animi
341 774 446 815 parati
471 774 512 804 ad
536 779 681 804 mortem.
727 772 811 803 Nam
844 783 918 804 cum
943 771 1023 802 Pro·
1048 783 1053 798 ι
1077 770 1194 801 Heneti
1224 769 1375 808 fuerunt,
1409 775 1441 800 et
1473 768 1583 801 adhuc
1616 775 1693 800 sunt
1727 778 1847 810 magna
1881 774 1912 799 et
1935 774 2054 809 potens

44 817 162 850 consul
185 818 311 849 iuberet
335 827 408 848 eum
432 817 601 857 abnegare
625 815 804 849 Christum,
832 816 940 846 iurare
964 824 1024 855 per
1047 803 1053 858 1
1077 823 1171 855 gens.

41 860 205 892 fortunam
229 858 404 894 Caesaris,
439 858 637 891 maledicere
666 858 816 889 Christo:
851 858 1023 899 respondit
1164 856 1236 886 Non
1272 861 1324 887 est
1359 853 1559 886 contumelia
1593 861 1648 886 aut
1683 855 1860 896 ignominia
1897 855 2055 885 nominari

42 903 267 946 Polycarpus:
296 904 461 942 Octoyinla
482 913 544 934 sex
561 912 663 933 annos
686 904 734 933 illi
754 905 869 935 servio.
893 911 952 932 nec
973 910 1024 932 me
1077 899 1170 931 OE'iut‘n
1192 899 1320 931 mcttben.
1368 898 1488 928 Adhuc
1512 897 1610 929 hodie
1633 899 1790 928 maiorem
1814 904 1940 938 partem
1964 897 2055 927 orbis

41 949 107 979 ulla
130 950 163 978 in
185 956 223 978 re
249 949 346 978 laesit
372 956 521 985 anquam.
578 946 736 982 Quomodo
762 954 895 985 possum
927 946 1023 975 male·
1077 948 1184 979 tenet,
1219 952 1315 982 quam
1339 947 1394 972 aut
1419 941 1568 978 Graeca,
1603 947 1657 972 aut
1682 940 1805 977 Italica,
1840 947 1894 971 aut
1919 940 2056 970 Germa-

41 991 151 1022 disere
172 993 243 1029 περὶ
265 999 342 1027 meo,
366 992 421 1028 qut*
442 990 520 1020 mim*
541 991 675 1020 salutem
703 989 812 1019 dedit?
857 987 923 1018 Sed
948 985 1023 1017 hor·
1076 985 1151 1016 nica
1175 995 1269 1026 gens.
1316 984 1462 1015 Fuerunt
1492 985 1524 1015 in
1558 983 1616 1015 illa
1639 984 1756 1014 vicinia
1781 984 1877 1014 etiam
1904 981 2056 1020 Galatae,

41 1038 94 1064 tor
115 1031 364 1069 adolescentes,
394 1037 430 1062 ut
452 1032 514 1072 ipsi
539 1031 625 1062 domi
657 1029 769 1072 legant
792 1031 953 1071 integram
978 1028 1023 1059 hi·
1077 1028 1119 1058 ad
1144 1038 1227 1069 quos
1253 1026 1376 1058 Paulus
1400 1028 1526 1058 scribit.

44 1076 181 1107 storiam
215 1076 256 1106 de
279 1076 436 1116 martyrio
461 1073 640 1116 Polycarpi
673 1074 761 1115 apud
785 1073 964 1104 Eusebium
987 1071 1024 1103 li-
1167 1072 1226 1108 Qut
1244 1073 1383 1110 luerunt
1413 1071 1461 1102 illl·
1485 1072 1626 1107 Galatae,
1663 1075 1721 1101 aut
1740 1071 1825 1101 mule
1846 1074 2003 1100 renerum
2024 1072 2057 1100 in

42 1119 103 1150 bro
127 1119 158 1150 4.
183 1125 214 1149 et
237 1119 395 1157 cogitent,
419 1117 525 1148 Deum
551 1115 636 1147 velle
672 1117 733 1148 hos
763 1126 910 1146 summos
934 1116 1024 1146 viros
1077 1116 1132 1145 illa
1154 1116 1249 1145 loca?
1293 1113 1380 1144 ldem
1405 1123 1522 1144 nomen
1548 1121 1598 1143 est
1624 1112 1764 1143 Galatae
1787 1119 1818 1143 et
1844 1111 1969 1143 Celtae.
2014 1111 2057 1142 Et

43 1163 139 1194 etiam
170 1161 202 1192 in
237 1158 438 1202 spectaculis
463 1159 712 1201 suppliciorum,
746 1159 814 1190 fieri
840 1164 943 1189 testes
967 1158 1024 1188 do-
1078 1162 1209 1187 constat
1248 1167 1313 1186 uno
1349 1156 1414 1187 hoc
1447 1157 1579 1187 nomine
1613 1162 1811 1187 vetustatem
1847 1165 2057 1195 nuncupasse

43 1206 178 1242 cti-inae,
201 1211 233 1235 et
256 1202 386 1235 futurae
420 1201 685 1234 immortalitatis·
742 1202 827 1237 Quia
858 1201 920 1232 hae
939 1201 1024 1232 duae
1077 1206 1250 1241 utramque
1273 1205 1403 1240 gentem
1429 1198 1567 1230 Galatas
1592 1206 1622 1230 et
1647 1198 1778 1236 Celtas,
1814 1200 1896 1230 citra
1919 1204 1949 1229 et
1973 1196 2058 1229 ultra

43 1254 120 1279 sunt
142 1247 254 1288 praeci
281 1257 343 1278 uae
368 1256 504 1283 causae,
528 1257 587 1277 cur
610 1245 703 1277 Deus
727 1255 792 1276 tam
822 1243 920 1275 foede
943 1254 1024 1275 suos
1078 1241 1251 1280 Rhenum,
1293 1253 1401 1283 usque
1441 1242 1481 1273 ad
1516 1241 1716 1273 Danubium.
1784 1241 1823 1272 Et
1859 1240 2058 1272 vocabulum

42 1301 62 1322 a
85 1291 236 1332 tyrannis
273 1290 398 1321 acerari
423 1290 518 1320 sinit:
545 1289 638 1327 Una,
670 1289 759 1330 quod
782 1286 851 1319 vult
876 1287 1024 1327 conspici
1078 1286 1203 1325 γαλάτης
1237 1285 1403 1327 significat
1441 1286 1735 1328 peregrinatorem.
1788 1284 1947 1324 Congruit
1972 1284 2058 1315 enim

44 1333 235 1373 testimonia
279 1333 462 1363 doctrinae.
542 1331 598 1363 Sic
641 1332 726 1363 enim
770 1336 908 1371 apparet
947 1329 1025 1361 illos
1079 1339 1151 1360 cum
1176 1329 1375 1359 Germanico
1398 1331 1513 1360 mallen.
1560 1328 1655 1359 Unde
1675 1335 1726 1359 est
1751 1334 1781 1359 et
1805 1327 1975 1358 Gallorum
1999 1337 2058 1358 no-

44 1386 122 1408 vere
145 1377 306 1413 sensisse,
331 1374 547 1416 Evangelium
571 1375 725 1405 divinitus
754 1384 832 1405 esse
856 1373 1024 1411 traditum,
1077 1383 1163 1403 men.
1209 1371 1260 1402 Ac
1284 1372 1384 1402 credo
1409 1370 1485 1402 olim
1509 1371 1614 1403 fuisse
1638 1382 1735 1402 unam
1765 1377 1908 1413 gentem,
1937 1377 1967 1401 et
1992 1380 2058 1401 non

45 1429 118 1451 cum
143 1420 213 1450 eius
237 1417 483 1450 confessionem
507 1419 594 1448 vitae
617 1427 700 1448 suae
723 1415 959 1458 praetulerunt.
1079 1414 1177 1446 valde
1201 1413 1391 1445 dissimilem
1416 1414 1540 1455 lingua,
1565 1413 1682 1445 Gallos
1706 1420 1737 1445 et
1761 1415 1959 1445 Germanos

131 1460 245 1492 Altera
270 1467 339 1499 est,
373 1461 461 1502 quod
497 1459 569 1491 vult
591 1461 845 1501 praecipuorum
870 1458 1026 1489 luminum
1165 1457 1285 1488 Graeci
1311 1459 1438 1497 tingunt
1458 1456 1694 1499 Polyphemum
1718 1458 1748 1488 in
1763 1456 1876 1488 Sicilia
1902 1456 2060 1488 habuisse

44 1503 220 1536 Ecclesiae
252 1514 353 1535 neces
388 1504 505 1534 testari
539 1503 579 1534 de
623 1501 879 1534 immortalitate.
943 1502 1026 1536 Quia
1079 1501 1162 1531 duos
1186 1500 1273 1531 filios
1297 1512 1336 1531 ex
1362 1499 1515 1539 Galatea,
1538 1511 1677 1542 quorum
1701 1499 1796 1531 ¹alteri
1820 1498 1917 1531 suerit
1939 1509 2060 1530 nomen

44 1548 128 1578 enim
152 1546 306 1578 scelerati
330 1552 363 1577 et
385 1545 499 1588 polluti
530 1546 616 1577 omni
645 1545 845 1587 turpitudine
873 1545 1025 1576 saeviunt
1078 1544 1214 1583 γαλάτης,
1238 1542 1331 1575 alteri
1355 1545 1480 1584 ἴλλιρος.
1526 1543 1554 1574 Α
1570 1542 1691 1574 Galata
1714 1550 1805 1574 ortos
1829 1553 1906 1574 esse
1930 1543 2060 1582 γαλιὶτας

43 1590 76 1621 in
101 1596 249 1627 sancto&
273 1590 393 1630 quibus
418 1589 510 1620 Deus
535 1596 633 1620 antea
657 1589 801 1620 ostendit
832 1598 869 1619 se
893 1588 1025 1625 adesse,
1078 1597 1138 1617 seu
1162 1586 1288 1617 Celtas.
1333 1587 1386 1617 Ab
1421 1586 1527 1618 altero
1562 1585 1703 1628 Illyrios.
1780 1586 1846 1617 Sed
1877 1586 1959 1617 haec
1983 1591 2061 1619 sunt

43 1640 75 1665 et
111 1642 149 1664 se
183 1633 365 1663 doctrinam
401 1638 433 1662 et
456 1633 666 1663 vocationem
700 1632 845 1672 ipsorum
868 1632 1024 1672 probare,
1078 1628 1243 1661 sabulosa.
1301 1629 1439 1661 Rectius
1473 1636 1542 1666 est,
1577 1640 1695 1660 nomen
1732 1628 1939 1667 Galatarum,
1971 1629 2060 1660 unde

0 1684 1 1723 ξ
43 1685 184 1707 necesse
207 1681 258 1707 est
281 1675 431 1712 iudicari,
465 1674 562 1706 aliam
593 1675 692 1705 vitam
721 1682 870 1711 restare,
905 1675 937 1704 in
961 1684 1026 1715 qua
1079 1679 1195 1713 postea
1219 1671 1387 1703 Celtarum
1421 1671 1600 1713 appellatio
1624 1674 1745 1709 extitit,
1775 1673 1851 1703 item
1876 1671 2060 1709 Gallorum,

42 1718 140 1751 Deus
163 1719 215 1756 iis,
238 1728 323 1759 quos
346 1716 454 1758 palam
479 1717 673 1757 complexus
698 1724 760 1755 est,
783 1717 930 1758 praemia
953 1717 1026 1748 red·
1079 1716 1243 1747 deducere
1267 1726 1287 1746 a
1309 1717 1422 1752 muita-u,
1448 1716 1543 1757 quasi
1568 1716 1678 1753 dicas,
1706 1716 1975 1757 peregrinatores
1999 1724 2059 1745 seu

44 1762 174 1794 diturus
198 1762 251 1799 sit,
276 1769 307 1792 et
329 1761 437 1802 impiis
460 1771 598 1801 poenas.
1079 1759 1260 1800 migrantes
1284 1760 1327 1790 bie
1351 1761 1474 1791 numu-n.
1532 1758 1572 1789 Et
1603 1760 1733 1800 quidem
1758 1760 1853 1800 origo
1877 1759 1980 1799 ipsius
2003 1768 2060 1788 vo-

132 1804 230 1836 Nunc
264 1805 412 1835 dicemus
445 1803 568 1845 aliquid
603 1804 644 1834 de
678 1802 828 1839 Basilio,
869 1803 923 1844 qui
963 1803 1025 1833 etsi
1081 1800 1190 1833 cahuli
1213 1805 1316 1834 uiuum
1341 1801 1493 1833 Hebraea
1528 1808 1579 1833 est
1602 1803 1643 1832 ab
1667 1801 1805 1832 Halach.
1859 1802 1915 1833 Sic
1938 1801 2061 1832 Vuest·

1080 1844 1181 1886 phaln
1205 1852 1254 1875 est
1278 1845 1363 1876 irlern
1388 1845 1476 1886 quod
1499 1846 1680 1882 nwt'tmullcn,
1704 1845 1734 1875 id
1760 1851 1823 1882 est,
1853 1844 1907 1886 qui
1930 1845 1971 1875 ad
1996 1844 2060 1875 Oc·

1081 1888 1242 1920 cidentem
1266 1888 1465 1929 peregrinati
1499 1895 1586 1918 sunt.
1637 1887 1702 1919 Alii
1738 1888 1905 1919 deducunt
1927 1898 1946 1918 a
1969 1886 2060 1929 pullo

1081 1931 1200 1972 equino
1224 1941 1288 1962 mun
1312 1932 1382 1966 t'nhi.
1429 1930 1497 1962 Sed
1521 1929 1585 1962 hoc
1609 1937 1659 1962 est
1684 1938 1847 1962 coactum.

1167 1973 1248 2005 Illae
1271 1980 1387 2016 gentes
1411 1975 1540 2005 vicinae
1563 1974 1604 2004 ad
1631 1974 1778 2006 Rhenum
1807 1973 1962 2015 paulatim
1984 1983 2061 2015 pro-

1081 2027 1219 2059 gressae
1242 2023 1335 2056 sunt,
1369 2016 1453 2048 alias
1477 2017 1509 2048 in
1533 2016 1759 2055 Occidentem,
1783 2017 1865 2048 alias
1890 2018 1920 2048 in
1945 2016 2061 2048 Orien-

1082 2068 1156 2092 tenu

45 1858 148 1890 saepe
182 1854 341 1889 expertus
375 1854 425 1878 est
459 1848 723 1887 persecutiones:
758 1852 866 1877 tamen
896 1844 1026 1887 placida

43 1897 151 1923 morte
184 1898 235 1922 est
259 1891 440 1922 extinctus:
476 1890 560 1925 Quia
588 1889 684 1921 Deus
713 1887 917 1920 dissimiliter
941 1889 1026 1930 regit

44 1932 251 1972 Ecclesiam,
286 1940 318 1964 et
353 1931 454 1964 alium
487 1940 586 1974 atque
608 1932 707 1964 alium
731 1943 864 1964 cursum
889 1932 944 1963 dat
969 1933 1026 1962 do-

47 1977 206 2009 etot-ibus.

1167 2102 1255 2134 Nihil
1279 2110 1386 2134 autem
1411 2103 1523 2134 dubito
1549 2114 1619 2142 θος,
1643 2104 1695 2145 qui
1721 2104 1875 2134 nominati
1899 2110 1975 2134 sunt
1995 2102 2060 2134 Ga-

1081 2145 1168 2178 latae
1190 2147 1222 2177 in
1247 2146 1341 2185 Asia,
1364 2152 1456 2178 ortos
1482 2156 1559 2178 esse
1581 2157 1601 2177 a
1624 2147 1750 2177 nostris
1780 2152 1846 2178 tum
1870 2146 2060 2177 Germanist

1082 2197 1149 2221 tum
1173 2188 1288 2220 Gallis.
1346 2190 1430 2221 Nam
1464 2190 1548 2220 istae
1583 2197 1700 2231 gentes
1734 2190 1853 2220 mixtae
1881 2189 2060 2220 emiserunt

1081 2243 1221 2275 magnos
1244 2234 1428 2271 exercituS,
1462 2233 1514 2264 Ac
1537 2234 1642 2274 prima
1666 2231 1830 2264 Celtarum
1859 2231 1978 2263 inlusio
2001 2231 2059 2270 sui,

1081 2277 1113 2307 in
1140 2276 1277 2314 ltaliam,
1300 2276 1354 2307 ubi
1379 2282 1411 2307 et
1431 2282 1591 2317 ceperunt
1609 2275 1759 2313 Romam,
1782 2281 1813 2306 et
1831 2275 2059 2306 incenderunt.

1083 2319 1204 2351 Postea
1227 2320 1260 2349 in
1285 2318 1515 2351 Macedoniam
1544 2319 1714 2360 progressi
1740 2324 1825 2349 sunt.
1871 2319 1948 2349 {nde
1971 2324 2059 2349 tran-

1081 2363 1208 2394 sierunt
1240 2363 1271 2393 in
1307 2362 1492 2394 Graeciam.
1560 2361 1704 2393 Tandem
1746 2362 1876 2392 attracti
1916 2368 1994 2392 sunt
2026 2361 2060 2392 in

411 2142 474 2182 De
507 2142 662 2182 Basilio.

133 2236 234 2267 Estne
256 2236 339 2266 idem
374 2243 489 2264 nomen
514 2235 628 2265 Basilia·
655 2238 689 2265 ec
716 2235 843 2265 Blasii?
893 2231 1028 2264 Blasius

49 2284 100 2309 est
123 2283 311 2319 corruptum
335 2286 466 2307 nomen.
513 2275 596 2306 Nam
625 2277 795 2308 barbaries
823 2274 925 2308 multa
955 2286 1029 2307 cor-

47 2321 184 2362 rumpit,
218 2327 252 2351 ut
286 2329 353 2350 non
387 2320 494 2350 dicam
529 2320 649 2350 omnia.
708 2318 866 2350 Videmus
899 2319 933 2350 id
956 2319 1027 2350 fieri

48 2364 144 2395 etiam
168 2364 199 2394 in
223 2363 352 2404 maguis
376 2363 497 2400 rebus,
526 2362 557 2392 in
581 2362 700 2404 quibus
722 2361 916 2404 plerumque
940 2369 1027 2403 petu-

47 2404 150 2437 lantia
173 2412 226 2438 est
248 2415 361 2438 comes
386 2406 560 2436 barbariei.
596 2404 735 2440 Quando
753 2405 929 2436 invalescit
953 2406 1028 2436 bar-

48 2449 172 2488 baries,
202 2450 311 2480 omnia
334 2455 586 2489 corrumpuntur
615 2449 645 2479 in
674 2449 800 2479 artibus·
829 2454 861 2479 et
884 2447 1027 2491 legibus.

48 2492 148 2532 Apud
186 2490 389 2544 Aeschylum
424 2498 515 2522 extat
548 2490 613 2522 hoc
636 2491 774 2522 dictum:
809 2490 826 2529 η’
861 2490 892 2522 δὲ
925 2496 1027 2533 μωρία

47 2535 180 2575 μάλιστα
202 2534 316 2574 ἅδελφη
338 2536 388 2572 τῆς
410 2539 554 2575 πονηρίας
575 2536 661 2565 ἐστίν.
703 2535 843 2566 Stultitia
864 2539 914 2565 est
933 2544 1028 2566 soror

49 2580 200 2610 malinae.
262 2576 460 2618 Plerumque
505 2577 569 2608 ista
612 2577 678 2608 duo
723 2583 798 2608 sunt
839 2578 1027 2608 coniuncta.
1080 2584 1157 2609 runt
1180 2588 1220 2609 eo
1255 2576 1424 2614 colonias,
1458 2582 1492 2607 ut
1516 2577 1614 2614 urbs,
1649 2586 1735 2618 quae
1762 2577 1822 2608 suit
1845 2576 2005 2608 Ubiorum
2027 2577 2060 2607 in

6 2630 8 2647 ι
49 2619 145 2652 Multi
168 2626 278 2652 amant
300 2621 496 2661 perturbare
519 2620 638 2652 omnia.
688 2618 911 2652 Contemnunt
934 2618 1027 2662 leges
1082 2620 1271 2656 Germania,
1297 2621 1383 2652 dicta
1407 2626 1457 2651 est
1482 2617 1621 2650 Colonia
1643 2620 1837 2661 Agrippina.
1878 2619 2060 2661 Ratispona

205 2687 351 2708 mmm.
359 2688 439 2708 oran.
455 2687 518 2708 vot,
529 2687 608 2708 xum
1857 2681 1888 2705 23

1081 2405 1196 2436 Asiam
1231 2411 1308 2447 post
1341 2411 1487 2446 tempora
1510 2405 1692 2436 Alexandri
1717 2404 1838 2445 Magni.
1885 2403 2060 2445 Cappado-

1081 2449 1132 2479 cia
1176 2449 1276 2491 igitur
1320 2447 1379 2480 suit
1421 2449 1624 2480 contermina
1664 2445 1797 2478 Ciliciae
1831 2454 1862 2478 et
1897 2445 2058 2479 Galatiae.

1081 2490 1269 2523 Caesareae
1301 2492 1426 2533 passim
1460 2491 1583 2522 multae
1617 2488 1766 2527 fuerunt,
1801 2489 1886 2526 Quia
1920 2489 2059 2522 Romani

1081 2541 1245 2566 mutarunt
1269 2535 1401 2566 nomina
1424 2532 1534 2565 multis
1557 2533 1712 2572 urbibus,
1747 2534 1881 2575 quando
1915 2534 2060 2565 deduxe-
