2324 2958
204 185 265 218 135

175 298 180 304 -
200 280 301 316 tibus,
323 283 358 309 ut
377 276 508 307 dicitur:
541 274 681 305 sisinnus
703 282 771 304 eum
793 272 986 312 despectura,
1015 274 1046 301 et
1068 269 1172 300 uotis-

199 323 308 355 simmn
333 323 484 351 virorum.

286 363 448 405 Cogitate,
477 358 584 401 qualis
607 359 649 390 sit
680 357 764 390 haec
791 355 961 399 pellicula,
990 365 1062 386 eum
1085 352 1171 384 filius

199 408 261 440 Dei
285 407 317 438 in
341 411 455 436 natura
474 408 646 443 assumpta
674 401 770 432 sudat
797 400 1008 442 sanguinem,
1036 402 1067 427 et
1095 401 1172 436 post

200 452 287 483 hunc
319 457 479 490 agonem,
509 451 585 487 post
619 443 890 486 flagellationem,
925 448 999 482 post
1034 447 1172 470 cerona-

199 494 319 525 tionem
355 489 505 521 educitur
538 488 580 519 ad
621 486 796 528 populum,
839 483 892 516 ubi
935 481 1059 514 Pilatus
1099 481 1172 521 ipse

200 535 377 568 exclamat:
398 532 479 563 Ecce
500 531 600 562 homo.
650 528 766 565 Qualis
795 538 874 559 vero
903 523 1075 566 pellicula,
1108 528 1172 560 est,

200 589 274 611 cum
302 582 422 618 postea
451 575 542 606 cruci
567 572 729 614 alligitur,
762 578 794 603 et
828 572 859 601 in
893 579 932 600 ea
959 567 1080 608 pendet
1102 564 1172 597 vul-

199 626 333 653 neratus
358 626 388 650 et
411 616 598 649 laceratus?

284 662 355 693 Nec
377 668 484 692 tamen
503 660 587 701 perit
609 658 692 689 haec
715 654 880 698 pellicula,
911 653 984 695 quia
1008 651 1099 683 unita
1121 656 1173 682 est

199 707 329 738 divinae
350 711 502 741 naturae,
537 710 567 733 et
597 703 629 733 in
660 711 699 732 ca
723 700 814 731 Deus
838 704 887 728 est
911 695 1105 734 σωματικῶς,
1140 694 1172 724 id

200 756 263 787 est,
286 746 515 789 personaliter.
561 744 631 776 Etsi
655 744 752 786 igitur
770 738 943 772 horribiles
968 736 1116 774 dolores,
1141 742 1173 767 et

199 802 334 825 sensum
355 791 426 821 irae
449 788 511 820 Dei
525 789 665 819 sustinet
688 792 719 817 ct
732 785 885 816 moritur:
909 789 1017 812 tamen
1041 786 1172 811 susten-

199 842 305 872 tatur,
340 840 373 865 et
395 832 580 864 vivificatur
598 841 616 861 a
639 829 734 870 λόγῳ,
763 837 826 858 nec
856 831 965 866 potest
996 822 1171 853 absorberi

199 887 337 920 prorsus
368 886 391 907 a
418 881 549 912 morte,
589 873 648 904 sed
682 870 896 902 resuscitatur
929 867 970 898 ad
1004 872 1172 896 aeternam

199 920 351 965 gloriam.
1085 951 1092 958 ·

286 963 478 1004 Cogitemus
501 965 607 990 autem
631 958 672 988 de
690 956 785 987 nobis
808 954 905 995 ipsis,
932 952 1060 993 quoties
1084 948 1172 981 illam

199 1004 386 1049 pelliculam
409 1004 546 1045 primum
565 1001 757 1035 laceratam,
784 1008 823 1028 ac
846 1002 963 1038 postea
991 993 1172 1036 gloriosam

200 1056 232 1081 et
260 1047 477 1080 immortalem
509 1045 699 1086 aspicimus.
747 1041 819 1072 Nos
852 1049 930 1070 vere
964 1044 996 1068 et
1028 1047 1065 1068 re
1098 1037 1172 1077 ipsa

199 1102 314 1124 sumus
342 1089 476 1122 sordida
506 1095 537 1119 et
562 1092 697 1118 cruenta
724 1084 830 1124 χόρια,
864 1081 1073 1113 contaminati
1095 1090 1171 1121 pec-

200 1142 288 1173 cato,
307 1135 353 1165 rei
376 1132 504 1170 mortiS,
525 1129 660 1162 lacerati
684 1126 855 1158 horrendis
879 1123 1057 1155 doloribus.
1104 1122 1172 1154 Sed

198 1178 274 1210 ideo
303 1185 495 1213 servamur,
529 1181 561 1205 et
594 1174 643 1203 sic
676 1182 695 1202 a
718 1169 856 1201 miseriis
885 1166 948 1198 illis
982 1165 1170 1204 liberamur,

199 1221 275 1263 quia
308 1219 395 1251 filius
430 1217 493 1249 Dei
523 1215 658 1248 similem
692 1211 880 1256 pellit-ulam
913 1215 1047 1241 nostrae
1081 1209 1172 1240 carni

199 1263 390 1303 assumpsit,
414 1268 446 1293 et
467 1271 528 1301 pro
553 1260 648 1290 nobis
661 1257 789 1289 victima
814 1255 921 1286 faetus
945 1259 1008 1291 est,
1031 1251 1073 1283 Et
1095 1253 1173 1294 quia

199 1312 251 1339 est
281 1307 365 1345 λόγος
392 1304 516 1336 acterni
545 1302 666 1344 patriS,
696 1310 759 1332 nos
789 1296 971 1340 Evangelio
1001 1306 1061 1327 suo
1091 1295 1172 1326 vivi-

199 1349 290 1387 ficat,
314 1355 346 1380 et
369 1353 476 1390 gestat
499 1356 562 1378 nos
585 1343 675 1376 velut
697 1344 738 1375 de
751 1342 881 1373 cervice
900 1350 959 1372 sua
978 1339 1172 1381 pendentes,

198 1398 232 1425 et
264 1390 386 1423 abolita
422 1396 528 1422 morte
567 1395 599 1420 et
639 1392 798 1429 peccato,
839 1384 969 1416 tandem
1003 1388 1172 1414 aeternam

198 1436 352 1468 iustitiam
376 1439 408 1465 et
430 1433 529 1465 vitam
552 1432 649 1464 nobis
674 1430 798 1461 reddet.

285 1477 434 1509 Conatus
463 1486 535 1507 sum
572 1475 727 1506 versibus
763 1471 944 1513 exprimere
977 1469 1174 1500 sententiam

198 1520 296 1554 huius
319 1518 570 1561 explicationis,
601 1523 636 1549 ut
660 1515 809 1548 exercitii
831 1521 863 1546 et
885 1512 1084 1555 precationis
1107 1521 1174 1543 ma-

199 1565 315 1597 teriam
337 1563 434 1595 vobis
457 1560 709 1604 suppeditarent.

285 1649 387 1681 Gnate
410 1649 482 1683 Dei,
503 1648 619 1687 efflffl'es
642 1646 760 1675 aeterni
779 1645 846 1673 vira
865 1644 1007 1683 parentis

326 1693 460 1723 Aetertm
480 1690 596 1720 verbum
615 1692 710 1718 mente
732 1692 889 1727 satumque
907 1687 1021 1725 patris.

285 1736 418 1766 Induitis
436 1738 542 1764 nostra
565 1734 619 1773 qui
637 1742 730 1761 carne
747 1733 778 1760 in
803 1732 931 1769 vir-finis·
953 1729 1022 1758 alvo

329 1779 499 1809 Humanum
523 1777 648 1805 accedis
671 1777 803 1804 muJimc
828 1773 948 1803 Christe
970 1782 1076 1811 [Jenus.

290 1822 330 1852 Te
344 1824 418 1861 pius
442 1820 584 1850 Isacides
607 1818 770 1857 compellat
789 1819 906 1846 nomine
928 1815 1026 1850 ‚silom

330 1865 422 1900 Quod
447 1868 568 1894 tenerae
587 1873 618 1892 es
633 1863 736 1900 soclus
754 1862 883 1900 vir-finis
905 1862 972 1899 ipse
996 1863 1088 1888 tener.

286 1910 332 1939 Ac
351 1908 430 1937 velut
454 1906 608 1937 involvens
627 1906 743 1943 foetum
761 1903 930 1933 membrana
952 1906 1111 1939 recentem,

330 1951 410 1981 Dum
434 1950 511 1979 rude
529 1949 582 1978 svb
605 1950 712 1978 ”nutris
728 1952 853 1987 per-lore
873 1950 973 1985 Inrffl’t
998 1955 1083 1979 onus,

286 1995 393 2025 Mollis
411 1997 440 2023 et
465 1993 507 2022 ml
531 1997 627 2021 vinosus
646 2003 704 2021 mm
724 1995 768 2021 es!
788 1990 943 2019 'lm-abilin
961 1988 1058 2023 ullos:

329 2037 450 2067 Pendet
469 2041 498 2066 el
519 2047 537 2065 a
562 2035 685 2074 Cotylis
708 2034 852 2075 squalida
876 2038 942 2063 torn
966 2034 1073 2063 noris:

286 2082 341 2111 Siu-
360 2082 477 2120 infirmn
493 2081 556 2118 stu't
581 2090 654 2108 raro
679 2082 749 2107 tnnr
773 2082 825 2106 Im!
849 2079 979 2106 nunrime
1004 2075 1128 2105 Chr-Iste

328 2124 366 2153 ln
391 2133 481 2153 rrnre
501 2133 561 2162 pro
581 2122 670 2151 nobis
690 2133 754 2150 rum
777 2121 915 2149 lin-erata
937 2121 1019 2158 fuir.-

288 2167 441 2197 111d1wrns
460 2170 487 2195 et
511 2167 589 2194 enim
607 2165 749 2194 mirando
765 2164 893 2202 sordere
917 2172 1039 2192 rar-nem

330 2211 412 2240 Huic
435 2213 562 2239 nostrae
579 2208 716 2245 similem,
740 2207 946 2246 snppliriae'qm!
969 2216 1060 2235 reum.

285 2254 349 2284 Sed
369 2264 497 2292 prorsus
517 2251 656 2291 fra-uilis.
677 2262 732 2280 nos
755 2252 826 2290 ipsi.
847 2254 874 2278 ⁴⁸!
899 2249 1031 2279 sordida
1051 2247 1145 2287 pellis

329 2297 472 2326 Materna
492 2295 619 2325 clim-ion
642 2294 710 2323 lalu-
730 2304 867 2333 remnqm’
889 2304 1006 2322 sitinus:

287 2340 429 2370 ,mamm
449 2339 507 2368 hm·
532 2340 607 2367 nire!
632 2337 770 2368 chor-ivn.
791 2337 915 2376 ῳιηηιΙυ
935 2337 1039 2364 induis
1056 2336 1124 2374 ipse

337 2383 415 2411 Vara
434 2387 486 2411 tun
506 2392 620 2411 sanans
644 2385 735 2421 tuque
757 2391 866 2409 rrtmro‘
884 2380 999 2408 lar-ans.

287 2428 340 2455 Sie-
360 2431 458 2455 tmlrm
482 2425 569 2454 ambis
593 2425 699 2453 ιΙΙί-ἱηη
721 2423 798 2453 lum·
821 2434 940 2452 mmwrn
965 2423 1090 2453 danem,

332 2470 406 2498 l'um
425 2470 548 2497 «list-nne
575 2478 673 2497 rorem
695 2471 826 2507 periura
850 2471 956 2495 nostru
979 2465 1048 2494 nvi.

288 2513 333 2543 Ar
357 2517 460 2541 curtus
484 2513 555 2541 iden
575 2512 745 2540 ‹linc-ntum
766 2511 889 2539 ‘’luristr
908 2511 1015 2540 ten-ris,

334 2556 374 2586 (5ae
399 2556 524 2584 rlmrt'nn
551 2566 616 2584 ’ἐι-ι’
639 2556 678 2583 si!
699 2554 805 2583 schola
829 2558 917 2581 muln
938 2557 1028 2580 filum.

289 2600 375 2628 llum·
395 2603 446 2627 Imt
471 2604 536 2627 ΙιιΙιι
554 2609 667 2638 prrrnr
685 2602 821 2627 ,cmv-eur
835 2598 938 2635 flurin
964 2595 1062 2626 Silnh,

329 2643 376 2672 N«-
399 2647 489 2682 qumi!
512 2643 591 2671 Imm·
615 2642 692 2670 nllus
717 2642 891 2669 dilnvrrnre·
907 2641 1006 2677 surus.

829 176 940 209 PlilL.
962 176 1066 208 MEL.
1090 173 1276 208 SCRIPTA
1300 171 1562 204 EXEGETlCA.

2143 173 2205 206 136

1225 265 1488 298 EXPLICATlO
1512 265 1813 298 GRAMMAUCA
1835 266 1960 298 PSAL.
1988 266 2037 298 11.
2076 266 2206 299 DOMI-

1524 327 1631 359 NICA
1653 325 1898 362 SEQUENTE.

1519 423 1685 466 Calend.
1718 423 1899 463 Ianuarii.

1312 565 1368 597 Isti
1388 567 1453 597 duo
1470 565 1612 597 Psalmi:
1646 568 1752 604 Quare
1770 564 1973 606 fremuerunt
1995 570 2124 608 gentes,
2150 566 2205 605 Et,

1230 608 1321 639 Dixit
1344 609 1517 647 Dominus,
1538 610 1777 641 concionantur
1801 610 1842 640 de
1855 608 1989 640 Messia.
2022 609 2205 651 Propterea

1224 652 1380 683 usitatum
1403 658 1466 690 est,
1491 653 1587 684 etiam
1610 653 1642 683 in
1667 651 1796 694 templis
1820 662 1880 693 per
1902 652 1964 683 has
1990 651 2092 684 senas
2116 659 2204 684 nata-

1224 693 1314 725 litias
1337 693 1458 736 aliquid
1482 696 1586 737 repeti
1615 696 1647 726 in
1675 694 1848 727 cantilenis
1878 705 1917 727 ex
1946 696 2018 726 istis
2049 694 2205 728 Psalmis.

1225 738 1308 769 Sunt
1329 744 1438 769 autem
1463 738 1586 769 Psalmi
1608 748 1711 780 saepe
1739 737 1889 781 legendi,
1920 737 2006 773 Quia
2034 739 2206 770 continent

1226 780 1509 812 confirmationem
1555 781 1771 813 articulorum
1821 782 2074 823 praecipuorum
2117 781 2205 814 fidei.

1224 823 1301 864 Ipsa
1318 824 1422 859 retiam
1443 822 1543 855 lectio
1566 835 1626 865 per
1654 834 1692 856 se
1723 825 1864 857 iucunda
1888 831 1949 855 est.
1999 823 2113 866 Aliqui
2137 832 2206 857 sto-

1224 864 1281 897 lidi
1304 865 1433 897 insulse
1455 866 1611 905 iudicant,
1635 865 1787 899 Psalmos
1801 868 2051 899 csseinerudita
2069 868 2205 909 scripta.

1225 909 1318 941 Haec
1342 907 1443 939 stulta
1466 915 1498 940 et
1521 907 1612 940 fatua
1635 910 1823 952 imaginatio
1855 911 2052 952 deponenda
2074 917 2145 949 est,
2173 917 2207 943 et

1226 952 1448 990 statuendum,
1471 952 1561 992 quod
1574 951 1698 984 Psalmi
1710 952 1969 996 elegantissime,
1993 954 2206 996 gravissime,

1225 1001 1258 1026 et
1282 995 1406 1036 optimo
1429 995 1545 1026 ordine
1564 996 1680 1036 scripti
1699 996 1775 1028 sint.

1312 1037 1466 1069 Carmina
1491 1039 1563 1079 ipsa
1593 1039 1755 1069 interdum
1789 1039 1945 1070 breviora
1975 1046 2070 1078 sunt,
2104 1050 2205 1081 quam

1225 1079 1398 1112 vellemus.
1433 1081 1499 1112 Sed
1513 1080 1577 1112 hoc
1588 1081 1760 1113 consilium
1779 1080 1904 1123 placuit
1918 1081 2055 1122 Spiritui
2077 1088 2207 1113 sancto.

1225 1123 1266 1155 Et
1300 1123 1424 1165 alioqui
1459 1130 1631 1163 vetustas,
1667 1130 1703 1156 ut
1737 1125 1936 1167 gravissime
1971 1125 2021 1156 sic
2064 1125 2208 1156 breviter

1224 1165 1336 1199 locuta
1359 1173 1420 1198 est.
1467 1166 1552 1202 Quia
1576 1174 1686 1199 tamen
1710 1168 1846 1200 caedem
1868 1178 1924 1199 res
1954 1168 2094 1200 subinde
2117 1178 2207 1210 repe-

1225 1216 1353 1248 tuntur,
1382 1210 1419 1242 fit
1448 1217 1483 1242 ut
1506 1211 1655 1242 brevitas
1685 1209 1743 1242 illa
1772 1211 1879 1242 minus
1908 1209 2030 1243 habeat
2059 1212 2209 1243 obscuri-

1224 1254 1312 1285 tatis.

1310 1296 1419 1328 Breve
1432 1303 1483 1328 est
1502 1295 1583 1328 illud
1597 1297 1740 1329 dictum:
1764 1296 1876 1329 Semcn
1898 1298 2041 1329 mulieris
2063 1301 2208 1329 conteret

1226 1343 1323 1381 caput
1346 1341 1516 1381 serpentis.
1563 1339 1632 1371 Res
1660 1346 1768 1372 tamen
1795 1341 1910 1372 eadem
1941 1351 2044 1382 saepe
2068 1341 2210 1382 repetita

1226 1389 1278 1415 est
1301 1383 1333 1414 in
1351 1382 1425 1415 aliis
1448 1389 1547 1425 atque
1570 1382 1643 1415 aliis
1661 1384 1954 1425 promissionibus.
2000 1383 2092 1416 Haec
2115 1393 2209 1426 repe-

1225 1427 1294 1458 titio
1329 1425 1507 1458 illustravit
1543 1427 1742 1458 sententiam
1779 1427 1851 1458 eius
1885 1426 1988 1458 dicti:
2030 1425 2073 1458 Et
2106 1427 2209 1459 credo

1225 1467 1387 1511 angelos,
1416 1469 1484 1501 lmo
1508 1470 1614 1511 ipsum
1639 1469 1739 1502 filium
1769 1469 1850 1508 Dei,
1886 1470 2004 1502 crebra
2041 1468 2211 1512 colloquia

1225 1513 1384 1544 habuisse
1408 1523 1482 1545 eum
1504 1513 1612 1545 Adam
1635 1520 1668 1545 et
1691 1513 1780 1552 Eva,
1808 1513 1942 1557 quapdo
1969 1511 2033 1543 soli
2063 1510 2209 1550 suerunt,

1226 1556 1422 1598 praesertim
1444 1557 1529 1588 intra
1552 1554 1629 1588 illos
1653 1555 1856 1594 130‘annos,
1885 1562 1963 1586 ante
1981 1561 2093 1586 natum
2117 1553 2209 1586 Seth.

1228 1599 1263 1630 ln
1286 1597 1352 1631 illis
1383 1598 1579 1641 colloquiis,
1612 1605 1645 1631 et
1675 1599 1795 1630 crebra
1830 1599 2086 1630 conversatione
2114 1607 2210 1630 enar·

1228 1643 1313 1674 ravit
1343 1641 1430 1674 filius
1458 1642 1522 1674 Dei
1549 1642 1820 1684 promissionem,
1848 1648 1879 1673 et
1909 1641 2047 1672 erudivit
2068 1650 2145 1679 eos,
2174 1645 2211 1672 ut

1230 1684 1454 1728 intelligerent
1490 1687 1631 1717 nativam
1663 1685 1860 1717 sententiam
1892 1684 2142 1725 promissionis,
2176 1690 2210 1715 et

1231 1730 1445 1771 conciperent
1492 1735 1616 1760 certam
1661 1738 1755 1769 spem
1800 1727 1948 1759 surturae
1990 1726 2209 1758 liberationis.

1230 1772 1372 1808 Quando
1394 1771 1488 1804 Deus
1506 1782 1566 1804 seu
1589 1782 1654 1803 vox
1677 1772 1786 1803 divina
1814 1769 1979 1812 loquitur,
2006 1776 2039 1802 et
2066 1768 2211 1812 loquitur

1231 1816 1335 1854 cordi,
1357 1814 1459 1847 multo
1480 1816 1586 1857 magis
1611 1813 1792 1846 illustratur
1815 1814 1977 1851 doctrina,
2000 1823 2098 1854 quam
2121 1823 2212 1845 com-

1229 1859 1397 1891 mentariis
1416 1858 1592 1890 multorum
1616 1857 1794 1889 hominum.
2207 1868 2210 1872 ·

1315 1901 1492 1934 Sciendum
1528 1910 1577 1933 est
1609 1909 1719 1932 autem
1756 1901 1798 1931 de
1834 1898 1976 1931 Psalmis
2009 1900 2041 1931 in
2074 1908 2210 1937 venere,

1230 1945 1319 1988 quod
1340 1955 1419 1977 vere
1443 1946 1507 1976 sint
1533 1945 1683 1976 doctrina
1708 1944 1788 1981 Dei,
1812 1949 1845 1975 ut
1866 1943 1898 1974 2.
1924 1942 1994 1974 Pet.
2022 1942 2049 1973 l.
2073 1925 2209 1974 vdicitur:

1229 1989 1303 2021 Non
1334 1988 1476 2020 humana
1506 1987 1675 2020 voluntate
1705 1986 1808 2018 allata
1837 1994 1889 2017 est
1917 1984 2113 2026 Proplietia:
2149 1985 2211 2017 sed

1230 2033 1350 2073 Spiritu
1388 2037 1505 2063 sancto
1535 2031 1706 2073 inspirati,
1750 2029 1849 2061 locuti
1887 2035 1965 2060 sunt
1999 2029 2106 2060 sancti
2146 2027 2212 2060 Dei

1230 2076 1390 2108 homines.
1438 2075 1621 2107 Audiamus
1646 2075 1744 2115 igitur
1767 2073 1947 2104 conciones
1966 2070 2118 2109 Doridis,
2140 2077 2212 2102 tan-

1231 2130 1327 2161 quam
1352 2128 1468 2150 vocem
1491 2117 1554 2149 Dei
1578 2124 1752 2148 sonantem
1777 2117 1818 2147 de
1842 2114 1957 2153 coelo,
1984 2125 2048 2156 qua
2071 2125 2109 2146 se
2131 2123 2212 2145 vere

1231 2169 1263 2194 et
1286 2167 1377 2194 certo
1401 2161 1494 2193 Deus
1518 2160 1671 2203 patefecit
1697 2158 1881 2197 Ecclesiae,
1912 2165 1944 2190 et
1968 2158 2019 2189 his
2045 2157 2211 2189 concioni-

1231 2207 1293 2237 bus
1317 2205 1549 2237 confirmemus
1581 2205 1612 2235 in
1639 2204 1735 2235 nobis
1764 2203 1860 2234 iidem
1893 2208 1923 2233 et
1955 2201 2210 2239 invocationem,

1231 2256 1262 2281 et
1299 2248 1369 2280 Deo
1406 2249 1530 2291 gratias
1560 2258 1698 2289 agamus
1729 2257 1789 2288 pro
1823 2245 1887 2277 liac
1922 2243 2144 2286 patefactione
2177 2249 2212 2275 et

1229 2293 1390 2325 doctrina.

1317 2335 1460 2367 Primum
1484 2341 1591 2365 autem
1616 2333 1742 2364 debetis
1772 2342 1834 2363 vos
1864 2330 2099 2362 adolescentes
2123 2339 2212 2361 com·

1231 2380 1340 2410 munia
1374 2377 1430 2409 illa
1466 2378 1696 2408 considerare.
1742 2385 1828 2417 quae.
1862 2375 1904 2405 ad
1941 2374 2211 2410 Granunmicam,

1234 2422 1467 2453 Dialecticam.
1504 2427 1533 2451 ct
1567 2420 1777 2451 libetur-icam
1810 2418 1988 2459 pertinent,
2029 2417 2112 2451 Quia
2147 2417 2211 2447 ism

1231 2472 1406 2507 praccepta
1421 2465 1539 2495 tradita
1563 2471 1637 2494 sunt
1663 2464 1703 2493 ad
1723 2459 2084 2493 commoncsticiendum
2108 2457 2210 2490 lecto-

1231 2520 1314 2541 rvm.
1346 2516 1378 2539 nt
1403 2508 1598 2539 sententiam
1630 2504 1835 2549 singulorum
1866 2505 2065 2545 scriptorum
2094 2500 2211 2533 melius

1201 2566 1203 2570 ·
1229 2551 1400 2594 intelligat.

1317 2596 1450 2631 Quaero
1474 2594 1589 2635 igitur,
1624 2592 1666 2623 ad
1691 2591 1778 2633 quod
1810 2600 1915 2632 genus
1939 2599 2114 2621 causarum
2138 2597 2211 2629 pcr-

1231 2640 1352 2670 tim-am
1390 2636 1534 2668 l’salmi'!
1579 2636 1702 2667 Omnes
1739 2632 1861 2665 l'salmi
1892 2640 1944 2664 aut
1977 2639 2051 2663 sunt
2078 2631 2212 2673 generis

2319 2049 2324 2088 ἶ

2317 2116 2324 2140 ι
