2324 2958
114 136 179 169 393
750 134 862 166 PHlL.
886 132 985 167 MEL.
1011 131 1195 166 SCRIPTA
1219 130 1480 166 EXEGEthA.
2053 137 2120 171 4ω

138 236 336 267 meatorum,
359 229 435 271 quia
458 227 648 259 tolleremus
660 226 905 260 consessionem
925 228 1091 265 usitatam,
1142 226 1282 267 cipiente
1304 227 1531 259 remissionem
1551 233 1781 269 peccatorum,
1806 227 1908 260 Tales
1933 228 2118 270 blasphemi

113 284 146 305 m
170 283 234 315 qua
256 271 407 303 facienda
429 271 470 302 sir
495 271 696 302 enumeratio
720 269 932 308 delictorum,
968 276 998 301 et
1033 270 1090 300 im-
1141 269 1267 300 etiamsi
1303 270 1510 301 dominantur
1544 271 1575 301 in
1610 269 1774 309 Ecclesia,
1809 278 1918 302 tamen
1953 283 2019 303 non
2041 277 2120 305 sunt

113 316 266 358 ponenda
290 313 485 346 satisfactio.
555 313 644 345 llaec
672 312 728 345 ille
758 314 807 345 sic
831 313 1005 345 obiiciebat
1028 322 1089 353 pro
1141 313 1285 343 membra
1309 310 1492 351 Ecclesiae,
1528 323 1590 344 nec
1612 313 1701 351 viva,
1735 323 1797 344 nec
1816 319 1955 346 mortua.
1990 315 2060 354 sed,
2082 320 2119 347 ut

114 369 175 391 sua
198 357 369 398 sapientia.
426 355 492 388 Sed
519 366 582 387 non
605 362 698 388 recte
727 357 1004 397 interpretabatur
1026 355 1089 386 hos
1139 360 1238 386 antea
1274 355 1350 392 dixi,
1385 365 1522 395 prorsus
1557 355 1763 387 existimandi
1797 362 1872 387 sunt
1902 366 1979 388 esse
2000 357 2117 390 hostes

113 400 285 433 articulos-
1140 396 1203 428 Dei
1227 403 1258 428 et
1281 396 1467 429 Ecclesiae:
1492 397 1531 428 Et
1556 397 1782 435 anathemata,
1816 399 1901 430 sicut
1925 399 2048 431 Paulus
2071 401 2118 431 in-

199 445 243 475 lta
268 443 423 484 Papistac
446 442 600 473 damnant
624 442 792 473 ministros
816 446 1004 471 nostrarum
1027 438 1089 470 Ec·
1140 441 1223 481 quit:
1246 440 1286 471 Si
1301 441 1371 481 quis
1394 441 1485 472 atiud
1508 440 1715 482 Ercmyc’h’nm
1737 441 1840 478 docet,
1872 442 2043 474 anatliema
2065 444 2117 474 sit.

114 485 301 523 etesiarum,
325 485 402 527 quia
425 494 545 516 uxores
570 485 702 515 ducant.
768 483 833 524 lpsi
869 483 992 520 dicunt,
1026 481 1089 513 hoc
1226 482 1260 514 ln
1284 484 1417 524 antiquo
1440 483 1602 525 Symbolo
1625 493 1690 514 nou
1715 490 1766 514 est
1799 484 1911 515 addita
1943 484 2001 516 illa
2024 484 2117 518 clau-

113 539 190 560 esse
232 534 346 560 contra
388 528 658 559 consuetudinem
699 532 876 567 receptam.
943 524 1089 563 Quaere,
1140 523 1229 556 sula:
1253 525 1361 557 Credo
1383 530 1567 557 sanctornm
1586 527 1842 558 cmnmum'onem:
1866 527 1933 559 Sed
1956 534 2006 559 est
2030 528 2118 560 haud

112 579 219 603 utrum
254 571 360 602 nostri
394 576 571 612 propterea
605 570 668 600 sint
710 568 906 600 damnandi?
971 567 1088 599 Utrum
1140 568 1238 599 dubie
1270 569 1496 610 interpretatio
1533 569 1739 609 superiorum
1781 570 1973 601 verborum:
2009 571 2118 602 Gredo

114 615 184 645 eiici
207 614 349 646 debeant
373 623 414 644 ex
437 611 612 644 Ecclesia?
679 612 744 643 lmo
768 611 829 652 ipsi
853 610 1008 652 Papistae
1031 610 1088 641 ‹lo-
1140 609 1315 642 Ecclesiam
1337 611 1492 642 Sanctam
1516 611 1724 643 Catholicam.
1792 610 1904 653 Aliqui
1926 614 1976 644 sic
1998 612 2116 645 intelli-

112 664 189 688 cent
211 657 376 688 contraria
400 654 592 697 Evangelio.
651 653 689 685 Et
713 655 744 684 in
769 654 820 684 his
844 663 909 684 non
934 659 1008 684 sunt
1034 663 1089 684 au·
1140 660 1238 694 gunt:
1263 652 1372 684 Credo
1396 653 1581 686 Ecclesiam
1606 653 1798 692 coelestem,
1821 662 1851 686 et
1876 655 1962 686 hanc
1975 665 2059 697 quae
2083 657 2116 687 in

113 699 233 738 diendi,
259 699 334 741 quia
359 702 485 739 oportet
512 698 581 728 Deo
605 697 708 737 mayis
738 697 884 733 obedire,
916 705 1010 736 quam
1034 695 1088 726 Ιιο-
1140 696 1237 727 terris
1261 702 1324 733 est,
1347 697 1570 728 consociatam
1595 698 1623 729 ei
1648 707 1725 729 esse
1749 698 1866 729 eodem
1887 696 2020 739 Spiritu.
2065 697 2119 730 De

113 743 257 774 minibus.
1141 737 1204 770 hac
1238 739 1445 779 expositione
1484 750 1549 772 non
1591 739 1669 772 volo
1716 750 1828 771 serere
1875 742 2118 779 contentiones,

199 785 261 820 Qui
286 785 397 815 sciens
421 791 452 815 et
477 782 592 814 volens
618 783 825 824 persequitur
849 782 1033 817 veritatem,
1058 788 1089 812 et
1141 780 1226 816 Quia
1250 780 1372 823 angeli,
1405 786 1437 812 et
1458 781 1607 814 homines
1632 782 1745 821 electi,
1780 785 1833 824 qui
1856 790 1932 815 sunt
1954 784 1986 815 in
2010 782 2118 822 coelo,

111 829 323 870 pertinaciter
359 825 501 858 defendit
537 826 643 862 idola,
676 825 761 856 sicut
784 823 909 856 faciunt
933 823 1023 855 multi
1048 834 1089 854 ex
1141 830 1217 855 sunt
1241 823 1423 855 consociati
1448 825 1618 856 nobiscum
1642 827 1674 856 10
1698 827 1837 866 Spiritu:
1873 827 1977 857 Orant
2007 827 2118 858 nobis-

112 871 254 912 Papistis
269 894 278 908 ‚
312 868 368 901 ille
391 870 462 900 sine
486 869 585 900 dubio
609 878 675 899 non
699 874 749 899 est
771 868 951 899 membrum
975 865 1090 898 Eccle-
1142 877 1229 904 01101,
1252 873 1328 898 sunt
1352 865 1472 898 soliciti
1495 877 1555 907 pro
1590 868 1703 906 nobis,
1735 868 1886 907 laudant,
1921 869 2118 901 confitentur

112 915 191 945 siae.
239 912 291 945 De
314 911 435 944 talibus
460 912 579 943 dictum
603 917 670 942 est:
702 910 764 941 Vos
787 921 825 941 m·
848 914 945 950 patre
970 909 1090 941 Diabo-
1144 908 1262 947 Deum,
1286 915 1387 951 agunt
1411 909 1533 950 gratias
1556 908 1642 948 Deo,
1660 911 1746 942 sicut
1769 922 1842 943 005.

112 958 143 988 lo
166 958 252 987 estz's.
284 955 502 991 Quantumvis
527 955 625 996 igitur
647 954 814 985 nominent
837 963 874 984 se
885 951 1091 990 catholicos,
1229 952 1295 984 Sed
1331 951 1609 993 simplicissimum
1644 960 1694 984 est
1731 954 1857 991 dicere,
1890 955 2116 995 interpositam

113 1007 221 1031 tamen
245 997 331 1030 {also
356 997 540 1040 gloriantur
563 997 605 1028 de
626 996 692 1027 hoc
714 997 855 1027 nomine.
903 995 984 1027 Nam
1015 996 1091 1037 quia
1143 1005 1218 1026 esse
1253 994 1340 1027 hanc
1375 994 1587 1035 particulam,
1629 1001 1783 1036 tanquam
1818 997 2118 1037 interpretationem

112 1043 258 1074 scientes
281 1048 422 1083 pergunt
446 1041 617 1071 adversari
642 1040 769 1070 veritati
794 1044 996 1070 monstratae
1011 1039 1090 1069 divi-
1142 1038 1409 1078 praecedentium
1434 1039 1622 1075 verborum,
1646 1039 1687 1069 110
1712 1037 1864 1069 Ecclesia
1888 1041 2021 1077 Sancta,
2055 1039 2120 1070 Ga-

113 1086 212 1123 nitus,
235 1091 309 1116 sunt
334 1082 517 1124 blasphemi
541 1089 572 1114 et
591 1083 786 1123 parricidae,
810 1089 839 1113 et
854 1088 1001 1123 pugnant
1025 1091 1089 1112 non
1142 1080 1279 1119 tholica,
1313 1090 1397 1122 quae
1432 1082 1463 1111 in
1495 1081 1559 1112 hac
1594 1081 1660 1112 vita
1695 1087 1726 1112 et
1756 1081 1787 1112 in
1811 1081 1864 1112 his
1888 1081 1986 1113 terris
2012 1080 2120 1112 adhuc

113 1134 237 1159 tantum
263 1138 334 1158 cum
359 1126 556 1163 hominibus,
578 1126 638 1156 sed
663 1125 759 1156 etiam
783 1136 855 1156 cum
880 1123 954 1156 Deo
979 1125 1062 1165 ipso.
1143 1122 1320 1166 colligitur.

199 1169 284 1205 Quid
309 1175 360 1200 est
383 1179 466 1211 ergo
491 1167 699 1200 Catholicum
724 1177 820 1205 esse,
856 1174 890 1198 111
921 1166 966 1198 illi
990 1167 1091 1198 nomi-

113 1220 229 1244 narunt
254 1212 330 1243 olim
354 1222 454 1254 reges
478 1211 638 1252 quosdam
662 1209 884 1242 Catholicos?
917 1208 1016 1241 Aliud
1041 1215 1091 1240 est

113 1256 176 1287 11101
201 1253 419 1291 catholicum,
443 1253 532 1285 aliud
556 1263 674 1284 revera
695 1262 772 1284 esse
791 1251 1010 1283 Catholieum.
1034 1251 1091 1283 llle

114 1308 192 1330 vere
217 1298 401 1329 nominatur
424 1294 629 1328 Catholieus.
654 1296 708 1337 qui
731 1294 940 1361 amplectitur
971 1295 1092 1326 doctri-

113 1351 202 1379 nam,
225 1351 310 1382 quae
335 1346 384 1371 est
408 1338 585 1371 Ecclesiae
620 1349 699 1370 vere
723 1337 929 1375 Cat-1olicae,
962 1338 992 1368 id
1030 1343 1092 1374 est,

113 1394 197 1427 quae
230 1383 328 1414 habet
364 1382 585 1413 testimonium
615 1381 704 1412 omni
740 1387 909 1420 tempore,
939 1380 1092 1411 omnibus

113 1426 288 1464 aetatibus,
323 1425 410 1467 quod
445 1426 494 1455 sic
527 1425 647 1455 sentiat
681 1429 715 1455 ut
739 1422 926 1464 Prophetae
949 1429 979 1454 et
1004 1423 1093 1463 Apo-

114 1467 190 1499 stoli
216 1469 411 1500 docuerunt.
437 1467 516 1498 ltem
540 1467 594 1507 qui
618 1477 684 1497 000
707 1464 825 1497 tolerat
850 1463 1026 1503 factiones,
1062 1472 1092 1496 et

114 1513 287 1549 haereses,
311 1510 364 1542 vel
389 1510 629 1541 haereticorum
653 1515 781 1541 coetus.
849 1507 974 1539 Omnes
995 1509 1094 1540 (lebe—

113 1565 186 1587 mus
206 1564 281 1586 esse
304 1552 479 1591 Catholici,
513 1553 544 1583 id
579 1559 642 1590 est,
673 1550 826 1593 amplecti
856 1551 921 1583 hoc
944 1552 1095 1589 verbum,

115 1598 202 1640 quod
228 1604 317 1629 tenet
333 1595 484 1628 Ecclesia
507 1602 598 1627 recte
623 1595 781 1632 sentiens,
805 1593 913 1626 aliena
936 1604 955 1625 a
980 1595 1094 1631 sectis,

113 1650 174 1672 seu
208 1650 273 1671 non
315 1638 468 1680 implicita
510 1639 611 1669 sectis
657 1638 880 1680 pugnantibus
927 1647 1001 1669 cum
1036 1635 1093 1668 11111

114 1683 239 1715 Verbo.

1189 1289 1379 1328 Definitio
1413 1288 1621 1336 Ecclesiae,
1656 1289 1820 1342 eiusque
1854 1290 2078 1344 explicatio.

1233 1379 1298 1410 lam
1333 1379 1430 1410 venio
1464 1380 1505 1410 ad
1541 1380 1645 1420 ipsam
1682 1379 1905 1411 definitionem
1939 1378 2122 1412 Ecclesiae.

1144 1421 1232 1458 Quid
1255 1428 1305 1452 est
1331 1420 1504 1453 Ecclesia?
1548 1421 1608 1453 Est
1632 1427 1750 1454 coetus
1771 1421 1914 1454 visibilis
1925 1421 2126 1463 amplecten-

1145 1465 1222 1496 tium
1256 1463 1484 1506 Evangelium,
1519 1471 1550 1496 ct
1583 1471 1675 1497 recte
1703 1466 1861 1497 utentium
1886 1465 2125 1504 Sacramensts,

1146 1508 1177 1538 in
1201 1517 1267 1549 quo
1292 1514 1388 1539 coetu
1414 1506 1499 1538 filius
1523 1507 1585 1539 Dei
1621 1518 1679 1548 per
1709 1508 1924 1539 ministerium
1950 1507 2125 1551 Evangelii

1146 1559 1224 1582 vere
1249 1556 1301 1581 est
1323 1550 1458 1589 efficax,
1483 1556 1513 1581 et
1539 1549 1658 1582 multos
1689 1556 1864 1592 regenerat
1898 1561 1983 1582 voce
2017 1550 2124 1582 Evan-

1146 1592 1223 1635 gelii
1246 1600 1276 1624 et
1301 1593 1426 1635 Spiritu
1449 1600 1583 1631 sancto,
1612 1600 1643 1625 et
1670 1592 1748 1624 facit
1772 1593 1937 1625 haeredes
1961 1594 2049 1625 vitae
2070 1602 2124 1625 ae-

1147 1643 1272 1674 ternae,
1290 1637 1352 1667 etsi
1385 1634 1486 1678 aliqui
1520 1636 1608 1667 mixti
1643 1642 1721 1667 sunt
1750 1646 1816 1667 non
1840 1636 1966 1668 Sancti.
1996 1636 2056 1667 sed
2079 1642 2125 1667 ta-

1147 1689 1220 1711 men
1243 1680 1286 1710 de
1308 1689 1386 1710 vera
1410 1679 1561 1710 doctrina
1584 1680 1840 1710 consentientes.

1234 1721 1376 1753 Primum
1421 1723 1559 1763 repetite
1604 1720 1799 1753 solutionem
1849 1720 1995 1762 vulgaris
2038 1722 2126 1753 obie-

1146 1765 1280 1796 ctionis:

1234 1824 1328 1863 Quod
1348 1825 1505 1862 credimr,
1529 1830 1574 1855 est
1598 1824 1765 1856 invisibile.

1235 1867 1407 1899 Ecclem'am
1427 1878 1505 1905 csse,
1529 1868 1685 1898 creditur.

1237 1910 1322 1952 Eryo
1346 1910 1488 1942 Ecclesia
1512 1915 1558 1941 cst
1583 1911 1763 1942 i'nrn'sibilt's.

240 1848 301 1887 l)e
336 1848 525 1902 Epitheto
558 1846 730 1887 Sanctae
764 1846 973 1887 Ecclesiae.

206 1939 272 1971 Cur
310 1939 495 1970 nominatur
529 1939 560 1969 in
594 1937 753 1980 Symbolo
776 1937 927 1969 Ecclesia
951 1938 1096 1969 Sancta?

117 1983 246 2015 Dicitur
269 1983 300 2013 in
324 1981 386 2013 hac
410 1982 476 2012 vita
502 1979 652 2012 Ecclesia
670 1983 789 2013 Sancta
813 1981 886 2012 κατά
910 1980 1097 2020 cui-udalr),

118 2027 195 2069 quia
229 2035 308 2056 vere
342 2024 428 2055 filins
462 2023 523 2055 Dei
558 2025 588 2054 in
613 2034 651 2055 ea
674 2030 808 2066 regnat,
840 2031 870 2055 et
896 2023 997 2055 multa
1021 2030 1095 2054 sunt

117 2070 264 2101 membra
287 2067 495 2099 sanctificata
515 2067 632 2108 Spiritu
646 2074 776 2104 sancto,
801 2073 831 2098 et
855 2065 962 2098 electa
985 2066 1026 2097 ad
1050 2066 1096 2097 vi-

118 2119 183 2144 tain
208 2119 388 2143 aeternam.
455 2110 525 2141 Etsi
558 2110 655 2152 igitur
682 2109 774 2141 multi
803 2109 858 2141 alii
888 2116 961 2141 sunt
985 2110 1018 2140 10
1042 2119 1096 2140 ex-

118 2162 214 2187 terno
238 2160 335 2186 coetu
359 2152 546 2191 Ecclesiae,
570 2163 634 2184 0011
659 2154 778 2191 sancti,
802 2159 910 2184 tamen
937 2163 957 2184 a
979 2152 1096 2193 princi-

119 2197 184 2241 pali
208 2198 243 2229 fit
267 2198 477 2239 nuncupatio.
523 2195 563 2227 Et
588 2197 733 2227 membra
756 2196 965 2227 sanctificata
977 2196 1097 2226 usitate

119 2241 328 2273 nominantur
362 2241 436 2271 visa
460 2240 605 2270 membra
635 2237 817 2269 Ecclesiae.
886 2238 1016 2270 Caeteri
1040 2249 1096 2269 vo-

120 2291 235 2316 oentur
258 2289 386 2314 mortua
409 2283 567 2320 membra,
592 2282 620 2313 si
644 2289 750 2313 tamen
774 2282 815 2312 de
839 2291 918 2313 vern
947 2281 1097 2312 doctrina

122 2327 340 2358 consentiant.

1587 1979 1663 2010 11010
1676 1989 1684 2010 :

1237 2038 1328 2070 Nihil
1357 2039 1510 2069 creditum
1549 2040 1694 2070 ridetur.-
1727 2049 1793 2076 seu,
1829 2038 1946 2071 Nullus
1969 2039 2127 2070 articulus

1277 2083 1354 2124 fidm'
1374 2086 1419 2111 cst
1445 2083 1586 2113 risibilis.

1237 2125 1293 2157 Ec!
1310 2129 1413 2156 autem
1437 2125 1487 2155 hic
1511 2126 1668 2157 ertit-talus
1695 2125 1787 2167 fidei:
1815 2125 1922 2156 Predo
1955 2124 2126 2156 flectes-'mn

1278 2170 1430 2199 Sanctam
1455 2168 1665 2207 Catholicam,
1688 2177 1751 2200 non
1775 2169 1884 2208 oculis,
1908 2168 1965 2199 sed
1987 2168 2051 2208 fide
2072 2177 2125 2199 ac-

1278 2212 1454 2252 cipimidns.

1240 2255 1324 2295 Iiryo
1348 2254 1489 2285 Ecclesia
1512 2264 1575 2286 non
1599 2255 1734 2294 videtur,
1757 2263 1818 2285 non
1837 2254 2046 2294 conquritur,
2069 2253 2126 2283 sed

1279 2302 1324 2328 est
1348 2298 1526 2329 invisibilis.

1237 2366 1447 2407 Respondeo.
1510 2365 1608 2402 Quod
1630 2372 1681 2397 est
1706 2365 1917 2402 credendum,
1940 2371 1990 2395 est
2015 2364 2124 2395 invisi·

1149 2409 1226 2440 bile.
1273 2409 1379 2441 Maior
1393 2416 1442 2441 est
1461 2419 1540 2441 vern
1564 2409 1604 2441 110
1627 2409 1866 2450 propositione,
1890 2417 1951 2439 11011
1974 2407 2015 2438 ‹le
2039 2416 2126 2438 com-

1151 2452 1261 2495 plu-xo.
1284 2464 1349 2483 11011
1374 2453 1414 2484 110
1437 2453 1587 2483 subiecto
1610 2451 1860 2493 propositionis.
1911 2450 1969 2482 Sic
1997 2448 2126 2481 articuli

1151 2497 1238 2534 111101,
1262 2497 1292 2527 111
1318 2503 1381 2533 est,
1407 2496 1649 2538 propositiones
1679 2503 1764 2536 quae
1792 2500 1869 2526 sunt
1896 2494 1928 2524 10
1953 2491 2127 2535 symbolo,

1150 2548 1217 2570 non
1241 2547 1316 2571 sunt
1342 2537 1500 2577 visibiles,
1520 2547 1588 2570 non
1609 2538 1859 2579 conspiciuntur
1870 2534 1976 2568 oeulis
1989 2534 2125 2567 ond-m-

1152 2583 1241 2614 itum.
1307 2583 1373 2615 Sed
1407 2589 1514 2613 11110011
1546 2582 1695 2613 subtecto
1726 2580 1841 2612 harum
1863 2579 2125 2621 proposition-n

208 2369 270 2405 Qui
305 2368 415 2411 palam
450 2366 537 2399 idola
560 2367 757 2405 defendunt,
780 2374 835 2398 aut
858 2365 998 2409 aliquem
1023 2367 1097 2398 arti-

123 2412 232 2445 culum
267 2413 341 2443 fidei
376 2417 538 2445 evertunt,
570 2421 634 2442 nec
668 2409 784 2443 volunt
818 2411 936 2442 0011010
959 2411 1098 2447 veritati,

124 2466 195 2487 cum
219 2455 267 2486 eis
291 2455 544 2489 demonstratur,
569 2455 632 2485 imo
655 2455 709 2496 qui
733 2454 877 2485 scientes
897 2463 1098 2495 persequun-

119 2506 174 2530 tur
199 2498 379 2531 veritatem.
406 2497 497 2529 111Ρο
525 2499 607 2529 istae
631 2495 844 2529 defendente-s
873 2497 1098 2528 adorationem

123 2542 232 2584 panta,
256 2548 287 2572 et
306 2547 486 2572 mercatum
546 2541 645 2577 issae.
669 2540 749 2572 11001
762 2540 1004 2572 invocationem
1017 2549 1099 2571 10111-

124 2588 266 2617 morum.
290 2583 369 2615 item
395 2582 554 2615 ndentes
579 2584 763 2616 doctrinam
787 2583 828 2614 111»,
845 2583 909 2614 tide
922 2583 1025 2625 gratis
1048 2592 1100 2613 ac-
