2324 2958
77 146 141 179 25⁷

206 234 424 269 DOMINICA
457 235 478 266 1.
524 234 638 266 POST
671 234 920 266 EPlPHANlA.

380 344 532 387 Evang.
555 344 688 375 Lucae
710 345 741 375 2.

253 455 331 487 Cum
350 460 435 486 esset
451 457 541 487 Iesus
562 464 720 486 annorum
742 457 791 486 12.
811 460 866 486 elc.

91 624 94 627 .
129 586 220 637 Quo
251 594 434 640 tempore
466 586 566 625 haec
599 586 760 625 historia
793 586 991 626 acciderit.

154 702 306 734 Narratio
330 709 381 733 est
404 701 502 733 valde
526 701 650 739 dulcis,
685 707 782 742 atque
803 702 924 733 utinam
947 702 1047 734 habe-

71 756 178 778 remus
201 744 313 786 plures
335 746 544 776 narrationes
575 745 615 775 de
644 743 886 782 adolescentia,
919 752 950 776 et
975 756 1047 776 cae-

69 789 148 821 teris
172 789 267 819 annis
291 787 431 825 Christi,
464 794 539 819 ante
574 786 737 827 publicam
766 788 1045 828 praedicationem

68 832 149 869 eius,
175 830 258 865 Quia
285 841 351 861 non
376 831 508 861 dubium
533 838 597 868 cst,
621 830 760 861 subinde
786 829 886 861 multa
909 829 1046 862 illustria

66 874 253 907 testimonia
275 873 451 911 accidisse,
475 880 508 904 ut
532 872 587 904 illa
614 879 701 904 tanta
725 883 778 904 res
796 874 902 914 magis
925 874 1046 915 magis-

66 927 130 960 que
152 917 388 953 innotesceret,
409 917 496 957 quod
521 916 687 947 exhibitus
712 922 802 946 esset
826 916 984 947 Messias.

151 959 227 1000 ipsa
258 960 353 990 etiam
386 957 572 1000 colloquia,
603 968 687 1000 quae
715 957 869 989 Christus
905 959 936 989 in
968 965 1046 990 tem-

65 1002 121 1044 plo
144 1002 259 1033 habuit
278 1012 352 1033 cum
375 1001 564 1033 Pharisaeis
592 1000 700 1032 adhuc
729 1011 827 1042 puer,
865 1002 1045 1042 optandum

64 1050 156 1077 esset
179 1045 345 1086 desciipta
357 1050 484 1081 extare,
505 1045 580 1085 quia
592 1049 853 1075 consentaneum
872 1050 934 1082 cst,
957 1044 1045 1085 quod

64 1088 282 1129 disputaverit
316 1087 357 1118 de
381 1087 567 1128 praecipuis
598 1087 770 1117 doctrinae
797 1087 976 1127 capitibus:
1011 1088 1045 1118 In

63 1131 175 1172 primis
198 1140 279 1161 vero
303 1130 344 1161 de
367 1140 472 1171 regno
495 1129 653 1166 Messiae,
681 1129 769 1170 quod
794 1129 965 1160 Pharisaei
987 1140 1045 1170 pu-

63 1174 179 1207 tabant
203 1172 276 1204 fore
299 1170 486 1214 politicum:
513 1172 607 1207 Quae
625 1172 734 1212 opinio
749 1182 822 1203 cum
841 1171 941 1203 infixa
954 1178 1045 1203 esset

63 1216 162 1248 etiam
184 1216 300 1246 animis
335 1214 445 1257 vulgi,
478 1215 590 1246 variae
625 1215 805 1245 seditiones
839 1214 915 1246 inde
948 1220 1045 1246 natae

63 1265 152 1297 sunt,
175 1264 210 1290 ut
222 1268 296 1289 cum
319 1257 419 1288 ludas
433 1255 631 1289 Gaulonitas
649 1257 830 1289 concitavit
848 1258 1044 1288 seditionem

63 1303 127 1335 sub
161 1300 312 1342 Coponio
342 1300 499 1341 praeside
529 1299 688 1331 Romano.
752 1299 787 1330 ld
816 1299 872 1331 vel
900 1310 940 1331 eo
969 1301 1043 1341 ipso

62 1355 163 1382 anno,
185 1353 250 1385 quo
275 1342 429 1374 Christus
452 1341 719 1384 Hierosolymam
753 1353 827 1373 cum
850 1343 1044 1384 parentibus

63 1387 163 1424 venit,
187 1385 242 1417 vel
265 1395 351 1416 anno
376 1386 597 1425 praecedente
622 1383 746 1416 factum
771 1390 833 1415 est.
877 1385 951 1418 Nec
973 1386 1046 1417 sine

62 1428 200 1466 labore,
241 1435 274 1459 et
304 1426 497 1459 difficultate
528 1427 697 1468 Coponius
732 1428 899 1469 oppressit
929 1428 1045 1460 Iudam

63 1470 155 1504 illum
178 1469 400 1502 Gaulonitam.

150 1513 263 1549 Quare
285 1519 319 1543 ut
341 1510 534 1553 plerumque
557 1512 755 1544 occasiones
785 1513 1045 1553 disputationum

63 1561 237 1589 sumuntur
258 1564 298 1586 ex
321 1564 359 1585 re
381 1555 560 1595 praesenti,
578 1555 627 1586 sic
650 1556 812 1596 quaesivit
827 1555 980 1587 Christus
1004 1556 1046 1587 de

62 1597 118 1630 illa
151 1597 347 1630 Iudaeorum
377 1598 555 1638 opinione,
601 1608 666 1639 qua
705 1599 867 1638 putabant
900 1598 1045 1629 Messiae

62 1650 202 1683 regnum
236 1639 309 1672 sore
337 1638 528 1680 politicum,
563 1646 596 1671 et
630 1640 842 1680 disputabant
875 1651 913 1672 se
935 1641 1045 1681 potius

63 1683 172 1717 omnia
205 1683 238 1714 in
263 1682 439 1714 discrimen
473 1692 598 1723 ponere
627 1683 766 1721 debere,
801 1693 898 1725 quam
928 1693 1046 1724 parere
1069 1709 1074 1755 t
1098 1726 1129 1767 ᾧ

1133 1736 1241 1758 erman.

64 1725 241 1759 Gentibus:
265 1726 353 1757 sicut
376 1725 476 1756 eredo
500 1731 638 1757 sanctos
663 1726 695 1756 in
721 1724 778 1757 illo
800 1724 924 1767 populo
944 1736 1046 1767 saepe

63 1767 166 1801 fuisse
187 1769 384 1800 adversatos
409 1767 558 1799 consiliis
577 1769 830 1806 seditiosorum,
860 1779 933 1800 cum
958 1769 1045 1800 dice-

62 1818 148 1850 rent,
170 1812 234 1843 iam
252 1812 378 1842 instare
400 1810 498 1842 finem
519 1809 653 1852 politiae
676 1811 842 1849 Iudaicae,
865 1818 897 1842 et
921 1813 1045 1853 gratias

62 1853 136 1887 Deo
155 1854 306 1896 agendas
330 1862 423 1891 esse,
451 1854 540 1895 quod
563 1852 680 1885 relicta
710 1855 751 1884 sit
775 1853 905 1885 Iudaeis
928 1854 1044 1885 αὐτονο-

769 141 986 174 POSTlLLA
1008 140 1380 173 MEANTHONlANA.

2017 144 2081 176 258

1105 240 1175 265 erat
1198 234 1230 265 in
1253 233 1374 265 Iudaea
1393 241 1500 265 status
1513 234 1724 276 tranquillus,
1747 237 1824 268 Ideo
1838 235 1995 268 credibile
2019 244 2080 275 est,

1104 277 1194 317 quod
1217 282 1399 307 conventus
1423 278 1454 306 in
1478 276 1572 308 sestis
1596 284 1675 309 tunc
1693 277 1813 311 fuerint
1829 277 2081 320 frequentioreS,

1104 319 1179 361 quia
1203 318 1296 349 Deus
1320 317 1422 350 voluit
1455 318 1579 362 aliquid
1612 322 1729 362 quictis
1760 332 1846 360 esse,
1880 327 1915 353 ut
1937 321 2080 353 Messias

1102 362 1335 392 innotesceret.

1188 402 1276 435 Alibi
1312 405 1408 435 etiam
1441 405 1473 435 in
1492 404 1630 445 Tmperio
1659 405 1807 437 Romano
1841 405 1900 437 fuit
1929 416 2011 447 pax,
2046 413 2081 438 ut

1103 445 1263 489 Virgilius
1288 445 1367 478 ludit
1392 448 1452 477 sub
1478 447 1631 489 Augusto
1656 448 1815 479 redditam
1841 459 1915 479 esse
1939 455 2079 480 aetatem

1102 499 1244 520 auream.
1289 491 1335 520 ,lle
1359 491 1466 528 sinite,
1489 491 1601 532 inquit,
1624 492 1707 522 hunc
1729 494 1838 522 salla-m
1863 495 1988 523 miseris
2010 502 2080 523 suc-

1102 541 1237 563 currere
1258 534 1362 563 rebus.

1188 574 1255 605 Sed
1278 581 1386 606 tamen
1401 575 1565 606 circ-ahoe
1591 574 1659 606 fere
1677 582 1818 617 tempus,
1843 587 1906 617 quo
1927 576 2079 608 Christus

1102 622 1152 648 est
1176 616 1427 659 Hiero-sobnam,
1462 618 1582 649 accidit
1616 619 1649 648 in
1674 618 1849 649 Germania
1885 618 1999 649 clades
2023 618 2080 651 illa

1101 659 1323 691 Romanorum
1348 661 1410 691 sub
1430 659 1586 695 Quintilio
1610 660 1713 699 Varo,
1738 661 1791 701 qui
1815 667 1863 691 est
1887 660 2079 693 interfectus

1102 703 1142 733 ab
1178 702 1354 734 Haiminio
1434 703 1483 733 Ea
1518 701 1632 734 clades
1668 703 1803 744 contigit
1847 704 1888 734 ad
1922 703 2080 745 Luppiam

1101 755 1229 776 amnem
1261 745 1294 775 in
1317 744 1542 785 westphalia,
1577 756 1643 776 non
1678 745 1793 787 procul
1829 757 1847 776 a
1877 745 2080 778 Padelborn:

1101 787 1251 828 Suntque
1280 798 1399 818 caesae
1428 794 1495 818 tres
1526 787 1675 829 legiones
1700 788 1934 826 Romanorum,
1964 790 1996 820 id
2019 795 2081 827 est,

1101 831 1282 861 octadecim
1308 830 1407 862 millia
1432 830 1587 869 militum,
1623 832 1676 872 qui
1709 838 1801 861 erant
1837 832 1866 862 in
1904 831 2081 863 Germania

1104 871 1269 910 collocati,
1287 874 1442 913 praesidii
1467 883 1586 911 causa,
1611 884 1653 904 ne
1677 885 1695 904 a
1720 873 1893 904 Germanis
1920 875 1983 905 iam
2007 881 2082 905 ante

1102 916 1241 947 devictis
1263 922 1474 947 moverentur
1498 915 1594 947 bella.
1640 916 1717 947 Item
1741 917 1795 958 qui
1823 917 1982 948 excubias
2005 926 2081 958 age-

1098 965 1171 989 rent
1197 965 1313 990 contra
1338 959 1464 990 (ientes
1488 959 1530 989 ad
1552 958 1679 997 Albim,
1710 969 1796 1000 quae
1820 960 1963 990 nondum
1988 966 2081 990 erant

1100 1001 1242 1032 domitae
1265 1011 1284 1031 a
1308 1001 1483 1039 Romanis,
1515 1012 1653 1043 quarum
1682 1001 1842 1032 Dominus
1873 1002 1932 1033 fuit
1956 1002 2081 1033 Harmi-

1099 1044 1184 1081 nius,
1208 1045 1263 1084 qui
1286 1046 1389 1075 tenuit
1412 1044 1611 1082 Saxoniam,
1644 1052 1674 1075 et
1699 1043 1950 1085 &Vestphaliann
1995 1045 2080 1075 Nam

1098 1085 1239 1117 Romani
1263 1087 1393 1118 domitis
1416 1087 1547 1118 Noricis
1571 1093 1601 1118 et
1616 1086 1733 1118 Rhet=a
1757 1093 1992 1128 processerant
2017 1088 2080 1118 iam

1098 1129 1131 1159 in
1150 1129 1310 1159 Arctoam
1334 1129 1530 1161 Germaniae
1553 1140 1657 1168 oram,
1681 1141 1777 1171 quam
1797 1136 1829 1161 et
1853 1130 1984 1171 propiie
1998 1129 2080 1161 Ger-

1097 1172 1239 1202 maniam
1262 1178 1410 1202 vetustas
1435 1173 1624 1203 nominavit.

1185 1214 1286 1245 Suevi
1320 1215 1374 1256 qui
1407 1220 1505 1246 antea
1538 1214 1666 1246 fuerant
1701 1215 1734 1246 in
1767 1225 1825 1246 ora
1852 1215 2079 1252 pomeraniae,

1098 1262 1131 1287 et
1164 1255 1319 1297 paulatim
1364 1264 1602 1288 concesserant
1637 1258 1678 1289 ad
1712 1257 1886 1295 Rhenum,
1928 1255 2080 1288 translati

1098 1306 1175 1330 sunt
1199 1300 1261 1330 sub
1281 1299 1436 1341 Augusto
1461 1301 1492 1331 in
1511 1300 1680 1338 Rhetiam,
1715 1301 1746 1330 id
1770 1306 1839 1337 est,
1874 1300 2078 1341 superiorem

1097 1348 1224 1383 partem
1245 1342 1459 1381 Germaniae,
1492 1343 1633 1375 vicinam
1671 1342 1822 1384 Alpibus.
1882 1342 1942 1374 Est
1970 1342 2079 1374 adhuc

1097 1385 1141 1416 ibi
1169 1385 1201 1415 in
1225 1390 1372 1416 extrema
1407 1396 1467 1417 ora
1499 1396 1619 1417 nomen
1655 1385 1794 1417 Rhetiae
1827 1387 1996 1428 antiquum
2031 1387 2078 1417 bet

1099 1427 1198 1465 Stbisss.
1251 1427 1292 1458 Et
1325 1435 1468 1469 augusta
1502 1429 1716 1460 in-historiis
1752 1435 1891 1460 vocatur
1925 1428 2080 1470 Augusta

1098 1469 1247 1501 Rhetica.
1302 1470 1429 1502 Nomen
1454 1470 1551 1502 Rheti
1573 1477 1769 1503 recensetur
1803 1472 1888 1502 int0r
1911 1472 2077 1513 gigantes,

1098 1513 1153 1553 qui
1187 1511 1362 1544 voluerunt
1397 1514 1572 1545 excindere
1607 1513 1744 1545 coelum.
1801 1513 1948 1545 Fuerunt
1981 1513 2077 1544 Rheti

1098 1555 1249 1585 homines
1283 1554 1451 1594 bellicosi,
1484 1563 1517 1588 ut
1554 1562 1584 1587 et
1608 1556 1707 1588 hodie
1729 1554 1871 1587 Helvetii
1900 1562 1988 1594 sunt,
2023 1556 2077 1597 qui

1098 1604 1173 1629 sunt
1197 1608 1217 1628 a
1242 1597 1366 1630 Rhetis.

1184 1641 1238 1671 Ad
1265 1639 1375 1672 Albim
1410 1651 1492 1683 ergo
1526 1642 1713 1682 opponebat
1741 1651 1778 1672 se
1808 1640 1966 1672 Romanis
1996 1639 2078 1672 Har-

1098 1684 1226 1714 minius.
1272 1683 1401 1714 Nomen
1425 1685 1510 1715 idem
1534 1690 1642 1722 sonat,
1666 1684 1753 1725 quod
1781 1684 1868 1724 apud
1892 1682 2077 1714 Germanos

1276 1725 1317 1757 Et
1340 1728 1413 1768 quia
1438 1725 1544 1759 fuerat
1568 1725 1644 1757 olim
1669 1728 1770 1757 obses
1784 1726 1921 1764 Romae,
1951 1732 1982 1757 et
2005 1736 2077 1767 per-

1097 1769 1162 1800 itus
1185 1767 1329 1810 lingure,
1352 1768 1496 1807 militiae,
1531 1776 1561 1799 et
1594 1775 1716 1800 motum
1739 1769 1976 1806 Romanorum,
2000 1769 2078 1800 saci-

1097 1809 1162 1842 lius
1197 1813 1226 1842 ei
1257 1810 1316 1843 suit
1341 1812 1488 1853 cogitare
1523 1813 1564 1843 de
1597 1812 1723 1842 insidiis
1748 1813 1912 1843 adversus
1939 1822 1998 1842 eos
2021 1821 2078 1852 pa·

1098 1855 1221 1885 randis.
1280 1853 1438 1891 Virgilius·
1471 1854 1596 1886 Romae
1626 1855 1706 1885 vidit
1726 1854 1938 1892 Harminium,
1963 1861 1995 1885 et
2017 1853 2078 1885 suit

61 1901 118 1936 μία
140 1898 174 1928 in
196 1897 348 1928 doctrina
378 1902 409 1927 et
432 1895 587 1934 cultibus,
620 1898 697 1927 item
730 1905 870 1938 regnum
901 1896 1045 1928 Messiae
1068 1906 1072 1933 t
1097 1898 1127 1928 ei
1149 1887 1430 1932 familiarissldeo
1455 1897 1633 1929 celebravit
1657 1907 1742 1935 eum,
1766 1904 1922 1938 tanquam
1945 1895 2078 1928 militem

62 1946 233 1972 aeternum
257 1949 343 1970 esse.

148 1982 329 2023 Proposuit
357 1982 456 2023 igitur
485 1979 639 2013 Christus
673 1982 831 2013 vaticinia
859 1982 1043 2023 Propheta-

63 2035 134 2057 rum
165 2025 207 2056 de
230 2025 345 2056 iisdem
368 2025 470 2055 rebus
499 2024 532 2055 in
566 2024 630 2056 hoe
659 2023 846 2066 colloquio,
889 2024 1044 2057 refutavit

63 2065 170 2100 falsas
193 2065 326 2099 illorum
349 2067 650 2107 interpretationes,
681 2067 895 2108 reprehendit
929 2079 1042 2099 eorum

63 2111 316 2152 superstitiones
343 2110 375 2140 in
405 2108 569 2148 cultibus,
602 2116 635 2141 et
666 2120 746 2142 suas
774 2111 1051 2149 asseverationes.

63 2153 251 2185 firmissime
280 2152 435 2193 probavit
464 2162 505 2182 ex
529 2153 705 2193 scriptura,
736 2155 824 2185 unde
847 2154 1042 2195 sapientiam

63 2197 136 2228 eius
170 2195 324 2228 dicuntur
369 2195 518 2226 admirati
564 2194 679 2227 fuisse.
738 2196 829 2227 Haec
864 2197 1044 2237 optandum

63 2244 136 2271 erat
157 2239 328 2279 descripta
361 2247 447 2269 esse.
505 2236 662 2269 Dicemus
696 2244 803 2271 autem
831 2239 954 2281 aliquid
977 2249 1043 2270 am-

62 2279 149 2322 plius
172 2281 214 2312 de
237 2281 485 2312 circumstantia
519 2280 657 2318 istorum
690 2286 893 2323 temporum,
923 2283 1043 2324 quibus

63 2324 183 2355 accidit
205 2323 344 2355 historia
366 2323 464 2355 huius
488 2329 609 2354 textus.

148 2365 229 2398 Erat
251 2367 315 2397 iam
335 2365 456 2397 Iudaea
473 2366 610 2397 redacta
632 2366 664 2396 in
682 2365 820 2398 tonnam
841 2368 1044 2408 provinciae,
1068 2383 1071 2390 ι

62 2409 195 2450 quando
218 2407 382 2440 Dominus
405 2407 670 2450 Hierosolymam
703 2409 762 2440 ivit
795 2419 869 2441 cum
902 2411 1045 2451 parenti·

63 2451 145 2490 bus,
177 2461 265 2483 anno
289 2452 408 2483 aetatis
431 2461 514 2482 suae
539 2452 586 2483 12.
632 2450 716 2483 Nam
737 2451 927 2484 Archelaus
950 2454 1044 2485 iussu

63 2492 220 2527 Caesaris
252 2493 398 2536 Augusti
430 2492 539 2525 suerat
571 2492 741 2536 relegatus
773 2495 807 2526 in
830 2494 976 2534 Gallias,
1011 2502 1045 2527 et

64 2536 312 2578 gubernabatur
339 2536 459 2568 iudaea
491 2546 511 2568 a
544 2535 703 2568 Romanis
736 2539 946 2577 praesidibus
961 2561 972 2576 ‚
1011 2544 1045 2570 et

63 2587 227 2620 oppressa
250 2579 414 2610 seditione
434 2579 534 2611 Iudae
556 2577 754 2611 Gaulonitae
776 2589 837 2621 per
849 2579 1044 2622 Coponium,

218 2636 366 2656 murt-1.
381 2637 462 2658 orl-212.
478 2638 541 2658 VOL.
557 2637 636 2657 XXIV.

1067 1940 1072 1970 Ι
1097 1940 1129 1970 in
1153 1941 1272 1971 eastris
1295 1939 1408 1978 Turni,
1444 1946 1477 1971 ut
1500 1946 1619 1981 poetae
1642 1939 1751 1971 solent
1783 1940 1925 1981 figurate
1953 1940 2076 1971 descri-

1098 1984 1177 2014 bere
1209 1993 1372 2024 personas
1407 1989 1537 2021 certas,
1578 1983 1731 2014 adhibitis
1778 1984 1847 2014 suis
1882 1982 2077 2023 quibusdam

1097 2025 1300 2064 fictionibus,
1321 2026 1409 2057 sibut
1433 2027 1519 2057 idem
1538 2024 1697 2067 Virgilius
1712 2026 1858 2056 Aeneam
1882 2025 2076 2056 describens

1097 2069 1242 2100 intuetur
1265 2068 1469 2110 Augustum,
1500 2076 1531 2100 et
1554 2067 1634 2099 facit
1647 2068 1793 2099 Aeneam
1813 2067 1924 2105 talem,
1947 2066 2075 2108 qualem

1098 2112 1177 2142 vidit
1200 2121 1278 2143 esse
1300 2112 1499 2153 Augustum,
1522 2112 1563 2142 de
1586 2122 1651 2152 quo
1671 2111 1766 2142 dicit:

1227 2170 1417 2203 Iustitiaene
1437 2174 1532 2211 prius
1554 2171 1662 2209 mz‘re’r,
1685 2172 1794 2202 bollire
1817 2172 1979 2202 laborem?

1181 2239 1237 2271 Sic
1259 2239 1359 2280 igitur
1378 2240 1418 2270 de
1437 2239 1584 2271 Arminia
1606 2238 1661 2270 lib·
1690 2238 1737 2270 ll.
1757 2237 1934 2280 Virgilius:

1202 2301 1427 2338 Inyentemque
1445 2303 1570 2339 animia,
1595 2300 1752 2338 inqentem
1769 2308 1906 2338 corpore
1923 2301 1957 2329 et
1974 2300 2076 2330 armis

1202 2341 1327 2374 Deficit
1347 2343 1557 2380 Harmim'um,
1581 2344 1665 2373 nudo
1687 2345 1740 2373 cui
1760 2344 1878 2373 vertice
1892 2342 1984 2380 sulm

1204 2384 1389 2423 Caesaries,
1414 2386 1551 2424 nudique
1563 2387 1697 2420 humeri,
1721 2393 1782 2416 nec
1792 2385 1924 2415 vulnera
1942 2386 2073 2415 terrent.

1208 2429 1327 2459 Tantus
1350 2431 1383 2459 in
1402 2438 1496 2459 arma
1513 2432 1612 2468 patet.

1183 2494 1275 2526 Haec
1299 2502 1349 2526 est
1373 2495 1551 2536 descriptio
1574 2493 1714 2525 hominis
1737 2493 1892 2533 Saxonis,
1920 2493 2008 2535 quod
2032 2494 2073 2524 ad

1096 2539 1198 2571 robur
1206 2539 1369 2579 corporis,
1382 2538 1462 2569 etad
1476 2537 1620 2568 habitum
1632 2537 1757 2568 attinet.
1781 2537 1934 2568 Saxones
1943 2534 2074 2568 fuerunt

1096 2591 1238 2622 procera
1262 2587 1403 2612 statura:
1426 2579 1467 2611 Et
1489 2577 1549 2611 suit
1566 2589 1639 2611 mos
1662 2585 1810 2612 veterum
1823 2579 2074 2617 Germanorum,

1890 2640 1920 2663 17
