2324 2958
164 199 228 231 423
816 195 927 227 PHlL.
950 195 1052 227 MEL.
1076 195 1261 227 scmP'rA
1285 194 1546 230 Exaass'nca.
2107 204 2168 235 424

163 291 278 323 horum
314 299 496 332 temporum
530 301 644 323 ornnes
678 290 769 324 sures
809 290 939 333 capitali
979 287 1140 331 supplicio

163 333 276 366 afficit.
322 333 413 364 Haec
437 334 598 365 severitas
627 334 727 366 habet
756 334 913 365 rationein
938 335 968 365 in
993 332 1043 363 his
1067 334 1140 363 bar-

164 377 252 408 baris
283 377 486 414 nationibus,
518 377 571 407 ubi
602 376 772 419 plaerique
801 375 891 408 fures
919 375 1043 407 habeut
1072 376 1140 406 ani-

163 430 250 451 mum
274 418 438 450 latronum
463 418 609 450 similem.

249 461 389 502 Spartae
412 460 499 493 laudi
519 469 589 493 erat
613 462 785 503 ingeniose
804 460 903 493 furari
923 459 1044 502 aliquid
1067 461 1139 492 sine

163 505 215 542 vi,
247 510 281 535 ut
310 502 365 535 ille
388 503 556 545 Hispanus
579 505 752 546 Augustae
780 505 811 535 in
837 502 984 534 Comitiis
1007 501 1139 534 furaba-

161 555 216 579 tur
244 557 373 588 equum.
419 547 556 582 Quidam
580 557 681 588 eques
705 546 931 583 Germanich
955 544 1071 576 volens
1095 546 1140 576 in-

163 589 257 632 gredi
291 591 323 620 in
357 590 488 622 domuin
523 591 686 623 tonsoris,
721 588 914 630 alligaverat
946 599 1065 629 equum
1095 589 1137 619 ad

163 633 265 665 soreS.
311 632 479 674 Hispanus
503 631 622 673 aliquis
651 632 737 663 videt
761 630 840 662 hoc:
871 632 1029 662 observat
1053 642 1138 668 euin,

163 681 195 707 et
218 686 291 707 cum
314 676 589 707 animadvertere·-
612 676 771 706 neminem
794 674 926 711 adesse,
950 674 1004 715 qui
1029 679 1138 705 custo-

163 718 247 750 diret
270 727 406 760 equum,
438 717 536 749 solvit
565 727 682 758 equum
714 723 745 747 et
769 717 920 754 abduxit,
948 718 990 747 ist
1017 716 1138 747 domiti(

163 761 288 792 dart-on
310 761 458 801 yeritlen.
505 759 617 801 Eques
635 769 813 802 regressus
838 769 877 789 ex
900 759 1038 790 aedibus
1063 762 1158 799 post'

163 803 328 835 dimidiam
362 803 496 841 horam,
533 803 807 843 circumspectat,
852 811 1014 843 nusquam
1051 801 1137 833 videt

164 857 294 888 equum.
339 846 483 877 Tandem
501 843 649 886 intelligit
674 855 713 876 ex
732 843 817 882 aliis,
838 843 1017 885 Hispanum
1037 854 1138 885 quen·

163 889 236 920 dam
271 889 507 920 conscendisse
541 898 678 929 equum,
714 895 745 919 et
781 887 989 918 discessisse.
1045 885 1138 918 Taiia

164 930 254 963 furta
276 932 484 963 nominantur
516 930 695 962 artificiosa
725 930 822 961 furta.
873 929 940 961 Sed
970 935 1076 961 tamen
1106 935 1167 997 et'

162 973 247 1005 haec
275 973 347 1014 ipsa
375 979 522 1015 pugnant
551 984 624 1004 cum
655 973 729 1015 lege
760 972 832 1003 Dei.
886 972 1030 1004 Poenam
1059 983 1138 1004 vero

163 1015 284 1048 talibus
306 1016 360 1047 lex
384 1017 542 1048 mitiorem
572 1016 696 1047 statuit.
751 1015 939 1053 Zachaeus,
965 1016 1040 1056 quia
1064 1025 1138 1047 usu·
1161 1000 1166 1033 i

164 1060 270 1091 rarius
294 1066 381 1096 erat,
414 1069 491 1090 vere
519 1057 577 1090 fuit
607 1058 659 1089 sur
682 1069 792 1090 coram
817 1057 899 1089 Deo,
946 1057 1031 1089 Nam
1055 1068 1139 1099 quae

164 1102 296 1144 proprie
319 1112 419 1133 usura
443 1102 577 1139 dicitur,
600 1108 647 1132 est
673 1101 826 1142 quiddam
851 1099 1020 1132 furtivumff

238 1268 334 1308 Loci
366 1267 571 1307 doctrinae
604 1267 643 1307 in
676 1267 851 1306 Historia
884 1266 1064 1306 Zachaei.

249 1366 340 1398 Haec
370 1367 411 1398 de
437 1364 607 1397 vocabulis
631 1367 697 1397 sint
721 1366 820 1396 dicta.
873 1364 968 1396 Nunc
991 1365 1140 1395 venimus

162 1411 206 1442 ad
234 1410 416 1442 doctrinam
446 1408 613 1440 historiae.
660 1408 753 1443 Quae
783 1413 835 1439 est
859 1405 1042 1448 exemplum
1066 1417 1140 1448 gra—

162 1453 263 1485 tuitae
285 1453 486 1490 vocationis,
514 1457 546 1483 et
575 1451 798 1492 poenitentiae
825 1460 884 1481 seu
909 1450 1140 1481 conversionis

161 1497 204 1528 ad
226 1495 344 1527 Deum.
390 1494 494 1526 Huius
515 1502 626 1536 partes
646 1504 760 1525 omnes
780 1495 906 1535 integre
931 1493 1141 1525 continentur

162 1540 194 1570 in
217 1538 284 1570 hoc
305 1537 470 1578 exemplo,
489 1543 522 1569 et
538 1535 637 1569 simul
657 1537 840 1568 ostenditur
860 1536 954 1574 ordo,
973 1536 1139 1577 quomodo

162 1580 220 1614 illa
242 1581 309 1612 fiat.

247 1624 392 1655 Primum
425 1623 593 1664 praecedit
626 1623 757 1653 vocatio
788 1632 845 1663 per
876 1622 1023 1653 verbum.
1074 1621 1141 1653 Au-

162 1667 242 1699 divit
277 1666 450 1698 Zachaeus
492 1672 590 1697 antea
624 1665 746 1707 aliquid
786 1665 826 1695 de
860 1663 1013 1699 Christ03
1054 1674 1142 1695 nunc

162 1709 320 1742 Christus
343 1709 545 1750 praeteriens
567 1709 610 1740 ad
633 1718 707 1739 eum
730 1708 886 1749 suspicit,
910 1714 942 1739 et
964 1706 1142 1749 alloquitur

162 1762 248 1785 euni.
293 1753 346 1784 Sic
378 1753 503 1784 initium
532 1759 582 1783 est
606 1762 626 1783 a
647 1750 721 1782 Deo
745 1751 922 1782 miserente
946 1756 978 1781 et
1002 1756 1143 1781 vocante

162 1794 397 1828 universaliter
426 1795 459 1826 in
482 1795 570 1826 omni
601 1794 830 1825 conversione.
877 1792 1030 1825 Christus
1053 1793 1143 1824 iubet

163 1849 238 1870 eum
266 1838 488 1875 descendere,
521 1844 551 1868 et
581 1837 737 1877 promittit
768 1847 805 1867 se
834 1836 931 1867 hodie
953 1846 1142 1867 mansurum

162 1890 240 1912 esse
263 1881 296 1912 in
320 1880 417 1911 domo
441 1881 522 1911 eius.
568 1880 660 1911 Haec
684 1889 748 1911 vox
773 1877 845 1910 serit
869 1889 967 1909 aures
988 1877 1141 1909 Zachaei.

164 1923 241 1955 {nde
265 1924 408 1954 existunt
429 1924 459 1953 in
479 1933 518 1953 eo
540 1923 628 1954 initia
649 1922 852 1953 contritionis
873 1928 903 1951 et,
919 1921 1004 1952 fidei.
1053 1921 1142 1951 llaec

163 1967 249 1997 enim
283 1967 482 2001 miscentur3
523 1965 707 1996 Descendit
740 1965 922 1996 festinans.
958 1972 988 1994 et
1022 1929 1169 2009 excipit!

164 2008 332 2040 Christum
355 2019 428 2039 cum
452 2008 587 2049 gaudio:
619 2008 771 2049 agnoscit
800 2017 837 2038 se
860 2013 1087 2048 peccatorem,
1110 2012 1142 2037 et

163 2050 264 2083 habet
299 2053 419 2082 bonum
455 2051 660 2092 propositum
695 2050 850 2081 reddendi
887 2060 959 2080 oum
994 2049 1142 2087 foenore,

163 2095 252 2136 quod
283 2094 410 2125 iniustis
440 2094 545 2124 modis
572 2094 811 2134 acquisiverat,
841 2093 912 2123 sive
941 2093 1141 2123 circumven-

164 2139 270 2173 tione,
305 2137 377 2168 sive
411 2135 628 2177 expilatione,
663 2137 726 2167 sub
761 2136 873 2176 specie
908 2134 1017 2175 aliqua
1052 2135 1140 2165 iuris.

166 2181 268 2212 Audit
291 2186 409 2221 postea
431 2177 672 2210 absolutionem
693 2189 712 2210 a
732 2178 880 2209 Christo:
926 2177 1031 2209 nodie
1053 2179 1142 2208 solim

165 2223 237 2255 hnic
259 2223 368 2253 dommi
384 2223 479 2261 lactu
503 2226 559 2253 nst.
611 2221 651 2252 Et
679 2222 770 2252 addit
793 2220 945 2252 Christus
970 2221 1054 2252 hanc
1077 2231 1142 2251 me-
1163 2233 1167 2270 Ι

166 2264 358 2298 morabilem
375 2266 584 2302 sententiam,
598 2274 684 2306 quae
705 2271 753 2295 est
776 2262 954 2305 generalis.
966 2264 1007 2294 ad
1027 2274 1140 2294 omnes

165 2309 353 2351 pertinens,
376 2309 429 2349 qui
454 2314 557 2349 agunt
581 2308 829 2348 poenitentiam:
871 2305 958 2337 l'mn'!
981 2307 1065 2347 filius
1088 2306 1141 2336 Ιιο-

167 2353 260 2382 mim'r
283 2361 458 2393 quamn-r.
481 2355 510 2381 v!
533 2352 655 2382 salmon
675 2349 807 2389 fircera.
831 2350 916 2390 qnod
937 2350 1097 2390 perierat.

253 2394 345 2425 Haec
381 2401 432 2425 est
466 2394 618 2425 doctrina
653 2391 824 2434 Evangelii
859 2393 1010 2433 propria.
1053 2392 1141 2433 quod

167 2436 266 2468 homo
297 2437 471 2478 recipiatur
500 2437 531 2468 in
562 2437 702 2479 gratiam
725 2446 745 2467 a
768 2435 841 2467 Deo
871 2445 929 2477 per
958 2436 1141 2466 misericor-

168 2480 253 2512 diam
289 2481 483 2521 promissam
519 2486 652 2521 propter
686 2478 872 2515 Christum,
914 2479 1038 2519 gratis,
1076 2487 1168 2522 non3

168 2529 304 2565 propter
328 2530 442 2553 nostra
471 2523 602 2555 merita:
631 2529 664 2554 et
692 2521 781 2563 quod
809 2520 874 2553 hoc
903 2527 1055 2562 oporteat
1079 2520 1142 2551 tide
1165 2523 1170 2598 ι

169 2566 291 2606 accipi.
314 2573 342 2597 et
369 2566 456 2607 quod
480 2567 510 2597 in
535 2566 598 2596 hac
622 2564 685 2596 tide
711 2564 804 2596 neus
827 2564 869 2595 sit
892 2563 1109 2595 invocandus.

259 2609 329 2640 Non
354 2608 444 2640 affert
476 2607 528 2640 hic
552 2609 749 2647 ιὶρχιιιλιιίνης
772 2606 892 2649 aliquid
918 2617 1052 2638 suorum
1075 2615 1142 2636 me·

959 2649 994 2679 Et
1021 2650 1073 2689 «Ιυί
1101 2649 1141 2678 vi·

170 2653 314 2683 vitorum.
362 2650 434 2691 lpse
465 2651 637 2682 confitetur
669 2662 726 2680 sua
761 2657 904 2690 pem-nto.

1193 291 1273 321 dent
1306 289 1473 322 Christum
1505 293 1743 335 ingredientem
1784 295 1815 324 in
1850 294 1980 326 domum
2014 294 2168 329 Zachaei.

1192 338 1367 373 propterea
1397 341 1618 371 murmurant,
1649 335 1735 375 quod
1768 336 1853 377 apud
1882 343 2094 378 peecatorum
2123 330 2168 370 diss

1192 375 1357 407 vertisset.
1402 376 1524 408 Verum
1548 376 1700 409 t'hristus
1731 379 1824 409 docet
1854 378 1918 410 hoc
1942 381 2104 420 pertinere
2125 383 2166 412 ad

1191 427 1287 449 suum
1311 417 1471 457 osticium,
1502 427 1535 450 ut
1564 419 1679 451 offerat
1709 420 1866 452 beneficia
1890 431 1970 460 sua,
2002 423 2167 455 remissio·

1191 471 1265 491 nem
1290 468 1519 501 peccatorum,
1543 463 1700 503 gratiani,
1730 469 1759 494 et
1783 464 1882 495 vitain
1905 472 2070 496 aeternam
2093 476 2167 507 pet·-

1192 504 1360 534 canoribus
1383 504 1558 546 agentibus
1582 505 1825 546 poenitentiarii.

1278 545 1370 577 lianc
1400 546 1664 578 consolationem
1696 549 1725 578 in
1750 547 1932 591 Evangelio
1963 551 2165 590 propositam

1192 588 1359 620 discamus
1382 595 1413 620 et
1441 588 1694 631 amplectamur:
1723 597 1753 621 et
1783 593 1966 633 cogitemus
1995 592 2166 636 diligenter

1194 641 1331 669 causas,
1371 642 1474 674 quare
1514 642 1653 664 necesse
1693 634 1737 663 sit
1776 634 1805 663 in
1847 633 2001 666 Ecclesia
2034 636 2165 668 retineri

1190 673 1278 704 hanc
1302 673 1485 705 doctrinam
1514 675 1553 707 de
1579 676 1719 717 gratuita
1743 676 1936 708 remissione
1960 686 1989 708 et
2015 684 2166 719 accepta—

1191 716 1292 746 tione:
1317 726 1376 746 seu
1400 717 1440 748 de
1464 717 1645 755 exclusiva,
1665 717 1791 759 yrol's:
1817 720 1891 749 itezti
1915 721 1983 750 slve
2005 720 2167 761 operibus,

1191 764 1239 795 et,
1263 767 1325 788 non
1349 759 1413 789 nisi
1432 769 1471 790 ex
1491 759 1572 801 fide,
1596 772 1674 798 seu,
1697 762 1767 791 sola
1790 761 1862 802 [Ῑιίν.

1277 813 1408 844 Causae
1443 821 1551 845 autem
1584 822 1661 847 sunt
1691 823 1848 857 quatuor:
1892 817 2000 848 Prima
2028 824 2097 856 est,
2131 827 2165 849 ut

1190 856 1351 886 tribuatur
1375 857 1504 888 debitus
1527 856 1634 888 honos
1658 857 1724 889 filio
1748 858 1830 897 Dei,
1861 860 1947 901 quod
1979 870 2038 900 per
2059 860 2166 900 ipsum

1191 898 1397 929 remittantur
1426 906 1581 939 peccata,
1614 906 1645 930 et
1678 902 1764 941 quod
1796 909 1930 943 propter
1960 912 2032 933 eum
2063 903 2167 934 siruus

1190 942 1318 982 accepti
1349 940 1438 979 Deo,
1473 948 1505 972 et
1533 943 1779 982 pronuntiemur
1808 945 1902 982 iusti,
1935 955 2002 976 non
2033 951 2168 986 propter

1191 993 1307 1015 nostra
1339 994 1441 1024 opera
1469 984 1522 1015 vel
1553 985 1678 1016 merita.
1731 985 1794 1016 nic
1815 993 1865 1017 est
1889 996 2036 1018 summus
2058 986 2167 1018 honos

1192 1025 1248 1058 filii
1271 1026 1351 1064 Dei,
1381 1027 1469 1068 (stlo‘l
1493 1034 1543 1058 est
1567 1037 1716 1058 Summus
1739 1029 1917 1065 sacerdos,
1941 1034 1974 1059 et
1996 1029 2085 1070 quod
2107 1040 2167 1071 per

1192 1070 1288 1101 istum
1312 1070 1522 1101 sacerdotem
1544 1068 1640 1101 Deus
1663 1071 1778 1112 recipit
1801 1081 1908 1111 genus
1929 1070 2117 1102 humanum.

1278 1124 1432 1156 Secunda
1468 1134 1570 1156 causa
1600 1132 1667 1163 est,
1696 1132 1731 1157 ut
1754 1126 1959 1157 conscientia
1982 1132 2091 1157 teneat
2114 1126 2167 1157 fir-

1191 1177 1288 1206 mam,
1312 1174 1431 1205 ratam,
1454 1167 1552 1198 fixam
1576 1173 1608 1198 et
1632 1174 1755 1199 certam
1780 1168 2055 1207 consolationem,
2080 1169 2168 1199 vide-

1191 1210 1268 1241 licet
1298 1217 1331 1241 ut
1361 1211 1434 1241 sine
1464 1211 1667 1241 dubitatione
1697 1217 1846 1241 statuere
1870 1212 2056 1251 possimus
2080 1213 2169 1252 quod

1191 1252 1285 1284 Deus
1314 1253 1377 1283 iam
1407 1253 1450 1283 sit
1482 1253 1577 1283 nobis
1607 1254 1786 1293 propitius,
1823 1255 1945 1284 donata
1975 1253 2169 1285 remissione

1191 1301 1417 1336 peccatorum:
1441 1305 1483 1326 ac
1505 1305 1583 1326 vere
1606 1294 1684 1326 velit
1707 1297 1860 1336 accipere
1882 1302 2016 1327 nostras
2039 1306 2170 1336 preces,

1192 1343 1224 1368 et
1247 1338 1326 1367 dare
1350 1338 1447 1368 vitam
1477 1344 1643 1368 aeternam
1668 1339 1889 1369 credentibus,
1936 1337 2089 1370 monachi
2112 1339 2170 1369 fin-

1191 1386 1328 1417 xerunt,
1361 1380 1450 1421 quod
1481 1378 1579 1410 homo
1607 1378 1727 1410 habeat
1758 1381 1986 1412 remissionem
2017 1390 2170 1420 peccato-

1193 1433 1276 1460 rum,
1300 1429 1332 1453 et
1355 1422 1443 1463 quod
1468 1423 1510 1453 sit
1533 1423 1650 1463 iustus.
1674 1423 1806 1464 quando
1829 1423 1950 1454 habeat
1971 1422 2171 1455 sufficientia

1191 1465 1325 1496 merita:
1355 1465 1416 1495 sed
1444 1465 1521 1506 quia
1550 1465 1616 1497 hoc
1644 1475 1810 1506 nunquam
1839 1466 1892 1503 tit,
1920 1473 1956 1497 ut
1990 1465 2171 1498 habeamus

1192 1508 1276 1581 {aps
1299 1508 1501 1545 meritorum,
1516 1508 1628 1539 iubent
1652 1509 1814 1540 dubitare.
1861 1508 1951 1540 Haec
1973 1514 2050 1540 sunt
2073 1508 2171 1550 plane

1223 1551 1344 1582 tmica.

1281 1605 1322 1637 Ut
1351 1612 1459 1637 autem
1489 1604 1674 1637 consolatio
1706 1607 1748 1636 sit
1777 1613 1888 1643 certa,
1917 1614 1951 1637 ut
1976 1606 2170 1638 beneficium

1194 1647 1250 1680 filii
1284 1648 1347 1680 Dei
1384 1649 1478 1679 nobis
1513 1648 1553 1679 sit
1589 1648 1716 1679 firmum
1750 1654 1781 1680 et
1815 1650 1997 1680 immotum:
2039 1655 2171 1690 oportet

1193 1691 1279 1723 hanc
1305 1702 1415 1723 veram
1439 1691 1634 1722 sententiam
1654 1692 1770 1729 teneri,
1789 1692 1878 1733 qnod
1897 1690 2078 1722 habeamus
2097 1702 2172 1734 gra·

1194 1736 1235 1766 tis
1254 1741 1391 1776 propter
1410 1733 1510 1765 filium
1528 1733 1590 1764 Dei
1609 1735 1835 1765 remissionem
1854 1740 2080 1775 peccatorum,
2105 1744 2171 1766 non

1194 1784 1330 1819 propter
1347 1783 1494 1808 nostram
1514 1777 1716 1819 dignitatem,
1733 1783 1786 1808 aut
1806 1783 1942 1817 propter
1964 1775 2033 1807 ulla
2056 1784 2172 1809 nostra

1195 1822 1325 1852 merita:
1350 1826 1382 1852 et
1404 1819 1470 1851 hoc
1493 1819 1689 1851 beneficium
1713 1826 1842 1860 oportet
1864 1819 1968 1861 accipi
1992 1819 2072 1857 fide,
2094 1821 2172 1869 quia

1194 1863 1277 1894 fides
1309 1869 1358 1894 est
1390 1861 1620 1894 correlativum
1650 1863 1896 1903 promissioniS,
1924 1872 1983 1893 seu
2008 1863 2170 1899 beneficii,

1194 1906 1282 1947 quod
1313 1907 1343 1937 in
1375 1906 1594 1947 promissione
1624 1906 1718 1935 nohis
1750 1904 1896 1936 offertur.
1943 1905 2016 1935 Non
2040 1905 2170 1936 cuidem

1194 1950 1289 1980 datur
1320 1949 1470 1979 remissio
1502 1954 1636 1989 proptor
1664 1948 1854 1990 dignitatem
1879 1947 1971 1980 fidei.
2001 1934 2061 1978 sed
2089 1948 2171 1978 avei—

1195 1993 1279 2032 pitur
1309 1998 1415 2022 tamen
1446 1991 1527 2022 fide.
1563 1991 1637 2031 quia
1669 1997 1797 2032 oportet
1825 2000 1902 2021 esse
1932 1989 2072 2032 aliquid,
2104 2001 2171 2031 qno

1196 2035 1250 2065 liat
1274 2033 1448 2075 applicatio
1475 2034 1640 2064 beneficii:
1665 2039 1795 2074 oportet
1820 2031 1940 2075 aliquid
1965 2043 2060 2069 esse,
2083 2033 2172 2075 quod

1194 2075 1291 2108 saciat
1329 2077 1501 2107 discrimen
1536 2077 1618 2107 inter
1645 2075 1808 2107 Davidem
1843 2081 1874 2107 et
1902 2074 2053 2113 Saulem,
2088 2076 2172 2107 inter

1195 2120 1325 2151 Petrum
1351 2127 1380 2149 et
1407 2120 1527 2151 ludam.
1573 2118 1681 2150 David
1706 2119 1826 2159 accipit
1850 2117 2060 2156 beneficium,
2089 2117 2172 2149 Saul

1194 2174 1259 2194 non
1280 2163 1407 2204 accipit.
1450 2161 1502 2193 De
1520 2162 1581 2192 hac
1603 2172 1704 2193 causa
1725 2160 1870 2203 loquitur
1893 2159 2016 2193 Paulus
2035 2159 2128 2193 Rom.
2143 2161 2171 2191 t.

1199 2206 1276 2236 mm
1299 2217 1337 2235 m·
1358 2206 1420 2246 fido<
1441 2206 1566 2247 yrnla's.
1591 2209 1622 2235 11!
1646 2205 1687 2235 sit
1709 2204 1801 2246 firma
1823 2205 2006 2244 1momr'sst'o.

1280 2261 1390 2292 Tertia
1424 2272 1528 2292 causa
1569 2269 1639 2297 est,
1681 2268 1713 2291 ut
1755 2260 1921 2300 possimus
1955 2258 2060 2290 Deum
2096 2269 2173 2291 sere

1195 2306 1367 2341 invocare,
1397 2304 1471 2345 quia
1496 2314 1555 2335 cor
1577 2303 1732 2334 dubitans
1755 2302 1839 2344 sugit
1862 2301 1986 2338 Deum,
2018 2301 2172 2332 irascitur
2214 2300 2218 2303 ’

1198 2347 1288 2378 Deo.
1313 2357 1378 2378 non
1402 2348 1546 2378 inu-ucat.
1592 2345 1740 2377 Necesse
1763 2351 1813 2376 est
1836 2344 1953 2395 igitur,
1982 2351 2092 2375 tenere
2117 2345 2173 2375 :lo-

1196 2391 1344 2422 eti-inam.
1367 2390 1454 2431 quod
1478 2388 1668 2430 placeamus
1693 2394 1724 2419 et
1746 2387 1958 2419 exaudiamur
1972 2392 2115 2460 tpropter
2139 2386 2173 2417 ti-

1196 2433 1272 2464 lium
1297 2432 1359 2464 Dei
1390 2432 1513 2476 gratis,
1543 2442 1608 2463 non
1638 2436 1774 2473 propter
1802 2437 1949 2461 nostram
1995 2430 2049 2472 ign
2064 2435 2172 2460 tatem.

1195 2477 1230 2506 Si
1255 2476 1497 2516 imaginandum
1522 2481 1629 2506 esset.
1654 2473 1741 2515 quod
1765 2479 1898 2515 propter
1920 2478 2036 2504 nostra
2059 2471 2174 2503 merite

1196 2519 1408 2559 recipiamur,
1431 2525 1462 2550 et
1492 2517 1723 2550 exaudiamur.
1751 2523 1840 2548 esset
1870 2521 2029 2557 perpetua
2055 2514 2088 2548 ln
2116 2524 2173 2546 no-

1198 2562 1247 2592 bis
1271 2562 1440 2593 dubitatio.
1493 2560 1570 2592 ldeo
1597 2559 1769 2591 sciendum
1793 2565 1862 2593 est.
1884 2557 1973 2600 quod
2019 2566 2056 2589 er
2078 2554 2172 2589 Chri-

1167 2610 1282 2635 istum
1316 2602 1423 2635 »mlum
1458 2603 1555 2634 nobis
1587 2602 1631 2634 ait
1664 2602 1888 2633 aet-edendum
1922 2600 1965 2632 ad
2140 2600 2172 2630 in

1199 2647 1283 2678 ouini
1326 2646 1549 2678 timu-mione.
1587 2652 1618 2675 et
1653 2645 1741 2685 quini
1775 2651 1909 2685 [πορίω-
1944 2643 2030 2674 hun«-
2065 2640 2173 2673 notum

2310 533 2314 559 .-
2305 425 2313 502 -asa-
2304 311 2314 406 z-xsse

2310 775 2314 792 t

2311 808 2313 817 v
