2324 2958
253 165 318 198 679

339 259 592 292 Mahometistae
623 258 799 291 detrahunt
827 260 1027 292 divinitatem
1054 271 1228 302 personae,

253 309 284 334 et
307 301 451 335 officium
477 312 614 344 prorsus
638 308 766 342 negant.
796 301 915 334 Putant
932 302 1120 335 fabulosum
1139 313 1227 341 esse,

253 356 368 377 omnes
390 345 540 377 homines
567 344 701 377 liberari
723 352 830 377 morte
861 347 956 377 unius
988 347 1098 377 miseri
1127 346 1228 376 homi-

250 390 314 420 nis.
361 389 398 420 Si
417 387 485 420 ulla
508 398 598 419 mors
622 393 713 420 esset
735 388 894 430 gloriosa,
918 389 1027 430 potius
1051 389 1229 419 constituta

251 438 342 463 esset
375 441 466 463 mors
501 429 673 462 bellatoris
707 430 866 469 alicuius,
901 431 956 473 qui
987 431 1163 462 cecidisset
1196 432 1228 462 in

250 484 333 506 acie.

337 516 436 548 Scitis
484 517 582 548 etiam
623 516 796 558 Papistas‚
848 526 1045 558 quamquam
1087 516 1228 547 retinent

250 559 436 595 historiam,
471 566 580 591 tamen
613 560 655 591 de
678 558 898 601 applicatione
932 560 1001 590 eius
1037 569 1102 589 non
1137 564 1228 591 recte

251 603 383 634 docere.

336 644 409 676 Hoc
441 651 538 687 caput
562 651 627 676 tam
651 645 877 686 perspicuum,
908 650 939 675 et
963 643 1095 685 plenum
1119 651 1171 675 est
1193 643 1227 675 il-

251 686 400 719 lustrium
424 694 456 719 et
475 687 748 730 gravissimorum
767 687 956 724 verborum,
975 693 1023 725 ut,
1047 687 1073 717 si
1099 693 1189 718 esset
1207 698 1227 718 a

251 729 355 804 P¹aulo
377 736 455 772 post
476 730 665 771 passionem
678 729 801 761 Christi
823 730 999 771 scriptum,
1018 737 1088 760 non
1112 735 1228 771 posset

249 784 270 815 p
285 773 380 805 anius
403 774 515 805 scribi.

250 859 409 897 Messias,
439 860 492 900 qui
517 859 559 889 sit
580 857 710 890 futurus
741 857 908 896 salvator,
932 858 972 889 de
996 869 1060 899 quo
1085 859 1116 889 in
1140 859 1226 899 prio-

249 902 341 934 ribus
366 902 527 942 capitibus
553 900 654 932 multa
684 902 776 932 dixit:
814 900 888 941 Ipse
917 906 1071 942 αερεηῃρι
1097 900 1226 932 Gentes.

249 944 383 977 Certum
413 951 463 976 est
498 954 570 976 eum
599 944 639 975 de
662 943 786 975 Messia
821 943 922 985 loqui,
956 944 1016 974 sed
1040 950 1156 984 postea
1180 944 1227 974 in-

251 989 331 1020 texit
353 987 440 1019 lianc
473 988 695 1018 narrationem
719 988 759 1018 de
793 987 960 1028 passione.

249 1117 302 1148 ilar
332 1116 427 1148 sehet.
479 1117 639 1147 Omnibus
670 1116 872 1156 temporibus
899 1114 1046 1153 suerunt,
1076 1121 1168 1153 sunt,
1196 1121 1226 1146 et

250 1166 345 1192 erunt
368 1159 517 1191 homines
540 1158 640 1197 ἄθεοι,
663 1159 717 1200 qui
740 1159 850 1189 dicent
872 1157 956 1189 haec
969 1168 1046 1189 esse
1062 1156 1226 1189 sabulosa.

250 1203 320 1234 Nos
354 1203 417 1233 ista
442 1203 646 1244 cogitantes,
677 1202 765 1232 veris
797 1201 970 1243 gemitibus
998 1207 1160 1241 petamus,
1192 1207 1227 1231 ut

249 1244 352 1277 Filius
377 1244 439 1276 Dei
468 1245 541 1285 ipse
567 1245 669 1276 corda
701 1250 817 1275 nostra
845 1243 1027 1274 confirmet.
1073 1244 1139 1275 Sed
1163 1244 1226 1274 iam

249 1289 281 1320 in
304 1287 391 1319 sesto
417 1288 513 1318 debet
537 1288 642 1318 maior
664 1296 742 1318 esse
765 1287 913 1317 intentio.
945 1287 1001 1317 Sic
1030 1287 1128 1327 igitur
1151 1288 1228 1317 dicit

249 1331 382 1363 Esaias:
408 1329 562 1372 Magnam
586 1328 823 1361 multitudinem
845 1339 912 1360 non
937 1329 1146 1360 credituram.

335 1373 541 1411 Brachium]
588 1371 754 1415 significat
798 1372 987 1413 potentiam.
1056 1372 1226 1409 Ascendet,

249 1416 377 1449 scilicet
399 1415 478 1448 illud
504 1414 689 1453 brachium,
712 1416 744 1446 id
768 1421 831 1452 est,
854 1425 888 1446 es
907 1415 981 1456 yelzl
1005 1415 1081 1455 auff
1099 1416 1155 1445 wie
1177 1415 1227 1445 ein

247 1460 388 1503 yewecbs
409 1460 442 1491 in
465 1460 604 1497 deserto,
622 1458 678 1490 ubi
701 1468 767 1489 non
790 1464 943 1499 estspes‚
967 1457 1038 1489 sore
1052 1463 1087 1490 ut
1110 1468 1227 1489 nasca-

250 1511 302 1536 tur
325 1504 437 1540 arbor,
471 1509 502 1534 et
536 1502 685 1533 nascitur
708 1507 829 1539 tamen,
864 1502 895 1532 in
930 1500 1006 1532 loco
1037 1501 1170 1533 horrido
1194 1506 1226 1531 et

249 1547 352 1578 arido.
419 1545 494 1577 Non
527 1549 574 1576 ext
611 1545 756 1585 species]

252 1590 318 1621 lsta
342 1595 418 1620 sunt
441 1589 613 1625 historica,
637 1598 721 1629 quae
744 1588 883 1618 subinde
906 1588 1021 1628 repetit
1045 1594 1170 1628 postea.

344 1632 448 1671 Vera]
506 1632 571 1662 lani
605 1631 733 1662 accedit
774 1631 815 1662 ud
849 1641 984 1661 causam
1018 1629 1160 1668 finalem.
1195 1637 1227 1661 et

251 1683 357 1707 tamen
381 1676 497 1706 miscet
516 1673 611 1705 simul
636 1674 813 1710 historica3
837 1674 867 1704 id
892 1680 959 1712 est,
984 1674 1070 1715 quod
1094 1672 1148 1705 ille
1171 1684 1227 1715 pa·
1251 1686 1253 1702 s

250 1720 338 1757 titur,
362 1719 482 1760 patitur
505 1724 640 1760 propter
663 1727 736 1749 nos,
760 1716 832 1748 Hoc
852 1717 1012 1748 debemus
1036 1717 1132 1754 scire,
1152 1728 1227 1758 pas·
1252 1737 1253 1745 1

250 1763 376 1794 sionem
399 1761 496 1793 huius
516 1760 660 1799 Domini,
684 1770 761 1791 esse
783 1760 922 1801 pretium
946 1771 1006 1801 pro
1032 1761 1140 1797 nobis,
1163 1770 1227 1791 nos

251 1807 355 1837 iustos
387 1815 464 1836 esse
500 1803 563 1835 hac
594 1805 779 1835 obedientia
810 1801 880 1834 Filii
911 1803 972 1835 Dei
1009 1804 1105 1834 nobis
1140 1803 1226 1834 data.

251 1848 378 1880 Citatur
400 1847 465 1879 hoc
499 1847 595 1878 etiam
630 1857 648 1878 a
672 1846 782 1885 Petro,
818 1847 906 1887 quod
941 1847 1084 1877 ostendit
1118 1847 1228 1888 magni

250 1890 373 1923 iecisse
396 1889 581 1932 Apostolos
612 1890 699 1922 bunc
728 1888 855 1928 locum,
889 1895 920 1920 et
943 1887 1127 1920 delectatos
1152 1899 1229 1920 esse

250 1934 447 1967 testimoniis
470 1933 565 1965 huius
588 1932 664 1964 loci.

338 1977 528 2009 Percussum
552 1987 572 2007 a
597 1975 692 2014 Dea]

252 2021 401 2055 minibus,
433 2019 519 2051 aliud
550 2025 601 2050 est
620 2019 746 2060 percuti
771 2031 789 2050 a
816 2019 893 2049 neo.

252 2070 301 2096 est
325 2064 427 2095 videri
458 2063 507 2094 sic
531 2063 705 2100 reiectum,
736 2069 769 2093 ut
795 2062 886 2092 Deus
911 2061 1130 2093 abominetur:
1163 2061 1227 2091 boc

252 2114 301 2139 est
325 2106 426 2147 longe
450 2106 566 2143 innius,
591 2116 685 2146 quam
706 2116 779 2136 cum
804 2105 941 2146 patimur
963 2103 1081 2146 aliquid
1107 2105 1147 2134 al)
1172 2102 1227 2134 lio-

252 2151 402 2182 minibus.
437 2150 530 2180 Sicut
554 2149 690 2189 potestis
711 2158 771 2179 vos
795 2148 938 2179 iudicare
962 2149 992 2178 in
1018 2148 1112 2179 vobis
1137 2148 1227 2187 ipsis.

252 2193 392 2229 Quando
421 2192 455 2223 fit
478 2192 574 2223 vobis
598 2192 732 2229 iniuria,
760 2198 788 2222 et
816 2198 926 2222 vestra
951 2191 1153 2222 conscicntia
1177 2197 1224 2220 est

251 2243 354 2274 recta,
379 2242 408 2266 et
434 2246 499 2267 non
524 2235 654 2271 saucia,
678 2233 957 2276 tranquillioribus
981 2234 1096 2265 animis
1122 2231 1225 2264 sertis.

254 2280 309 2311 Est
333 2279 457 2320 aliquid
480 2279 604 2318 nmquis
627 2279 744 2309 crimen
758 2278 980 2308 ubrssae'malis.
1005 2277 1070 2307 Sed
1096 2277 1227 2317 quando

252 2323 457 2355 conscientia
493 2322 613 2353 indie-at
649 2320 814 2358 homines,
849 2321 910 2351 ista
945 2326 995 2351 est
1029 2318 1228 2351 miserabilis

737 1975 834 2007 Aliud
867 1983 917 2006 est
951 1977 1076 2016 percuti
1105 1976 1146 2005 ab
1171 1974 1227 2005 lin-

940 2018 1069 2049 l’vrcuti
1100 2030 1118 2048 u
1144 2017 1226 2054 Deo,

254 2366 453 2397 carnificina.
478 2364 570 2396 Tunc
594 2375 652 2396 cor
675 2370 707 2395 et
731 2371 818 2395 totus
843 2364 939 2395 lnouio
964 2365 1058 2395 iuret.
1088 2363 1228 2398 Quando
1253 2378 1256 2386 ·

255 2420 312 2440 cor
346 2408 454 2440 adhuc
478 2414 528 2439 est
554 2414 697 2439 ereetum
723 2408 809 2438 bonu
835 2407 1050 2443 conscientia,
1075 2413 1152 2437 tuuc
1174 2417 1229 2447 pa-

253 2453 329 2484 titur
352 2450 468 2493 aliquis
500 2451 646 2493 nequiori
675 2451 793 2482 animo.
840 2450 976 2481 Bonitas
1006 2450 1229 2480 conscientiae

254 2502 306 2527 est
327 2496 488 2526 dimidium
518 2494 607 2525 mali:
639 2494 766 2525 etiamsi
795 2493 914 2535 aliquis
943 2494 1080 2535 patitur,
1111 2493 1231 2533 patitur

254 2539 378 2570 minore
402 2537 527 2568 dolore.

341 2581 411 2613 Nos
436 2582 532 2621 igitur
557 2581 665 2611 instuli
685 2590 802 2617 sumus,
822 2580 925 2621 inquit
938 2578 1115 2620 Propheta,
1136 2578 1229 2609 (Vtri-

256 2629 336 2655 stum
368 2625 539 2665 paea'rneem
570 2625 628 2663 ila,
662 2628 695 2655 ut
730 2625 984 2655 existinunwnms
1019 2633 1085 2653 mim
1120 2632 1188 2653 esse
1211 2633 1232 2653 a
1256 2634 1258 2665 ¹.

909 165 1021 198 PfflL.
1044 166 1146 199 MEL.
1166 167 1352 200 SCRlPTA
1375 166 1637 201 EXEGETICA.

1008 987 1089 1025 Quis
1119 987 1227 1017 credet
1250 1005 1253 1027 1

249 1032 378 1063 amlilui
408 1034 543 1069 nostra]
578 1030 609 1061 id
645 1036 710 1069 est,
744 1030 900 1067 sermoni,
934 1031 981 1060 sie
1013 1031 1111 1060 reden
1146 1030 1253 1060 alsa*

249 1073 393 1105 Maxima
415 1072 587 1104 multitudo
611 1074 754 1115 gentium
785 1073 863 1104 dicit
886 1082 963 1103 esse
986 1070 1149 1110 fabulam,
1172 1074 1228 1103 urie
1251 1072 1253 1093 ἶ

812 1544 1002 1585 Descriptio
1047 1544 1252 1592 passionis}

2191 171 2256 206 68⁰

1278 260 1351 291 Deo
1374 260 1537 292 abiectum.
1583 261 1657 294 Das
1679 261 1722 294 ist
1744 262 1796 293 ein
1815 271 1971 304 yransam
1993 264 2080 306 diny.
2125 263 2255 297 videtu

1279 303 1342 334 iam
1366 314 1497 345 quoque
1520 303 1630 335 multis
1654 304 1720 336 hoc
1743 306 1909 337 accidere.
1950 305 2044 338 Multi
2067 308 2174 339 sancti
2197 307 2256 339 ht>

1279 346 1383 377 mines
1405 346 1643 378 interficiuntur
1665 347 1844 379 crudeliter
1871 349 1902 379 in
1925 348 1997 380 aliis
2027 351 2150 392 regnis.
2195 351 2256 382 Sa*

1279 389 1406 429 pientes
1429 389 1591 431 cogitant:
1614 391 1642 421 si
1667 389 1721 421 illa
1735 396 1847 422 essent
1873 391 1990 430 aDeo,
2013 403 2098 434 quae
2121 393 2255 432 doceng

1279 441 1344 462 non
1365 432 1586 464 abiicerentur
1621 434 1662 464 ab
1687 444 1738 465 eo.
1784 433 1851 464 Sed
1875 435 2005 466 venient
2030 445 2168 476 poenae,
2192 437 2256 467 sit>

1278 481 1313 505 ut
1346 481 1506 506 venerunt
1540 475 1680 507 ludaeis.
1726 475 1911 518 Singularis
1946 477 2157 519 amplificatio
2191 485 2255 517 est,

1275 526 1463 558 percussum
1485 529 1507 549 a
1529 517 1610 549 Deo.

1366 559 1460 601 Ipsa}
1506 559 1666 602 Repetitio
1689 571 1811 592 causae
1834 568 1896 593 est.

1365 603 1548 643 Disciplina
1566 605 1682 644 pacz'sq
1706 605 1738 635 id
1762 611 1830 642 est,
1859 615 1966 646 poena
1995 606 2091 637 nobis
2114 605 2256 638 afferens

1278 656 1405 686 pacem.
1453 646 1515 676 Die
1535 646 1642 686 strnff
1657 648 1715 688 le’yt
1738 647 1814 687 ausl'
1831 647 1905 685 ihm,
1928 649 1990 679 das
2012 651 2071 679 τοῖν
2093 649 2257 691 daryeyen

1278 688 1364 719 nicht
1383 688 1540 729 yestrafft
1568 690 1705 730 werden,
1733 691 1765 721 id
1789 697 1852 728 est,
1885 690 1999 722 Poena
2026 698 2076 723 est
2106 693 2256 724 derivata

1279 731 1310 762 in
1334 730 1451 762 Filium
1475 730 1555 768 Dei,
1578 742 1676 773 quam
1699 734 1876 774 oportebat
1901 744 1962 765 nos
1986 734 2120 765 sentire.
2145 735 2256 767 nise·-

1251 782 1253 807 J
1278 773 1365 814 plina
1388 774 1480 815 pacis
1510 775 1644 814 ponitur
1660 786 1721 815 pro
1750 787 1874 816 poena,
1903 787 1988 817 quae
2017 777 2112 807 nobis
2140 785 2256 817 pacem

335 815 478 848 Primum
509 822 618 847 autem
648 821 699 847 est
733 815 956 852 asseveratio,
987 815 1074 857 quod
1105 814 1160 847 ille
1184 816 1227 846 sit
1252 821 1253 831 ¹

1277 817 1397 854 adfert,
1430 817 1462 847 id
1486 822 1549 854 est,
1583 817 1688 848 reddit
1721 819 1875 850 iustitiam
1899 826 1929 850 et
1952 821 2051 850 vitam
2074 825 2255 850 aeternam.

1364 859 1482 890 Omnes
1514 862 1596 898 nos]
1629 859 1705 891 Nun
1738 861 1846 901 kompt
1886 861 2003 892 concio
2036 861 2257 902 poenitentiae

1277 900 1495 937 universalis3
1525 901 1647 933 merckt
1676 902 1729 933 die
1757 902 2034 934 universalitatem
2064 905 2096 935 in
2119 911 2257 946 utraque

1279 951 1389 984 parte:
1419 944 1452 975 id
1475 949 1544 982 est,
1567 945 1599 975 in
1623 946 1838 976 accusatione
1861 946 2005 986 peccati,
2028 952 2060 977 et
2083 954 2201 988 postea
2224 947 2257 978 ln

1279 988 1509 1028 promissione.
1561 986 1702 1018 Primum
1727 988 1820 1019 dicit:
1855 988 1972 1019 Omnes
1990 989 2212 1021 aberrat-imus
2235 1000 2258 1021 a

1279 1030 1368 1066 I)e0,·
1392 1036 1423 1060 et
1447 1036 1565 1071 postea
1588 1030 1697 1068 addit,
1722 1029 1834 1062 Posuit
1852 1031 2007 1062 Dominus
2030 1033 2062 1062 in
2084 1043 2120 1063 eo
2143 1033 2257 1073 iniqu&

1280 1077 1375 1104 {atem
1395 1074 1530 1104 omnium
1563 1077 1757 1104 nostrornm.
1804 1074 2010 1105 l'raedicatio
2039 1075 2258 1115 poenitentiae

1279 1124 1328 1147 est
1363 1115 1576 1147 universalis:
1621 1116 1799 1147 Promissio
1834 1117 1928 1147 etiam
1963 1124 2015 1148 est
2050 1116 2257 1151 universalis,

1280 1159 1367 1200 quod
1404 1159 1489 1189 bene
1524 1159 1763 1190 consideretur.
1811 1159 1916 1190 Nemo
1952 1158 2112 1201 glorietur
2141 1162 2172 1192 in
2197 1170 2258 1192 sua

1279 1201 1478 1233 obedientia.
1503 1200 1710 1232 Praedicatio
1730 1202 1950 1242 poenitentiae
1963 1210 2102 1234 accusat
2126 1213 2258 1235 omnese.

1279 1244 1460 1275 l‘romissio
1484 1245 1636 1275 omnibus
1661 1243 1754 1275 offert
1777 1245 2017 1282 remissionem,
2042 1247 2168 1277 etiamsi
2191 1256 2257 1278 non

1278 1297 1392 1318 omnes
1416 1287 1593 1327 accipiunt,
1616 1297 1680 1318 non
1705 1285 1835 1324 volunt,
1858 1288 1916 1318 sed
1940 1295 2168 1325 contemnunt3
2193 1289 2256 1320 sit>

1277 1335 1313 1360 ut
1336 1340 1401 1360 non
1426 1328 1543 1360 volunt
1565 1329 1662 1359 etiam
1686 1330 1779 1370 argui
1803 1336 1975 1370 peccatum
1998 1329 2102 1361 multi.

1364 1370 1471 1402 Valde
1494 1373 1578 1403 bene
1602 1371 1856 1403 considerentur
1880 1371 2148 1403 universalitates
2162 1372 2258 1410 istae,

1277 1414 1473 1456 praesertim
1496 1415 1527 1445 in
1552 1412 1802 1452 consolatione,
1827 1424 1923 1456 quam
1947 1420 2077 1455 oportet
2100 1414 2158 1446 niti
2182 1424 2258 1456 pro—

1277 1458 1449 1489 missione:
1480 1457 1588 1488 Venite
1611 1457 1655 1488 ml
1677 1467 1724 1488 me
1735 1467 1840 1488 omnes
1862 1458 1919 1498 qui
1938 1457 2110 1495 laboratis,
2133 1461 2163 1489 et
2186 1467 2257 1489 ‹me-

1279 1503 1348 1532 rnli
1368 1502 1455 1539 estis,
1478 1511 1536 1542 eye
1558 1500 1700 1542 reficiam
1724 1511 1788 1531 tros.
1835 1500 1905 1531 llac
1928 1499 2176 1532 universalitate
2194 1501 2257 1532 eri·

1278 1555 1394 1584 gamus
1419 1554 1490 1575 nos.
1536 1544 1686 1575 Sciamus
1721 1543 1761 1574 ad
1796 1554 1858 1575 nos
1892 1544 2057 1585 pertinere
2081 1543 2256 1575 beneficia:

1280 1587 1353 1618 Non
1387 1588 1430 1617 ita
1468 1587 1662 1628 cogitemus,
1695 1587 1779 1617 sieut
1813 1586 2061 1623 Entliusiastici,
2096 1587 2255 1624 fanatici,

1280 1628 1558 1666 Stenckfeldiaui3
1582 1629 1675 1661 Deus
1700 1629 1797 1660 habet
1822 1635 1986 1660 certorum
2011 1628 2177 1660 hominum
2202 1640 2255 1659 vn-

1280 1673 1426 1716 taloguui
1457 1673 1632 1715 signatum.
1689 1672 1760 1704 lloc
1795 1683 1861 1703 non
1896 1673 2029 1703 dubium
2065 1678 2128 1709 est,
2162 1670 2256 1703 Deus

1280 1717 1449 1758 praevidet
1486 1722 1517 1748 et
1552 1716 1679 1747 ordinat
1715 1716 1836 1746 omnia:
1871 1716 1931 1747 sed
1966 1725 2029 1757 ego
2060 1725 2124 1746 non
2148 1715 2256 1746 debeo

1281 1761 1417 1791 haerere
1441 1759 1472 1790 in
1507 1757 1570 1790 illis
1603 1756 1886 1800 speculationibus
1922 1759 1962 1788 de
1995 1756 2172 1795 electione,
2196 1758 2256 1789 sed

1281 1804 1386 1834 debeo
1410 1813 1461 1834 me
1484 1808 1673 1833 sustentare
1697 1802 1927 1841 promissione.
1974 1800 2046 1832 Hoc
2060 1812 2134 1832 cum
2158 1798 2258 1839 facio,

1279 1847 1352 1877 sine
1371 1846 1469 1877 dubio
1487 1844 1581 1876 Deus
1606 1851 1655 1876 est
1679 1844 1807 1875 efficax.
1853 1842 2046 1875 sons-olatio
2076 1843 2176 1875 habet
2200 1844 2256 1875 in'»

1254 1890 1255 1893 ’
1280 1890 1358 1920 tium
1382 1899 1439 1930 per
1463 1889 1610 1919 verbum.
1645 1887 1738 1919 Deus
1762 1893 1812 1918 est
1838 1886 1960 1918 eslicax
1983 1897 2042 1928 per
2065 1897 2158 1918 suam
2183 1897 2258 1928 pro-

1279 1933 1479 1963 missionem.
1526 1930 1617 1962 Haue
1648 1929 1851 1962 voluntatem
1880 1931 1982 1961 verbo
2005 1940 2066 1961 suo
2090 1927 2256 1971 patefecit,

1280 1976 1363 2006 sicut
1389 1982 1503 2016 postea
1529 1974 1662 2005 dicitur:
1695 1974 1824 2013 :lym’tio
1856 1977 1944 2004 sero-i
1966 1973 2150 2046 iuinIficabit
2179 1973 2256 2003 mul·

1281 2022 1344 2048 tos:
1368 2018 1423 2049 ubi
1447 2018 1563 2048 dicitur
1588 2017 1627 2047 de
1650 2015 1877 2058 applicationo.
1924 2016 1999 2047 Nun
2028 2027 2090 2047 «os
2113 2017 2153 2047 ist
2177 2015 2257 2047 nod

1281 2062 1320 2092 de
1344 2061 1585 2102 prm-dicatione
1610 2060 1830 2101 poenitentiae
1853 2066 1883 2090 et
1908 2059 2137 2100 proiu'tssione.

1367 2104 1505 2133 Oblatas
1524 2106 1594 2140 ΝΜ
1643 2102 1735 2133 Redit
1761 2103 1802 2133 ad
1826 2101 2007 2133 liistoriuni.

1370 2147 1417 2177 Dc
1440 2147 1615 2187 11715711st1‘11.1
1641 2145 1706 2176 lsta
1729 2147 1920 2176 sentiet-ba
1943 2145 1983 2176 de
2004 2144 2256 2176 resurrectione.

1281 2190 1485 2231 Quamquam
1503 2189 1728 2226 interficietur,
1752 2194 1857 2219 tamen
1871 2186 2079 2220 liberabitur:
2104 2186 2192 2229 Ergo
2208 2197 2256 2218 ro-

1280 2240 1392 2275 surget

1367 2277 1621 2307 (·'‹·1u·ratimwm.
1629 2278 1636 2314 1

1281 2330 1432 2360 magnam
1457 2318 1651 2350 Ecclesiam.

1370 2364 1562 2400 „thsrissnsq
1611 2361 1751 2402 Repetit.
1782 2361 1857 2390 dicit
1888 2358 1996 2395 clare,
2028 2360 2111 2391 sicut
2142 2366 2256 2400 postea

1282 2407 1377 2437 etiam
1405 2404 1521 2436 tinniet
1544 2405 1663 2446 inquit:
1690 2404 1830 2434 Messias
1853 2403 2078 2445 iutursirirlur.
2102 2407 2130 2433 et
2155 2407 2259 2433 tama

1284 2449 1447 2490 refutabit:
1473 2449 1560 2490 Enyo
1584 2451 1738 2489 rrsmyel.

1373 2492 1512 2532 Propter
1548 2493 1672 2528 scu-[usq
1714 2489 1771 2520 Est
1808 2491 1946 2531 repetita
1980 2500 2095 2521 eausa:
2130 2488 2161 2519 id
2195 2493 2257 2525 est,

1284 2535 1354 2575 Ego
1378 2535 1531 2566 constitui
1552 2535 1638 2566 hanc
1663 2534 1837 2570 victimam,
1859 2541 1890 2565 et
1915 2534 1945 2564 in
1970 2532 2259 2564 eumdem-uretur

1284 2590 1342 2610 tra.

1371 2621 1411 2651 13ae
1435 2621 1524 2651 dabie
1547 2622 1681 2660 impiet]
1706 2618 1779 2653 vel,
1803 2619 1891 2649 dabie
1914 2629 1978 2648 etam
1995 2619 2109 2658 impiis.
2139 2617 2172 2649 ld
2194 2622 2259 2653 eut.

1690 2274 1936 2308 l'osteritateiu.
1972 2273 2002 2304 id
2027 2282 2089 2311 est,
2123 2273 2258 2305 babebit
