2324 2958
133 179 195 213 ³9⁷

133 283 200 317 quo
223 274 265 305 ad
286 268 599 306 reconciliationem,
622 276 685 299 seu
707 268 857 308 gratiam,
890 267 924 298 id
946 273 1008 305 est,

133 317 177 349 ad
197 315 274 353 hoc,
298 313 386 356 quod
408 316 460 344 est
482 311 709 342 necessarium
732 310 894 341 omnibus.
939 310 1014 341 Non
1032 315 1108 341 sunt

133 357 302 401 aequales,
324 354 413 397 quod
435 353 479 385 ad
503 354 591 384 dona
612 353 739 390 attinet,
772 362 858 394 quae
887 353 1005 384 dantur
1028 353 1107 383 divi·

134 403 220 434 nitus
252 404 387 441 propter
420 395 561 428 alienam
594 405 656 427 seu
685 405 890 426 communem
924 393 1108 433 utilitatem,

135 438 220 480 Quia
242 442 330 473 dona
353 440 472 471 dantur
493 444 629 480 propter
651 436 847 469 Ecclesiam.
1133 419 1137 471 Ι

218 485 339 516 Sumus
364 491 479 513 omnes
501 491 602 513 unum
625 481 656 511 in
681 480 830 512 Christo:
855 480 926 511 Nec
957 487 1008 511 est
1038 492 1108 522 προ-
1133 474 1138 522 1

134 529 313 567 σωποληψία
345 525 378 556 in
406 524 493 563 Deo,
515 533 581 566 quo
604 523 646 554 ad
669 523 746 561 hoc,
769 523 857 565 quod
880 529 932 554 est
955 533 1110 554 necessa·
1134 526 1138 569 Ι

133 572 214 603 rium
236 568 390 599 omnibus
413 573 446 598 et
467 564 620 609 singulis.
666 565 768 597 filius
792 565 855 597 Dei
879 572 929 596 est
959 564 1108 607 aequalis

132 622 213 654 erga
245 610 408 642 latronem
441 610 474 641 in
509 619 628 647 cruce,
657 615 689 640 et
711 608 890 640 Iohannem
913 608 1107 650 Baptistam.

131 655 208 686 ltem
231 664 312 695 erga
334 663 438 684 suam-
452 658 589 683 matrem
611 657 644 682 et
655 653 808 682 miseram
820 650 1001 689 mulierem,
1024 661 1109 692 quae

129 698 172 729 ad
195 707 269 728 eum
293 696 381 728 venit
403 696 436 726 in
459 695 589 726 domum
613 693 787 726 Simeonis.

217 739 284 771 Sed
309 749 375 770 non
394 744 444 770 est
466 735 650 779 aequalitas
674 748 739 778 quo
762 738 805 768 ad
828 738 925 768 dona.
950 736 1035 768 Aliis
1055 736 1111 767 dat

131 781 219 814 filius
252 781 317 813 Dei
346 781 470 815 maiora
494 781 581 811 dona
604 787 740 820 propter
764 789 969 811 communem
992 777 1110 810 utilita-

130 831 195 856 tem
230 823 414 856 Ecclesiae.
481 821 600 864 Ioseph
635 823 690 854 dat
718 833 839 864 magna
863 823 951 853 dona
974 829 1110 863 propter

129 868 331 910 Aegyptum,
366 873 399 898 et
431 864 586 897 familiam
617 865 738 896 iacobi.
800 866 876 897 Non
895 871 988 896 erant
1012 865 1109 895 tantis

130 911 226 942 donis
251 908 372 941 fratres
395 909 476 940 eins.
533 908 606 939 Hoc
629 915 678 939 est
704 909 734 938 in
758 907 821 939 Dei
843 913 1019 949 potestate,
1045 917 1109 938 uon
1133 905 1138 953 ξ

129 953 216 995 apud
242 962 313 984 noS.
369 951 446 992 lpse
469 952 531 982 scit
555 961 687 982 causas
739 951 815 982 Non
838 957 889 981 est
912 960 1054 982 necesse
1077 956 1110 981 te

129 997 229 1033 scire,
263 1005 325 1026 nec
358 1004 421 1026 nos
455 995 613 1025 debemus
636 995 815 1035 inquirere,
847 994 932 1024 sicut
956 992 1108 1024 Christus

129 1039 253 1081 inquit:
289 1038 326 1067 Si
352 1037 422 1067 volo
452 1048 517 1068 eum
540 1047 672 1070 manere,
706 1037 784 1076 qnid
808 1036 850 1065 ad
874 1037 929 1067 te?
1000 1035 1043 1065 Tu
1066 1046 1110 1066 me

129 1091 263 1121 sequere-

215 1121 344 1165 Singuli
368 1130 458 1154 recte
470 1129 602 1154 utantur
624 1123 694 1154 suis
713 1122 821 1159 donis,
844 1122 919 1153 Non
931 1121 1109 1162 disputent,

130 1167 210 1210 quid
233 1167 275 1198 de
297 1165 370 1197 aliis
393 1165 487 1197 Deus
511 1165 628 1203 faciat,
662 1172 718 1196 aut
754 1175 813 1196 cur
848 1163 986 1196 aliorum
1022 1164 1110 1195 dona

130 1210 193 1242 sibi
243 1219 310 1240 non
365 1209 429 1239 sint
474 1209 561 1239 data.
628 1208 777 1248 Quisque
810 1213 940 1238 maneat
973 1207 1005 1238 in
1047 1217 1108 1238 suo

129 1251 256 1290 officio,
291 1259 324 1283 et
342 1251 407 1282 hoe
431 1249 604 1292 diligenter
628 1257 819 1291 exequatur.
886 1250 960 1281 Non
985 1250 1109 1281 rixetur

130 1306 203 1327 cum
225 1293 310 1331 aliis,
335 1303 442 1336 neque
460 1294 604 1325 invideat
629 1294 678 1324 eis
695 1293 795 1331 dona,
818 1303 904 1334 quae
925 1293 1007 1334 ipsis
1031 1293 1109 1323 data

129 1344 214 1370 sunt.
494 1368 499 1371 ,

216 1379 289 1410 Etsi
322 1389 374 1410 me
414 1389 481 1410 non
516 1377 592 1409 fecit
628 1377 723 1410 Deus
757 1377 872 1415 talem,
907 1376 1014 1419 qualis
1049 1377 1109 1409 suit

129 1422 322 1455 Alexander
344 1421 500 1463 Magnus,
523 1422 583 1452 sed
606 1422 762 1452 miserum
787 1418 1032 1458 Calmuserum,
1055 1418 1109 1451 vel

127 1465 290 1498 Locatum
323 1463 662 1505 *vitembergensem,
696 1469 731 1494 ut
759 1472 812 1494 me
835 1470 931 1494 vocat
954 1462 1108 1500 Alexius,

128 1507 184 1540 vel
206 1506 468 1539 Baccalaureum
504 1505 801 1548 Kembergensem‚
833 1511 870 1537 ut
892 1504 1034 1537 lslebius
1058 1515 1110 1536 me
1133 1503 1138 1552 Ι

127 1556 245 1582 vocat:
268 1549 393 1580 Tamen
416 1550 477 1579 iste
499 1548 747 1580 Baccalaureus
760 1547 1018 1591 Kembergensis
1037 1558 1109 1590 per-

128 1593 209 1624 tinet
231 1592 274 1622 ad
297 1601 436 1632 regnum
458 1590 533 1629 Dei,
557 1592 641 1622 sicut
666 1590 776 1622 Elias:
804 1591 890 1621 Unus
903 1596 932 1622 et
951 1591 1032 1622 idem
1045 1591 1109 1620 Do-

127 1637 227 1665 minus
250 1638 307 1667 est,
331 1634 419 1664 dives
440 1635 473 1662 in
497 1643 608 1667 omnes,
639 1635 694 1672 qui
722 1635 868 1663 invocant
891 1645 964 1665 eum.
1034 1634 1109 1665 Non

127 1687 243 1710 sumus
265 1674 425 1718 aequales
449 1686 513 1717 quo
537 1677 580 1708 ad
604 1677 702 1714 dona,
726 1677 787 1707 sed
809 1688 875 1718 quo
898 1677 941 1708 ad
953 1678 1108 1718 gratiam:

128 1720 213 1757 Quia
236 1729 350 1751 omnes
374 1719 548 1760 recipimur
572 1720 689 1762 gratiS,
713 1725 848 1761 propter
871 1718 973 1751 filium
995 1719 1069 1750 Dei.

215 1763 273 1794 Sic
295 1763 394 1804 igitur
417 1762 511 1793 dico:
547 1760 700 1794 Ecclesia
735 1769 786 1794 est
811 1763 1031 1804 congregatio
1055 1772 1107 1792 or-

128 1807 252 1843 dinata,
277 1807 374 1837 etiam
397 1810 532 1845 propter
554 1805 641 1836 hanc
665 1814 810 1845 causam,
835 1807 911 1846 quia
934 1811 1012 1836 sunt
1034 1816 1108 1847 gra-

127 1850 190 1881 dus
214 1848 359 1880 distincti
382 1846 566 1879 officiorum
589 1856 621 1880 et
635 1849 806 1879 donorum.
852 1848 1035 1890 Synagoga
1059 1848 1109 1879 lu—

127 1893 223 1924 daica
256 1891 315 1923 fuit
351 1891 536 1922 commixtio
569 1889 703 1933 politiae
737 1897 767 1922 et
790 1890 974 1923 Ecclesiae.
1042 1891 1109 1922 Sed

128 1945 213 1967 voce
235 1933 408 1966 Ecclesiae
437 1932 629 1975 intelligitur
658 1933 804 1976 populus
831 1934 1012 1975 spiritualis
1032 1934 1108 1965 novi

127 1977 341 2015 Testamenti,
364 1977 520 2018 quidquid
544 1977 641 2008 etiam
664 1978 706 2008 sit
729 1978 770 2009 de
794 1978 1001 2014 ceremoniis,
1024 1987 1110 2019 quae

110 2028 205 2058 ,sunt
229 2027 401 2052 externum
425 2019 592 2061 quiddam,
614 2020 670 2051 ubi
693 2030 759 2052 non
781 2031 924 2052 necesse
948 2026 999 2051 est
1031 2030 1109 2052 esse

127 2063 384 2101 similitudinem,
407 2063 439 2093 in
464 2061 587 2103 populo
611 2064 732 2095 veteris
755 2070 788 2095 et
806 2065 883 2095 novi
896 2063 1107 2095 Testamenti.

1042 277 1108 308 quo
1132 265 1136 313 ι

181 2229 244 2269 Ι)8
278 2228 545 2283 appellatione
579 2227 778 2270 Ecclesiae
811 2228 1056 2270 Catholicae.

129 2362 219 2404 quod
241 2361 470 2394 Universalae.
494 2361 565 2393 καθ’
589 2359 658 2392 ὅλου
680 2368 731 2393 est
753 2362 999 2402 universaliter,
1024 2365 1108 2407 unge:

132 2406 215 2437 mein.
261 2405 389 2447 Regem
402 2404 532 2437 Galliae
556 2405 763 2436 nominarunt
781 2404 1108 2439 christianissimum.

131 2446 202 2478 Sed
225 2457 267 2478 ne
289 2447 425 2480 inferior
448 2454 539 2480 esset
562 2457 620 2479 rex
644 2447 838 2490 Hispaniae,
874 2450 1057 2482 tribuerunt
1079 2451 1108 2482 ei

131 2499 252 2521 nomen
275 2489 448 2522 Catholici.

218 2531 287 2563 Cur
318 2534 448 2565 additur
482 2534 547 2565 hoc
580 2532 757 2575 Epitheton
789 2534 822 2565 in
851 2535 992 2568 articulo
1015 2535 1110 2578 Sym-

133 2572 212 2613 boli,
236 2581 272 2606 ut
294 2574 449 2608 Ecclesia
477 2575 663 2608 nominetur
692 2575 886 2611 Catholica?
952 2577 1038 2614 Quia
1059 2585 1111 2610 est

131 2623 250 2650 coetus
273 2619 394 2660 ubique
416 2624 578 2653 terrarum
599 2621 724 2661 passim
747 2620 941 2662 dispersus,
970 2620 1012 2652 Et
1034 2622 1111 2665 quia

217 2319 304 2355 Quid
339 2318 504 2362 significat
543 2299 773 2351 Catholicum}
816 2320 991 2363 Significat
1013 2321 1138 2500 idem,'

816 171 1033 205 Pos‘l‘tLLA
1055 171 1453 205 MELANTHONmNA.

1160 267 1305 297 membra
1328 265 1412 303 eius,
1435 265 1621 306 ubicunque
1643 272 1731 303 sunt,
1754 265 1964 306 quantumvis
1988 263 2136 295 locorum

1160 307 1347 340 intervallis
1369 308 1545 345 disiuncta,
1567 309 1599 338 in
1623 314 1759 339 externa
1788 314 1895 338 tamen
1928 305 2137 348 professione

1160 349 1404 392 amplectuntur
1437 360 1536 381 unam
1570 356 1603 381 et
1626 351 1763 381 eandem
1787 351 1937 382 omnibus
1961 350 2137 386 aetatibus,

1160 395 1202 425 ab
1226 393 1318 424 initio
1340 402 1447 434 usque
1468 393 1512 423 ad
1535 391 1644 430 finem,
1666 402 1765 423 verae
1789 393 1959 424 doctrinae
1988 401 2115 423 vocem.

1248 436 1435 476 Opponitur
1474 434 1539 466 hoc
1576 434 1751 476 Epitheton
1784 436 1972 466 nominatim
2006 433 2138 466 illorum

1161 479 1460 520 imaginationibus,
1483 479 1538 519 qui
1561 477 1747 509 Ecclesiam
1770 478 1846 508 novi
1869 477 2069 509 Testamenti
2092 477 2138 507 in-

1162 520 1299 553 cludunt
1323 521 1422 552 certis
1445 520 1549 558 locis,
1584 527 1617 551 ut
1647 519 1844 551 Donatistae
1868 521 2036 562 tingebant
2059 529 2138 551 suos

1162 572 1279 596 coetus
1302 570 1427 595 tantum
1451 573 1527 595 esse
1547 561 1744 600 Ecclesiam,
1769 563 1801 593 in
1814 561 1870 593 illo
1883 562 2005 605 angulo
2019 562 2138 604 Aphri-

1163 617 1233 644 cae,
1259 617 1320 638 ceu
1342 607 1415 638 unis
1440 612 1471 638 et
1493 606 1609 637 iisdem
1632 605 1813 647 parictibus
1837 612 1867 636 et
1898 607 2069 637 moenibus
2092 606 2139 636 in-

1163 649 1304 681 clusam.

1247 691 1376 723 Deinde
1410 691 1587 733 opponitur
1622 691 1706 722 haec
1741 701 1805 721 vox
1837 692 1938 721 sectis
1974 691 2137 728 omnibus,

1162 733 1279 766 alienis
1313 745 1333 766 a
1367 745 1447 765 vera
1480 733 1645 771 Ecclesia,
1679 734 1713 764 id
1747 741 1810 771 est,
1844 733 1997 765 Excludit
2025 743 2140 764 omnes

1162 777 1403 809 haereticorum
1439 776 1619 814 sactiones,
1650 776 1704 818 qui
1737 777 1910 807 discedunt
1939 786 1958 807 a
1990 776 2141 807 doctrina

1161 820 1396 861 prophetarum
1419 826 1452 851 et
1471 818 1729 860 Apostolorum,
1765 826 1795 850 et
1821 825 2036 860 corrumpunt
2059 819 2140 849 nati-

1162 873 1236 894 vam
1259 863 1456 894 sententiam
1478 863 1575 894 huius
1599 863 1781 899 doctrinae,
1805 872 1902 903 quam
1922 860 2075 893 Ecclesia
2087 871 2142 892 ve-

1163 916 1200 936 ra
1226 906 1370 937 omnium
1402 910 1585 947 temporum
1616 905 1770 946 professa
1805 911 1855 936 est
1887 905 1920 935 in
1954 902 2142 946 Symbolis:

1161 954 1196 980 ut
1220 947 1360 989 exempli
1396 958 1509 986 causa,
1543 947 1729 979 Manichaei
1764 948 1997 988 discerpebant
2020 947 2143 988 scripta

1161 990 1302 1025 Biblica‚
1327 992 1487 1033 quaedam
1512 991 1716 1028 retinebant,
1746 991 1908 1032 quaedam
1931 990 2141 1026 abiiciebant,

1161 1033 1327 1065 faciebant
1349 1044 1470 1065 novum
1493 1032 1722 1075 Evangelium.
1768 1032 1891 1065 Postea
1914 1031 2014 1064 multo
2038 1033 2143 1074 magis

1162 1077 1380 1108 discedebant
1405 1077 1437 1107 in
1461 1075 1572 1108 multis
1591 1075 1740 1108 articulis
1754 1087 1773 1107 a
1794 1077 1946 1108 doctrina
1968 1074 2144 1108 Ecclesiae

1162 1126 1253 1150 recte
1275 1120 1458 1150 sentientis.
1505 1120 1558 1151 Sic
1582 1120 1708 1156 Ariani,
1732 1119 2009 1156 Samosateniani‚
2033 1125 2065 1149 et
2087 1116 2143 1149 alii

1162 1163 1398 1204 quaesiverunt
1421 1164 1604 1194 sententias
1639 1169 1826 1204 pugnantes
1863 1173 1937 1193 cum
1961 1159 2143 1203 Sjmboli&

1162 1211 1193 1236 et
1218 1216 1292 1237 cum
1315 1206 1430 1242 verbo,
1454 1206 1543 1247 quod
1567 1205 1719 1246 amplexa
1743 1212 1793 1236 est
1824 1204 1980 1237 Ecclesia
2013 1214 2072 1245 per
2095 1210 2143 1234 to-

1161 1256 1230 1279 tum
1252 1249 1377 1279 orbem.

1247 1290 1371 1322 Nostro
1395 1297 1543 1332 tempore
1567 1290 1726 1322 Servetus
1751 1291 1954 1321 astutissime
1977 1290 2143 1331 excogita-

1162 1334 1207 1365 vit
1230 1334 1485 1374 depravationes
1509 1333 1641 1365 articuli
1665 1334 1707 1364 ‹le
1729 1343 1872 1374 persona
1896 1332 2036 1370 Christi,
2059 1342 2143 1373 quas

1161 1387 1235 1407 cum
1270 1376 1408 1418 legisset
1444 1376 1653 1408 Friedericus
1688 1375 1878 1418 MyconiuS,
1910 1376 2039 1407 memini
2070 1385 2144 1406 eum

1161 1418 1298 1450 multum
1321 1420 1470 1451 cruciari.
1517 1420 1585 1451 Sed
1605 1418 1811 1451 eluctabatur
1834 1419 1977 1456 tandem,
2000 1425 2031 1449 et
2045 1427 2144 1459 quae·

1161 1463 1254 1493 rebat
1278 1462 1466 1493 testimonia
1489 1463 1685 1502 scripturae,
1711 1469 1742 1492 et
1755 1472 1957 1493 consensum
1969 1460 2144 1492 Ecclesiae

1162 1505 1295 1542 veteris,
1314 1511 1406 1535 recte
1429 1505 1622 1543 sentientes,
1646 1505 1735 1546 quod
1759 1505 1845 1543 λόγος
1868 1505 1912 1535 sit
1934 1504 2143 1545 ὑφιστάμενον,

1162 1554 1194 1578 et
1217 1558 1284 1578 non
1307 1548 1444 1578 verbnm
1468 1557 1686 1579 evanescens·

1249 1592 1365 1622 Sectae
1388 1589 1618 1628 fanaticorum,
1641 1597 1674 1621 et
1696 1588 1860 1622 sactiones
1880 1590 2054 1621 damnatae
2077 1599 2144 1621 non

1163 1640 1239 1664 sunt
1261 1631 1417 1664 Ecclesia
1440 1632 1622 1665 Catholica.
1690 1631 1750 1664 Ille
1781 1640 1897 1664 coetus
1922 1640 1973 1664 est
1998 1631 2143 1664 Catholi-

1163 1685 1240 1713 8115,
1276 1676 1333 1716 qui
1356 1674 1563 1716 amplectitur
1586 1686 1793 1707 communem
1806 1685 2008 1707 consensum
2021 1676 2143 1707 doctri-

1161 1728 1223 1749 nae
1249 1717 1470 1758 propheticae
1505 1725 1537 1749 et
1572 1717 1799 1759 Apostolicae,
1833 1719 1923 1749 iuxta
1947 1719 2144 1749 sententiam

1163 1771 1262 1792 verae
1274 1759 1458 1792 Ecclesiae.
1504 1762 1559 1793 Sic
1583 1763 1616 1792 in
1639 1768 1754 1793 nostra
1774 1760 1987 1792 confessione
2010 1761 2143 1802 profite-

1162 1815 1233 1835 mur
1256 1813 1319 1834 nos
1342 1803 1495 1845 amplecti
1518 1811 1618 1836 totam
1642 1804 1825 1836 doctrinam
1844 1806 1936 1836 verbi
1970 1803 2053 1841 Dei,
2090 1803 2142 1836 cu]

1162 1846 1318 1878 Ecclesia
1341 1847 1396 1878 dat
1420 1847 1659 1883 testimonium,
1695 1854 1727 1879 et.
1758 1848 1889 1889 quidem
1912 1849 1943 1878 in
1967 1857 2006 1878 eo
2031 1858 2144 1885 sensu,

1163 1900 1260 1931 quem
1283 1891 1463 1921 ostendunt
1486 1889 1654 1932 Symbola.

1251 1933 1405 1972 Papistae
1439 1931 1526 1964 falso
1561 1944 1598 1964 se
1633 1934 1803 1964 nominant
1831 1932 2037 1971 catholicos,
2068 1934 2144 1975 quia

1162 1985 1228 2008 non
1262 1976 1404 2007 retinent
1442 1977 1624 2008 doctrinam
1658 1977 1882 2018 incorruptam
1907 1977 2019 2014 Verbi,
2055 1978 2144 2009 iuxta

1163 2028 1364 2050 consensum
1386 2019 1528 2061 purioris
1548 2018 1721 2051 Ecclesiae
1745 2020 1878 2051 veteris.
1947 2019 1988 2050 Et
2015 2020 2077 2061 ipsi
2097 2025 2144 2051 ta-

1162 2072 1237 2093 men
1260 2062 1383 2093 audent
1405 2068 1541 2093 nostras
1565 2062 1738 2094 Ecclesias
1774 2063 1943 2094 damnare.
2010 2063 2074 2094 Sed
2097 2063 2143 2094 in-

1161 2105 1246 2136 iuste
1280 2105 1451 2136 damnant:
1485 2104 1663 2137 Debebant
1696 2105 1788 2146 prius
1823 2106 2019 2143 ostendere,
2052 2105 2143 2148 quod

1161 2153 1277 2179 nostra
1301 2147 1451 2179 doctrina
1473 2155 1600 2191 pugnet
1613 2159 1687 2181 cum
1705 2148 1767 2180 Dei
1783 2150 1896 2187 verbo,
1920 2155 1952 2180 et
1971 2159 2043 2180 cum
2068 2158 2143 2180 con-

1160 2189 1308 2223 fessione
1332 2190 1504 2224 Ecclesiae
1527 2192 1754 2230 Orfflodoxae,
1778 2202 1862 2234 quae
1890 2190 1949 2223 fuit
1979 2198 2058 2224 ante
2080 2191 2142 2222 Pa-

1162 2241 1286 2276 patum.

1248 2276 1321 2320 Ego
1345 2277 1444 2309 habui
1463 2278 1626 2320 quendam
1649 2276 1801 2315 affinem,
1826 2278 1881 2319 qui
1905 2283 1975 2308 erat
1997 2277 2141 2319 paterfa-

1161 2319 1269 2351 milias
1303 2319 1401 2352 valde
1436 2321 1582 2362 sapiens,
1617 2321 1676 2352 sed
1706 2328 1779 2352 erat
1813 2321 1942 2362 iniquus
1965 2321 2142 2353 admodum

1161 2363 1332 2395 doctrinae
1354 2370 1544 2396 nostrarum
1567 2362 1799 2395 Ecclesiarum.
1866 2363 1897 2393 ls
1929 2364 2062 2395 dicebat
2084 2374 2143 2395 no-

1161 2415 1264 2438 stram
1287 2407 1472 2439 doctrinam
1496 2406 1687 2448 simpliciter
1711 2416 1857 2448 pugnare
1892 2416 1965 2437 cum
1989 2406 2041 2438 his
2065 2407 2140 2438 arti-

1162 2448 1245 2481 culis
1268 2449 1436 2492 Symboli:
1461 2450 1603 2482 Primum
1626 2456 1741 2480 contra
1775 2448 1962 2480 Ecclesiam
1996 2448 2141 2481 Catholi-

1162 2503 1246 2531 cam,
1270 2494 1347 2534 quia
1369 2493 1614 2525 detrahere-mus
1638 2491 1763 2534 aliquid
1785 2492 1826 2524 de
1848 2492 2007 2535 dignitate
2026 2492 2140 2525 Eccle-

1161 2536 1230 2567 siae
1254 2535 1433 2568 Romanae.
1479 2535 1645 2573 Secundo,
1691 2535 1818 2567 Contra
1839 2541 2030 2567 sanctorum
2053 2546 2140 2567 com-

1161 2579 1362 2618 munionem,
1397 2579 1473 2621 quia
1506 2578 1759 2620 prohiberemus
1793 2585 1985 2610 sanctorum
2007 2580 2140 2610 invoca·

1163 2621 1296 2654 tionem.
1363 2620 1486 2659 Tertio,
1521 2620 1645 2653 Contra
1670 2619 1845 2654 articulum
1868 2621 1911 2653 de
1944 2622 2140 2654 remissione
