2324 2958
116 182 179 215 401

119 285 222 318 saepe
254 280 332 306 sunt
364 269 521 304 visibilia:
553 275 591 302 ut
620 270 678 302 Sol
709 275 759 302 ece
790 271 936 302 conditus
970 280 990 302 a
1012 269 1094 302 Deo.

117 318 237 351 Nonne
258 322 311 349 est
333 324 414 347 vera
434 313 632 356 propositio,
665 318 698 344 et
720 318 772 344 est
795 312 945 344 credita?
982 311 1024 344 Et
1046 318 1095 344 ta-

118 372 195 394 men
216 360 311 393 vides
332 355 457 390 Solem.

205 403 252 434 lta
284 407 335 433 est
367 398 529 431 articulus
562 397 653 432 fidei,
687 398 777 439 quod
799 395 910 429 suun-a
933 398 975 429 sit
995 397 1103 436 huius-

115 432 232 480 {nundi
254 430 492 485 obnssagratio,
519 443 599 475 Item
628 441 719 483 quod
741 446 898 472 secutura
921 442 965 472 sit
985 450 1095 472 resur-

119 489 224 523 rectio
256 491 458 519 mortuorum
492 484 672 516 hominum.
737 483 791 514 An
824 483 833 514 i
860 484 924 516 itur
953 483 1096 515 mundus

119 534 192 576 ipse
212 536 265 563 est
284 526 486 561 invisibilis?
529 527 585 559 An
613 536 680 558 non
704 524 827 558 multos
862 527 1000 558 nomines
1024 536 1096 558 cer-

118 575 169 608 nis
201 574 235 605 in
267 571 332 603 hac
366 569 487 603 visibili
521 569 779 608 consuetudine,
814 579 900 611 quos
922 579 1041 602 rursus
1063 569 1096 600 in

117 614 357 660 glorificatione
379 613 554 646 Ecclesiae
576 611 653 645 laeti
677 622 852 645 cernemus
886 619 919 644 et
953 610 1097 653 comple-

116 657 264 691 etemur?

201 699 259 732 Sic
282 700 380 742 igitur
408 698 554 731 creditur
586 697 674 731 haec
707 699 909 739 propositio:
942 696 1097 730 Ecclesia

114 749 167 778 ost
188 740 331 785 populus
354 741 429 774 Deo
451 740 604 783 placens.
649 741 742 780 Item,
765 740 919 773 Ecclesia
943 746 995 773 est
1007 751 1097 772 man-

115 797 205 819 sura.
250 785 400 817 Videsne
422 783 609 817 Ecclesiam
633 794 709 816 esse
732 784 944 816 mansuram?
1009 783 1096 821 Non,

115 829 200 866 Quia
222 826 367 861 futurum
391 828 482 859 cerni
504 837 572 859 non
599 834 722 869 potest.
790 826 972 859 Credisne?
1037 828 1096 864 lta,

115 871 199 908 Quia
220 870 315 903 Deus
338 870 498 911 promisit,
523 880 561 903 se
573 880 705 912 semper
718 875 995 902 conservaturum
1017 878 1096 901 esse

114 913 258 957 aliquam
280 912 479 946 Ecclesiam.

198 957 307 989 Estne
329 954 489 988 articulus
512 955 600 995 fidei,
624 956 715 999 quod
747 961 846 998 putas
876 966 913 987 re
948 965 1025 987 cras
1048 955 1095 986 vi-

114 1000 265 1033 cturum?
309 999 371 1031 Est
393 1000 482 1031 bona
504 1000 627 1041 opinio.
693 998 740 1030 Es
764 997 977 1037 adolescens,
1000 1004 1033 1030 et
1057 1007 1094 1029 es

135 1043 281 1075 raeditus
303 1043 394 1074 bona
416 1041 616 1080 valetudine,
638 1042 715 1074 ldeo
730 1043 872 1084 cogitaS,
897 1042 994 1072 etiam
1018 1050 1094 1072 cras

111 1053 302 1118 {abiturum
324 1091 356 1117 te
379 1095 459 1117 esse
481 1086 593 1117 vitam.
638 1084 730 1116 Haec
754 1091 807 1116 est
830 1084 953 1126 opinio,
987 1090 1020 1115 et
1043 1089 1094 1115 est

113 1129 195 1161 satis
218 1130 317 1161 bona.
383 1128 452 1160 Sed
474 1138 541 1159 non
564 1134 616 1159 est
645 1126 740 1159 fides.
807 1126 971 1158 Credisne
1003 1125 1095 1158 illam

135 1172 390 1214 ropositionem:
424 1169 474 1202 Tu
507 1169 623 1212 places
656 1170 750 1208 Deo,
783 1169 834 1201 Tu
863 1170 1051 1202 exaudieris
1073 1180 1095 1201 a

112 1183 211 1247 Eeo?
254 1214 312 1246 lta.
358 1214 475 1255 Neque
498 1219 607 1245 tamen
629 1219 665 1245 tu
687 1219 866 1255 propterea
888 1222 925 1244 es
947 1213 1094 1244 invisibi-

113 1256 165 1289 lis.
208 1257 328 1289 Nonne
350 1256 470 1288 Petrus
494 1256 627 1288 videbat
655 1254 846 1288 Christum?
891 1257 947 1288 Ita.
994 1255 1094 1287 Vide·

113 1301 169 1332 bat
192 1310 305 1332 coram
328 1305 521 1332 aestantem.
545 1300 612 1331 Sed
635 1298 725 1330 illam
737 1299 1000 1341 propositionem
1024 1309 1095 1330 cre-

111 1343 223 1381 debat,
247 1353 322 1375 cum
344 1343 469 1375 diceret
492 1343 534 1374 de
557 1341 710 1374 Christo:
749 1343 791 1373 Tit
814 1352 850 1374 es
876 1342 1034 1381 ίῚι-νιζςτιιε,
1056 1343 1094 1380 fi-

112 1388 175 1418 lius
198 1387 262 1417 Dei
282 1389 424 1417 rit-entis.

199 1428 257 1460 Sic
279 1427 381 1460 multa
404 1427 554 1458 subiecta
577 1426 791 1458 articulorum
810 1426 888 1458 fidei
917 1433 993 1457 sunt
1017 1426 1095 1458 visi-

111 1469 203 1507 bilia,
227 1471 356 1502 etiamsi
379 1469 624 1511 propositiones
646 1469 740 1511 ipsae
762 1479 829 1501 non
841 1474 981 1510 possunt
1004 1470 1095 1501 cerni

112 1512 230 1551 oculis,
253 1513 313 1545 sed
336 1512 629 1554 apprehenduntur
664 1512 738 1544 fide.
806 1511 1023 1554 Complexum
1047 1512 1094 1551 (id

112 1562 175 1594 est,
210 1556 295 1587 haec
318 1555 517 1596 propositio:
552 1554 649 1590 Quod
673 1564 804 1596 semper
832 1555 865 1586 in
890 1565 1013 1597 genere
1036 1555 1094 1586 hu-

110 1608 208 1630 mano
231 1599 274 1628 sit
296 1605 329 1629 et
352 1603 506 1628 servetur
528 1596 699 1635 Ecclesia)
733 1603 785 1629 est
819 1596 980 1629 articulus
1005 1598 1094 1636 fidei,

110 1651 174 1673 nec
196 1646 307 1682 potest
331 1639 565 1681 comprehendi
589 1638 707 1677 oculis,
733 1640 792 1671 sed
808 1640 907 1672 debet
920 1641 1010 1672 credi
1032 1650 1093 1672 seu

108 1683 175 1715 fide
198 1681 412 1725 apprehendi.
457 1682 649 1714 Subiectum
673 1692 752 1714 vero
776 1683 873 1714 huius
891 1684 1093 1724 propositio-

108 1727 162 1758 nis
185 1727 231 1765 (id
256 1732 319 1764 est,
341 1724 506 1764 Ecclesia,
530 1736 595 1767 qua
618 1735 702 1757 voce
730 1725 962 1769 significantur
989 1726 1093 1758 homi-

109 1779 171 1801 nes
194 1769 436 1811 amplectentes
458 1767 693 1810 Evangelium)
717 1770 857 1810 agnosci
885 1774 997 1809 potest
1020 1779 1093 1800 cer·
1118 1794 1119 1797 ,

108 1813 151 1844 tis
174 1813 275 1850 notis,
300 1813 545 1843 incurrentibus
565 1813 598 1843 in
621 1822 755 1849 sensus,
778 1812 897 1853 partim
910 1810 1094 1851 oculorum,
1118 1842 1119 1846 ,

109 1856 228 1898 partim
242 1856 385 1887 aurium:
410 1855 495 1886 sicut
507 1855 645 1886 dicitur:
668 1857 707 1887 In
730 1865 855 1887 onmem
877 1860 1001 1887 terram
1024 1859 1092 1887 ατί·

108 1902 155 1931 vit
173 1909 272 1931 sonus
295 1908 416 1930 eorum.

108 1989 142 2017 et
167 1986 355 2016 hominibus.
423 1983 563 2024 Oportet
597 1982 785 2015 Ecclesiam
816 1994 895 2015 esse
926 1984 1090 2016 visibilem

109 2034 259 2065 coetum,
293 2027 483 2059 distinctum
507 2027 607 2057 certis
630 2027 734 2068 signis
758 2038 778 2058 a
801 2026 928 2068 reliqua
950 2026 1091 2059 multitu—

108 2070 194 2108 dine,
219 2081 278 2101 seu
302 2069 446 2102 colluvie
470 2070 605 2111 generis
627 2068 778 2108 humani,
814 2080 900 2112 quae
923 2076 974 2102 est
997 2078 1091 2102 extra

108 2111 304 2145 Eccle.‚iam.
348 2113 424 2144 Non
447 2117 499 2143 est
522 2111 676 2144 Ecclesia
697 2112 820 2155 aliquid
833 2113 1089 2154 phantasticum,
1115 2114 1117 2153 j

107 2155 215 2188 simile
244 2155 427 2188 Platonicis
461 2154 568 2193 ldeis,
601 2156 689 2197 quod
711 2166 775 2188 nec
799 2157 903 2188 audiri
926 2166 988 2189 nec
1012 2166 1090 2188 con-

107 2199 191 2241 spici
211 2200 332 2241 possit.

366 2364 429 2403 De
462 2364 583 2417 signis
616 2363 826 2405 Ecclesiae.

195 2453 291 2490 Quae
324 2461 401 2486 sunt
434 2454 551 2496 Signa,
584 2463 645 2485 seu
667 2454 776 2486 Notae
797 2454 996 2488 Ecclesiae?
1039 2457 1086 2489 Si—

107 2505 185 2538 gna,
208 2507 249 2528 ex
268 2498 387 2539 quibus
409 2498 605 2540 agnoscitur
617 2495 781 2536 Ecclesia,
804 2505 896 2530 sunt:
920 2501 1087 2539 Profe-saio

106 2549 203 2571 verae
223 2541 408 2573 doctrinae:
441 2545 474 2572 et
497 2542 578 2573 Usus
600 2543 759 2580 leyite'mus
784 2542 1087 2575 Soa-ramentorum:

107 2587 141 2614 et
164 2583 354 2615 Obediencta
375 2593 455 2623 crya
476 2587 698 2615 ministerium.
745 2585 779 2616 In
801 2583 854 2615 his
877 2586 983 2617 tribus
1007 2596 1086 2618 con·

106 2625 196 2657 sistit
217 2626 316 2658 etiam
337 2627 447 2658 unitas
470 2636 573 2659 verae
584 2625 771 2667 Ecclesiae,
793 2628 933 2669 primum
952 2629 984 2660 in
1009 2639 1085 2661 con—

260 2685 405 2705 mann-i.
422 2686 496 2705 ΟΡΕΚ
519 2686 581 2707 V01..
599 2686 675 2705 XXIV.

799 174 1016 209 PosmLA
1044 173 1441 207 MELANTHONJANA.

462 1898 499 1929 Si
520 1908 583 1929 non
605 1900 746 1929 audierit
767 1903 808 1935 te,
844 1899 896 1930 dic
919 1900 1090 1930 Ecclesiae.
1116 1913 1119 1936 3

109 1943 226 1974 Sumus
248 1943 416 1981 theatrum,
439 1940 471 1971 id
495 1946 556 1981 est,
578 1944 794 1981 spectaculum
816 1943 945 1979 mundo,
969 1944 1092 1980 anqelis
1117 1961 1119 1965 ι

2059 177 2122 209 402

1145 278 1248 300 sensu
1283 268 1465 307 doctrinae,
1499 269 1647 300 secundo
1680 271 1713 301 in
1742 279 1806 302 usu
1833 263 2123 303 sacramentorum

1147 317 1351 353 congruente
1384 312 1427 343 ad
1454 311 1692 344 institutionem
1714 313 1870 351 divinam,
1894 314 1990 345 tertio
2012 314 2046 345 in
2068 324 2119 347 re-

1145 355 1292 387 verentia
1315 364 1396 396 erga
1418 354 1644 386 ministerium.

1233 397 1373 433 Quando
1395 397 1446 428 vis
1468 397 1613 429 iudicare
1637 397 1677 429 de
1699 404 1731 430 te
1742 405 1775 430 et
1787 397 1877 430 aliis:
1899 398 2013 431 Ansis
2025 409 2124 432 mem-

1147 442 1240 473 brum
1263 438 1451 478 Ecclesiae,
1475 450 1518 471 an
1541 440 1588 470 sis
1611 439 1839 480 Christianus,
1873 443 1983 484 cogita
2007 443 2049 474 de
2069 442 2122 474 his

1148 484 1265 526 signiS.
1308 482 1400 515 Esne
1423 482 1653 515 Christianus?
1703 483 1792 515 Sum.
1859 484 2035 520 Quomodo
2057 484 2123 517 hoc

1149 525 1320 558 ostendis?
1343 526 1477 561 Quaero
1499 526 1563 557 iam
1586 526 1627 557 de
1649 526 1766 566 signis.
1797 526 1880 562 Quia
1905 528 2005 559 credo
2028 528 2122 570 Sym-

1149 569 1274 607 bolum,
1297 575 1330 600 et
1346 575 1423 601 utor
1445 568 1682 607 Sacramentis,
1704 579 1778 601 sum
1793 570 1991 611 baptizatus,
2014 576 2046 602 et
2063 571 2119 603 ob-

1150 613 1224 644 edio
1247 612 1440 644 ministerio.

1236 654 1272 686 Si
1295 664 1390 686 esses
1414 659 1532 696 captus
1554 655 1639 685 inter
1661 653 1801 693 Tureas,
1826 660 1859 686 et
1882 655 2043 687 retineres
2066 656 2123 688 do-

1150 698 1288 730 ctrinam
1310 696 1485 739 Evangelii
1507 695 1781 738 comprehensam
1808 697 1842 729 in
1865 696 2037 739 Symbolo,
2059 708 2126 730 ma-

1148 750 1246 772 neres
1269 739 1490 772 Christianus.
1557 739 1692 772 Contra·
1744 739 1869 771 Tamen
1892 742 1976 772 inter
1998 740 2126 773 Turcas

1148 793 1215 814 non
1238 792 1361 824 posses
1393 783 1440 815 uti
1472 783 1714 821 sacramentis,
1747 783 1777 814 si
1798 793 1865 815 non
1888 784 2072 815 versareris
2094 784 2126 815 in

1149 832 1246 858 coetu
1268 825 1409 867 plurium
1433 825 1707 857 Christianorum.
1752 825 1853 865 ltem,
1872 825 2045 862 Quomodo
2068 837 2126 868 po-

1148 875 1198 902 tes
1222 870 1267 900 ibi
1288 875 1460 910 praestare
1484 869 1703 900 obedientiam
1714 869 1907 907 ministerio,
1929 870 1986 901 ubi
2002 868 2128 902 nullum

1148 919 1201 944 est
1223 912 1438 944 ministerium
1459 911 1652 953 publicum?

1121 969 1124 996 5
1234 955 1446 996 Respondeo.
1515 954 1616 986 Potes
1648 954 1773 986 habere
1806 954 2009 987 voluntatem
2031 965 2127 997 prae-

1148 999 1290 1029 standae
1312 998 1530 1029 obedientiae.
1586 997 1704 1029 Manes
1728 998 1926 1029 coniunctus
1950 1008 2024 1029 cum
2046 1008 2127 1030 vera

1147 1039 1311 1079 Ecclesia,
1333 1040 1410 1078 fide,
1435 1039 1661 1078 consessione,
1683 1040 1893 1072 invocatione
1915 1040 1998 1079 Dei,
2019 1040 2128 1072 habes

1147 1084 1289 1115 studium
1313 1083 1499 1115 servandae
1522 1083 1764 1115 coniunctionis
1788 1094 1863 1115 cum
1885 1082 2050 1115 Ecclesia.
2073 1083 2126 1115 De

1147 1126 1370 1158 Sacramentis
1404 1132 1513 1158 autem
1547 1126 1719 1157 sciendum
1742 1132 1811 1165 est,
1844 1126 1933 1168 quod
1957 1126 2128 1167 dispensa·

1147 1170 1226 1200 tioni
1249 1168 1347 1201 locus
1371 1169 1425 1206 sit,
1449 1179 1524 1200 cum
1546 1168 1661 1200 haberi
1684 1179 1752 1200 non
1773 1175 1926 1211 possunt.
1970 1168 2129 1211 Papistae

1119 1231 1123 1268 Ι
1147 1213 1314 1244 deducunt
1336 1212 1489 1243 homines
1513 1212 1556 1243 ad
1577 1210 1644 1243 alia
1666 1212 1774 1254 signa,
1798 1210 1955 1244 videlicet
1978 1212 2021 1243 ad
2044 1211 2127 1253 poli-

1119 1270 1123 1295 ρ
1146 1256 1226 1287 tiam
1249 1254 1392 1286 humana
1414 1255 1590 1287 autoritate
1613 1256 1836 1287 constitutam.
1881 1253 2005 1286 Dicunt
2032 1256 2128 1296 signa

1147 1308 1224 1330 esse
1246 1297 1439 1336 Ecclesiae,
1465 1297 1615 1329 ordinem
1637 1307 1698 1329 seu
1720 1298 1972 1330 successionem
1996 1298 2126 1330 ordina-

1147 1343 1229 1372 riam
1247 1340 1502 1382 Episcopcmm,
1525 1341 1703 1372 Primatum
1725 1340 1864 1372 Romani
1877 1340 2060 1379 pontificis,
2084 1342 2127 1373 si-

1147 1383 1362 1416 militudinem
1383 1385 1516 1421 rituum,
1539 1384 1595 1425 qui
1613 1390 1690 1414 sunt
1712 1385 1755 1415 ab
1777 1383 1954 1425 Episcopis
1977 1384 2127 1415 instituti.

1148 1426 1218 1458 Sed
1242 1428 1417 1458 successio
1439 1426 1681 1467 Episcoporum
1704 1425 1784 1458 nihil
1808 1434 1870 1465 est,
1905 1427 1967 1457 nizi
1991 1436 2127 1458 conser-

1147 1475 1244 1501 vetur
1277 1470 1429 1502 doctrina,
1461 1468 1712 1510 Apostolorum.
1777 1469 1819 1500 Et
1843 1470 1914 1501 iure
1942 1469 2053 1501 divino
2077 1476 2129 1501 est

1146 1510 1329 1553 aequalitas
1362 1513 1543 1543 ministerii.
1610 1512 1680 1543 Nec
1714 1518 1846 1553 oportet
1868 1522 1968 1544 unum
1991 1510 2126 1553 aliquod

1147 1565 1227 1587 csse
1249 1554 1380 1587 visibile
1401 1561 1500 1596 caput
1522 1554 1707 1587 Ecclesiae.

1233 1598 1275 1630 Et
1298 1599 1375 1639 quia
1396 1597 1608 1629 manifestum
1632 1603 1695 1635 est,
1720 1596 1903 1628 Romanum
1917 1597 2124 1636 Pontificem,

1147 1647 1179 1672 et
1212 1651 1331 1683 agmen
1364 1640 1604 1682 Episcoporum
1638 1641 1701 1681 ipsi
1731 1640 1923 1671 adiunctum
1946 1640 2127 1672 defendere

1145 1683 1246 1721 idola,
1270 1690 1303 1715 et
1324 1684 1480 1715 iniustam
1502 1682 1730 1714 crudelitatem
1760 1692 1917 1714 exercere
1947 1684 1989 1713 ad
2014 1682 2125 1715 delen-

1146 1727 1221 1758 dam
1254 1737 1367 1758 veram
1399 1727 1594 1764 doctrinam,
1627 1735 1769 1757 necesse
1792 1731 1843 1757 est
1865 1726 1907 1756 ab
1928 1726 1977 1757 eis
2001 1726 2128 1757 dissen-

1147 1770 1221 1801 tire:
1246 1770 1332 1801 siout
1353 1779 1496 1801 necesse
1519 1767 1578 1800 fuit
1603 1768 1810 1800 Christianos
1825 1768 2001 1801 dissentire
2025 1775 2056 1800 et
2080 1769 2127 1800 di-

1145 1813 1285 1844 scedere
1308 1823 1328 1843 a
1350 1813 1483 1844 ludaico
1507 1811 1679 1850 Pontifice‚
1703 1818 1735 1843 et
1767 1812 2000 1843 sacerdotibus
2030 1811 2128 1842 Levi-

1117 1860 1119 1895 1
1144 1856 1230 1893 ticis,
1254 1865 1328 1886 cum
1351 1861 1459 1887 tamen
1483 1861 1663 1893 constaret,
1688 1855 1912 1887 sacerdotium
1942 1853 2022 1886 illud
2046 1855 2126 1886 divi—

1143 1900 1230 1930 nitus
1254 1899 1436 1930 institutum
1459 1897 1576 1931 fuisse.

1229 1941 1306 1973 Non
1330 1948 1381 1973 est
1403 1942 1502 1973 etiam
1515 1941 1707 1972 necessaria
1725 1939 1902 1971 similitudo
1926 1941 2046 1972 rituum
2068 1941 2127 1972 hu—

1116 1985 1118 2006 t
1142 1995 1314 2016 manorum
1336 1985 1371 2016 in
1392 1994 1473 2016 vera
1495 1983 1659 2022 Ecclesia,
1683 1983 1769 2019 Quia
1787 1984 1950 2024 scriptum
1975 1989 2042 2014 est:
2065 1985 2126 2015 Re-

1116 2042 1117 2056 1
1139 2038 1237 2067 quum
1260 2030 1323 2059 Dec·
1344 2038 1408 2059 non
1431 2033 1481 2060 esc
1500 2037 1575 2060 esea
1597 2032 1631 2059 ec
1647 2031 1753 2067 potus.
1821 2027 1922 2064 Item,
1950 2028 2050 2058 Nemo
2072 2036 2126 2059 voe

1115 2071 1117 2112 j
1141 2076 1261 2111 aeyuat
1280 2074 1313 2102 in
1335 2073 1413 2111 cibo,
1432 2076 1520 2111 potu,
1543 2072 1661 2102 tlemus
1683 2071 1808 2101 (lterum
1830 2072 2001 2109 festorum.

1229 2113 1322 2145 Haec
1356 2120 1490 2155 oportet
1523 2113 1746 2151 considerari,
1780 2119 1815 2144 ut
1841 2114 1986 2144 sciamus
2010 2110 2125 2143 Eccle-

1114 2156 1117 2194 Ι
1141 2158 1236 2196 siam,
1260 2167 1447 2198 quanquam
1471 2164 1521 2188 est
1546 2155 1685 2187 visibilis
1709 2162 1838 2193 coetus,
1858 2162 1965 2186 tamen
1985 2155 2125 2185 dissimi-

1114 2197 1117 2208 “
1140 2198 1206 2231 lem
1240 2209 1317 2231 esse
1351 2200 1562 2241 imperiorum
1585 2197 1807 2240 politicorum,
1842 2205 1874 2229 et
1899 2198 1991 2239 regni
2015 2196 2125 2228 Ponu-

1114 2229 1117 2254 Ι
1140 2243 1218 2274 ficii.
1263 2241 1461 2285 Plerumque
1482 2253 1563 2274 vera
1585 2240 1738 2273 Ecclesia
1763 2248 1812 2272 est
1837 2241 1992 2272 destituta
2013 2239 2125 2271 huma·

1140 2287 1193 2317 nis
1221 2286 1409 2327 praesidiis:
1445 2295 1546 2327 saepe
1581 2286 1678 2316 etiam
1709 2285 1910 2315 obscuratur
1943 2282 2125 2325 splendore

1139 2327 1421 2361 idololatricorum
1455 2339 1646 2371 regnorum,
1679 2337 1781 2367 saepe
1815 2327 1993 2367 tyrannide
2016 2326 2124 2368 oppri-

1139 2373 1248 2404 mitur.
1924 2400 1928 2404 .

1226 2413 1336 2457 Magis
1359 2415 1495 2446 incurrit
1518 2415 1550 2446 in
1569 2412 1686 2445 oculos
1710 2418 1827 2444 coetus
1847 2410 1903 2443 ille
1916 2411 2122 2449 Pontificius,

1140 2459 1193 2499 qui
1228 2457 1329 2489 habet
1372 2458 1576 2499 potentiam,
1611 2456 1709 2486 habet
1744 2455 1877 2486 divitias
1892 2478 1901 2493 ‚
1935 2454 2037 2486 habet
2059 2455 2123 2485 sibi

1139 2501 1314 2532 adiunctos
1336 2511 1446 2543 regeS,
1470 2502 1533 2531 imo
1558 2499 1745 2530 dominatur
1768 2498 1917 2541 regibus.
1964 2496 2031 2528 Sed
2056 2507 2123 2528 non

1138 2550 1274 2586 propter
1307 2543 1396 2575 illam
1429 2542 1624 2584 potentiam,
1659 2551 1726 2572 non
1760 2547 1898 2582 propter
1932 2550 2014 2581 opes
2049 2538 2123 2572 illas

1139 2587 1296 2628 competit
1325 2588 1354 2618 ei
1388 2596 1507 2618 nomen
1540 2583 1725 2615 Ecclesiae.
1794 2583 1906 2615 Credo
1932 2590 1964 2614 et
1987 2592 2065 2614 esse
2090 2588 2123 2614 et

1138 2627 1243 2662 fuisse
1265 2629 1396 2671 aliquos
1419 2634 1557 2661 sanctos
1568 2627 1767 2669 Episcopus,
1789 2628 1845 2668 qui
1860 2633 1950 2658 recte
1962 2626 2121 2663 sentiunt,
