2324 2958
215 192 280 224 275

215 285 322 328 potuit
343 284 386 315 ab
415 291 482 314 uno
509 281 654 323 portari,
684 281 762 322 quia
789 279 971 312 communis
1002 288 1102 316 urna,
1133 286 1194 308 seu

216 326 378 369 amphora
398 330 519 367 aequat
541 323 690 366 pondere
719 323 942 355 centenarium
971 331 1070 353 unum
1093 325 1125 352 et
1147 319 1193 351 di-

215 371 360 403 midium.
404 367 551 399 Minores
574 373 684 398 autem
706 367 844 409 hydriae
871 370 1048 406 potuerunt
1076 371 1194 403 capere

216 413 420 455 amphoram.
465 409 613 441 Maiores
636 408 953 451 sesquiamphoram.
1172 447 1179 455 ⁸

302 455 445 487 Additur
467 453 564 484 etiam
587 453 675 494 apud
697 450 966 494 Evangelistam,
995 449 1085 490 quod
1107 457 1194 488 posi-

217 505 270 531 tae
297 496 418 530 suerint
446 495 586 538 hydriae
609 496 693 527 istae
722 495 903 527 secundum
934 491 1194 533 purificationem

216 542 430 578 ludaeorum,
447 540 481 570 id
504 544 575 577 est,
597 539 779 570 seeundum
803 535 1071 568 consuetudinem
1094 531 1196 571 illam,

217 595 282 627 qua
305 583 413 616 ludaei
437 582 565 614 crebris
588 580 769 613 lotionibus
792 577 1015 614 utisolebant,
1040 576 1196 618 quemad-

217 628 350 659 modum
375 625 480 657 Marci
504 625 535 655 7.
560 625 727 656 scribitur.
772 623 848 654 Non
871 627 922 652 est
951 620 1052 661 igitur
1079 620 1196 650 absur-

217 671 293 702 dum
328 669 457 706 dicere,
492 666 648 709 aequales
682 666 786 698 tuisse
810 665 939 706 positos
970 663 1001 694 in
1030 660 1196 694 vestibulo

217 713 366 750 aedium,
390 717 425 743 ut
447 711 671 752 ingredientes
695 719 771 740 sese
793 706 976 738 abluerent.

279 754 460 796 ⁸Christus
498 753 648 784 ibi-tussis
684 750 743 783 suit
779 755 944 792 cognatus
978 758 1106 789 sponso
1141 746 1196 779 vel

216 807 381 841 sponsae,
405 797 490 832 Quia
513 796 616 827 Maria
640 793 836 826 describitur
858 793 931 830 hic,
954 797 1108 833 tanquam
1130 801 1197 822 una

218 852 260 874 ex
283 841 570 883 gubernanicibus
594 839 641 869 rei
667 835 844 869 culinariae
867 834 922 866 vel
944 836 1095 876 penoris,
1118 834 1196 865 Ideo

218 885 328 917 decuit
341 882 508 915 Christum
532 882 611 912 dare
634 881 778 919 γαμήλιον
798 877 1017 911 excellentius
1031 888 1129 920 quam
1142 876 1196 907 alii

216 928 388 959 dederunt.

304 970 468 1005 Quantum
493 966 652 1008 pecuniae
681 963 823 996 solw‘tur
851 963 1074 997 mediocribus
1101 963 1197 995 annis

217 1023 278 1056 pro
302 1022 366 1044 una
391 1009 551 1051 amphora
574 1009 639 1040 vini
663 1008 763 1040 boni?

303 1054 513 1095 Respondeo.
559 1051 658 1093 Apud
682 1062 744 1083 nos
768 1051 878 1082 vinum
902 1056 955 1082 est
977 1050 1099 1088 carius,
1122 1049 1199 1091 quia

217 1099 272 1131 hic
293 1108 359 1129 non
384 1096 540 1133 nascitur,
563 1100 595 1125 et
617 1093 754 1126 multum
768 1094 964 1136 impenditur
977 1099 1198 1135 provectura.

218 1141 286 1173 Sed
309 1141 364 1172 ubi
388 1143 589 1176 nascuntur,
625 1144 735 1178 potest
758 1136 918 1179 amphora
945 1137 1023 1168 boni
1050 1136 1136 1173 vini,
1166 1135 1199 1166 id

218 1190 288 1222 est,
317 1184 360 1215 cin
385 1182 490 1218 Gruter
521 1183 587 1213 obet
622 1182 704 1218 balbe
727 1181 825 1217 Dbme
854 1180 1039 1221 comparari
1068 1179 1199 1210 duobus

218 1233 275 1259 aut
298 1227 404 1257 tribus
428 1224 574 1255 ssorenis.
621 1223 737 1266 ltaque
759 1224 788 1254 si
819 1232 973 1254 numeres
998 1221 1115 1253 saltem
1139 1231 1199 1252 sex

217 1269 406 1310 ainpliorzts,
429 1273 541 1298 tamen
565 1265 625 1298 suit
638 1276 756 1298 munus
773 1267 957 1309 egregium,
981 1271 1013 1297 et
1037 1264 1096 1296 fuit
1111 1265 1200 1296 haud

218 1313 316 1344 dubie
345 1312 454 1342 vinum
489 1310 783 1352 generosissimum
818 1308 934 1341 melius
968 1309 1108 1347 usitato,
1139 1319 1200 1340 seu

218 1355 323 1398 patrio
347 1354 442 1390 vino,
464 1363 657 1395 quanquam
679 1352 803 1395 alioqui
827 1353 924 1384 etiam
953 1354 1064 1384 vinum
1092 1352 1124 1383 in
1148 1351 1198 1383 lu-

219 1400 302 1430 daea
326 1402 357 1429 et
381 1395 562 1428 Phoenicia
585 1395 646 1428 suit
668 1395 767 1427 valde
789 1405 1009 1438 generosum,
1033 1401 1066 1427 et
1089 1395 1199 1427 adhuc

217 1441 315 1472 hodie
337 1439 478 1471 habetur
500 1440 585 1470 inter
607 1438 836 1471 laudatissima
859 1439 946 1470 vina.

301 1481 350 1514 llli
373 1483 453 1514 novi
475 1483 591 1524 sponsi
613 1488 792 1524 potuerunt
814 1491 989 1514 reservare
1011 1480 1135 1523 aliquid
1158 1491 1200 1512 ex

216 1533 309 1558 tanto
339 1535 476 1557 munere
507 1526 549 1556 ad
580 1526 806 1557 oeconomiam
836 1525 1079 1557 instituendam.
1124 1523 1200 1555 Non

217 1571 303 1602 enim
327 1578 424 1601 omne
438 1568 634 1600 exhaustum
659 1567 719 1600 suit
738 1569 770 1599 in
790 1569 942 1600 convivio
956 1566 1103 1609 nuptiali.
1127 1567 1200 1598 Nos

218 1612 374 1645 Germani
397 1611 628 1652 profundimus
653 1612 741 1643 dona
759 1611 835 1650 Dei,
859 1617 892 1643 et
916 1609 1098 1643 bestialiter
1120 1609 1199 1642 hau-

216 1657 317 1688 rimus
347 1655 442 1687 vina.
481 1655 542 1686 etsi
573 1655 701 1687 bestiae
729 1666 796 1686 non
826 1655 941 1686 bibunt
970 1653 1065 1695 plus,
1103 1663 1200 1695 quam

215 1706 354 1730 naturae
385 1699 550 1729 convenit.
603 1697 716 1741 Vulgo
745 1699 877 1730 dicitur:
932 1697 1044 1727 Plures
1070 1701 1200 1737 pereunt

215 1742 300 1782 qula,
319 1752 408 1781 quam
430 1741 553 1779 ylmlio.

303 1783 397 1816 Deus
422 1784 508 1814 dedit
534 1784 644 1815 vinum
667 1783 785 1815 Nohae
813 1784 876 1815 iam
900 1784 988 1822 seni,
1018 1789 1053 1815 ut
1081 1788 1200 1815 natura

851 184 964 218 PmL.
986 183 1091 217 Mm..
1110 182 1300 216 SCRIPTA
1321 180 1588 214 EXEGEthA.

2159 181 2226 214 2¹16

1245 276 1424 307 nitentiam.
1459 274 1581 307 Vinum
1603 274 1696 307 Evan
1724 273 1778 307 elii
1800 280 1853 307 est
1875 273 2006 307 dulcius
2028 275 2106 308 vino
2127 274 2226 319 legis.

1245 319 1326 350 ltem
1354 323 1432 360 post
1450 317 1633 351 Mosaicam
1659 329 1703 359 po
1719 319 1807 350 itiam
1837 317 1936 350 datur
1964 316 2085 351 melius
2113 319 2227 352 vinum

1245 359 1429 403 Evangelii.

1333 404 1421 440 Quid
1443 403 1610 446 significat
1631 403 1842 435 Triclinium‘3

1331 446 1546 489 Respondeo.
1591 446 1762 489 Significat
1789 452 1984 488 utrumque,
2011 446 2138 479 Locum
2165 456 2228 480 seu

1247 489 1427 528 conclave,
1455 491 1489 522 in
1517 500 1584 532 quo
1615 496 1688 522 erat
1714 499 1846 521 mensa:
1882 495 1916 521 et
1938 499 2087 521 mensam
2110 489 2229 531 ipsam,

1247 534 1337 566 circa
1358 543 1457 575 quam
1481 539 1574 565 erant
1598 540 1666 565 tres
1690 531 1850 570 lecticae,
1872 541 1933 563 seu
1955 542 2101 564 scamna.

1332 576 1462 608 Nomen
1484 575 1631 608 Triclinii
1655 582 1724 613 est,
1759 576 1855 617 quasi
1885 575 1979 607 dicas
2008 579 2088 617 τρεῖς
2120 578 2228 615 κλίναι,

1246 626 1315 651 tres
1338 618 1428 651 lecti.
1465 618 1609 651 Veteres
1632 629 1698 650 non
1722 618 1921 650 assederunt
1944 618 1986 650 ad
2009 628 2172 656 mensam,
2193 624 2230 651 ut

1247 673 1309 694 nos
1333 668 1445 694 erecto
1469 672 1622 703 corpore,
1647 662 1708 693 sed
1721 662 1958 693 discubuerunt
1981 662 2102 703 quietis
2116 671 2229 694 causa.

1334 705 1476 741 Quando
1504 705 1611 737 Maria
1641 703 1842 748 Magdalena
1871 705 2017 736 accessit
2049 704 2092 736 ad
2121 705 2226 746 pedes

1248 747 1392 786 Christi,
1415 758 1482 779 non
1505 747 1685 780 occultavit
1714 758 1752 779 se
1783 748 1845 779 sub
1874 757 2008 786 mensa,
2036 748 2098 779 sed
2126 747 2231 779 astitit

1247 793 1290 823 ad
1313 791 1454 831 lectum,
1483 791 1517 822 in
1545 801 1610 833 quo
1641 791 1796 823 Christus
1825 791 1997 828 accubuit,
2027 791 2168 832 pedibus
2195 790 2230 822 in

1247 833 1371 866 lectulo
1410 833 1596 865 collocatis.
1656 833 1795 865 Mensae
1837 839 2015 874 potuerunt
2053 833 2230 873 removeri,

1248 888 1334 920 quae
1357 877 1566 909 nominantur
1583 879 1737 918 τραπέζαι,
1761 877 1847 909 unde
1871 883 1922 908 est
1941 877 2029 918 apud
2041 874 2230 920 Virgilium:

1249 945 1427 987 Postquam
1450 945 1554 986 epulis
1565 949 1712 986 exempta
1735 943 1844 985 fames
1867 955 2055 987 mensaeque
2075 949 2229 978 remotae.

1334 1006 1403 1038 Sed
1425 1004 1616 1037 Triclinium
1639 1004 1730 1037 aliud
1757 1005 1837 1044 fuit,
1867 1005 1998 1038 scilicet
2024 1004 2140 1038 lectuli
2170 1015 2229 1048 po-

1249 1050 1302 1081 siti
1326 1050 1368 1080 ad
1398 1047 1579 1091 quamlibet
1601 1058 1769 1087 mensam,
1806 1058 1847 1080 ac
1872 1047 2057 1091 plerunque
2085 1055 2155 1081 tres
2184 1047 2231 1081 lt.»

1250 1091 1330 1125 ctuli
1353 1093 1563 1133 ponebantur
1585 1092 1628 1123 ad
1651 1102 1749 1123 unam
1768 1101 1934 1130 mensam,
1966 1093 2044 1134 quia
2065 1098 2135 1125 tres
2153 1102 2232 1134 pos—

1249 1142 1326 1168 sunt
1349 1134 1507 1176 colloqui,
1531 1141 1563 1166 et
1576 1145 1748 1166 sermones
1770 1135 1856 1166 inter
1878 1145 1917 1166 se
1932 1142 2132 1176 permutare.
2155 1135 2232 1168 Inde

1249 1178 1410 1211 Proverb.
1435 1184 1504 1209 est:
1532 1177 1612 1209 Tres
1635 1179 1830 1216 conrii-ium,
1853 1187 1964 1210 norem
1987 1179 2172 1211 coum'oe'um.
2197 1181 2231 1212 111

1250 1222 1447 1260 Germania,
1475 1222 1506 1252 in
1530 1232 1629 1253 unam
1652 1221 1803 1253 Mensam
1835 1222 2079 1254 contruduntur
2100 1228 2138 1254 ut
2158 1221 2232 1264 plu·

1249 1266 1366 1297 rimum
1390 1264 1575 1302 duodecim,
1598 1274 1700 1306 saepe
1724 1265 1821 1296 etiam
1843 1264 1969 1306 plures.
1993 1264 2033 1297 Et
2056 1263 2142 1297 alter
2153 1275 2232 1297 con·

1249 1313 1404 1341 susurrat
1427 1318 1500 1341 cum
1523 1306 1644 1346 altero,
1668 1318 1735 1339 non
1760 1306 1867 1347 aliter,
1892 1318 1990 1350 quam
2010 1309 2038 1340 si
2051 1309 2232 1350 proderent

1250 1362 1288 1384 se
1311 1357 1435 1384 mutuo.

1338 1392 1513 1436 Colloquia
1531 1394 1564 1425 in
1587 1394 1748 1425 conviviis
1776 1394 1896 1426 debent
1925 1404 2003 1426 esse
2032 1395 2230 1434 communia,

1252 1444 1285 1470 et
1318 1439 1451 1476 suavia,
1481 1443 1514 1469 et
1543 1436 1668 1469 habere
1696 1437 1799 1470 vices.
1855 1437 2024 1469 Debemus
2052 1438 2232 1470 convenire

1251 1481 1295 1513 ad
1317 1490 1464 1512 mensam
1488 1490 1562 1512 cum
1585 1480 1796 1512 invocatione
1820 1487 1852 1512 et
1880 1481 2061 1523 gratiarum
2089 1481 2233 1520 actione,

1252 1529 1286 1556 et
1307 1522 1393 1555 alter
1415 1523 1555 1555 alterum
1578 1533 1732 1554 recreare
1755 1524 1854 1555 debet
1876 1524 2040 1555 suavitate
2057 1523 2230 1556 sermonis.

1252 1565 1382 1610 Singuli
1404 1578 1466 1609 pro
1489 1567 1611 1598 ‹lecero
1635 1577 1802 1608 personae
1825 1576 1908 1598 suae
1932 1567 2053 1598 debent
2077 1567 2231 1599 occasio·

1251 1620 1312 1642 nes
1343 1620 1503 1652 quaerere
1532 1610 1662 1641 dicendi
1691 1609 1832 1652 aliquid,
1882 1620 1926 1641 uo
1951 1608 2008 1641 alii
2035 1610 2232 1648 excitentur,

1251 1660 1285 1686 et
1310 1654 1532 1685 discutiantur
1550 1653 1698 1685 affectus.
1729 1653 1809 1684 Mihi
1834 1663 1875 1684 va
1890 1653 1930 1684 de
1958 1651 2135 1684 molestum
2166 1658 2231 1691 est,

1251 1698 1386 1739 quando
1416 1696 1517 1738 aliqui
1540 1697 1573 1729 in
1600 1707 1715 1728 mensa
1742 1697 1877 1735 sedent,
1916 1697 1970 1738 qui
1999 1702 2126 1727 tantum
2153 1705 2231 1738 pen·

1251 1742 1331 1772 dent
1354 1741 1395 1771 de
1414 1739 1558 1772 vultibus
1581 1747 1613 1771 et
1636 1739 1744 1772 oculis
1768 1739 1920 1777 aliorum,
1944 1746 1999 1771 aut
2023 1740 2124 1771 tacite
2146 1739 2232 1771 inter

1251 1793 1290 1815 se
1335 1782 1587 1825 colloquuntur,
1633 1789 1789 1824 tanquam
1820 1783 2041 1814 insidiatores.
2097 1781 2231 1825 Cogite-

216 1827 345 1860 infirma
369 1827 504 1858 haberet
529 1833 662 1868 potum,
686 1838 727 1858 ex
751 1837 816 1868 quo
840 1826 956 1858 melior
979 1827 1119 1868 sanguis
1142 1825 1199 1857 fie-
1222 1816 1227 1863 1
1250 1837 1324 1858 mus
1347 1825 1422 1857 illos
1446 1832 1576 1858 veteres
1599 1827 1767 1866 sapientes
1791 1826 1943 1857 homines
1965 1825 2071 1857 fuisse
2093 1834 2230 1864 suaves,

217 1877 285 1909 ret,
314 1877 346 1902 et
370 1870 425 1911 qui
448 1868 565 1901 melius
589 1871 738 1901 nutriret.

217 1920 269 1946 est
297 1912 395 1945 valde
425 1913 534 1954 exigui
564 1914 762 1945 nutrimenti.

216 1957 348 1998 purior,
379 1966 420 1987 eo
449 1957 555 1987 minus
584 1957 694 1987 nutrit.
750 1954 839 1987 Nihil
869 1956 955 1987 enim
982 1956 1098 1994 nutrit,
1134 1956 1198 1987 nisi

216 2000 306 2042 quod
337 2005 388 2030 est
424 1999 568 2030 mixtum.
620 1998 680 2030 llla
709 2010 812 2041 aqua,
848 2009 934 2041 quae
971 2009 1012 2030 ex
1044 2000 1199 2030 cavernis

216 2043 373 2075 montium
397 2041 549 2083 profluit,
568 2049 618 2073 est
642 2043 748 2084 magis
773 2047 869 2073 cocta
893 2048 925 2073 et
947 2041 1092 2080 dulcior,
1124 2043 1200 2083 quia

216 2086 324 2128 magis
348 2092 400 2117 est
431 2085 548 2123 mixta,
584 2092 635 2116 est
670 2092 808 2117 naturae
842 2091 972 2116 terreae
1005 2091 1036 2116 et
1069 2095 1198 2116 aereae.

217 2129 327 2170 Aqua,
351 2138 436 2170 quae
460 2138 527 2159 non
552 2135 601 2160 est
626 2129 745 2166 mixta,
771 2134 820 2159 est
850 2129 999 2169 insipida.
1047 2127 1198 2160 Dulcedo

216 2179 269 2204 est
292 2182 333 2203 ex
364 2171 533 2202 mixtione.
580 2172 654 2206 Quo
681 2182 762 2213 ergo
790 2182 877 2213 aqua
903 2170 978 2213 plus
1008 2178 1059 2203 est
1086 2172 1198 2205 mixta,

216 2225 256 2247 eo
288 2221 339 2246 est
362 2215 645 2246 accommodatior
673 2216 715 2245 ad
751 2215 969 2246 nutriendum.
1016 2213 1058 2246 Et
1088 2221 1198 2246 minen

216 2264 268 2290 est
291 2258 401 2299 exigui
424 2258 622 2289 nutrimenti.
661 2258 779 2290 Vinum
802 2256 919 2289 melius
943 2259 1055 2296 nutrit,
1078 2264 1109 2289 et
1132 2268 1197 2299 quo

215 2308 268 2333 est
287 2300 437 2343 plenius,
462 2311 503 2332 eo
528 2306 579 2332 est
602 2301 644 2331 ad
669 2301 878 2332 nutritionem
903 2301 1197 2333 accommodatius.

304 2344 403 2375 Dedit
427 2344 527 2386 igitur
551 2343 642 2375 Dens
664 2345 773 2375 vinum
796 2345 984 2375 senescenti
1010 2351 1148 2376 naturae
1166 2351 1196 2375 et

216 2388 353 2419 senibus
385 2385 554 2418 salubrior
588 2394 639 2419 est
674 2398 757 2419 usus
791 2388 857 2419 vini
887 2398 984 2429 quam
1011 2388 1198 2425 iuvenibus,

216 2430 295 2461 ideo
318 2437 409 2461 recte
433 2431 620 2461 nominatur
643 2431 772 2469 vinum,
802 2432 854 2462 Ine
883 2441 1007 2468 ,ca-num,
1037 2437 1069 2462 et
1092 2429 1197 2463 Solon

215 2474 281 2504 iam
301 2483 423 2511 senex,
446 2479 480 2504 ut
505 2481 556 2505 est
575 2474 605 2505 in
631 2474 702 2505 eius
725 2474 886 2507 carmine.
911 2475 1030 2517 inquit.
1061 2484 1095 2504 sn
1117 2474 1198 2505 dua-

217 2516 274 2547 bus
297 2517 392 2547 robus
415 2518 588 2551 aelrlrrturu'.
612 2518 686 2549 rino
707 2521 736 2549 et
760 2518 923 2549 disca-ndo.
943 2515 1199 2549 Arrhitriclinus

217 2559 226 2590 i
253 2570 291 2591 se
320 2561 530 2592 commendat
561 2561 818 2602 generositatem
853 2561 937 2599 vini,
971 2571 1044 2592 cum
1079 2560 1197 2602 inquit:

816 1913 901 1944 Nam
932 1923 997 1954 quo
1031 1918 1083 1944 est
1112 1923 1199 1954 aqua

249 2612 271 2634 u
293 2605 436 2635 cer-numu·
457 2604 568 2635 honum
592 2605 696 2635 rt’nmn
720 2614 818 2646 usque
840 2605 886 2635 1111
906 2604 966 2636 hoc
989 2608 1120 2644 tempus.
1163 2603 1198 2635 111

219 2656 285 2688 quo
310 2645 408 2678 simul
433 2654 482 2678 oet
506 2646 613 2680 duleis
636 2646 800 2691 allegoria
821 2657 883 2690 pro
913 2647 1088 2690 agentibus
1121 2657 1198 2689 poe-

784 1870 883 1911 Aqua
917 1875 1034 1901 nostra
1064 1869 1199 1900 t'ontana
1251 1877 1284 1902 et
1307 1875 1454 1901 amanter
1477 1880 1540 1901 una
1565 1869 1708 1907 vixisse,
1733 1879 1798 1900 non
1823 1868 1928 1900 fuisse
1950 1867 2053 1907 seroS,
2075 1869 2231 1901 1101111111·-

1250 1913 1395 1945 baricos.

1335 1956 1397 1987 Est
1419 1956 1506 1997 apud
1530 1954 1754 1994 Bachilidem,
1783 1956 1872 1997 quod
1892 1956 2016 1987 bonum
2040 1954 2231 1987 convivium

1251 2000 1370 2031 debeat
1393 1999 1517 2030 habere
1540 2009 1604 2030 non
1629 2009 1771 2040 corpora
1792 2000 1922 2037 bonum,
1952 1998 2012 2030 sed
2031 1999 2232 2031 mediocrem

1251 2049 1445 2084 apparatum
1474 2042 1560 2079 cibi,
1591 2049 1620 2073 et
1652 2043 1773 2073 honum
1803 2043 1933 2079 vinum,
1964 2042 2044 2073 ltem
2066 2040 2231 2074 musicam

1251 2095 1310 2117 seu
1337 2083 1538 2126 colloquium
1568 2095 1688 2116 suave:
1715 2092 1745 2116 et
1777 2084 2044 2116 benevolentiam
2075 2085 2231 2117 conviva·

1251 2139 1341 2161 rum.
1372 2138 1457 2170 quae
1481 2135 1530 2159 est
1555 2128 1662 2159 1111111111
1687 2130 1763 2160 boni
1789 2129 1951 2166 convivii,
1981 2128 2066 2164 Quia
2088 2137 2156 2160 non
2178 2133 2232 2160 est

1251 2182 1332 2204 veru
1354 2171 1493 2207 laetitia,
1517 2172 1572 2202 uhi
1595 2181 1660 2202 non
1684 2178 1735 2202 est
1755 2179 1847 2203 1111101·
1870 2177 2013 2203 mutuuS.

1339 2213 1594 2246 Architriclinus
1618 2215 1782 2255 significat
1808 2224 1899 2248 eum.
1939 2214 1995 2256 qui
2022 2213 2161 2246 curabat
2183 2219 2231 2245 to-

1251 2265 1320 2290 tum
1343 2258 1549 2295 convivium,
1581 2259 1674 2299 quasi
1706 2259 1819 2295 ‹lic-as,
1851 2257 2038 2298 praesidem
2073 2255 2232 2295 Triclinii,

1251 2302 1322 2333 sive
1351 2300 1519 2341 intelligas
1548 2299 1692 2333 lectulos
1726 2299 1803 2332 illos
1833 2301 1964 2342 positos
1997 2301 2039 2331 ad
2071 2309 2230 2338 mensam,

1250 2345 1324 2377 sive
1348 2343 1574 2375 coenaculum.

1337 2387 1397 2418 Est
1438 2388 1593 2419 usitatum
1635 2387 1773 2419 dietum:
1828 2386 1892 2421 Qui
1925 2392 2039 2418 servat
2083 2386 2231 2419 ordinem

1250 2432 1292 2463 ad
1316 2441 1483 2469 mensam,
1506 2431 1534 2461 is
1557 2437 1669 2462 servat
1695 2431 1791 2461 etiam
1816 2429 1962 2461 ordinem
1993 2430 2025 2460 in
2049 2427 2231 2461 laboribus.

1251 2475 1322 2508 Ἥξει·
1346 2475 1394 2507 sub
1420 2475 1489 2506 niun
1514 2476 1583 2506 rectu
1609 2484 1639 2511 111
1663 2473 1741 2507 311111
1762 2473 1863 2509 idaim,
1899 2474 1946 2504 ber
1978 2473 2062 2505 11111111
2087 2471 2137 2509 sith
2162 2473 2232 2512 111111)

1251 2519 1450 2550 nimmctmcbr
1474 2527 1522 2556 tur
1545 2518 1654 2549 9111111.
1702 2515 1794 2548 Multi
1817 2525 1884 2547 non
1907 2522 2042 2547 servant
2066 2514 2234 2547 ordinari·

1251 2566 1399 2601 temporo
1425 2560 1552 2601 prandii
1583 2566 1639 2592 aut
1664 2569 1797 2591 coenae.
1849 2559 1887 2590 111
1911 2559 2111 2590 conturbant
2133 2558 2232 2590 etim

1251 2605 1399 2635 ordinem
1423 2603 1575 2635 laborum
1598 2604 1630 2635 in
1654 2603 1840 2635 vocatione.
1887 2601 2017 2645 Aliqui,
2047 2602 2144 2633 etiam
2173 2611 2231 2634 ex·

1251 2647 1419 2679 ordinario
1441 2657 1480 2679 se
1503 2645 1639 2688 implent
1662 2647 1738 2678 cibo
1760 2653 1793 2678 et
1811 2651 1911 2688 potu,
1941 2651 2060 2687 ponte·
2083 2654 2158 2677 enm
2179 2652 2230 2677 ι·-
