2324 2958
101 211 164 245 1⁷⁷
783 200 1003 235 PosTtLLA
1020 198 1419 232 MELANTHONIANA.
2048 197 2109 229 178

101 305 288 339 credentes.
331 299 392 331 Est
413 298 511 330 etiam
529 298 563 328 in
585 296 649 328 hac
666 306 824 337 persona,
853 304 934 327 vera
955 293 1080 325 mundi·
1103 290 1107 312 ¹
1131 303 1190 326 rus
1213 298 1264 326 est
1289 294 1359 325 dua·
1377 291 1493 334 populi
1511 296 1576 324 mei
1595 295 1686 325 cicius
1714 300 1867 331 egressus
1887 295 1938 323 est
1956 300 1979 322 α
1999 291 2111 323 diebus

102 350 184 386 cies,
202 344 372 387 sapientia,
391 347 424 372 et
441 341 564 372 iustitia
586 349 750 380 superans
774 338 882 369 onmia
902 338 987 368 (lona
1011 337 1079 367 An·
1130 337 1344 369 aeternitatis.

103 390 264 434 gelon-um,
286 393 318 418 et
340 383 518 416 hominum.
586 384 639 414 Sic
661 382 760 424 igitur
783 380 936 412 Christus
961 388 1079 410 revera
1217 379 1278 410 Est
1311 384 1419 409 autem
1447 378 1492 409 ibi
1522 375 1652 418 sepulta
1674 375 1812 415 Rachel,
1847 376 1967 408 coniux
1985 374 2111 414 Iacchi,

103 440 154 466 est
175 432 375 466 Nnameus,
397 427 430 458 id
453 432 515 464 est,
538 426 671 467 proprie
694 425 822 456 dicatus
840 423 926 460 Deo,
950 423 1004 463 qui
1028 427 1079 453 est
1130 427 1261 453 mortua
1288 421 1321 452 in
1343 427 1457 462 partu:
1493 420 1570 451 ldeo
1594 420 1722 460 poetice
1746 429 1805 450 seu
1827 419 1965 461 figurate
1987 419 2042 450 hic
2065 418 2111 450 di-

103 483 135 509 et
158 475 242 507 filius
263 472 337 510 Dei,
359 477 392 501 et
415 475 514 509 caput
537 468 681 500 omnium
705 466 882 499 colentium
905 472 1079 496 aeternum

103 526 249 563 patrem:
281 521 315 546 et
347 519 399 544 est
432 513 505 544 sine
537 517 691 553 peccato,
723 510 895 542 abstinens
930 517 1009 539 vere
1036 508 1078 539 ab

103 562 188 595 omni
210 555 426 591 immundicie.

187 600 299 633 Voluit
321 599 414 630 Deus
436 598 469 629 in
492 595 569 639 lege
582 597 774 628 discernere
797 592 985 636 singulares
1006 602 1079 634 per—

101 655 202 680 sonas
224 645 266 676 ab
289 642 375 681 aliis,
399 647 433 672 ut
445 641 642 671 Samsonem
655 637 759 670 voluit
785 639 988 671 discerne-e,
1011 645 1079 667 non

101 688 206 721 solum
229 685 454 728 singularibus
478 684 669 720 virtutibus,
700 682 760 713 sed
784 683 882 712 etiam
905 677 1079 721 singulari-

101 733 164 764 bus
188 729 391 762 ceremoniis.
458 727 515 758 Sic
538 724 673 757 Samuel
695 731 726 755 et
750 724 805 755 alii
828 723 1009 755 secundum
1032 720 1078 752 le-

100 785 174 817 gem
208 778 301 804 erant
333 770 505 803 Nazaraei,
539 769 616 810 quia
650 768 823 810 insigniter
856 766 1078 808 ostendebant

101 816 224 850 cultum
246 815 308 847 Dei
331 814 362 846 in
375 812 542 845 exercitiis
555 812 700 853 pietatis,
723 817 756 842 et
778 809 851 841 aliis
875 809 976 841 certis
1000 817 1077 848 ope-

101 861 203 892 ribus.
268 857 418 890 Christus
453 865 532 886 vero
567 860 618 886 est
657 854 849 885 Nazaraeos
863 875 873 891 ,
915 859 1078 892 superans

1131 465 1226 503 citur,
1244 466 1368 496 Rachel
1386 467 1535 505 plorasse
1550 465 1636 503 filios
1658 472 1743 494 suos.
1791 461 1927 493 Ponitur
1949 462 2035 493 enim
2048 461 2111 492 Ra-

1131 507 1206 539 chel
1239 506 1294 540 vel
1326 517 1388 548 pro
1422 505 1619 538 Bethlehem
1651 504 1705 536 vel
1735 514 1795 546 pro
1819 511 1923 536 matre
1945 505 2029 536 istus
2053 514 2111 546 po-

1129 550 1207 592 puli.
1273 551 1358 582 Nam
1380 548 1509 581 Rachel
1531 549 1574 581 ibi
1598 546 1746 590 sepulta,
1780 546 1840 579 suit
1863 554 1967 579 mater
1990 546 2110 589 loseph

1130 601 1161 625 et
1184 594 1365 625 Beniamin.

1217 637 1359 668 Additur
1392 635 1490 666 etiam
1522 633 1593 665 hic:
1635 634 1695 665 Vox
1724 637 1757 665 in
1787 635 1892 665 Rama
1914 634 2026 664 audita
2047 637 2112 665 est:

1131 682 1338 719 Lmnentalm,
1356 681 1514 719 ploratus,
1538 682 1570 709 et
1587 680 1684 717 fletus
1702 679 1829 708 mullus.
1876 674 1985 717 Aliqui
2000 676 2111 717 dispu-

1130 728 1200 753 tant
1233 721 1480 763 Evangelistam
1515 730 1582 751 non
1616 725 1706 751 recte
1736 720 1840 750 citare
1878 717 1945 749 hoc
1979 719 2112 756 dictum,

1131 766 1206 806 quia
1241 766 1394 796 Ieremias
1428 762 1591 805 propheta
1626 767 1682 802 (ex
1706 772 1771 803 quo
1795 762 1916 793 dictum
1939 761 2005 791 hoc
2028 771 2111 792 sum-

1130 815 1221 849 ptum
1245 810 1310 846 est)
1332 807 1488 849 loquatur
1512 807 1554 838 de
1576 805 1775 837 abductione
1800 803 1910 846 populi
1940 804 1973 834 in
2001 803 2111 845 Baby-

1131 851 1252 882 lonem.
1278 851 1374 882 Prius
1398 851 1512 881 decem
1536 850 1641 880 tribus
1665 848 1766 879 lsrae!
1792 849 1956 878 abductae
1978 844 2113 878 suerunt

1131 895 1163 925 in
1188 894 1377 935 Assyriam,
1412 899 1561 934 tempore
1584 891 1714 929 Esaiae,
1749 891 1802 932 qui
1833 889 2014 931 deplorans
2038 899 2112 921 eam

1132 936 1350 968 calamitatem
1383 937 1507 977 inquit,
1541 939 1624 967 sicul
1655 935 1753 972 venti,
1787 935 2028 973 dissipaverunt
2055 942 2113 963 nos

101 985 220 1029 Angeli
239 986 485 1026 praestiterunt,
509 990 564 1015 aut
576 989 749 1024 praestare
760 987 913 1023 possunt,
934 986 966 1011 et
978 989 1079 1021 quan·
1129 984 1263 1020 peecata
1287 984 1408 1011 nostra.
1454 979 1609 1010 Ieremias
1631 987 1712 1008 vero
1736 975 1795 1008 fuit
1818 982 1989 1017 spectator
2011 975 2112 1006 abdu-

103 1040 199 1071 quam
228 1030 258 1060 ei
279 1039 373 1060 mens
396 1033 557 1069 perpetua
579 1033 648 1064 est,
681 1026 770 1067 quod
803 1023 873 1055 vult
895 1023 980 1065 patri
1003 1022 1080 1053 obe·
1132 1023 1252 1054 ctionis
1276 1023 1415 1053 duarum
1438 1022 1594 1058 tribuum,
1617 1020 1716 1052 Iudae
1739 1026 1771 1051 et
1794 1019 1976 1057 Beniamin,
2001 1028 2114 1059 quam-

103 911 217 934 omnes
239 899 384 932 cultores
407 899 489 936 Dei,
519 903 695 938 praestans
720 902 855 927 aeterno
885 895 970 936 patri
993 903 1080 924 sum·

100 1073 182 1109 dire,
204 1072 304 1103 etiam
328 1077 424 1102 extra
446 1069 594 1106 dolores,
612 1074 720 1100 tamen
743 1068 779 1099 fit
797 1077 875 1099 vere
887 1067 1080 1097 Nazaraeus
1104 1087 1113 1684 1
1133 1066 1176 1096 do
1200 1066 1396 1106 destructis,
1411 1063 1633 1106 leresolymis,
1667 1062 1958 1094 Nabuchdonosor
1992 1071 2034 1092 ex
2067 1062 2114 1093 Iu-

102 955 186 978 mam
220 943 450 979 obedientiam,
486 947 641 983 quantam
675 938 766 970 nulla
797 945 962 975 creatura,
997 934 1080 968 nulli

100 1115 133 1146 in
152 1121 268 1152 morte,
290 1115 344 1145 ubi
367 1114 480 1145 obedit
503 1113 586 1153 patri
609 1112 642 1143 in
665 1111 801 1143 summis
831 1119 964 1151 quoque
986 1107 1080 1139 dolo·
1134 1109 1217 1139 daea
1239 1109 1337 1140 iussit
1355 1108 1475 1139 abduci
1499 1106 1677 1148 plerosque
1699 1107 1731 1137 in
1757 1106 1981 1148 captivitatem
2003 1104 2114 1145 Baby-

101 1159 207 1195 ribus,
229 1167 294 1188 non
341 1156 406 1187 uod
430 1156 584 1186 divinitas
607 1155 649 1185 sit
672 1163 786 1194 passa,
808 1153 869 1184 sed
893 1152 969 1193 quia
993 1150 1011 1182 ὃ
1031 1150 1079 1181 λό-
1133 1151 1284 1183 lonicam.
1330 1151 1386 1183 Sic
1408 1151 1508 1193 igitur
1529 1155 1801 1192 argumentantur
1824 1147 1908 1179 illis:

99 1211 149 1240 rog
171 1200 260 1231 serio
283 1210 326 1231 vu
342 1206 353 1230 t
372 1199 457 1230 hanc
482 1197 703 1229 obedientiam
722 1197 753 1227 in
778 1205 878 1227 carne
895 1200 1078 1235 assumpta,

100 1253 198 1284 quam
222 1243 387 1284 propriam
411 1241 474 1271 sibi
497 1240 588 1278 fecit,
609 1241 750 1281 ideoque
773 1238 924 1280 quiescit,
947 1244 1079 1268 susten·

100 1292 174 1316 tans
207 1286 338 1327 quidem
371 1290 522 1315 naturam
545 1282 733 1321 humanam,
757 1292 799 1313 ne
831 1282 985 1318 intereat,
1019 1279 1079 1310 sed

99 1334 209 1360 tamen
233 1338 299 1359 non
323 1325 491 1367 repellens
514 1324 651 1357 dolores
675 1331 706 1356 et
729 1331 885 1362 mortem,
919 1333 981 1355 nec
1004 1332 1080 1354 exe-

99 1381 178 1402 rens
200 1381 295 1402 suam
318 1370 496 1411 potentiam
520 1375 638 1401 contra
660 1369 880 1405 vocationem,
908 1373 945 1398 ut
962 1371 1081 1397 natura

99 1413 245 1445 humana
267 1414 334 1454 pati
357 1418 390 1444 et
411 1412 494 1443 mori
506 1417 634 1453 posset,
655 1416 691 1443 ut
703 1409 926 1452 pulcherrime
948 1410 991 1441 ab
1014 1407 1080 1440 lre-

100 1465 185 1487 naeo
208 1457 329 1487 dictum
353 1461 414 1486 est.

188 1498 281 1530 Haec
303 1498 412 1529 omnia
435 1496 611 1538 cogitanda
633 1500 728 1533 sunt,
761 1504 834 1526 cum
863 1491 1081 1536 Evangelista

101 1539 259 1573 transfert
282 1541 322 1571 ad
347 1539 515 1571 Christum
536 1538 598 1569 hoc
622 1538 761 1569 dictum:
784 1539 972 1569 nazaraeus
991 1546 1080 1568 voca-

99 1584 197 1614 bt'mr.
226 1582 302 1623 lpse
325 1588 376 1613 est
399 1591 478 1614 vere
499 1581 627 1612 dicatus
646 1580 733 1619 Deo,
757 1590 817 1612 seu
841 1581 980 1611 devotus
994 1579 1080 1617 Deo,

99 1631 275 1667 praestans
297 1623 420 1656 cultum
444 1634 524 1665 prae
547 1625 700 1655 omnibus
724 1624 904 1660 creaturis,
938 1628 971 1654 et
1004 1631 1081 1663 pro-

98 1674 173 1709 pter
193 1677 266 1699 eum
289 1677 352 1698 nos
376 1676 508 1708 quoque
531 1665 605 1697 Deo
628 1676 742 1697 sumus
766 1665 963 1697 consecrati.
1007 1667 1080 1705 lpse

99 1721 167 1742 non
199 1711 345 1742 servavit
378 1709 596 1746 ceremonias,
628 1719 712 1750 quas
742 1707 797 1739 lex
831 1708 1080 1748 praescribebat

101 1753 298 1791 NazaraeiS,
333 1758 366 1784 et
388 1759 496 1783 tamen
519 1761 598 1782 vere
621 1757 672 1783 est
695 1750 840 1792 impletio
863 1749 960 1792 legis.
1004 1750 1080 1781 Non

101 1795 161 1828 init
181 1805 331 1833 neeesse,
349 1805 423 1827 eum
446 1804 584 1826 servare
607 1792 849 1826 ceremonialia.
906 1794 995 1825 Satis
1016 1799 1080 1831 est,

101 1849 237 1881 scopum
259 1838 345 1881 legis
368 1839 401 1869 in
424 1838 498 1879 ipso
521 1844 645 1869 extare.
691 1837 778 1869 ldem
803 1836 957 1868 Christus
983 1837 1080 1867 etiam

102 1889 154 1914 est
175 1888 289 1913 nostra
308 1881 375 1919 lex,
398 1881 430 1912 id
453 1887 514 1916 est,
537 1881 609 1912 Nos
631 1880 794 1912 habentes
818 1879 1004 1918 Christum,
1022 1879 1080 1910 ha-

103 1925 218 1957 bemus
240 1924 424 1967 significata
446 1934 508 1966 per
530 1925 734 1956 ceremonias
756 1922 852 1966 legis.

1218 1239 1374 1269 Ieremias
1407 1239 1529 1268 loculus
1562 1239 1613 1267 est
1645 1236 1686 1266 cle
1714 1235 1902 1266 abductione
1927 1234 2039 1274 populi
2071 1242 2115 1264 ecc

1133 1285 1224 1312 terra
1246 1281 1390 1312 Iudaica.

1217 1324 1304 1362 Erqo
1326 1323 1530 1361 EvanyeIaezs-ta
1552 1330 1617 1352 non
1639 1324 1727 1352 recte
1748 1321 1870 1359 allegat
1891 1320 1976 1351 laune
1996 1322 2114 1351 textum

1132 1368 1172 1398 de
1193 1368 1291 1398 caede
1313 1368 1490 1405 infantium
1512 1367 1545 1396 in
1568 1365 1762 1396 Bethlehem.

1218 1450 1434 1491 Respondeo.
1485 1449 1652 1480 Usitatum
1684 1454 1737 1480 est
1771 1448 1859 1479 dicta
1894 1453 1927 1478 et
1958 1445 2115 1478 historias

1133 1500 1265 1525 veteres
1288 1493 1543 1525 accommodare
1560 1492 1603 1523 ad
1626 1491 1758 1534 negotia
1781 1489 1911 1529 similia,
1934 1499 2019 1532 quae
2040 1488 2115 1521 aliis

1132 1537 1337 1578 temporibus
1361 1536 1526 1567 accidunt,
1571 1535 1665 1566 Sicut
1686 1544 1749 1565 nos
1772 1534 1868 1565 etiam
1887 1531 2057 1575 generalia
2069 1533 2116 1563 di·

1133 1586 1187 1611 cta
1210 1585 1241 1610 et
1265 1579 1446 1610 sententias
1469 1578 1665 1619 saepissime
1688 1578 1720 1608 in
1744 1576 1830 1608 omni
1853 1585 2009 1607 sermone
2029 1574 2115 1607 sole-

1133 1632 1205 1653 mus
1228 1620 1411 1652 transferre
1433 1621 1475 1652 ad
1496 1627 1619 1652 certam
1638 1619 1781 1662 aliquam
1805 1619 1963 1661 speciem,
1993 1618 2027 1650 id
2051 1623 2114 1657 est,

1133 1665 1175 1696 ad
1198 1663 1333 1705 aliquid,
1357 1664 1446 1705 quod
1469 1664 1566 1695 nobis
1589 1673 1651 1694 usu
1671 1664 1770 1694 venit.

1220 1707 1300 1738 Cum
1326 1706 1486 1749 Virgilius
1510 1707 1625 1747 inquit:
1669 1707 1839 1738 Cozlectam
1872 1705 1969 1737 exilio
1989 1705 2116 1745 pubem,

1132 1751 1319 1782 miserabile
1340 1753 1460 1789 vulqus,
1483 1748 1637 1780 Solemus
1659 1747 1748 1780 hunc
1772 1757 1906 1779 versum
1928 1756 2117 1778 accommo-

1134 1794 1214 1824 dare
1237 1793 1279 1823 ad
1302 1798 1426 1823 statum
1446 1790 1638 1830 Ecclesiae,
1672 1790 1868 1833 plerumque
1896 1788 2059 1822 exulantis
2082 1790 2115 1820 in

1133 1836 1269 1874 mundo,
1293 1835 1334 1866 de
1357 1845 1423 1877 quo
1448 1842 1568 1876 postea
1591 1834 1766 1866 dicendum
1785 1835 1857 1865 erit.

1219 1878 1267 1910 lta
1291 1877 1490 1920 generaliter
1512 1878 1567 1910 hic
1599 1875 1816 1919 Evangelista
1845 1874 1997 1918 intelligit
2029 1874 2115 1906 lere-

1132 1922 1218 1953 miae
1252 1922 1390 1959 dictum,
1427 1921 1468 1952 de
1501 1921 1655 1952 omnibus
1688 1920 1994 1962 persecutionibuS,
2029 1918 2115 1954 Quia

1133 1975 1198 1996 una
1228 1965 1416 2006 persecutio
1451 1970 1503 1996 est
1535 1965 1645 2006 imago
1681 1970 1712 1994 et
1745 1961 1931 2003 exemplum
1965 1960 2114 1993 aliarum.

1132 2007 1208 2039 Non
1230 2009 1330 2050 igitur
1349 2006 1551 2039 calumniose
1564 2006 1796 2047 disputandum
1820 2012 1869 2036 est
1894 2011 2012 2037 contra
2035 2005 2114 2036 cita-

1133 2052 1253 2082 tionem
1276 2050 1373 2081 huius
1398 2051 1486 2082 dicti.
1553 2051 1584 2082 A
1607 2050 1711 2081 veteri
1735 2047 1887 2089 exemplo
1910 2047 2114 2090 perseeutio-

1131 2095 1183 2125 nis
1217 2094 1314 2124 istius
1347 2093 1462 2135 populi
1490 2091 1650 2124 transfert
1683 2091 1901 2133 Evangelista
1924 2090 2047 2123 luctum
2071 2090 2114 2121 ad

1130 2143 1338 2179 praesentem
1372 2137 1657 2178 persecutionem,
1690 2145 1758 2167 non
1792 2134 1885 2166 aliter
1919 2144 2017 2176 quam
2050 2142 2113 2163 nos

1131 2178 1272 2222 exempli
1308 2190 1411 2211 causa
1446 2189 1546 2212 casus
1581 2186 1711 2211 veteres
1735 2177 1967 2210 transferimus
1991 2175 2033 2208 ad
2056 2185 2113 2206 no-

1131 2229 1220 2254 stros
1244 2233 1354 2255 casus,

131 2107 196 2148 De
226 2107 357 2158 dicto:
389 2103 541 2149 Rachel
565 2103 734 2162 plorat-it
763 2103 908 2150 liberos
937 2115 1048 2150 suos.

186 2223 272 2259 Quid
297 2222 461 2265 significat
483 2231 604 2254 nomen
630 2224 845 2255 Bethlehem?
888 2223 1078 2255 Secundum·

1217 2265 1344 2297 Ramah
1366 2264 1534 2307 significat
1555 2263 1658 2296 altum
1681 2274 1742 2295 seu
1766 2262 1945 2295 excelsum.
2008 2261 2111 2293 Usur-

1128 2316 1226 2351 patur
1259 2307 1474 2350 appellative,
1509 2309 1580 2340 sive
1613 2306 1782 2349 intelligas
1805 2307 1837 2337 in
1862 2304 1918 2337 illa
1940 2303 2111 2337 altitudine

1129 2352 1287 2383 montium
1311 2353 1506 2390 vicinorum,
1530 2351 1602 2382 sive
1625 2351 1721 2382 etiam
1745 2351 1777 2381 in
1801 2347 1896 2381 coelo
1927 2358 1988 2380 seu
2019 2357 2111 2380 aere:

1128 2402 1164 2427 ut
1187 2402 1236 2426 est
1260 2395 1348 2436 apud
1371 2401 1520 2436 poetam:
1544 2393 1570 2425 lt
1594 2392 1719 2425 clamor
1743 2391 1850 2424 coelo.

1215 2437 1296 2468 Plus
1315 2438 1471 2469 momenti
1494 2443 1545 2468 est
1563 2438 1595 2468 in
1621 2435 1866 2469 consideranda
1888 2433 2111 2475 magnitudine

100 2265 344 2309 Etymologiam
369 2265 535 2307 significat
558 2267 689 2297 domum
710 2267 815 2308 paniS.
882 2266 954 2297 Fuit
982 2265 1078 2298 locus

99 2308 229 2341 fertilis.
276 2310 353 2340 lnde
375 2310 475 2351 igitur
498 2319 616 2340 nomen
639 2311 768 2351 accepit
790 2308 983 2341 Bethlehem
1002 2320 1078 2350 pro-

123 2359 173 2384 ter
208 2353 385 2384 bonitatem
420 2362 593 2393 agrorum:
634 2351 711 2383 lnde
745 2358 796 2383 est
828 2353 926 2383 etiam
958 2362 1077 2383 nomen

128 2394 256 2436 phrata.
302 2394 494 2437 Cogitemus
518 2401 626 2426 autem
651 2396 692 2426 de
721 2394 971 2435 significatione.
1017 2394 1078 2426 llle

98 2437 196 2470 locus
220 2445 270 2469 est
294 2437 528 2476 fertilissimus,
548 2439 624 2479 quia
647 2438 691 2469 ibi
721 2439 830 2469 editus
858 2444 910 2469 est
933 2437 997 2470 ssos
1022 2448 1078 2480 ge-

98 2481 188 2512 neris
206 2480 355 2512 humani:
391 2481 421 2511 id
456 2487 525 2519 est,
559 2480 718 2519 Messias,
749 2482 803 2522 qui
827 2487 878 2512 est
900 2482 1078 2522 praecipua
1129 2480 1280 2519 affectus,
1307 2491 1403 2522 quem
1432 2491 1473 2512 ex
1506 2479 1668 2521 propheta
1693 2479 1879 2519 exprimere
1901 2476 2005 2508 voluit
2028 2476 2111 2508 Mat-

98 2533 242 2565 persona
265 2525 296 2554 in
321 2530 390 2555 toto
415 2533 538 2566 genere
571 2522 734 2562 humano,
768 2523 836 2555 lmo
866 2524 898 2554 in
922 2525 1078 2556 universa
1130 2523 1263 2555 thaeus:
1288 2525 1425 2563 Rachel,
1448 2524 1480 2555 id
1504 2530 1573 2561 est,
1598 2520 1805 2559 Bethlehem,
1832 2521 1975 2561 ploravit
1990 2521 2110 2552 liberos

98 2573 227 2597 natura.
294 2565 335 2597 Et
356 2573 435 2608 puto
459 2566 524 2598 huc
547 2564 693 2598 alludere
715 2566 910 2608 prophetam
933 2566 1078 2598 Michae-
1128 2576 1214 2599 suos.
1281 2565 1520 2608 lntelligamus,
1553 2575 1612 2607 per
1644 2562 1774 2596 Rachel
1807 2563 1986 2606 significari
2009 2568 2109 2593 totam

97 2619 163 2660 am,
185 2619 258 2640 cum
282 2609 386 2650 inquit
419 2609 461 2640 de
489 2608 699 2640 Bethlehem:
737 2611 781 2642 Tu
803 2620 867 2641 non
889 2619 925 2642 es
946 2613 1079 2642 minima
1129 2609 1332 2648 Ecclesiam,
1366 2620 1451 2651 quae
1480 2619 1582 2650 saepe
1605 2607 1776 2640 confertur
1799 2617 1873 2639 cum
1896 2606 2108 2648 parturiente.

97 2657 186 2686 mter
206 2653 351 2685 civitates
373 2653 464 2690 luda,
486 2656 559 2692 quia
582 2654 765 2692 egredietur
787 2663 830 2685 ex
852 2657 895 2691 te,
917 2653 973 2693 qui
989 2656 1078 2693 futu-
1129 2652 1330 2695 Simpliciter
1362 2653 1461 2684 etiam
1493 2657 1605 2693 potest
1638 2649 1749 2683 luctus
1778 2650 1844 2682 iste
1864 2648 2108 2683 accommodari

258 2721 353 2740 πω)
360 2721 406 2739 Tu.
418 2720 491 2740 oran
512 2720 575 2740 von
585 2720 657 2739 xxiv
1905 2711 1936 2734 12
