<?xml version="1.0" encoding="UTF-8"?>
<!DOCTYPE html PUBLIC "-//W3C//DTD XHTML 1.0 Transitional//EN"
    "http://www.w3.org/TR/xhtml1/DTD/xhtml1-transitional.dtd">
<html xmlns="http://www.w3.org/1999/xhtml" xml:lang="en" lang="en">
 <head>
  <title>
</title>
<meta http-equiv="Content-Type" content="text/html;charset=utf-8" />
  <meta name='ocr-system' content='tesseract 3.04.00' />
  <meta name='ocr-capabilities' content='ocr_page ocr_carea ocr_par ocr_line ocrx_word'/>
</head>
<body>
  <div class='ocr_page' id='page_1' title='image "./operaquaesupersu24melauoft/operaquaesupersu24melauoft_0472.png"; bbox 0 0 2324 2958; ppageno 0'>
   <div class='ocr_carea' id='block_1_1' title="bbox 153 150 216 183">
    <p class='ocr_par' dir='ltr' id='par_1_1' title="bbox 153 150 216 183">
     <span class='ocr_line' id='line_1_1' title="bbox 153 150 216 183; baseline -0.016 0"><span class='ocrx_word' id='word_1_1' title='bbox 153 150 216 183; x_wconf 88' lang='grc'><strong>891</strong></span> 
     </span>
    </p>
   </div>
   <div class='ocr_carea' id='block_1_2' title="bbox 155 281 1161 339">
    <p class='ocr_par' dir='ltr' id='par_1_2' title="bbox 155 281 1161 339">
     <span class='ocr_line' id='line_1_2' title="bbox 155 281 1161 339; baseline 0.003 -17"><span class='ocrx_word' id='word_1_2' title='bbox 155 281 264 331; x_wconf 88' lang='lat' dir='ltr'>Quid</span> <span class='ocrx_word' id='word_1_3' title='bbox 296 290 367 327; x_wconf 70' lang='lat' dir='ltr'><strong>est,</strong></span> <span class='ocrx_word' id='word_1_4' title='bbox 401 290 478 327; x_wconf 78' lang='lat' dir='ltr'><strong>Hoc,</strong></span> <span class='ocrx_word' id='word_1_5' title='bbox 502 290 587 328; x_wconf 74' lang='lat' dir='ltr'><strong>quoa</strong></span> <span class='ocrx_word' id='word_1_6' title='bbox 607 292 746 321; x_wconf 64' lang='lat' dir='ltr'><strong>continet</strong></span> <span class='ocrx_word' id='word_1_7' title='bbox 767 290 896 322; x_wconf 70' lang='lat' dir='ltr'><strong>omnia?</strong></span> <span class='ocrx_word' id='word_1_8' title='bbox 939 292 1013 331; x_wconf 79' lang='lat' dir='ltr'><strong>Hoc,</strong></span> <span class='ocrx_word' id='word_1_9' title='bbox 1037 285 1133 339; x_wconf 88' lang='lat' dir='ltr'><strong>quid</strong></span> <span class='ocrx_word' id='word_1_10' title='bbox 1158 291 1161 338; x_wconf 67' lang='grc' dir='ltr'><em>ξ</em></span> 
     </span>
    </p>
   </div>
   <div class='ocr_carea' id='block_1_3' title="bbox 1158 347 1160 372">
    <p class='ocr_par' dir='ltr' id='par_1_3' title="bbox 1158 347 1160 372">
     <span class='ocr_line' id='line_1_3' title="bbox 1158 347 1160 372; baseline 0 0"><span class='ocrx_word' id='word_1_11' title='bbox 1158 347 1160 372; x_wconf 78' lang='lat' dir='ltr'><strong>l</strong></span> 
     </span>
    </p>
   </div>
   <div class='ocr_carea' id='block_1_4' title="bbox 154 358 1132 409">
    <p class='ocr_par' dir='ltr' id='par_1_4' title="bbox 154 358 1132 409">
     <span class='ocr_line' id='line_1_4' title="bbox 154 358 1132 409; baseline 0.003 -10"><span class='ocrx_word' id='word_1_12' title='bbox 154 358 431 400; x_wconf 73' lang='lat' dir='ltr'><strong>demonstrat?</strong></span> <span class='ocrx_word' id='word_1_13' title='bbox 494 358 617 409; x_wconf 87' lang='lat' dir='ltr'><strong>Quod</strong></span> <span class='ocrx_word' id='word_1_14' title='bbox 649 367 711 400; x_wconf 82' lang='lat' dir='ltr'><strong>est</strong></span> <span class='ocrx_word' id='word_1_15' title='bbox 741 362 1040 402; x_wconf 76' lang='lat' dir='ltr'><strong>substantivum</strong></span> <span class='ocrx_word' id='word_1_16' title='bbox 1072 362 1132 402; x_wconf 88' lang='lat' dir='ltr'><strong>in-</strong></span> 
     </span>
    </p>
   </div>
   <div class='ocr_carea' id='block_1_5' title="bbox 1157 409 1161 420">
    <p class='ocr_par' dir='ltr' id='par_1_5' title="bbox 1157 409 1161 420">
     <span class='ocr_line' id='line_1_5' title="bbox 1157 409 1161 420; baseline 0 0"><span class='ocrx_word' id='word_1_17' title='bbox 1157 409 1161 420; x_wconf 71' lang='lat' dir='ltr'><strong>t</strong></span> 
     </span>
    </p>
   </div>
   <div class='ocr_carea' id='block_1_6' title="bbox 317 436 946 491">
    <p class='ocr_par' dir='ltr' id='par_1_6' title="bbox 317 436 946 491">
     <span class='ocr_line' id='line_1_6' title="bbox 317 436 946 491; baseline 0 -16"><span class='ocrx_word' id='word_1_18' title='bbox 317 436 523 476; x_wconf 81' lang='lat' dir='ltr'>tellectum</span> <span class='ocrx_word' id='word_1_19' title='bbox 555 436 596 477; x_wconf 90' lang='lat' dir='ltr'><strong>in</strong></span> <span class='ocrx_word' id='word_1_20' title='bbox 626 437 819 491; x_wconf 83' lang='lat' dir='ltr'><strong>particula</strong></span> <span class='ocrx_word' id='word_1_21' title='bbox 860 443 946 476; x_wconf 76' lang='lat' dir='ltr'><strong>Hoc?</strong></span> 
     </span>
    </p>
   </div>
   <div class='ocr_carea' id='block_1_7' title="bbox 146 542 1159 1317">
    <p class='ocr_par' dir='ltr' id='par_1_7' title="bbox 146 542 1159 1317">
     <span class='ocr_line' id='line_1_7' title="bbox 239 542 1131 586; baseline 0.003 -13"><span class='ocrx_word' id='word_1_22' title='bbox 239 542 360 574; x_wconf 89' lang='lat' dir='ltr'><strong>Versio</strong></span> <span class='ocrx_word' id='word_1_23' title='bbox 395 550 445 575; x_wconf 89' lang='lat' dir='ltr'><strong>est</strong></span> <span class='ocrx_word' id='word_1_24' title='bbox 468 543 553 576; x_wconf 89' lang='lat' dir='ltr'><strong>male</strong></span> <span class='ocrx_word' id='word_1_25' title='bbox 577 545 714 577; x_wconf 78' lang='lat' dir='ltr'><strong>reddita.</strong></span> <span class='ocrx_word' id='word_1_26' title='bbox 772 545 909 580; x_wconf 81' lang='lat' dir='ltr'><strong>Quidam</strong></span> <span class='ocrx_word' id='word_1_27' title='bbox 952 551 1131 586; x_wconf 83' lang='lat' dir='ltr'><strong>exponunt,</strong></span> 
     </span>
     <span class='ocr_line' id='line_1_8' title="bbox 150 587 1131 629; baseline 0.003 -13"><span class='ocrx_word' id='word_1_28' title='bbox 150 587 209 617; x_wconf 73' lang='lat' dir='ltr'><strong>hoc</strong></span> <span class='ocrx_word' id='word_1_29' title='bbox 231 587 316 625; x_wconf 82' lang='lat' dir='ltr'><strong>qnod</strong></span> <span class='ocrx_word' id='word_1_30' title='bbox 337 589 477 618; x_wconf 69' lang='lat' dir='ltr'><strong>contines</strong></span> <span class='ocrx_word' id='word_1_31' title='bbox 497 591 618 627; x_wconf 79' lang='lat' dir='ltr'><strong>omnia,</strong></span> <span class='ocrx_word' id='word_1_32' title='bbox 646 588 687 619; x_wconf 89' lang='lat' dir='ltr'><strong>de</strong></span> <span class='ocrx_word' id='word_1_33' title='bbox 710 588 848 626; x_wconf 89' lang='lat' dir='ltr'><strong>mundo,</strong></span> <span class='ocrx_word' id='word_1_34' title='bbox 886 588 941 629; x_wconf 87' lang='lat' dir='ltr'><strong>qui</strong></span> <span class='ocrx_word' id='word_1_35' title='bbox 966 589 1131 619; x_wconf 88' lang='lat' dir='ltr'><strong>contineat</strong></span> 
     </span>
     <span class='ocr_line' id='line_1_9' title="bbox 150 630 1132 670; baseline 0.003 -11"><span class='ocrx_word' id='word_1_36' title='bbox 150 634 284 659; x_wconf 84' lang='lat' dir='ltr'><strong>caetera</strong></span> <span class='ocrx_word' id='word_1_37' title='bbox 306 638 458 670; x_wconf 80' lang='lat' dir='ltr'><strong>corpora.</strong></span> <span class='ocrx_word' id='word_1_38' title='bbox 504 630 625 662; x_wconf 86' lang='lat' dir='ltr'>Postea</span> <span class='ocrx_word' id='word_1_39' title='bbox 648 634 814 663; x_wconf 72' lang='lat' dir='ltr'><strong>scientiam</strong></span> <span class='ocrx_word' id='word_1_40' title='bbox 838 632 922 663; x_wconf 59' lang='lat' dir='ltr'><strong>voc-zis-</strong></span> <span class='ocrx_word' id='word_1_41' title='bbox 942 632 1047 669; x_wconf 71' lang='lat' dir='ltr'><strong>habet,</strong></span> <span class='ocrx_word' id='word_1_42' title='bbox 1076 631 1132 662; x_wconf 90' lang='lat' dir='ltr'><strong>de·</strong></span> 
     </span>
     <span class='ocr_line' id='line_1_10' title="bbox 150 671 1159 714; baseline 0.002 -12"><span class='ocrx_word' id='word_1_43' title='bbox 150 676 319 702; x_wconf 88' lang='lat' dir='ltr'><strong>torserunt</strong></span> <span class='ocrx_word' id='word_1_44' title='bbox 347 672 390 703; x_wconf 83' lang='lat' dir='ltr'><strong>ad</strong></span> <span class='ocrx_word' id='word_1_45' title='bbox 423 671 556 714; x_wconf 78' lang='lat' dir='ltr'>linguas</span> <span class='ocrx_word' id='word_1_46' title='bbox 594 674 724 712; x_wconf 83' lang='lat' dir='ltr'><strong>varias,</strong></span> <span class='ocrx_word' id='word_1_47' title='bbox 768 674 887 714; x_wconf 85' lang='lat' dir='ltr'><strong>quibus</strong></span> <span class='ocrx_word' id='word_1_48' title='bbox 921 672 1021 704; x_wconf 91' lang='lat' dir='ltr'><strong>locuti</strong></span> <span class='ocrx_word' id='word_1_49' title='bbox 1055 679 1159 704; x_wconf 75' lang='lat' dir='ltr'><strong>sunt·</strong></span> 
     </span>
     <span class='ocr_line' id='line_1_11' title="bbox 149 712 1159 756; baseline 0.003 -12"><span class='ocrx_word' id='word_1_50' title='bbox 149 712 324 755; x_wconf 81' lang='lat' dir='ltr'><strong>Apostoli3</strong></span> <span class='ocrx_word' id='word_1_51' title='bbox 364 716 457 756; x_wconf 78' lang='lat' dir='ltr'><strong>quasi</strong></span> <span class='ocrx_word' id='word_1_52' title='bbox 492 715 558 747; x_wconf 87' lang='lat' dir='ltr'><strong>hoc</strong></span> <span class='ocrx_word' id='word_1_53' title='bbox 591 717 733 748; x_wconf 86' lang='lat' dir='ltr'><strong>dicatur:</strong></span> <span class='ocrx_word' id='word_1_54' title='bbox 778 715 922 747; x_wconf 82' lang='lat' dir='ltr'><strong>Mundus</strong></span> <span class='ocrx_word' id='word_1_55' title='bbox 957 717 1159 747; x_wconf 65' lang='lat' dir='ltr'><strong>continens*</strong></span> 
     </span>
     <span class='ocr_line' id='line_1_12' title="bbox 149 756 1131 801; baseline 0.003 -14"><span class='ocrx_word' id='word_1_56' title='bbox 149 757 271 795; x_wconf 90' lang='lat' dir='ltr'><strong>omnia,</strong></span> <span class='ocrx_word' id='word_1_57' title='bbox 293 756 444 799; x_wconf 82' lang='lat' dir='ltr'><strong>intelligit</strong></span> <span class='ocrx_word' id='word_1_58' title='bbox 467 757 585 789; x_wconf 81' lang='lat' dir='ltr'><strong>multas</strong></span> <span class='ocrx_word' id='word_1_59' title='bbox 609 758 749 801; x_wconf 74' lang='lat' dir='ltr'><strong>linguas.</strong></span> <span class='ocrx_word' id='word_1_60' title='bbox 796 759 863 789; x_wconf 81' lang='lat' dir='ltr'><strong>Sed</strong></span> <span class='ocrx_word' id='word_1_61' title='bbox 883 769 948 790; x_wconf 91' lang='lat' dir='ltr'><strong>non</strong></span> <span class='ocrx_word' id='word_1_62' title='bbox 974 765 1025 790; x_wconf 84' lang='lat' dir='ltr'><strong>est</strong></span> <span class='ocrx_word' id='word_1_63' title='bbox 1047 759 1131 790; x_wconf 83' lang='lat' dir='ltr'><strong>haec</strong></span> 
     </span>
     <span class='ocr_line' id='line_1_13' title="bbox 149 800 1130 840; baseline 0.004 -11"><span class='ocrx_word' id='word_1_64' title='bbox 149 800 323 831; x_wconf 74' lang='lat' dir='ltr'><strong>sententia.</strong></span> <span class='ocrx_word' id='word_1_65' title='bbox 368 802 436 832; x_wconf 77' lang='lat' dir='ltr'><strong>Hoc</strong></span> <span class='ocrx_word' id='word_1_66' title='bbox 457 803 542 840; x_wconf 81' lang='lat' dir='ltr'><strong>quod</strong></span> <span class='ocrx_word' id='word_1_67' title='bbox 562 805 704 833; x_wconf 74' lang='lat' dir='ltr'><strong>continet</strong></span> <span class='ocrx_word' id='word_1_68' title='bbox 723 802 838 840; x_wconf 81' lang='lat' dir='ltr'><strong>omnia,</strong></span> <span class='ocrx_word' id='word_1_69' title='bbox 862 802 894 832; x_wconf 91' lang='lat' dir='ltr'><strong>in</strong></span> <span class='ocrx_word' id='word_1_70' title='bbox 907 801 1039 834; x_wconf 86' lang='lat' dir='ltr'><strong>Graeco</strong></span> <span class='ocrx_word' id='word_1_71' title='bbox 1063 808 1130 833; x_wconf 91' lang='lat' dir='ltr'><strong>est:</strong></span> 
     </span>
     <span class='ocr_line' id='line_1_14' title="bbox 149 841 1130 885; baseline 0.005 -13"><span class='ocrx_word' id='word_1_72' title='bbox 149 845 200 873; x_wconf 78' lang='grc' dir='ltr'><strong>καὶ</strong></span> <span class='ocrx_word' id='word_1_73' title='bbox 222 841 254 872; x_wconf 78' lang='grc' dir='ltr'><strong>τὸ</strong></span> <span class='ocrx_word' id='word_1_74' title='bbox 278 841 419 883; x_wconf 78' lang='lat' dir='ltr'><strong>(scilicet</strong></span> <span class='ocrx_word' id='word_1_75' title='bbox 443 845 574 885; x_wconf 75' lang='grc' dir='ltr'>πνεῦμα)</span> <span class='ocrx_word' id='word_1_76' title='bbox 599 845 694 875; x_wconf 73' lang='grc' dir='ltr'><em>πάντα</em></span> <span class='ocrx_word' id='word_1_77' title='bbox 717 845 854 884; x_wconf 77' lang='grc' dir='ltr'><strong>σύνεχον,</strong></span> <span class='ocrx_word' id='word_1_78' title='bbox 885 845 917 875; x_wconf 78' lang='lat' dir='ltr'><strong>id</strong></span> <span class='ocrx_word' id='word_1_79' title='bbox 941 851 1003 883; x_wconf 79' lang='lat' dir='ltr'><strong>est,</strong></span> <span class='ocrx_word' id='word_1_80' title='bbox 1027 846 1130 885; x_wconf 78' lang='lat' dir='ltr'><strong>Spiri-</strong></span> 
     </span>
     <span class='ocr_line' id='line_1_15' title="bbox 148 886 1131 924; baseline 0.003 -8"><span class='ocrx_word' id='word_1_81' title='bbox 148 889 201 916; x_wconf 70' lang='lat' dir='ltr'><strong>tus</strong></span> <span class='ocrx_word' id='word_1_82' title='bbox 224 889 334 917; x_wconf 81' lang='lat' dir='ltr'><strong>omnia</strong></span> <span class='ocrx_word' id='word_1_83' title='bbox 366 890 544 924; x_wconf 72' lang='lat' dir='ltr'><strong>corzttuens,</strong></span> <span class='ocrx_word' id='word_1_84' title='bbox 583 886 720 921; x_wconf 80' lang='lat' dir='ltr'><strong>fovens.</strong></span> <span class='ocrx_word' id='word_1_85' title='bbox 750 897 967 918; x_wconf 83' lang='lat' dir='ltr'><strong>conservans.</strong></span> <span class='ocrx_word' id='word_1_86' title='bbox 1019 888 1131 920; x_wconf 70' lang='lat' dir='ltr'><strong>›Scien-</strong></span> 
     </span>
     <span class='ocr_line' id='line_1_16' title="bbox 147 928 1131 972; baseline 0.005 -14"><span class='ocrx_word' id='word_1_87' title='bbox 147 931 224 959; x_wconf 80' lang='lat' dir='ltr'><strong>tiam</strong></span> <span class='ocrx_word' id='word_1_88' title='bbox 238 931 322 961; x_wconf 67' lang='lat' dir='ltr'><strong>voela</strong></span> <span class='ocrx_word' id='word_1_89' title='bbox 332 930 434 968; x_wconf 77' lang='lat' dir='ltr'><strong>leabet,</strong></span> <span class='ocrx_word' id='word_1_90' title='bbox 457 930 489 960; x_wconf 87' lang='lat' dir='ltr'><strong>id</strong></span> <span class='ocrx_word' id='word_1_91' title='bbox 502 935 564 967; x_wconf 84' lang='lat' dir='ltr'><strong>est,</strong></span> <span class='ocrx_word' id='word_1_92' title='bbox 589 928 752 972; x_wconf 84' lang='lat' dir='ltr'><strong>intelligit,</strong></span> <span class='ocrx_word' id='word_1_93' title='bbox 775 931 875 965; x_wconf 87' lang='lat' dir='ltr'><strong>audit,</strong></span> <span class='ocrx_word' id='word_1_94' title='bbox 899 931 989 962; x_wconf 87' lang='lat' dir='ltr'><strong>videt</strong></span> <span class='ocrx_word' id='word_1_95' title='bbox 1005 931 1131 967; x_wconf 80' lang='lat' dir='ltr'><strong>omnia3</strong></span> 
     </span>
     <span class='ocr_line' id='line_1_17' title="bbox 150 969 1131 1013; baseline 0.004 -12"><span class='ocrx_word' id='word_1_96' title='bbox 150 969 303 1012; x_wconf 84' lang='lat' dir='ltr'><strong>intelligit</strong></span> <span class='ocrx_word' id='word_1_97' title='bbox 327 972 545 1013; x_wconf 82' lang='lat' dir='ltr'><strong>cogitationes</strong></span> <span class='ocrx_word' id='word_1_98' title='bbox 580 979 733 1007; x_wconf 53' lang='lat' dir='ltr'><strong>nostram</strong></span> <span class='ocrx_word' id='word_1_99' title='bbox 766 973 856 1004; x_wconf 86' lang='lat' dir='ltr'><strong>audit</strong></span> <span class='ocrx_word' id='word_1_100' title='bbox 885 973 973 1004; x_wconf 86' lang='lat' dir='ltr'><strong>dicto</strong></span> <span class='ocrx_word' id='word_1_101' title='bbox 1003 979 1131 1012; x_wconf 84' lang='lat' dir='ltr'><strong>nostra,</strong></span> 
     </span>
     <span class='ocr_line' id='line_1_18' title="bbox 149 1012 1130 1058; baseline 0.004 -14"><span class='ocrx_word' id='word_1_102' title='bbox 149 1013 238 1045; x_wconf 83' lang='lat' dir='ltr'><strong>videt</strong></span> <span class='ocrx_word' id='word_1_103' title='bbox 262 1012 351 1046; x_wconf 80' lang='lat' dir='ltr'><strong>saeta</strong></span> <span class='ocrx_word' id='word_1_104' title='bbox 374 1021 500 1046; x_wconf 81' lang='lat' dir='ltr'><strong>nostra.</strong></span> <span class='ocrx_word' id='word_1_105' title='bbox 543 1014 603 1046; x_wconf 73' lang='lat' dir='ltr'><strong>Est</strong></span> <span class='ocrx_word' id='word_1_106' title='bbox 627 1014 793 1056; x_wconf 86' lang='lat' dir='ltr'><strong>generalis</strong></span> <span class='ocrx_word' id='word_1_107' title='bbox 818 1016 990 1055; x_wconf 88' lang='lat' dir='ltr'><strong>sententia,</strong></span> <span class='ocrx_word' id='word_1_108' title='bbox 1014 1016 1130 1058; x_wconf 88' lang='lat' dir='ltr'><strong>quales</strong></span> 
     </span>
     <span class='ocr_line' id='line_1_19' title="bbox 148 1055 1135 1100; baseline 0.005 -13"><span class='ocrx_word' id='word_1_109' title='bbox 148 1063 226 1088; x_wconf 85' lang='lat' dir='ltr'><strong>sunt</strong></span> <span class='ocrx_word' id='word_1_110' title='bbox 249 1055 326 1089; x_wconf 87' lang='lat' dir='ltr'><strong>illae</strong></span> <span class='ocrx_word' id='word_1_111' title='bbox 347 1058 380 1088; x_wconf 89' lang='lat' dir='ltr'><strong>in</strong></span> <span class='ocrx_word' id='word_1_112' title='bbox 400 1056 556 1088; x_wconf 75' lang='lat' dir='ltr'><strong>Psalmis:</strong></span> <span class='ocrx_word' id='word_1_113' title='bbox 586 1060 668 1089; x_wconf 80' lang='lat' dir='ltr'><em>Videt</em></span> <span class='ocrx_word' id='word_1_114' title='bbox 686 1060 774 1097; x_wconf 72' lang='lat' dir='ltr'><strong>filius</strong></span> <span class='ocrx_word' id='word_1_115' title='bbox 795 1060 966 1099; x_wconf 79' lang='lat' dir='ltr'><strong>hominum,</strong></span> <span class='ocrx_word' id='word_1_116' title='bbox 989 1065 1022 1091; x_wconf 83' lang='lat' dir='ltr'><strong>ec</strong></span> <span class='ocrx_word' id='word_1_117' title='bbox 1040 1061 1135 1100; x_wconf 73' lang='lat' dir='ltr'><strong>finqe&#39;t</strong></span> 
     </span>
     <span class='ocr_line' id='line_1_20' title="bbox 149 1102 1132 1141; baseline 0.004 -11"><span class='ocrx_word' id='word_1_118' title='bbox 149 1102 344 1138; x_wconf 70' lang='lat' dir='ltr'><strong>sinye&#39;llatem</strong></span> <span class='ocrx_word' id='word_1_119' title='bbox 367 1102 467 1131; x_wconf 80' lang='lat' dir='ltr'><strong>corda</strong></span> <span class='ocrx_word' id='word_1_120' title='bbox 489 1110 616 1133; x_wconf 75' lang='lat' dir='ltr'><strong>emwn:</strong></span> <span class='ocrx_word' id='word_1_121' title='bbox 642 1103 702 1139; x_wconf 83' lang='lat' dir='ltr'><strong>Qui</strong></span> <span class='ocrx_word' id='word_1_122' title='bbox 730 1104 812 1141; x_wconf 81' lang='lat' dir='ltr'><strong>fecit</strong></span> <span class='ocrx_word' id='word_1_123' title='bbox 832 1111 956 1141; x_wconf 83' lang='lat' dir='ltr'><strong>aurem,</strong></span> <span class='ocrx_word' id='word_1_124' title='bbox 991 1113 1054 1134; x_wconf 81' lang='lat' dir='ltr'><strong>non</strong></span> <span class='ocrx_word' id='word_1_125' title='bbox 1077 1113 1132 1135; x_wconf 81' lang='lat' dir='ltr'><strong>aa·</strong></span> 
     </span>
     <span class='ocr_line' id='line_1_21' title="bbox 146 1142 1130 1186; baseline 0.003 -13"><span class='ocrx_word' id='word_1_126' title='bbox 146 1142 241 1174; x_wconf 79' lang='lat' dir='ltr'><strong>diat?</strong></span> <span class='ocrx_word' id='word_1_127' title='bbox 289 1144 350 1180; x_wconf 72' lang='lat' dir='ltr'><strong>Qui</strong></span> <span class='ocrx_word' id='word_1_128' title='bbox 377 1145 459 1183; x_wconf 78' lang='lat' dir='ltr'><strong>fecit</strong></span> <span class='ocrx_word' id='word_1_129' title='bbox 493 1146 615 1180; x_wconf 68' lang='lat' dir='ltr'><strong>vados,</strong></span> <span class='ocrx_word' id='word_1_130' title='bbox 649 1154 692 1175; x_wconf 84' lang='lat' dir='ltr'><strong>an</strong></span> <span class='ocrx_word' id='word_1_131' title='bbox 730 1154 793 1176; x_wconf 78' lang='lat' dir='ltr'><strong>non</strong></span> <span class='ocrx_word' id='word_1_132' title='bbox 831 1145 977 1176; x_wconf 71' lang='lat' dir='ltr'><strong>videret?</strong></span> <span class='ocrx_word' id='word_1_133' title='bbox 1032 1145 1130 1186; x_wconf 83' lang='lat' dir='ltr'>Apud</span> 
     </span>
     <span class='ocr_line' id='line_1_22' title="bbox 146 1183 1131 1223; baseline 0.004 -8"><span class='ocrx_word' id='word_1_134' title='bbox 146 1183 325 1217; x_wconf 79' lang='lat' dir='ltr'>Homerum</span> <span class='ocrx_word' id='word_1_135' title='bbox 358 1192 426 1217; x_wconf 84' lang='lat' dir='ltr'><strong>est:</strong></span> <span class='ocrx_word' id='word_1_136' title='bbox 460 1186 535 1222; x_wconf 75' lang='grc' dir='ltr'><strong>Ζεύς</strong></span> <span class='ocrx_word' id='word_1_137' title='bbox 556 1186 651 1216; x_wconf 78' lang='grc' dir='ltr'><em>πάντα</em></span> <span class='ocrx_word' id='word_1_138' title='bbox 675 1186 761 1223; x_wconf 71' lang='grc' dir='ltr'><em>ἰδών,</em></span> <span class='ocrx_word' id='word_1_139' title='bbox 780 1189 831 1217; x_wconf 79' lang='grc' dir='ltr'><strong>καὶ</strong></span> <span class='ocrx_word' id='word_1_140' title='bbox 852 1187 937 1218; x_wconf 76' lang='grc' dir='ltr'><em>πάντ’</em></span> <span class='ocrx_word' id='word_1_141' title='bbox 960 1188 1131 1219; x_wconf 72' lang='grc' dir='ltr'><em>ἐπακούωνε</em></span> 
     </span>
     <span class='ocr_line' id='line_1_23' title="bbox 157 1227 1159 1317; baseline 0.005 -60"><span class='ocrx_word' id='word_1_142' title='bbox 157 1228 243 1260; x_wconf 73' lang='lat' dir='ltr'><strong>Videt</strong></span> <span class='ocrx_word' id='word_1_143' title='bbox 274 1227 367 1260; x_wconf 70' lang='lat' dir='ltr'><strong>Deus</strong></span> <span class='ocrx_word' id='word_1_144' title='bbox 399 1230 514 1268; x_wconf 80' lang='lat' dir='ltr'><strong>onmia,</strong></span> <span class='ocrx_word' id='word_1_145' title='bbox 537 1233 568 1261; x_wconf 81' lang='lat' dir='ltr'><strong>e!</strong></span> <span class='ocrx_word' id='word_1_146' title='bbox 591 1229 683 1261; x_wconf 72' lang='lat' dir='ltr'><strong>audit</strong></span> <span class='ocrx_word' id='word_1_147' title='bbox 701 1233 816 1261; x_wconf 82' lang='lat' dir='ltr'><strong>omnia.</strong></span> <span class='ocrx_word' id='word_1_148' title='bbox 1154 1247 1159 1317; x_wconf 66' lang='grc'><strong>,</strong></span> 
     </span>
    </p>
   </div>
   <div class='ocr_carea' id='block_1_8' title="bbox 143 1286 1131 1620">
    <p class='ocr_par' dir='ltr' id='par_1_8' title="bbox 143 1286 1131 1620">
     <span class='ocr_line' id='line_1_24' title="bbox 233 1286 1130 1330; baseline 0.004 -13"><span class='ocrx_word' id='word_1_149' title='bbox 233 1286 330 1325; x_wconf 82' lang='lat' dir='ltr'><strong>Illud,</strong></span> <span class='ocrx_word' id='word_1_150' title='bbox 351 1291 515 1320; x_wconf 76' lang='lat' dir='ltr'><strong>continere</strong></span> <span class='ocrx_word' id='word_1_151' title='bbox 536 1289 654 1326; x_wconf 83' lang='lat' dir='ltr'><strong>mnm&#39;a,</strong></span> <span class='ocrx_word' id='word_1_152' title='bbox 678 1289 796 1320; x_wconf 87' lang='lat' dir='ltr'><strong>dicitur</strong></span> <span class='ocrx_word' id='word_1_153' title='bbox 819 1289 860 1320; x_wconf 86' lang='lat' dir='ltr'><strong>de</strong></span> <span class='ocrx_word' id='word_1_154' title='bbox 880 1289 1029 1330; x_wconf 82' lang='lat' dir='ltr'><strong>generali</strong></span> <span class='ocrx_word' id='word_1_155' title='bbox 1052 1300 1130 1321; x_wconf 92' lang='lat' dir='ltr'><strong>con-</strong></span> 
     </span>
     <span class='ocr_line' id='line_1_25' title="bbox 146 1330 1130 1373; baseline 0.003 -12"><span class='ocrx_word' id='word_1_156' title='bbox 146 1330 337 1361; x_wconf 78' lang='lat' dir='ltr'><strong>servatione</strong></span> <span class='ocrx_word' id='word_1_157' title='bbox 360 1340 468 1361; x_wconf 89' lang='lat' dir='ltr'><strong>rerum</strong></span> <span class='ocrx_word' id='word_1_158' title='bbox 493 1331 647 1362; x_wconf 89' lang='lat' dir='ltr'><strong>omnium.</strong></span> <span class='ocrx_word' id='word_1_159' title='bbox 693 1331 868 1363; x_wconf 67' lang='lat' dir='ltr'><strong>Scientsam</strong></span> <span class='ocrx_word' id='word_1_160' title='bbox 890 1335 975 1364; x_wconf 67' lang='lat' dir='ltr'><strong>roc-225·</strong></span> <span class='ocrx_word' id='word_1_161' title='bbox 1002 1332 1130 1373; x_wconf 82' lang='lat' dir='ltr'><strong>habere,</strong></span> 
     </span>
     <span class='ocr_line' id='line_1_26' title="bbox 146 1373 1131 1415; baseline 0.005 -12"><span class='ocrx_word' id='word_1_162' title='bbox 146 1378 197 1404; x_wconf 89' lang='lat' dir='ltr'><strong>est</strong></span> <span class='ocrx_word' id='word_1_163' title='bbox 223 1373 308 1403; x_wconf 87' lang='lat' dir='ltr'><strong>idem</strong></span> <span class='ocrx_word' id='word_1_164' title='bbox 332 1373 439 1414; x_wconf 81' lang='lat' dir='ltr'><strong>quod,</strong></span> <span class='ocrx_word' id='word_1_165' title='bbox 473 1373 568 1406; x_wconf 88' lang='lat' dir='ltr'><strong>Deus</strong></span> <span class='ocrx_word' id='word_1_166' title='bbox 604 1380 654 1405; x_wconf 85' lang='lat' dir='ltr'><strong>est</strong></span> <span class='ocrx_word' id='word_1_167' title='bbox 689 1373 943 1415; x_wconf 74' lang='grc' dir='ltr'><strong>παρδιογνιόσιης,</strong></span> <span class='ocrx_word' id='word_1_168' title='bbox 968 1378 1131 1415; x_wconf 72' lang='lat' dir='ltr'><strong>inspector</strong></span> 
     </span>
     <span class='ocr_line' id='line_1_27' title="bbox 145 1414 1131 1459; baseline 0.003 -12"><span class='ocrx_word' id='word_1_169' title='bbox 145 1417 308 1448; x_wconf 78' lang='lat' dir='ltr'><strong>cordium:</strong></span> <span class='ocrx_word' id='word_1_170' title='bbox 342 1414 407 1454; x_wconf 81' lang='lat' dir='ltr'><strong>vel,</strong></span> <span class='ocrx_word' id='word_1_171' title='bbox 431 1422 466 1447; x_wconf 92' lang='lat' dir='ltr'><strong>ut</strong></span> <span class='ocrx_word' id='word_1_172' title='bbox 489 1415 645 1448; x_wconf 88' lang='lat' dir='ltr'><strong>Comicus</strong></span> <span class='ocrx_word' id='word_1_173' title='bbox 669 1417 789 1458; x_wconf 89' lang='lat' dir='ltr'><strong>inquit:</strong></span> <span class='ocrx_word' id='word_1_174' title='bbox 824 1418 883 1449; x_wconf 74' lang='lat' dir='ltr'><strong>Est</strong></span> <span class='ocrx_word' id='word_1_175' title='bbox 901 1420 1053 1458; x_wconf 79' lang='lat' dir='ltr'><strong>profecto</strong></span> <span class='ocrx_word' id='word_1_176' title='bbox 1075 1420 1131 1459; x_wconf 81' lang='lat' dir='ltr'><strong>qai</strong></span> 
     </span>
     <span class='ocr_line' id='line_1_28' title="bbox 145 1460 1131 1500; baseline 0.003 -11"><span class='ocrx_word' id='word_1_177' title='bbox 145 1468 226 1499; x_wconf 70' lang='lat' dir='ltr'><strong>quae</strong></span> <span class='ocrx_word' id='word_1_178' title='bbox 260 1468 319 1491; x_wconf 77' lang='lat' dir='ltr'><strong>nos</strong></span> <span class='ocrx_word' id='word_1_179' title='bbox 348 1460 494 1498; x_wconf 73' lang='lat' dir='ltr'><strong>yet-imus</strong></span> <span class='ocrx_word' id='word_1_180' title='bbox 529 1460 679 1500; x_wconf 78' lang='lat' dir='ltr'><em>auditque</em></span> <span class='ocrx_word' id='word_1_181' title='bbox 712 1464 747 1491; x_wconf 81' lang='lat' dir='ltr'><strong>et</strong></span> <span class='ocrx_word' id='word_1_182' title='bbox 776 1460 861 1492; x_wconf 75' lang='lat' dir='ltr'><strong>ridet</strong></span> <span class='ocrx_word' id='word_1_183' title='bbox 892 1461 993 1492; x_wconf 72' lang='lat' dir='ltr'><strong>Deus.</strong></span> <span class='ocrx_word' id='word_1_184' title='bbox 1049 1460 1131 1492; x_wconf 91' lang='lat' dir='ltr'><strong>Vult</strong></span> 
     </span>
     <span class='ocr_line' id='line_1_29' title="bbox 149 1501 1130 1542; baseline 0.002 -9"><span class='ocrx_word' id='word_1_185' title='bbox 149 1502 279 1533; x_wconf 78' lang='lat' dir='ltr'><strong>dicere:</strong></span> <span class='ocrx_word' id='word_1_186' title='bbox 320 1501 456 1533; x_wconf 76' lang='lat' dir='ltr'>Etiamsi</span> <span class='ocrx_word' id='word_1_187' title='bbox 502 1512 589 1534; x_wconf 94' lang='lat' dir='ltr'><strong>nunc</strong></span> <span class='ocrx_word' id='word_1_188' title='bbox 629 1503 838 1535; x_wconf 82' lang='lat' dir='ltr'><strong>contemnitis</strong></span> <span class='ocrx_word' id='word_1_189' title='bbox 866 1503 1021 1535; x_wconf 90' lang='lat' dir='ltr'><strong>iudicium</strong></span> <span class='ocrx_word' id='word_1_190' title='bbox 1054 1503 1130 1542; x_wconf 91' lang='lat' dir='ltr'><strong>Dei,</strong></span> 
     </span>
     <span class='ocr_line' id='line_1_30' title="bbox 144 1545 1130 1588; baseline 0.003 -13"><span class='ocrx_word' id='word_1_191' title='bbox 144 1549 253 1576; x_wconf 86' lang='lat' dir='ltr'><strong>tamen</strong></span> <span class='ocrx_word' id='word_1_192' title='bbox 273 1545 405 1583; x_wconf 86' lang='lat' dir='ltr'><strong>scitote,</strong></span> <span class='ocrx_word' id='word_1_193' title='bbox 438 1554 511 1577; x_wconf 90' lang='lat' dir='ltr'><strong>eum</strong></span> <span class='ocrx_word' id='word_1_194' title='bbox 535 1555 612 1577; x_wconf 86' lang='lat' dir='ltr'><strong>esse</strong></span> <span class='ocrx_word' id='word_1_195' title='bbox 644 1547 880 1588; x_wconf 80' lang='lat' dir='ltr'><strong>inspectorem,</strong></span> <span class='ocrx_word' id='word_1_196' title='bbox 913 1547 1064 1584; x_wconf 87' lang='lat' dir='ltr'><strong>iudicem,</strong></span> <span class='ocrx_word' id='word_1_197' title='bbox 1097 1553 1130 1578; x_wconf 89' lang='lat' dir='ltr'><strong>et</strong></span> 
     </span>
     <span class='ocr_line' id='line_1_31' title="bbox 143 1587 486 1620; baseline 0.003 -2"><span class='ocrx_word' id='word_1_198' title='bbox 143 1587 308 1619; x_wconf 81' lang='lat' dir='ltr'><strong>vindicem</strong></span> <span class='ocrx_word' id='word_1_199' title='bbox 332 1588 486 1620; x_wconf 89' lang='lat' dir='ltr'><strong>omnium.</strong></span> 
     </span>
    </p>
   </div>
   <div class='ocr_carea' id='block_1_9' title="bbox 1155 1326 1159 1464">
    <p class='ocr_par' dir='ltr' id='par_1_9' title="bbox 1155 1326 1159 1464">
     <span class='ocr_line' id='line_1_32' title="bbox 1155 1326 1159 1464; baseline 0 1494"><span class='ocrx_word' id='word_1_200' title='bbox 1155 1326 1159 1464; x_wconf 95' lang='lat' dir='ltr'><strong> </strong></span> 
     </span>
    </p>
   </div>
   <div class='ocr_carea' id='block_1_10' title="bbox 1154 1485 1158 1554">
    <p class='ocr_par' dir='ltr' id='par_1_10' title="bbox 1154 1485 1158 1554">
     <span class='ocr_line' id='line_1_33' title="bbox 1154 1485 1158 1554; baseline 0 0"><span class='ocrx_word' id='word_1_201' title='bbox 1154 1485 1158 1554; x_wconf 95' lang='lat' dir='ltr'><strong> </strong></span> 
     </span>
    </p>
   </div>
   <div class='ocr_carea' id='block_1_11' title="bbox 1153 1560 1157 1656">
    <p class='ocr_par' dir='ltr' id='par_1_11' title="bbox 1153 1560 1157 1656">
     <span class='ocr_line' id='line_1_34' title="bbox 1153 1560 1157 1656; baseline 0 1302"><span class='ocrx_word' id='word_1_202' title='bbox 1153 1560 1157 1656; x_wconf 95' lang='lat' dir='ltr'><strong> </strong></span> 
     </span>
    </p>
   </div>
   <div class='ocr_carea' id='block_1_12' title="bbox 274 1648 997 1690">
    <p class='ocr_par' dir='ltr' id='par_1_12' title="bbox 274 1648 997 1690">
     <span class='ocr_line' id='line_1_35' title="bbox 274 1648 997 1690; baseline 0.001 -11"><span class='ocrx_word' id='word_1_203' title='bbox 274 1648 447 1688; x_wconf 74' lang='lat' dir='ltr'><strong>Asplcizme</strong></span> <span class='ocrx_word' id='word_1_204' title='bbox 466 1652 566 1682; x_wconf 69' lang='lat' dir='ltr'><strong>omlis</strong></span> <span class='ocrx_word' id='word_1_205' title='bbox 586 1653 699 1690; x_wconf 68' lang='lat' dir='ltr'><strong>superi</strong></span> <span class='ocrx_word' id='word_1_206' title='bbox 720 1652 872 1682; x_wconf 79' lang='lat' dir='ltr'><strong>mortalia</strong></span> <span class='ocrx_word' id='word_1_207' title='bbox 893 1651 997 1682; x_wconf 53' lang='lat' dir='ltr'><strong>iustas.</strong></span> 
     </span>
    </p>
   </div>
   <div class='ocr_carea' id='block_1_13' title="bbox 149 1716 1128 1836">
    <p class='ocr_par' dir='ltr' id='par_1_13' title="bbox 149 1716 1128 1836">
     <span class='ocr_line' id='line_1_36' title="bbox 223 1716 1128 1760; baseline 0.002 -13"><span class='ocrx_word' id='word_1_208' title='bbox 223 1716 326 1756; x_wconf 88' lang='grc' dir='ltr'>Ὄμμα</span> <span class='ocrx_word' id='word_1_209' title='bbox 352 1717 430 1754; x_wconf 81' lang='grc' dir='ltr'><em>Θεὸς</em></span> <span class='ocrx_word' id='word_1_210' title='bbox 463 1717 576 1749; x_wconf 74' lang='grc' dir='ltr'><em>ἔκδικον</em></span> <span class='ocrx_word' id='word_1_211' title='bbox 606 1719 677 1758; x_wconf 78' lang='grc' dir='ltr'><strong><em>ἔχει.</em></strong></span> <span class='ocrx_word' id='word_1_212' title='bbox 720 1717 944 1750; x_wconf 86' lang='lat' dir='ltr'><strong>Concionatur</strong></span> <span class='ocrx_word' id='word_1_213' title='bbox 965 1718 1128 1760; x_wconf 75' lang='lat' dir='ltr'><strong>tyrannis,</strong></span> 
     </span>
     <span class='ocr_line' id='line_1_37' title="bbox 149 1760 1127 1802; baseline 0.002 -11"><span class='ocrx_word' id='word_1_214' title='bbox 149 1761 211 1791; x_wconf 85' lang='lat' dir='ltr'><strong>imo</strong></span> <span class='ocrx_word' id='word_1_215' title='bbox 236 1760 388 1792; x_wconf 76' lang='lat' dir='ltr'><strong>omnibns</strong></span> <span class='ocrx_word' id='word_1_216' title='bbox 412 1762 693 1802; x_wconf 88' lang='lat' dir='ltr'><strong>contemptoribus</strong></span> <span class='ocrx_word' id='word_1_217' title='bbox 729 1760 804 1802; x_wconf 90' lang='lat' dir='ltr'><strong>Dei,</strong></span> <span class='ocrx_word' id='word_1_218' title='bbox 834 1767 863 1793; x_wconf 88' lang='lat' dir='ltr'><strong>et</strong></span> <span class='ocrx_word' id='word_1_219' title='bbox 886 1761 1026 1793; x_wconf 89' lang='lat' dir='ltr'><strong>minatur</strong></span> <span class='ocrx_word' id='word_1_220' title='bbox 1047 1760 1127 1800; x_wconf 82' lang='lat' dir='ltr'><strong>illis,</strong></span> 
     </span>
     <span class='ocr_line' id='line_1_38' title="bbox 149 1804 722 1836; baseline 0.003 -2"><span class='ocrx_word' id='word_1_221' title='bbox 149 1810 241 1835; x_wconf 86' lang='lat' dir='ltr'><strong>certo</strong></span> <span class='ocrx_word' id='word_1_222' title='bbox 265 1809 438 1835; x_wconf 85' lang='lat' dir='ltr'><strong>venturum</strong></span> <span class='ocrx_word' id='word_1_223' title='bbox 463 1814 538 1836; x_wconf 89' lang='lat' dir='ltr'><strong>esse</strong></span> <span class='ocrx_word' id='word_1_224' title='bbox 557 1804 722 1836; x_wconf 87' lang='lat' dir='ltr'><strong>iudicium.</strong></span> 
     </span>
    </p>
   </div>
   <div class='ocr_carea' id='block_1_14' title="bbox 447 1976 832 2108">
    <p class='ocr_par' dir='ltr' id='par_1_14' title="bbox 447 1976 832 2108">
     <span class='ocr_line' id='line_1_39' title="bbox 526 1976 756 2017; baseline 0 0"><span class='ocrx_word' id='word_1_225' title='bbox 526 1976 588 2017; x_wconf 91' lang='lat' dir='ltr'><strong>De</strong></span> <span class='ocrx_word' id='word_1_226' title='bbox 623 1977 756 2017; x_wconf 85' lang='lat' dir='ltr'><strong>dicto:</strong></span> 
     </span>
     <span class='ocr_line' id='line_1_40' title="bbox 447 2067 832 2108; baseline 0.003 -9"><span class='ocrx_word' id='word_1_227' title='bbox 447 2067 485 2100; x_wconf 67' lang='lat' dir='ltr'><strong>St</strong></span> <span class='ocrx_word' id='word_1_228' title='bbox 522 2068 593 2108; x_wconf 64' lang='lat' dir='ltr'><strong>quis</strong></span> <span class='ocrx_word' id='word_1_229' title='bbox 632 2069 738 2108; x_wconf 70' lang='lat' dir='ltr'><strong>dae&#39;liya‘t</strong></span> <span class='ocrx_word' id='word_1_230' title='bbox 773 2078 832 2101; x_wconf 88' lang='lat' dir='ltr'><strong>me.</strong></span> 
     </span>
    </p>
   </div>
   <div class='ocr_carea' id='block_1_15' title="bbox 148 2147 1157 2405">
    <p class='ocr_par' dir='ltr' id='par_1_15' title="bbox 148 2147 1157 2405">
     <span class='ocr_line' id='line_1_41' title="bbox 236 2147 1129 2196; baseline 0.001 -11"><span class='ocrx_word' id='word_1_231' title='bbox 236 2147 346 2181; x_wconf 74' lang='lat' dir='ltr'><strong>Valde</strong></span> <span class='ocrx_word' id='word_1_232' title='bbox 369 2154 550 2186; x_wconf 79' lang='lat' dir='ltr'><strong>obscurata</strong></span> <span class='ocrx_word' id='word_1_233' title='bbox 573 2161 625 2186; x_wconf 89' lang='lat' dir='ltr'><strong>est</strong></span> <span class='ocrx_word' id='word_1_234' title='bbox 652 2153 736 2186; x_wconf 84' lang='lat' dir='ltr'><strong>haec</strong></span> <span class='ocrx_word' id='word_1_235' title='bbox 766 2155 930 2186; x_wconf 76' lang='lat' dir='ltr'><strong>sententia</strong></span> <span class='ocrx_word' id='word_1_236' title='bbox 953 2155 1129 2196; x_wconf 84' lang='lat' dir='ltr'><strong>expositio-</strong></span> 
     </span>
     <span class='ocr_line' id='line_1_42' title="bbox 148 2191 1157 2240; baseline 0.002 -13"><span class='ocrx_word' id='word_1_237' title='bbox 148 2191 246 2223; x_wconf 63' lang='lat' dir='ltr'><strong>nibus</strong></span> <span class='ocrx_word' id='word_1_238' title='bbox 269 2193 423 2235; x_wconf 77' lang='lat' dir='ltr'><strong>diversis,</strong></span> <span class='ocrx_word' id='word_1_239' title='bbox 446 2203 622 2239; x_wconf 81' lang='lat' dir='ltr'><strong>propterea</strong></span> <span class='ocrx_word' id='word_1_240' title='bbox 668 2198 732 2230; x_wconf 90' lang='lat' dir='ltr'><strong>uod</strong></span> <span class='ocrx_word' id='word_1_241' title='bbox 757 2197 945 2239; x_wconf 79' lang='lat' dir='ltr'>Scriptores</span> <span class='ocrx_word' id='word_1_242' title='bbox 969 2197 1130 2240; x_wconf 85' lang='lat' dir='ltr'><strong>plaerum-</strong></span> <span class='ocrx_word' id='word_1_243' title='bbox 1156 2216 1157 2219; x_wconf 67' lang='lat'><em>=</em></span> 
     </span>
     <span class='ocr_line' id='line_1_43' title="bbox 150 2236 1157 2283; baseline 0.005 -17"><span class='ocrx_word' id='word_1_244' title='bbox 150 2244 215 2276; x_wconf 86' lang='lat' dir='ltr'><strong>que</strong></span> <span class='ocrx_word' id='word_1_245' title='bbox 238 2236 425 2278; x_wconf 81' lang='lat' dir='ltr'><strong>cogitarunt</strong></span> <span class='ocrx_word' id='word_1_246' title='bbox 460 2250 537 2272; x_wconf 74' lang='lat' dir='ltr'><strong>esse</strong></span> <span class='ocrx_word' id='word_1_247' title='bbox 570 2239 647 2283; x_wconf 80' lang='lat' dir='ltr'><strong>lega</strong></span> <span class='ocrx_word' id='word_1_248' title='bbox 663 2250 713 2272; x_wconf 88' lang='lat' dir='ltr'><strong>em</strong></span> <span class='ocrx_word' id='word_1_249' title='bbox 747 2241 956 2279; x_wconf 89' lang='lat' dir='ltr'><strong>sententiam,</strong></span> <span class='ocrx_word' id='word_1_250' title='bbox 991 2239 1157 2272; x_wconf 65' lang='lat' dir='ltr'><strong>similem&#39;</strong></span> 
     </span>
     <span class='ocr_line' id='line_1_44' title="bbox 151 2277 1157 2324; baseline -0.002 -7"><span class='ocrx_word' id='word_1_251' title='bbox 151 2277 220 2308; x_wconf 64' lang='lat'><strong>3⁵¹⁵³</strong></span> <span class='ocrx_word' id='word_1_252' title='bbox 248 2281 307 2317; x_wconf 63' lang='grc' dir='ltr'><strong>ΟΜ</strong></span> <span class='ocrx_word' id='word_1_253' title='bbox 326 2287 449 2324; x_wconf 77' lang='lat' dir='ltr'><strong>fecerit</strong></span> <span class='ocrx_word' id='word_1_254' title='bbox 469 2295 521 2323; x_wconf 86' lang='lat' dir='ltr'><strong>ea,</strong></span> <span class='ocrx_word' id='word_1_255' title='bbox 553 2287 633 2316; x_wconf 74' lang='lat' dir='ltr'><strong>vite!</strong></span> <span class='ocrx_word' id='word_1_256' title='bbox 657 2287 690 2316; x_wconf 73' lang='lat' dir='ltr'><strong>in</strong></span> <span class='ocrx_word' id='word_1_257' title='bbox 718 2284 774 2316; x_wconf 70' lang='lat' dir='ltr'><strong>eis.</strong></span> <span class='ocrx_word' id='word_1_258' title='bbox 814 2283 910 2315; x_wconf 85' lang='lat' dir='ltr'><strong>ltem:</strong></span> <span class='ocrx_word' id='word_1_259' title='bbox 944 2284 1132 2316; x_wconf 66' lang='lat' dir='ltr'><strong>Maledictus</strong></span> <span class='ocrx_word' id='word_1_260' title='bbox 1155 2288 1157 2296; x_wconf 81' lang='grc'><em>’</em></span> 
     </span>
     <span class='ocr_line' id='line_1_45' title="bbox 150 2325 1133 2397; baseline -0.003 -36"><span class='ocrx_word' id='word_1_261' title='bbox 150 2325 302 2397; x_wconf 55' lang='grc' dir='ltr'><strong>’1111171οπ</strong></span> <span class='ocrx_word' id='word_1_262' title='bbox 335 2328 493 2359; x_wconf 65' lang='lat' dir='ltr'><strong>manserit</strong></span> <span class='ocrx_word' id='word_1_263' title='bbox 524 2330 557 2359; x_wconf 73' lang='lat' dir='ltr'><strong>in</strong></span> <span class='ocrx_word' id='word_1_264' title='bbox 586 2327 744 2366; x_wconf 66' lang='lat' dir='ltr'><strong>manchus,</strong></span> <span class='ocrx_word' id='word_1_265' title='bbox 788 2337 871 2367; x_wconf 82' lang='lat' dir='ltr'><strong>quae</strong></span> <span class='ocrx_word' id='word_1_266' title='bbox 903 2327 1025 2367; x_wconf 72' lang='lat' dir='ltr'><strong>scrtpta</strong></span> <span class='ocrx_word' id='word_1_267' title='bbox 1058 2331 1133 2359; x_wconf 73' lang='lat' dir='ltr'><strong>mne</strong></span> 
     </span>
     <span class='ocr_line' id='line_1_46' title="bbox 151 2375 285 2405; baseline 0.022 -10"><span class='ocrx_word' id='word_1_268' title='bbox 151 2375 184 2395; x_wconf 88' lang='lat' dir='ltr'><strong>m</strong></span> <span class='ocrx_word' id='word_1_269' title='bbox 218 2377 285 2405; x_wconf 73' lang='lat' dir='ltr'><strong>eye.</strong></span> 
     </span>
    </p>
   </div>
   <div class='ocr_carea' id='block_1_16' title="bbox 153 2426 1159 2513">
    <p class='ocr_par' dir='ltr' id='par_1_16' title="bbox 153 2426 1159 2513">
     <span class='ocr_line' id='line_1_47' title="bbox 238 2426 1159 2476; baseline 0.003 -19"><span class='ocrx_word' id='word_1_270' title='bbox 238 2426 321 2459; x_wconf 75' lang='lat' dir='ltr'><strong>ilinc</strong></span> <span class='ocrx_word' id='word_1_271' title='bbox 344 2437 436 2462; x_wconf 89' lang='lat' dir='ltr'><strong>recte</strong></span> <span class='ocrx_word' id='word_1_272' title='bbox 471 2428 622 2462; x_wconf 85' lang='lat' dir='ltr'><strong>insertur:</strong></span> <span class='ocrx_word' id='word_1_273' title='bbox 652 2432 751 2462; x_wconf 81' lang='lat' dir='ltr'><strong>Nemo</strong></span> <span class='ocrx_word' id='word_1_274' title='bbox 772 2433 880 2461; x_wconf 74' lang='lat' dir='ltr'><strong>manat</strong></span> <span class='ocrx_word' id='word_1_275' title='bbox 909 2433 943 2461; x_wconf 81' lang='lat' dir='ltr'><strong>t&#39;n</strong></span> <span class='ocrx_word' id='word_1_276' title='bbox 968 2429 1133 2461; x_wconf 73' lang='lat' dir='ltr'><strong>onmilms:</strong></span> <span class='ocrx_word' id='word_1_277' title='bbox 1158 2464 1159 2476; x_wconf 16' lang='grc' dir='ltr'>ἵ</span> 
     </span>
     <span class='ocr_line' id='line_1_48' title="bbox 153 2472 1131 2513; baseline 0.004 -15"><span class='ocrx_word' id='word_1_278' title='bbox 153 2478 225 2507; x_wconf 74' lang='lat' dir='ltr'><strong>neu,</strong></span> <span class='ocrx_word' id='word_1_279' title='bbox 248 2474 344 2504; x_wconf 75' lang='lat' dir='ltr'><strong>Nemo</strong></span> <span class='ocrx_word' id='word_1_280' title='bbox 361 2472 447 2512; x_wconf 78' lang='lat' dir='ltr'><strong>sucu</strong></span> <span class='ocrx_word' id='word_1_281' title='bbox 468 2477 585 2513; x_wconf 68' lang='lat' dir='ltr'><strong>{oyem-</strong></span> <span class='ocrx_word' id='word_1_282' title='bbox 621 2474 706 2513; x_wconf 74' lang='lat' dir='ltr'><strong>Eryo</strong></span> <span class='ocrx_word' id='word_1_283' title='bbox 734 2482 844 2505; x_wconf 70' lang='lat' dir='ltr'><strong>omnes</strong></span> <span class='ocrx_word' id='word_1_284' title='bbox 864 2477 941 2504; x_wconf 81' lang='lat' dir='ltr'><strong>eunt</strong></span> <span class='ocrx_word' id='word_1_285' title='bbox 960 2472 1131 2503; x_wconf 70' lang='lat' dir='ltr'><strong>maledicet.</strong></span> 
     </span>
    </p>
   </div>
   <div class='ocr_carea' id='block_1_17' title="bbox 790 151 1524 187">
    <p class='ocr_par' dir='ltr' id='par_1_17' title="bbox 790 151 1524 187">
     <span class='ocr_line' id='line_1_49' title="bbox 790 151 1524 187; baseline 0.003 -3"><span class='ocrx_word' id='word_1_286' title='bbox 790 151 903 184; x_wconf 77' lang='lat' dir='ltr'>PfflL.</span> <span class='ocrx_word' id='word_1_287' title='bbox 926 152 1029 185; x_wconf 79' lang='lat' dir='ltr'><strong>MEL.</strong></span> <span class='ocrx_word' id='word_1_288' title='bbox 1053 153 1241 187; x_wconf 76' lang='lat' dir='ltr'><strong>SCRIPTA</strong></span> <span class='ocrx_word' id='word_1_289' title='bbox 1262 153 1524 186; x_wconf 80' lang='lat' dir='ltr'><strong>EXEGETICA.</strong></span> 
     </span>
    </p>
   </div>
   <div class='ocr_carea' id='block_1_18' title="bbox 1158 375 1627 417">
    <p class='ocr_par' dir='ltr' id='par_1_18' title="bbox 1158 375 1627 417">
     <span class='ocr_line' id='line_1_50' title="bbox 1158 375 1627 417; baseline 0 -10"><span class='ocrx_word' id='word_1_290' title='bbox 1158 401 1159 407; x_wconf 69' lang='grc'>,</span> <span class='ocrx_word' id='word_1_291' title='bbox 1185 375 1275 413; x_wconf 86' lang='lat' dir='ltr'><strong>Item,</strong></span> <span class='ocrx_word' id='word_1_292' title='bbox 1308 377 1379 407; x_wconf 86' lang='lat' dir='ltr'><strong>Non</strong></span> <span class='ocrx_word' id='word_1_293' title='bbox 1411 380 1627 417; x_wconf 69' lang='lat' dir='ltr'><strong>cmzmtpisces.</strong></span> 
     </span>
    </p>
   </div>
   <div class='ocr_carea' id='block_1_19' title="bbox 1157 2416 1881 2468">
    <p class='ocr_par' dir='ltr' id='par_1_19' title="bbox 1157 2416 1881 2468">
     <span class='ocr_line' id='line_1_51' title="bbox 1157 2416 1881 2468; baseline -0.007 -7"><span class='ocrx_word' id='word_1_294' title='bbox 1157 2416 1159 2436; x_wconf 65' lang='grc' dir='ltr'>Ι</span> <span class='ocrx_word' id='word_1_295' title='bbox 1184 2439 1364 2461; x_wconf 77' lang='lat' dir='ltr'><strong>sermonem</strong></span> <span class='ocrx_word' id='word_1_296' title='bbox 1387 2428 1517 2466; x_wconf 70' lang='lat' dir='ltr'><strong>Christi,</strong></span> <span class='ocrx_word' id='word_1_297' title='bbox 1540 2426 1805 2468; x_wconf 79' lang='lat' dir='ltr'><strong>respondendum</strong></span> <span class='ocrx_word' id='word_1_298' title='bbox 1829 2431 1881 2457; x_wconf 81' lang='lat' dir='ltr'><strong>est</strong></span> 
     </span>
    </p>
   </div>
   <div class='ocr_carea' id='block_1_20' title="bbox 2094 159 2163 192">
    <p class='ocr_par' dir='ltr' id='par_1_20' title="bbox 2094 159 2163 192">
     <span class='ocr_line' id='line_1_52' title="bbox 2094 159 2163 192; baseline 0 0"><span class='ocrx_word' id='word_1_299' title='bbox 2094 159 2163 192; x_wconf 71' lang='lat'><strong>892</strong></span> 
     </span>
    </p>
   </div>
   <div class='ocr_carea' id='block_1_21' title="bbox 1185 247 2167 422">
    <p class='ocr_par' dir='ltr' id='par_1_21' title="bbox 1185 247 2167 422">
     <span class='ocr_line' id='line_1_53' title="bbox 1185 247 2167 290; baseline 0.007 -12"><span class='ocrx_word' id='word_1_300' title='bbox 1185 247 1265 279; x_wconf 79' lang='lat' dir='ltr'><strong>facit</strong></span> <span class='ocrx_word' id='word_1_301' title='bbox 1286 247 1411 290; x_wconf 86' lang='lat' dir='ltr'><strong>legem,</strong></span> <span class='ocrx_word' id='word_1_302' title='bbox 1445 258 1511 279; x_wconf 91' lang='lat' dir='ltr'><strong>non</strong></span> <span class='ocrx_word' id='word_1_303' title='bbox 1534 255 1587 280; x_wconf 84' lang='lat' dir='ltr'><strong>est</strong></span> <span class='ocrx_word' id='word_1_304' title='bbox 1607 247 1701 287; x_wconf 77' lang='lat' dir='ltr'><strong>talis,</strong></span> <span class='ocrx_word' id='word_1_305' title='bbox 1736 250 1823 282; x_wconf 85' lang='lat' dir='ltr'><strong>sicut</strong></span> <span class='ocrx_word' id='word_1_306' title='bbox 1850 248 1905 282; x_wconf 86' lang='lat' dir='ltr'><strong>lex</strong></span> <span class='ocrx_word' id='word_1_307' title='bbox 1936 258 2046 284; x_wconf 85' lang='lat' dir='ltr'><strong>sonat.</strong></span> <span class='ocrx_word' id='word_1_308' title='bbox 2098 253 2167 285; x_wconf 89' lang='lat' dir='ltr'><strong>De-</strong></span> 
     </span>
     <span class='ocr_line' id='line_1_54' title="bbox 1186 289 2167 334; baseline 0.007 -13"><span class='ocrx_word' id='word_1_309' title='bbox 1186 291 1340 321; x_wconf 89' lang='lat' dir='ltr'><strong>beremus</strong></span> <span class='ocrx_word' id='word_1_310' title='bbox 1358 289 1444 322; x_wconf 83' lang='lat' dir='ltr'><strong>tales</strong></span> <span class='ocrx_word' id='word_1_311' title='bbox 1456 301 1542 331; x_wconf 82' lang='lat' dir='ltr'><strong>esse,</strong></span> <span class='ocrx_word' id='word_1_312' title='bbox 1565 292 1650 323; x_wconf 81' lang='lat' dir='ltr'><strong>sicut</strong></span> <span class='ocrx_word' id='word_1_313' title='bbox 1672 291 1726 324; x_wconf 86' lang='lat' dir='ltr'><strong>lex</strong></span> <span class='ocrx_word' id='word_1_314' title='bbox 1745 292 1837 324; x_wconf 85' lang='lat' dir='ltr'><strong>dicit:</strong></span> <span class='ocrx_word' id='word_1_315' title='bbox 1862 295 1987 334; x_wconf 66' lang='lat' dir='ltr'><strong>Diuque</strong></span> <span class='ocrx_word' id='word_1_316' title='bbox 1997 296 2167 328; x_wconf 78' lang='lat' dir='ltr'><strong>Dominam</strong></span> 
     </span>
     <span class='ocr_line' id='line_1_55' title="bbox 1185 333 2165 378; baseline 0.007 -14"><span class='ocrx_word' id='word_1_317' title='bbox 1185 335 1284 365; x_wconf 80' lang='lat' dir='ltr'><strong>Deum</strong></span> <span class='ocrx_word' id='word_1_318' title='bbox 1307 338 1396 365; x_wconf 82' lang='lat' dir='ltr'><strong>tumn</strong></span> <span class='ocrx_word' id='word_1_319' title='bbox 1418 343 1457 364; x_wconf 73' lang='lat' dir='ltr'><strong>ex</strong></span> <span class='ocrx_word' id='word_1_320' title='bbox 1479 338 1543 366; x_wconf 84' lang='lat' dir='ltr'><strong>toto</strong></span> <span class='ocrx_word' id='word_1_321' title='bbox 1565 336 1676 370; x_wconf 84' lang='lat' dir='ltr'><strong>corde,</strong></span> <span class='ocrx_word' id='word_1_322' title='bbox 1710 333 1755 367; x_wconf 72' lang='lat' dir='ltr'><strong>ex·</strong></span> <span class='ocrx_word' id='word_1_323' title='bbox 1776 339 1844 367; x_wconf 80' lang='lat' dir='ltr'><strong>tota</strong></span> <span class='ocrx_word' id='word_1_324' title='bbox 1865 340 1974 368; x_wconf 77' lang='lat' dir='ltr'><strong>anima</strong></span> <span class='ocrx_word' id='word_1_325' title='bbox 1996 341 2067 378; x_wconf 82' lang='lat' dir='ltr'><strong>tua,</strong></span> <span class='ocrx_word' id='word_1_326' title='bbox 2101 344 2165 371; x_wconf 84' lang='lat' dir='ltr'><strong>etc.</strong></span> 
     </span>
     <span class='ocr_line' id='line_1_56' title="bbox 1683 377 2167 422; baseline 0.01 -14"><span class='ocrx_word' id='word_1_327' title='bbox 1683 377 1754 408; x_wconf 90' lang='lat' dir='ltr'><strong>Nos</strong></span> <span class='ocrx_word' id='word_1_328' title='bbox 1789 385 1905 410; x_wconf 88' lang='lat' dir='ltr'><strong>contra</strong></span> <span class='ocrx_word' id='word_1_329' title='bbox 1937 377 2096 422; x_wconf 79' lang='lat' dir='ltr'><strong>frig-emus</strong></span> <span class='ocrx_word' id='word_1_330' title='bbox 2131 381 2167 413; x_wconf 85' lang='lat' dir='ltr'><strong>in</strong></span> 
     </span>
    </p>
   </div>
   <div class='ocr_carea' id='block_1_22' title="bbox 1158 417 2166 455">
    <p class='ocr_par' dir='ltr' id='par_1_22' title="bbox 1158 417 2166 455">
     <span class='ocr_line' id='line_1_57' title="bbox 1158 417 2166 455; baseline 0.007 -7"><span class='ocrx_word' id='word_1_331' title='bbox 1158 444 1159 447; x_wconf 74' lang='grc'>,</span> <span class='ocrx_word' id='word_1_332' title='bbox 1185 428 1299 450; x_wconf 88' lang='lat' dir='ltr'><strong>amore</strong></span> <span class='ocrx_word' id='word_1_333' title='bbox 1326 417 1405 450; x_wconf 89' lang='lat' dir='ltr'><strong>Dei:</strong></span> <span class='ocrx_word' id='word_1_334' title='bbox 1439 418 1700 451; x_wconf 79' lang='lat' dir='ltr'>circumferimus</span> <span class='ocrx_word' id='word_1_335' title='bbox 1729 421 1948 453; x_wconf 68' lang='lat' dir='ltr'><strong>ivnorantiam</strong></span> <span class='ocrx_word' id='word_1_336' title='bbox 1982 429 2014 454; x_wconf 89' lang='lat' dir='ltr'><strong>et</strong></span> <span class='ocrx_word' id='word_1_337' title='bbox 2041 423 2166 455; x_wconf 69' lang='lat' dir='ltr'><strong>dubita-</strong></span> 
     </span>
    </p>
   </div>
   <div class='ocr_carea' id='block_1_23' title="bbox 1180 445 2190 1629">
    <p class='ocr_par' dir='ltr' id='par_1_23' title="bbox 1182 445 2190 844">
     <span class='ocr_line' id='line_1_58' title="bbox 1186 445 2166 504; baseline 0.006 -13"><span class='ocrx_word' id='word_1_338' title='bbox 1186 461 1293 492; x_wconf 85' lang='lat' dir='ltr'><strong>tiones</strong></span> <span class='ocrx_word' id='word_1_339' title='bbox 1316 460 1503 493; x_wconf 81' lang='lat' dir='ltr'><strong>horribiles.</strong></span> <span class='ocrx_word' id='word_1_340' title='bbox 1559 462 1617 500; x_wconf 88' lang='lat' dir='ltr'><strong>Et,</strong></span> <span class='ocrx_word' id='word_1_341' title='bbox 1651 463 1726 504; x_wconf 85' lang='lat' dir='ltr'><strong>quia</strong></span> <span class='ocrx_word' id='word_1_342' title='bbox 1741 445 1843 495; x_wconf 45' lang='lat' dir='ltr'><strong>dhus</strong></span> <span class='ocrx_word' id='word_1_343' title='bbox 1871 473 1950 496; x_wconf 87' lang='lat' dir='ltr'><strong>vere</strong></span> <span class='ocrx_word' id='word_1_344' title='bbox 1973 471 2006 496; x_wconf 91' lang='lat' dir='ltr'><strong>et</strong></span> <span class='ocrx_word' id='word_1_345' title='bbox 2027 465 2166 497; x_wconf 88' lang='lat' dir='ltr'><strong>horribi-</strong></span> 
     </span>
     <span class='ocr_line' id='line_1_59' title="bbox 1185 502 2166 549; baseline 0.006 -15"><span class='ocrx_word' id='word_1_346' title='bbox 1185 502 1261 534; x_wconf 80' lang='lat' dir='ltr'><strong>liter</strong></span> <span class='ocrx_word' id='word_1_347' title='bbox 1290 504 1443 536; x_wconf 77' lang='lat' dir='ltr'><strong>irascitur</strong></span> <span class='ocrx_word' id='word_1_348' title='bbox 1471 505 1639 546; x_wconf 84' lang='lat' dir='ltr'><strong>peccatis,</strong></span> <span class='ocrx_word' id='word_1_349' title='bbox 1675 507 1868 537; x_wconf 85' lang='lat' dir='ltr'><strong>necessario</strong></span> <span class='ocrx_word' id='word_1_350' title='bbox 1902 508 2067 549; x_wconf 89' lang='lat' dir='ltr'><strong>sequitur,</strong></span> <span class='ocrx_word' id='word_1_351' title='bbox 2102 517 2166 540; x_wconf 83' lang='lat' dir='ltr'><strong>nos</strong></span> 
     </span>
     <span class='ocr_line' id='line_1_60' title="bbox 1185 545 2165 583; baseline 0.005 -6"><span class='ocrx_word' id='word_1_352' title='bbox 1185 555 1263 577; x_wconf 86' lang='lat' dir='ltr'><strong>esse</strong></span> <span class='ocrx_word' id='word_1_353' title='bbox 1286 545 1492 579; x_wconf 86' lang='lat' dir='ltr'><strong>maledictos.</strong></span> <span class='ocrx_word' id='word_1_354' title='bbox 1539 547 1636 582; x_wconf 87' lang='lat' dir='ltr'><strong>Quod</strong></span> <span class='ocrx_word' id='word_1_355' title='bbox 1670 549 1699 579; x_wconf 91' lang='lat' dir='ltr'><strong>si</strong></span> <span class='ocrx_word' id='word_1_356' title='bbox 1734 559 1800 580; x_wconf 92' lang='lat' dir='ltr'><strong>non</strong></span> <span class='ocrx_word' id='word_1_357' title='bbox 1834 557 1924 581; x_wconf 87' lang='lat' dir='ltr'><strong>esset</strong></span> <span class='ocrx_word' id='word_1_358' title='bbox 1957 549 2023 581; x_wconf 84' lang='lat' dir='ltr'><strong>alia</strong></span> <span class='ocrx_word' id='word_1_359' title='bbox 2046 552 2165 583; x_wconf 86' lang='lat' dir='ltr'><strong>concio</strong></span> 
     </span>
     <span class='ocr_line' id='line_1_61' title="bbox 1187 588 2165 634; baseline 0.006 -15"><span class='ocrx_word' id='word_1_360' title='bbox 1187 589 1379 630; x_wconf 79' lang='lat' dir='ltr'><strong>proposita,</strong></span> <span class='ocrx_word' id='word_1_361' title='bbox 1402 588 1455 621; x_wconf 87' lang='lat' dir='ltr'><strong>lex</strong></span> <span class='ocrx_word' id='word_1_362' title='bbox 1479 600 1645 622; x_wconf 82' lang='lat' dir='ltr'><strong>accusans</strong></span> <span class='ocrx_word' id='word_1_363' title='bbox 1668 598 1808 631; x_wconf 82' lang='lat' dir='ltr'><strong>peccata</strong></span> <span class='ocrx_word' id='word_1_364' title='bbox 1831 598 1863 623; x_wconf 88' lang='lat' dir='ltr'><strong>et</strong></span> <span class='ocrx_word' id='word_1_365' title='bbox 1885 591 2165 634; x_wconf 81' lang='lat' dir='ltr'><strong>perterrefaciens</strong></span> 
     </span>
     <span class='ocr_line' id='line_1_62' title="bbox 1185 632 2166 676; baseline 0.006 -15"><span class='ocrx_word' id='word_1_366' title='bbox 1185 632 1428 671; x_wconf 72' lang='lat' dir='ltr'><strong>conscientias,</strong></span> <span class='ocrx_word' id='word_1_367' title='bbox 1469 634 1617 675; x_wconf 84' lang='lat' dir='ltr'><strong>adigeret</strong></span> <span class='ocrx_word' id='word_1_368' title='bbox 1650 639 1777 665; x_wconf 88' lang='lat' dir='ltr'><strong>mentes</strong></span> <span class='ocrx_word' id='word_1_369' title='bbox 1810 635 1853 665; x_wconf 83' lang='lat' dir='ltr'><strong>ad</strong></span> <span class='ocrx_word' id='word_1_370' title='bbox 1888 636 2166 676; x_wconf 71' lang='lat' dir='ltr'><strong>desperationem,</strong></span> 
     </span>
     <span class='ocr_line' id='line_1_63' title="bbox 1185 674 2165 717; baseline 0.006 -13"><span class='ocrx_word' id='word_1_371' title='bbox 1185 681 1321 715; x_wconf 81' lang='lat' dir='ltr'><strong>cogeret</strong></span> <span class='ocrx_word' id='word_1_372' title='bbox 1349 684 1408 706; x_wconf 81' lang='lat' dir='ltr'><strong>eas</strong></span> <span class='ocrx_word' id='word_1_373' title='bbox 1443 674 1559 717; x_wconf 84' lang='lat' dir='ltr'><strong>fugere</strong></span> <span class='ocrx_word' id='word_1_374' title='bbox 1588 676 1714 713; x_wconf 87' lang='lat' dir='ltr'><strong>Deum,</strong></span> <span class='ocrx_word' id='word_1_375' title='bbox 1745 683 1777 708; x_wconf 85' lang='lat' dir='ltr'><strong>et</strong></span> <span class='ocrx_word' id='word_1_376' title='bbox 1807 687 1903 709; x_wconf 86' lang='lat' dir='ltr'><strong>ruere</strong></span> <span class='ocrx_word' id='word_1_377' title='bbox 1935 679 1968 708; x_wconf 92' lang='lat' dir='ltr'><strong>in</strong></span> <span class='ocrx_word' id='word_1_378' title='bbox 1994 686 2165 710; x_wconf 88' lang='lat' dir='ltr'><strong>aeternam</strong></span> 
     </span>
     <span class='ocr_line' id='line_1_64' title="bbox 1182 717 2166 762; baseline 0.006 -15"><span class='ocrx_word' id='word_1_379' title='bbox 1182 717 1264 748; x_wconf 87' lang='lat' dir='ltr'><strong>iram</strong></span> <span class='ocrx_word' id='word_1_380' title='bbox 1287 722 1320 748; x_wconf 90' lang='lat' dir='ltr'><strong>et</strong></span> <span class='ocrx_word' id='word_1_381' title='bbox 1333 718 1475 749; x_wconf 83' lang='lat' dir='ltr'><strong>exitium.</strong></span> <span class='ocrx_word' id='word_1_382' title='bbox 1510 717 1578 749; x_wconf 86' lang='lat' dir='ltr'><strong>Sed</strong></span> <span class='ocrx_word' id='word_1_383' title='bbox 1601 720 1772 750; x_wconf 88' lang='lat' dir='ltr'><strong>sciendum</strong></span> <span class='ocrx_word' id='word_1_384' title='bbox 1785 726 1848 756; x_wconf 85' lang='lat' dir='ltr'><strong>est,</strong></span> <span class='ocrx_word' id='word_1_385' title='bbox 1871 730 1946 758; x_wconf 91' lang='lat' dir='ltr'><strong>nos,</strong></span> <span class='ocrx_word' id='word_1_386' title='bbox 1967 730 2166 762; x_wconf 84' lang='lat' dir='ltr'><strong>quamquam</strong></span> 
     </span>
     <span class='ocr_line' id='line_1_65' title="bbox 1182 758 2166 804; baseline 0.005 -14"><span class='ocrx_word' id='word_1_387' title='bbox 1182 758 1257 801; x_wconf 87' lang='lat' dir='ltr'><strong>lege</strong></span> <span class='ocrx_word' id='word_1_388' title='bbox 1280 770 1357 791; x_wconf 87' lang='lat' dir='ltr'><strong>reos</strong></span> <span class='ocrx_word' id='word_1_389' title='bbox 1381 766 1414 792; x_wconf 89' lang='lat' dir='ltr'><strong>et</strong></span> <span class='ocrx_word' id='word_1_390' title='bbox 1437 760 1621 799; x_wconf 85' lang='lat' dir='ltr'><strong>damnatos,</strong></span> <span class='ocrx_word' id='word_1_391' title='bbox 1649 767 1757 793; x_wconf 88' lang='lat' dir='ltr'><strong>tamen</strong></span> <span class='ocrx_word' id='word_1_392' title='bbox 1781 762 1882 803; x_wconf 84' lang='lat' dir='ltr'><strong>recipi</strong></span> <span class='ocrx_word' id='word_1_393' title='bbox 1907 769 2042 804; x_wconf 90' lang='lat' dir='ltr'><strong>propter</strong></span> <span class='ocrx_word' id='word_1_394' title='bbox 2064 762 2166 796; x_wconf 82' lang='lat' dir='ltr'><strong>tilium</strong></span> 
     </span>
     <span class='ocr_line' id='line_1_66' title="bbox 1183 801 2190 844; baseline 0 -11"><span class='ocrx_word' id='word_1_395' title='bbox 1183 801 1246 833; x_wconf 84' lang='lat' dir='ltr'><strong>Dei</strong></span> <span class='ocrx_word' id='word_1_396' title='bbox 1265 803 1380 844; x_wconf 86' lang='lat' dir='ltr'><strong>gratis.</strong></span> <span class='ocrx_word' id='word_1_397' title='bbox 2183 808 2190 815; x_wconf 87' lang='lat'><strong>¹</strong></span> 
     </span>
    </p>

    <p class='ocr_par' dir='ltr' id='par_1_24' title="bbox 1180 844 2167 1357">
     <span class='ocr_line' id='line_1_67' title="bbox 1268 844 2166 891; baseline 0.006 -15"><span class='ocrx_word' id='word_1_398' title='bbox 1268 845 1361 877; x_wconf 86' lang='lat' dir='ltr'><strong>Haec</strong></span> <span class='ocrx_word' id='word_1_399' title='bbox 1385 844 1571 877; x_wconf 82' lang='lat' dir='ltr'><strong>consolatio</strong></span> <span class='ocrx_word' id='word_1_400' title='bbox 1593 849 1806 880; x_wconf 85' lang='lat' dir='ltr'><strong>annuntiatur</strong></span> <span class='ocrx_word' id='word_1_401' title='bbox 1827 849 1860 879; x_wconf 89' lang='lat' dir='ltr'><strong>in</strong></span> <span class='ocrx_word' id='word_1_402' title='bbox 1885 858 1969 880; x_wconf 90' lang='lat' dir='ltr'><strong>voce</strong></span> <span class='ocrx_word' id='word_1_403' title='bbox 1981 847 2166 891; x_wconf 77' lang='lat' dir='ltr'><strong>Evangelii,</strong></span> 
     </span>
     <span class='ocr_line' id='line_1_68' title="bbox 1183 889 2166 931; baseline 0.005 -12"><span class='ocrx_word' id='word_1_404' title='bbox 1183 889 1275 920; x_wconf 82' lang='lat' dir='ltr'><strong>iuxta</strong></span> <span class='ocrx_word' id='word_1_405' title='bbox 1297 889 1401 919; x_wconf 80' lang='lat' dir='ltr'><strong>dicta:</strong></span> <span class='ocrx_word' id='word_1_406' title='bbox 1455 890 1558 920; x_wconf 82' lang='lat' dir='ltr'><strong>Venite</strong></span> <span class='ocrx_word' id='word_1_407' title='bbox 1579 891 1624 920; x_wconf 82' lang='lat' dir='ltr'><strong>ad</strong></span> <span class='ocrx_word' id='word_1_408' title='bbox 1654 899 1706 922; x_wconf 89' lang='lat' dir='ltr'><strong>me</strong></span> <span class='ocrx_word' id='word_1_409' title='bbox 1727 900 1848 931; x_wconf 72' lang='lat' dir='ltr'><strong>omnes,</strong></span> <span class='ocrx_word' id='word_1_410' title='bbox 1881 892 1939 931; x_wconf 77' lang='lat' dir='ltr'><strong>qui</strong></span> <span class='ocrx_word' id='word_1_411' title='bbox 1956 893 2112 924; x_wconf 70' lang='lat' dir='ltr'><strong>laboratis</strong></span> <span class='ocrx_word' id='word_1_412' title='bbox 2133 896 2166 925; x_wconf 84' lang='lat' dir='ltr'><strong>et</strong></span> 
     </span>
     <span class='ocr_line' id='line_1_69' title="bbox 1183 933 2167 975; baseline 0.004 -12"><span class='ocrx_word' id='word_1_413' title='bbox 1183 935 1308 963; x_wconf 75' lang='lat' dir='ltr'><strong>onerati</strong></span> <span class='ocrx_word' id='word_1_414' title='bbox 1341 933 1434 971; x_wconf 73' lang='lat' dir='ltr'><strong>estis,</strong></span> <span class='ocrx_word' id='word_1_415' title='bbox 1465 942 1522 971; x_wconf 74' lang='lat' dir='ltr'><strong>eya</strong></span> <span class='ocrx_word' id='word_1_416' title='bbox 1554 933 1696 971; x_wconf 71' lang='lat' dir='ltr'><strong>reficiam</strong></span> <span class='ocrx_word' id='word_1_417' title='bbox 1729 943 1793 965; x_wconf 76' lang='lat' dir='ltr'><strong>voe.</strong></span> <span class='ocrx_word' id='word_1_418' title='bbox 1840 934 1935 965; x_wconf 82' lang='lat' dir='ltr'><strong>item:</strong></span> <span class='ocrx_word' id='word_1_419' title='bbox 1975 935 2084 966; x_wconf 75' lang='lat' dir='ltr'><strong>Omnis</strong></span> <span class='ocrx_word' id='word_1_420' title='bbox 2111 939 2167 975; x_wconf 73' lang='lat' dir='ltr'><strong>qm·</strong></span> 
     </span>
     <span class='ocr_line' id='line_1_70' title="bbox 1183 975 2166 1018; baseline 0.004 -13"><span class='ocrx_word' id='word_1_421' title='bbox 1183 975 1287 1006; x_wconf 77' lang='lat' dir='ltr'><strong>credit</strong></span> <span class='ocrx_word' id='word_1_422' title='bbox 1319 977 1354 1005; x_wconf 79' lang='lat' dir='ltr'><strong>in</strong></span> <span class='ocrx_word' id='word_1_423' title='bbox 1387 975 1516 1013; x_wconf 69' lang='lat' dir='ltr'><strong>Filium,</strong></span> <span class='ocrx_word' id='word_1_424' title='bbox 1548 976 1644 1006; x_wconf 75' lang='lat' dir='ltr'><strong>habet</strong></span> <span class='ocrx_word' id='word_1_425' title='bbox 1675 976 1771 1007; x_wconf 76' lang='lat' dir='ltr'><strong>vitam</strong></span> <span class='ocrx_word' id='word_1_426' title='bbox 1809 981 1991 1008; x_wconf 81' lang='lat' dir='ltr'><strong>aeternam:</strong></span> <span class='ocrx_word' id='word_1_427' title='bbox 2024 978 2166 1018; x_wconf 81' lang='lat' dir='ltr'><strong>Oportet</strong></span> 
     </span>
     <span class='ocr_line' id='line_1_71' title="bbox 1184 1015 2164 1061; baseline 0.001 -11"><span class='ocrx_word' id='word_1_428' title='bbox 1184 1015 1338 1050; x_wconf 78' lang='lat' dir='ltr'><strong>conferre</strong></span> <span class='ocrx_word' id='word_1_429' title='bbox 1360 1027 1477 1048; x_wconf 84' lang='lat' dir='ltr'><strong>vocem</strong></span> <span class='ocrx_word' id='word_1_430' title='bbox 1490 1016 1663 1059; x_wconf 85' lang='lat' dir='ltr'><strong>Evangelii</strong></span> <span class='ocrx_word' id='word_1_431' title='bbox 1687 1028 1761 1049; x_wconf 86' lang='lat' dir='ltr'><strong>cum</strong></span> <span class='ocrx_word' id='word_1_432' title='bbox 1784 1019 1955 1050; x_wconf 84' lang='lat' dir='ltr'><strong>sententiis</strong></span> <span class='ocrx_word' id='word_1_433' title='bbox 1978 1017 2164 1061; x_wconf 85' lang='lat' dir='ltr'><strong>legalibus;</strong></span> 
     </span>
     <span class='ocr_line' id='line_1_72' title="bbox 1183 1059 2165 1102; baseline 0.003 -11"><span class='ocrx_word' id='word_1_434' title='bbox 1183 1061 1269 1092; x_wconf 86' lang='lat' dir='ltr'><strong>sicut</strong></span> <span class='ocrx_word' id='word_1_435' title='bbox 1292 1060 1410 1091; x_wconf 88' lang='lat' dir='ltr'><strong>videtis</strong></span> <span class='ocrx_word' id='word_1_436' title='bbox 1436 1059 1572 1092; x_wconf 89' lang='lat' dir='ltr'><strong>Paulum</strong></span> <span class='ocrx_word' id='word_1_437' title='bbox 1586 1059 1805 1092; x_wconf 81' lang='lat' dir='ltr'><strong>maledictioni</strong></span> <span class='ocrx_word' id='word_1_438' title='bbox 1828 1070 1868 1092; x_wconf 84' lang='lat' dir='ltr'><strong>ex</strong></span> <span class='ocrx_word' id='word_1_439' title='bbox 1892 1059 1924 1092; x_wconf 92' lang='lat' dir='ltr'><strong>le</strong></span> <span class='ocrx_word' id='word_1_440' title='bbox 1951 1071 1970 1092; x_wconf 91' lang='lat' dir='ltr'><strong>e</strong></span> <span class='ocrx_word' id='word_1_441' title='bbox 1992 1071 2165 1102; x_wconf 84' lang='lat' dir='ltr'><strong>opponere</strong></span> 
     </span>
     <span class='ocr_line' id='line_1_73' title="bbox 1183 1072 2163 1145; baseline 0.002 -11"><span class='ocrx_word' id='word_1_442' title='bbox 1183 1103 1445 1134; x_wconf 76' lang='lat' dir='ltr'><strong>benedictionem</strong></span> <span class='ocrx_word' id='word_1_443' title='bbox 1468 1113 1529 1144; x_wconf 91' lang='lat' dir='ltr'><strong>per</strong></span> <span class='ocrx_word' id='word_1_444' title='bbox 1551 1102 1720 1134; x_wconf 86' lang='lat' dir='ltr'><strong>Christum</strong></span> <span class='ocrx_word' id='word_1_445' title='bbox 1743 1102 1888 1135; x_wconf 84' lang='lat' dir='ltr'><strong>allatam.</strong></span> <span class='ocrx_word' id='word_1_446' title='bbox 1927 1072 2009 1145; x_wconf 44' lang='lat' dir='ltr'><strong>§pse</strong></span> <span class='ocrx_word' id='word_1_447' title='bbox 2026 1110 2093 1136; x_wconf 81' lang='lat' dir='ltr'><strong>-est</strong></span> <span class='ocrx_word' id='word_1_448' title='bbox 2115 1103 2163 1136; x_wconf 77' lang='lat' dir='ltr'><strong>fa-</strong></span> 
     </span>
     <span class='ocr_line' id='line_1_74' title="bbox 1183 1144 2164 1183; baseline 0.001 -6"><span class='ocrx_word' id='word_1_449' title='bbox 1183 1153 1256 1177; x_wconf 90' lang='lat' dir='ltr'><strong>ctus</strong></span> <span class='ocrx_word' id='word_1_450' title='bbox 1280 1144 1501 1183; x_wconf 82' lang='lat' dir='ltr'><strong>maledictum,</strong></span> <span class='ocrx_word' id='word_1_451' title='bbox 1522 1153 1558 1177; x_wconf 89' lang='lat' dir='ltr'><strong>ut</strong></span> <span class='ocrx_word' id='word_1_452' title='bbox 1580 1146 1678 1177; x_wconf 88' lang='lat' dir='ltr'><strong>nobis</strong></span> <span class='ocrx_word' id='word_1_453' title='bbox 1691 1147 1952 1179; x_wconf 84' lang='lat' dir='ltr'><strong>benediceretur.</strong></span> <span class='ocrx_word' id='word_1_454' title='bbox 1998 1145 2092 1178; x_wconf 73' lang='lat' dir='ltr'><strong>Deus</strong></span> <span class='ocrx_word' id='word_1_455' title='bbox 2115 1145 2164 1179; x_wconf 78' lang='lat' dir='ltr'><strong>es-</strong></span> 
     </span>
     <span class='ocr_line' id='line_1_75' title="bbox 1181 1187 2164 1231; baseline 0.002 -12"><span class='ocrx_word' id='word_1_456' title='bbox 1181 1187 1264 1220; x_wconf 78' lang='lat' dir='ltr'><strong>tudit</strong></span> <span class='ocrx_word' id='word_1_457' title='bbox 1296 1194 1423 1219; x_wconf 84' lang='lat' dir='ltr'><strong>reatum</strong></span> <span class='ocrx_word' id='word_1_458' title='bbox 1458 1195 1489 1219; x_wconf 90' lang='lat' dir='ltr'><strong>et</strong></span> <span class='ocrx_word' id='word_1_459' title='bbox 1512 1189 1592 1219; x_wconf 83' lang='lat' dir='ltr'><strong>iram</strong></span> <span class='ocrx_word' id='word_1_460' title='bbox 1617 1190 1650 1219; x_wconf 92' lang='lat' dir='ltr'><strong>in</strong></span> <span class='ocrx_word' id='word_1_461' title='bbox 1674 1187 1809 1227; x_wconf 86' lang='lat' dir='ltr'><strong>Filium,</strong></span> <span class='ocrx_word' id='word_1_462' title='bbox 1839 1190 1894 1230; x_wconf 90' lang='lat' dir='ltr'><strong>qui</strong></span> <span class='ocrx_word' id='word_1_463' title='bbox 1918 1189 2080 1230; x_wconf 83' lang='lat' dir='ltr'><strong>persolvit</strong></span> <span class='ocrx_word' id='word_1_464' title='bbox 2102 1200 2164 1231; x_wconf 84' lang='lat' dir='ltr'><strong>pro</strong></span> 
     </span>
     <span class='ocr_line' id='line_1_76' title="bbox 1181 1230 2164 1272; baseline 0.003 -11"><span class='ocrx_word' id='word_1_465' title='bbox 1181 1232 1281 1262; x_wconf 89' lang='lat' dir='ltr'><strong>nobis</strong></span> <span class='ocrx_word' id='word_1_466' title='bbox 1303 1240 1452 1272; x_wconf 83' lang='lat' dir='ltr'><strong>poenam.</strong></span> <span class='ocrx_word' id='word_1_467' title='bbox 1498 1230 1640 1270; x_wconf 86' lang='lat' dir='ltr'><strong>Propter</strong></span> <span class='ocrx_word' id='word_1_468' title='bbox 1661 1230 1750 1262; x_wconf 88' lang='lat' dir='ltr'><strong>hunc</strong></span> <span class='ocrx_word' id='word_1_469' title='bbox 1774 1231 1951 1272; x_wconf 86' lang='lat' dir='ltr'><strong>recipimur</strong></span> <span class='ocrx_word' id='word_1_470' title='bbox 1973 1233 2164 1272; x_wconf 84' lang='lat' dir='ltr'><strong>credentes,</strong></span> 
     </span>
     <span class='ocr_line' id='line_1_77' title="bbox 1181 1272 2164 1315; baseline 0.002 -10"><span class='ocrx_word' id='word_1_471' title='bbox 1181 1283 1378 1315; x_wconf 82' lang='lat' dir='ltr'><strong>quamquam</strong></span> <span class='ocrx_word' id='word_1_472' title='bbox 1401 1282 1514 1304; x_wconf 84' lang='lat' dir='ltr'><strong>sumus</strong></span> <span class='ocrx_word' id='word_1_473' title='bbox 1536 1272 1668 1311; x_wconf 85' lang='lat' dir='ltr'><strong>infirmi,</strong></span> <span class='ocrx_word' id='word_1_474' title='bbox 1702 1274 1871 1310; x_wconf 84' lang='lat' dir='ltr'><strong>immundi,</strong></span> <span class='ocrx_word' id='word_1_475' title='bbox 1905 1284 1972 1305; x_wconf 93' lang='lat' dir='ltr'><strong>non</strong></span> <span class='ocrx_word' id='word_1_476' title='bbox 2001 1274 2164 1307; x_wconf 75' lang='lat' dir='ltr'><strong>satisfaci-</strong></span> 
     </span>
     <span class='ocr_line' id='line_1_78' title="bbox 1180 1316 1356 1357; baseline 0 -10"><span class='ocrx_word' id='word_1_477' title='bbox 1180 1327 1254 1347; x_wconf 88' lang='lat' dir='ltr'><strong>mus</strong></span> <span class='ocrx_word' id='word_1_478' title='bbox 1277 1316 1356 1357; x_wconf 79' lang='lat' dir='ltr'><strong>legi.</strong></span> 
     </span>
    </p>

    <p class='ocr_par' dir='ltr' id='par_1_25' title="bbox 1182 1358 2164 1442">
     <span class='ocr_line' id='line_1_79' title="bbox 1267 1358 2164 1401; baseline 0.002 -12"><span class='ocrx_word' id='word_1_479' title='bbox 1267 1358 1372 1389; x_wconf 88' lang='lat' dir='ltr'><strong>Estne</strong></span> <span class='ocrx_word' id='word_1_480' title='bbox 1404 1368 1465 1400; x_wconf 80' lang='lat' dir='ltr'><strong>par</strong></span> <span class='ocrx_word' id='word_1_481' title='bbox 1498 1359 1584 1389; x_wconf 82' lang='lat' dir='ltr'><strong>ratio</strong></span> <span class='ocrx_word' id='word_1_482' title='bbox 1618 1358 1716 1389; x_wconf 89' lang='lat' dir='ltr'><strong>huius</strong></span> <span class='ocrx_word' id='word_1_483' title='bbox 1743 1360 1931 1401; x_wconf 86' lang='lat' dir='ltr'><strong>argumenti</strong></span> <span class='ocrx_word' id='word_1_484' title='bbox 1954 1369 2029 1391; x_wconf 83' lang='lat' dir='ltr'><strong>cum</strong></span> <span class='ocrx_word' id='word_1_485' title='bbox 2050 1360 2164 1401; x_wconf 84' lang='lat' dir='ltr'><strong>priori,</strong></span> 
     </span>
     <span class='ocr_line' id='line_1_80' title="bbox 1182 1401 1559 1442; baseline -0.005 -9"><span class='ocrx_word' id='word_1_486' title='bbox 1182 1401 1211 1433; x_wconf 90' lang='lat' dir='ltr'><strong>si</strong></span> <span class='ocrx_word' id='word_1_487' title='bbox 1234 1402 1308 1442; x_wconf 91' lang='lat' dir='ltr'><strong>quis</strong></span> <span class='ocrx_word' id='word_1_488' title='bbox 1332 1401 1382 1433; x_wconf 87' lang='lat' dir='ltr'><strong>sic</strong></span> <span class='ocrx_word' id='word_1_489' title='bbox 1405 1401 1559 1433; x_wconf 86' lang='lat' dir='ltr'><strong>obiiciat:</strong></span> 
     </span>
    </p>

    <p class='ocr_par' dir='ltr' id='par_1_26' title="bbox 1268 1461 2166 1502">
     <span class='ocr_line' id='line_1_81' title="bbox 1268 1461 2166 1502; baseline 0.002 -10"><span class='ocrx_word' id='word_1_490' title='bbox 1268 1461 1338 1493; x_wconf 77' lang='lat' dir='ltr'><strong>Soli</strong></span> <span class='ocrx_word' id='word_1_491' title='bbox 1367 1465 1538 1493; x_wconf 72' lang='lat' dir='ltr'><strong>servantes</strong></span> <span class='ocrx_word' id='word_1_492' title='bbox 1570 1470 1752 1493; x_wconf 73' lang='lat' dir='ltr'><strong>sermonem</strong></span> <span class='ocrx_word' id='word_1_493' title='bbox 1789 1461 1918 1501; x_wconf 68' lang='lat' dir='ltr'><strong>Christi,</strong></span> <span class='ocrx_word' id='word_1_494' title='bbox 1942 1461 2123 1502; x_wconf 67' lang='lat' dir='ltr'><strong>dz&#39;lae’yuntm·</strong></span> <span class='ocrx_word' id='word_1_495' title='bbox 2143 1471 2166 1494; x_wconf 84' lang='lat' dir='ltr'><strong>a</strong></span> 
     </span>
    </p>

    <p class='ocr_par' dir='ltr' id='par_1_27' title="bbox 1266 1505 1862 1629">
     <span class='ocr_line' id='line_1_82' title="bbox 1311 1505 1433 1535; baseline -0.008 0"><span class='ocrx_word' id='word_1_496' title='bbox 1311 1505 1433 1535; x_wconf 80' lang='lat' dir='ltr'><strong>Patre.-</strong></span> 
     </span>
     <span class='ocr_line' id='line_1_83' title="bbox 1266 1547 1862 1579; baseline -0.002 -1"><span class='ocrx_word' id='word_1_497' title='bbox 1266 1548 1365 1579; x_wconf 76' lang='lat' dir='ltr'><strong>Nemo</strong></span> <span class='ocrx_word' id='word_1_498' title='bbox 1387 1550 1497 1578; x_wconf 79' lang='lat' dir='ltr'><strong>sen-at</strong></span> <span class='ocrx_word' id='word_1_499' title='bbox 1517 1555 1694 1578; x_wconf 71' lang='lat' dir='ltr'><strong>sennonem</strong></span> <span class='ocrx_word' id='word_1_500' title='bbox 1721 1547 1862 1578; x_wconf 61' lang='lat' dir='ltr'><strong>Cluati:</strong></span> 
     </span>
     <span class='ocr_line' id='line_1_84' title="bbox 1268 1588 1810 1629; baseline -0.002 -8"><span class='ocrx_word' id='word_1_501' title='bbox 1268 1588 1354 1629; x_wconf 71' lang='lat' dir='ltr'><strong>Eryo</strong></span> <span class='ocrx_word' id='word_1_502' title='bbox 1382 1599 1474 1621; x_wconf 86' lang='lat' dir='ltr'><strong>nemo</strong></span> <span class='ocrx_word' id='word_1_503' title='bbox 1496 1590 1641 1629; x_wconf 65' lang='lat' dir='ltr'><strong>diligitur</strong></span> <span class='ocrx_word' id='word_1_504' title='bbox 1662 1599 1683 1620; x_wconf 88' lang='lat' dir='ltr'><strong>a</strong></span> <span class='ocrx_word' id='word_1_505' title='bbox 1701 1590 1810 1621; x_wconf 73' lang='lat' dir='ltr'><strong>Patre.</strong></span> 
     </span>
    </p>
   </div>
   <div class='ocr_carea' id='block_1_24' title="bbox 1180 1655 2167 2167">
    <p class='ocr_par' dir='ltr' id='par_1_28' title="bbox 1180 1655 2167 2167">
     <span class='ocr_line' id='line_1_85' title="bbox 1267 1655 2165 1695; baseline 0.002 -7"><span class='ocrx_word' id='word_1_506' title='bbox 1267 1656 1378 1689; x_wconf 85' lang='lat' dir='ltr'><strong>Maior</strong></span> <span class='ocrx_word' id='word_1_507' title='bbox 1387 1666 1455 1690; x_wconf 84' lang='lat' dir='ltr'><strong>non</strong></span> <span class='ocrx_word' id='word_1_508' title='bbox 1468 1663 1520 1688; x_wconf 89' lang='lat' dir='ltr'><strong>est</strong></span> <span class='ocrx_word' id='word_1_509' title='bbox 1532 1655 1634 1688; x_wconf 84' lang='lat' dir='ltr'><strong>intelli</strong></span> <span class='ocrx_word' id='word_1_510' title='bbox 1680 1667 1700 1688; x_wconf 91' lang='lat' dir='ltr'><strong>n</strong></span> <span class='ocrx_word' id='word_1_511' title='bbox 1726 1667 1745 1688; x_wconf 88' lang='lat' dir='ltr'><strong>a</strong></span> <span class='ocrx_word' id='word_1_512' title='bbox 1757 1657 1894 1695; x_wconf 72' lang='grc' dir='ltr'><strong><em>νομικοῖς,</em></strong></span> <span class='ocrx_word' id='word_1_513' title='bbox 1907 1657 1968 1688; x_wconf 89' lang='lat' dir='ltr'><strong>sed</strong></span> <span class='ocrx_word' id='word_1_514' title='bbox 1981 1657 2165 1690; x_wconf 87' lang='lat' dir='ltr'><strong>secundum</strong></span> 
     </span>
     <span class='ocr_line' id='line_1_86' title="bbox 1180 1666 2167 1742; baseline 0.001 -10"><span class='ocrx_word' id='word_1_515' title='bbox 1180 1701 1484 1741; x_wconf 80' lang='lat' dir='ltr'><strong>interpretationem</strong></span> <span class='ocrx_word' id='word_1_516' title='bbox 1507 1666 1690 1742; x_wconf 53' lang='lat' dir='ltr'><strong>Evangeffi‘i.</strong></span> <span class='ocrx_word' id='word_1_517' title='bbox 1738 1700 1822 1737; x_wconf 80' lang='lat' dir='ltr'><strong>Quid</strong></span> <span class='ocrx_word' id='word_1_518' title='bbox 1842 1700 1942 1739; x_wconf 63' lang='lat' dir='ltr'><strong>sylem·</strong></span> <span class='ocrx_word' id='word_1_519' title='bbox 1963 1704 2014 1731; x_wconf 72' lang='lat' dir='ltr'><strong>est</strong></span> <span class='ocrx_word' id='word_1_520' title='bbox 2032 1710 2167 1733; x_wconf 70' lang='lat' dir='ltr'><strong>servare</strong></span> 
     </span>
     <span class='ocr_line' id='line_1_87' title="bbox 1180 1741 2167 1783; baseline -0.002 -7"><span class='ocrx_word' id='word_1_521' title='bbox 1180 1753 1361 1776; x_wconf 76' lang='lat' dir='ltr'><strong>sermonem</strong></span> <span class='ocrx_word' id='word_1_522' title='bbox 1384 1747 1476 1775; x_wconf 69' lang='lat' dir='ltr'><strong>iuxta</strong></span> <span class='ocrx_word' id='word_1_523' title='bbox 1497 1744 1727 1782; x_wconf 70' lang='lat' dir='ltr'><strong>Ecanyelium?</strong></span> <span class='ocrx_word' id='word_1_524' title='bbox 1769 1741 1983 1783; x_wconf 85' lang='lat' dir='ltr'><strong>Respondeo.</strong></span> <span class='ocrx_word' id='word_1_525' title='bbox 2028 1742 2089 1774; x_wconf 82' lang='lat' dir='ltr'><strong>Est</strong></span> <span class='ocrx_word' id='word_1_526' title='bbox 2111 1751 2167 1774; x_wconf 84' lang='lat' dir='ltr'><strong>ao-</strong></span> 
     </span>
     <span class='ocr_line' id='line_1_88' title="bbox 1182 1783 2165 1828; baseline -0.001 -10"><span class='ocrx_word' id='word_1_527' title='bbox 1182 1788 1306 1828; x_wconf 80' lang='lat' dir='ltr'><strong>cipere,</strong></span> <span class='ocrx_word' id='word_1_528' title='bbox 1324 1792 1357 1818; x_wconf 89' lang='lat' dir='ltr'><strong>et</strong></span> <span class='ocrx_word' id='word_1_529' title='bbox 1379 1787 1521 1818; x_wconf 76' lang='lat' dir='ltr'><strong>retinere</strong></span> <span class='ocrx_word' id='word_1_530' title='bbox 1544 1783 1761 1827; x_wconf 84' lang='lat' dir='ltr'><strong>Evangelium</strong></span> <span class='ocrx_word' id='word_1_531' title='bbox 1785 1784 1862 1823; x_wconf 81' lang='lat' dir='ltr'><strong>tide,</strong></span> <span class='ocrx_word' id='word_1_532' title='bbox 1883 1785 1934 1815; x_wconf 82' lang='lat' dir='ltr'><strong>sic</strong></span> <span class='ocrx_word' id='word_1_533' title='bbox 1956 1790 1993 1817; x_wconf 90' lang='lat' dir='ltr'><strong>ut</strong></span> <span class='ocrx_word' id='word_1_534' title='bbox 2015 1795 2074 1817; x_wconf 90' lang='lat' dir='ltr'><strong>eor</strong></span> <span class='ocrx_word' id='word_1_535' title='bbox 2086 1795 2165 1817; x_wconf 80' lang='lat' dir='ltr'><strong>vere</strong></span> 
     </span>
     <span class='ocr_line' id='line_1_89' title="bbox 1182 1827 2164 1868; baseline -0.002 -7"><span class='ocrx_word' id='word_1_536' title='bbox 1182 1830 1395 1867; x_wconf 81' lang='lat' dir='ltr'><strong>assentiatur,</strong></span> <span class='ocrx_word' id='word_1_537' title='bbox 1418 1838 1498 1860; x_wconf 84' lang='lat' dir='ltr'><strong>vere</strong></span> <span class='ocrx_word' id='word_1_538' title='bbox 1519 1828 1644 1861; x_wconf 82' lang='lat' dir='ltr'><strong>credat,</strong></span> <span class='ocrx_word' id='word_1_539' title='bbox 1668 1834 1699 1859; x_wconf 90' lang='lat' dir='ltr'><strong>et</strong></span> <span class='ocrx_word' id='word_1_540' title='bbox 1719 1834 1770 1859; x_wconf 90' lang='lat' dir='ltr'><strong>est</strong></span> <span class='ocrx_word' id='word_1_541' title='bbox 1784 1827 1944 1868; x_wconf 85' lang='lat' dir='ltr'><strong>profiteri,</strong></span> <span class='ocrx_word' id='word_1_542' title='bbox 1966 1837 2028 1859; x_wconf 86' lang='lat' dir='ltr'><strong>seu</strong></span> <span class='ocrx_word' id='word_1_543' title='bbox 2052 1834 2164 1860; x_wconf 82' lang='lat' dir='ltr'><strong>custo-</strong></span> 
     </span>
     <span class='ocr_line' id='line_1_90' title="bbox 1183 1869 2164 1908; baseline -0.001 -4"><span class='ocrx_word' id='word_1_544' title='bbox 1183 1873 1257 1904; x_wconf 90' lang='lat' dir='ltr'><strong>dem</strong></span> <span class='ocrx_word' id='word_1_545' title='bbox 1280 1881 1357 1903; x_wconf 89' lang='lat' dir='ltr'><strong>esse</strong></span> <span class='ocrx_word' id='word_1_546' title='bbox 1379 1871 1560 1903; x_wconf 79' lang='lat' dir='ltr'><strong>doctrinae.</strong></span> <span class='ocrx_word' id='word_1_547' title='bbox 1605 1870 1697 1908; x_wconf 81' lang='lat' dir='ltr'><strong>item,</strong></span> <span class='ocrx_word' id='word_1_548' title='bbox 1719 1870 1855 1901; x_wconf 88' lang='lat' dir='ltr'><strong>obedire</strong></span> <span class='ocrx_word' id='word_1_549' title='bbox 1877 1871 1907 1901; x_wconf 91' lang='lat' dir='ltr'><strong>ei</strong></span> <span class='ocrx_word' id='word_1_550' title='bbox 1930 1869 1997 1902; x_wconf 87' lang='lat' dir='ltr'><strong>fide</strong></span> <span class='ocrx_word' id='word_1_551' title='bbox 2020 1876 2053 1902; x_wconf 84' lang='lat' dir='ltr'><strong>et</strong></span> <span class='ocrx_word' id='word_1_552' title='bbox 2075 1871 2164 1903; x_wconf 78' lang='lat' dir='ltr'><strong>bona</strong></span> 
     </span>
     <span class='ocr_line' id='line_1_91' title="bbox 1183 1911 2164 1955; baseline -0.003 -8"><span class='ocrx_word' id='word_1_553' title='bbox 1183 1915 1398 1947; x_wconf 84' lang='lat' dir='ltr'><strong>conscientia.</strong></span> <span class='ocrx_word' id='word_1_554' title='bbox 1465 1914 1523 1945; x_wconf 82' lang='lat' dir='ltr'><strong>Sic</strong></span> <span class='ocrx_word' id='word_1_555' title='bbox 1546 1912 1700 1945; x_wconf 85' lang='lat' dir='ltr'><strong>Christus</strong></span> <span class='ocrx_word' id='word_1_556' title='bbox 1731 1911 1817 1944; x_wconf 87' lang='lat' dir='ltr'><strong>infra</strong></span> <span class='ocrx_word' id='word_1_557' title='bbox 1839 1911 1986 1955; x_wconf 88' lang='lat' dir='ltr'><strong>loquitur</strong></span> <span class='ocrx_word' id='word_1_558' title='bbox 2008 1913 2050 1944; x_wconf 89' lang='lat' dir='ltr'><strong>de</strong></span> <span class='ocrx_word' id='word_1_559' title='bbox 2074 1913 2102 1944; x_wconf 80' lang='lat' dir='ltr'>A</span> <span class='ocrx_word' id='word_1_560' title='bbox 2151 1931 2164 1938; x_wconf 90' lang='lat'><em>-</em></span> 
     </span>
     <span class='ocr_line' id='line_1_92' title="bbox 1183 1955 2164 1989; baseline -0.002 0"><span class='ocrx_word' id='word_1_561' title='bbox 1183 1957 1297 1989; x_wconf 88' lang='lat' dir='ltr'><strong>stolis:</strong></span> <span class='ocrx_word' id='word_1_562' title='bbox 1320 1958 1537 1989; x_wconf 73' lang='lat' dir='ltr'><strong>Smer-erunt</strong></span> <span class='ocrx_word' id='word_1_563' title='bbox 1557 1965 1738 1987; x_wconf 79' lang='lat' dir='ltr'><strong>sermonem</strong></span> <span class='ocrx_word' id='word_1_564' title='bbox 1764 1960 1862 1987; x_wconf 76' lang='lat' dir='ltr'><strong>mum.</strong></span> <span class='ocrx_word' id='word_1_565' title='bbox 1930 1955 2031 1987; x_wconf 82' lang='lat' dir='ltr'><strong>Certe</strong></span> <span class='ocrx_word' id='word_1_566' title='bbox 2059 1966 2111 1987; x_wconf 87' lang='lat' dir='ltr'><strong>mu</strong></span> <span class='ocrx_word' id='word_1_567' title='bbox 2128 1956 2164 1987; x_wconf 84' lang='lat' dir='ltr'><strong>ti·</strong></span> 
     </span>
     <span class='ocr_line' id='line_1_93' title="bbox 1182 1997 2164 2042; baseline -0.002 -11"><span class='ocrx_word' id='word_1_568' title='bbox 1182 1999 1259 2042; x_wconf 85' lang='lat' dir='ltr'><strong>plcx</strong></span> <span class='ocrx_word' id='word_1_569' title='bbox 1284 1999 1345 2032; x_wconf 82' lang='lat' dir='ltr'><strong>suit</strong></span> <span class='ocrx_word' id='word_1_570' title='bbox 1378 2000 1411 2031; x_wconf 86' lang='lat' dir='ltr'><strong>in</strong></span> <span class='ocrx_word' id='word_1_571' title='bbox 1444 2000 1493 2030; x_wconf 82' lang='lat' dir='ltr'><strong>eis</strong></span> <span class='ocrx_word' id='word_1_572' title='bbox 1523 1997 1752 2030; x_wconf 84' lang='lat' dir='ltr'><strong>imbecillitas:</strong></span> <span class='ocrx_word' id='word_1_573' title='bbox 1777 2004 1809 2029; x_wconf 91' lang='lat' dir='ltr'><strong>et</strong></span> <span class='ocrx_word' id='word_1_574' title='bbox 1827 1997 1925 2030; x_wconf 85' lang='lat' dir='ltr'><strong>valde</strong></span> <span class='ocrx_word' id='word_1_575' title='bbox 1947 1997 2105 2040; x_wconf 78' lang='lat' dir='ltr'><strong>languida</strong></span> <span class='ocrx_word' id='word_1_576' title='bbox 2127 1998 2164 2030; x_wconf 82' lang='lat' dir='ltr'><strong>fi-</strong></span> 
     </span>
     <span class='ocr_line' id='line_1_94' title="bbox 1183 2041 2164 2079; baseline -0.001 -5"><span class='ocrx_word' id='word_1_577' title='bbox 1183 2044 1244 2075; x_wconf 85' lang='lat' dir='ltr'><strong>des</strong></span> <span class='ocrx_word' id='word_1_578' title='bbox 1267 2049 1300 2074; x_wconf 91' lang='lat' dir='ltr'><strong>et</strong></span> <span class='ocrx_word' id='word_1_579' title='bbox 1322 2043 1528 2077; x_wconf 83' lang='lat' dir='ltr'><strong>obedientia;</strong></span> <span class='ocrx_word' id='word_1_580' title='bbox 1562 2047 1595 2073; x_wconf 90' lang='lat' dir='ltr'><strong>et</strong></span> <span class='ocrx_word' id='word_1_581' title='bbox 1618 2047 1727 2072; x_wconf 87' lang='lat' dir='ltr'><strong>tamen</strong></span> <span class='ocrx_word' id='word_1_582' title='bbox 1751 2041 1863 2073; x_wconf 85' lang='lat' dir='ltr'><strong>tribuit</strong></span> <span class='ocrx_word' id='word_1_583' title='bbox 1886 2041 1947 2079; x_wconf 88' lang='lat' dir='ltr'><strong>eis,</strong></span> <span class='ocrx_word' id='word_1_584' title='bbox 2005 2041 2070 2073; x_wconf 89' lang='lat' dir='ltr'><strong>uod</strong></span> <span class='ocrx_word' id='word_1_585' title='bbox 2095 2051 2164 2073; x_wconf 78' lang='lat' dir='ltr'><strong>ser-</strong></span> 
     </span>
     <span class='ocr_line' id='line_1_95' title="bbox 1182 2082 2164 2126; baseline -0.003 -9"><span class='ocrx_word' id='word_1_586' title='bbox 1182 2086 1289 2117; x_wconf 82' lang='lat' dir='ltr'><strong>varint</strong></span> <span class='ocrx_word' id='word_1_587' title='bbox 1333 2095 1531 2116; x_wconf 83' lang='lat' dir='ltr'><strong>sermonem.</strong></span> <span class='ocrx_word' id='word_1_588' title='bbox 1600 2084 1657 2115; x_wconf 91' lang='lat' dir='ltr'><strong>Sic</strong></span> <span class='ocrx_word' id='word_1_589' title='bbox 1696 2083 1842 2126; x_wconf 89' lang='lat' dir='ltr'><strong>loquitur</strong></span> <span class='ocrx_word' id='word_1_590' title='bbox 1869 2089 1959 2115; x_wconf 84' lang='lat' dir='ltr'><strong>totus</strong></span> <span class='ocrx_word' id='word_1_591' title='bbox 2021 2082 2164 2116; x_wconf 65' lang='lat' dir='ltr'><strong>salinus:</strong></span> 
     </span>
     <span class='ocr_line' id='line_1_96' title="bbox 1183 2128 2165 2167; baseline -0.001 -7"><span class='ocrx_word' id='word_1_592' title='bbox 1183 2131 1278 2161; x_wconf 80' lang='lat' dir='ltr'><strong>Beati</strong></span> <span class='ocrx_word' id='word_1_593' title='bbox 1298 2131 1495 2159; x_wconf 74' lang='lat' dir='ltr'><strong>immamuati</strong></span> <span class='ocrx_word' id='word_1_594' title='bbox 1515 2131 1548 2159; x_wconf 78' lang='lat' dir='ltr'><strong>t&#39;n</strong></span> <span class='ocrx_word' id='word_1_595' title='bbox 1571 2130 1630 2166; x_wconf 73' lang='lat' dir='ltr'><strong>cia,</strong></span> <span class='ocrx_word' id='word_1_596' title='bbox 1651 2130 1707 2167; x_wconf 77' lang='lat' dir='ltr'><strong>qm·</strong></span> <span class='ocrx_word' id='word_1_597' title='bbox 1717 2128 1880 2158; x_wconf 69' lang='lat' dir='ltr'><strong>ambtdant</strong></span> <span class='ocrx_word' id='word_1_598' title='bbox 1898 2130 1930 2158; x_wconf 68' lang='grc' dir='ltr'><strong>ἐκ</strong></span> <span class='ocrx_word' id='word_1_599' title='bbox 1951 2129 2028 2166; x_wconf 58' lang='grc' dir='ltr'><strong>Ιερρ,</strong></span> <span class='ocrx_word' id='word_1_600' title='bbox 2049 2137 2108 2159; x_wconf 76' lang='lat' dir='ltr'><strong>eeu</strong></span> <span class='ocrx_word' id='word_1_601' title='bbox 2130 2130 2165 2159; x_wconf 71' lang='lat' dir='ltr'><strong>in</strong></span> 
     </span>
    </p>
   </div>
   <div class='ocr_carea' id='block_1_25' title="bbox 1154 2167 2165 2257">
    <p class='ocr_par' dir='ltr' id='par_1_29' title="bbox 1154 2167 2165 2257">
     <span class='ocr_line' id='line_1_97' title="bbox 1155 2167 2165 2211; baseline -0.002 -8"><span class='ocrx_word' id='word_1_602' title='bbox 1155 2194 1157 2203; x_wconf 46' lang='grc' dir='ltr'>ι</span> <span class='ocrx_word' id='word_1_603' title='bbox 1182 2174 1330 2203; x_wconf 77' lang='lat' dir='ltr'><strong>doctrina</strong></span> <span class='ocrx_word' id='word_1_604' title='bbox 1355 2173 1489 2202; x_wconf 64' lang='lat' dir='ltr'><strong>Donum.</strong></span> <span class='ocrx_word' id='word_1_605' title='bbox 1534 2170 1569 2202; x_wconf 87' lang='lat' dir='ltr'><strong>ld</strong></span> <span class='ocrx_word' id='word_1_606' title='bbox 1593 2179 1726 2211; x_wconf 87' lang='lat' dir='ltr'><strong>quoque</strong></span> <span class='ocrx_word' id='word_1_607' title='bbox 1749 2167 1998 2211; x_wconf 78' lang='lat' dir='ltr'><strong>intelligendum</strong></span> <span class='ocrx_word' id='word_1_608' title='bbox 2022 2175 2074 2201; x_wconf 77' lang='lat' dir='ltr'><strong>est</strong></span> <span class='ocrx_word' id='word_1_609' title='bbox 2096 2179 2165 2201; x_wconf 85' lang='lat' dir='ltr'><strong>non</strong></span> 
     </span>
     <span class='ocr_line' id='line_1_98' title="bbox 1154 2211 2164 2257; baseline -0.002 -11"><span class='ocrx_word' id='word_1_610' title='bbox 1154 2230 1157 2240; x_wconf 85' lang='lat'><em>.</em></span> <span class='ocrx_word' id='word_1_611' title='bbox 1182 2213 1347 2257; x_wconf 78' lang='lat' dir='ltr'><strong>legaliter,</strong></span> <span class='ocrx_word' id='word_1_612' title='bbox 1370 2214 1430 2245; x_wconf 81' lang='lat' dir='ltr'><strong>sed</strong></span> <span class='ocrx_word' id='word_1_613' title='bbox 1453 2214 1541 2244; x_wconf 84' lang='lat' dir='ltr'><strong>iuxta</strong></span> <span class='ocrx_word' id='word_1_614' title='bbox 1562 2215 1721 2244; x_wconf 64' lang='grc' dir='ltr'><strong>ἐπιείκειαν</strong></span> <span class='ocrx_word' id='word_1_615' title='bbox 1739 2211 1923 2253; x_wconf 80' lang='lat' dir='ltr'><strong>Evangelii,</strong></span> <span class='ocrx_word' id='word_1_616' title='bbox 1946 2212 2035 2253; x_wconf 86' lang='lat' dir='ltr'><strong>quod</strong></span> <span class='ocrx_word' id='word_1_617' title='bbox 2053 2211 2164 2250; x_wconf 75' lang='lat' dir='ltr'><strong>docet,</strong></span> 
     </span>
    </p>
   </div>
   <div class='ocr_carea' id='block_1_26' title="bbox 1183 2253 2164 2339">
    <p class='ocr_par' dir='ltr' id='par_1_30' title="bbox 1183 2253 2164 2339">
     <span class='ocr_line' id='line_1_99' title="bbox 1183 2253 2164 2299; baseline -0.002 -11"><span class='ocrx_word' id='word_1_618' title='bbox 1183 2258 1349 2299; x_wconf 86' lang='lat' dir='ltr'><strong>quomodo</strong></span> <span class='ocrx_word' id='word_1_619' title='bbox 1373 2266 1517 2298; x_wconf 85' lang='lat' dir='ltr'><strong>persona</strong></span> <span class='ocrx_word' id='word_1_620' title='bbox 1550 2253 1783 2287; x_wconf 85' lang='lat' dir='ltr'><strong>reconcilietur</strong></span> <span class='ocrx_word' id='word_1_621' title='bbox 1817 2253 1906 2288; x_wconf 73' lang='lat' dir='ltr'><strong>Dem</strong></span> <span class='ocrx_word' id='word_1_622' title='bbox 1940 2255 2061 2286; x_wconf 86' lang='lat' dir='ltr'><strong>deinde</strong></span> <span class='ocrx_word' id='word_1_623' title='bbox 2082 2264 2164 2296; x_wconf 85' lang='lat' dir='ltr'><strong>quo·</strong></span> 
     </span>
     <span class='ocr_line' id='line_1_100' title="bbox 1183 2295 2164 2339; baseline -0.002 -8"><span class='ocrx_word' id='word_1_624' title='bbox 1183 2301 1282 2331; x_wconf 88' lang='lat' dir='ltr'><strong>modo</strong></span> <span class='ocrx_word' id='word_1_625' title='bbox 1307 2299 1494 2331; x_wconf 84' lang='lat' dir='ltr'><strong>inchoanda</strong></span> <span class='ocrx_word' id='word_1_626' title='bbox 1517 2299 1558 2330; x_wconf 83' lang='lat' dir='ltr'><strong>sit</strong></span> <span class='ocrx_word' id='word_1_627' title='bbox 1572 2298 1772 2335; x_wconf 86' lang='lat' dir='ltr'><strong>obedientia,</strong></span> <span class='ocrx_word' id='word_1_628' title='bbox 1797 2297 2009 2339; x_wconf 85' lang='lat' dir='ltr'><strong>etquomodo</strong></span> <span class='ocrx_word' id='word_1_629' title='bbox 2022 2295 2164 2338; x_wconf 75' lang='lat' dir='ltr'><strong>placeat,</strong></span> 
     </span>
    </p>
   </div>
   <div class='ocr_carea' id='block_1_27' title="bbox 1156 2340 1779 2385">
    <p class='ocr_par' dir='ltr' id='par_1_31' title="bbox 1156 2340 1779 2385">
     <span class='ocr_line' id='line_1_101' title="bbox 1156 2340 1779 2385; baseline -0.006 -10"><span class='ocrx_word' id='word_1_630' title='bbox 1156 2372 1159 2385; x_wconf 77' lang='grc'>,</span> <span class='ocrx_word' id='word_1_631' title='bbox 1185 2354 1257 2375; x_wconf 91' lang='lat' dir='ltr'><strong>cum</strong></span> <span class='ocrx_word' id='word_1_632' title='bbox 1281 2344 1323 2374; x_wconf 72' lang='lat' dir='ltr'><strong>sit</strong></span> <span class='ocrx_word' id='word_1_633' title='bbox 1343 2341 1535 2384; x_wconf 78' lang='lat' dir='ltr'><strong>imperfecta</strong></span> <span class='ocrx_word' id='word_1_634' title='bbox 1558 2348 1588 2373; x_wconf 89' lang='lat' dir='ltr'><strong>et</strong></span> <span class='ocrx_word' id='word_1_635' title='bbox 1613 2340 1779 2383; x_wconf 77' lang='lat' dir='ltr'><strong>languida.</strong></span> 
     </span>
    </p>
   </div>
   <div class='ocr_carea' id='block_1_28' title="bbox 1271 2383 2165 2456">
    <p class='ocr_par' dir='ltr' id='par_1_32' title="bbox 1271 2383 2165 2456">
     <span class='ocr_line' id='line_1_102' title="bbox 1271 2383 2165 2425; baseline -0.006 -7"><span class='ocrx_word' id='word_1_636' title='bbox 1271 2386 1368 2420; x_wconf 80' lang='lat' dir='ltr'><strong>Quod</strong></span> <span class='ocrx_word' id='word_1_637' title='bbox 1391 2386 1492 2425; x_wconf 60' lang='lat' dir='ltr'><strong>igitur</strong></span> <span class='ocrx_word' id='word_1_638' title='bbox 1514 2385 1629 2416; x_wconf 81' lang='lat' dir='ltr'><strong>attinet</strong></span> <span class='ocrx_word' id='word_1_639' title='bbox 1661 2384 1703 2415; x_wconf 86' lang='lat' dir='ltr'><strong>ad</strong></span> <span class='ocrx_word' id='word_1_640' title='bbox 1726 2384 1903 2421; x_wconf 84' lang='lat' dir='ltr'><strong>minorem,</strong></span> <span class='ocrx_word' id='word_1_641' title='bbox 1935 2383 2034 2414; x_wconf 74' lang='lat' dir='ltr'><strong>Nemo</strong></span> <span class='ocrx_word' id='word_1_642' title='bbox 2055 2387 2165 2414; x_wconf 68' lang='lat' dir='ltr'><strong>cerm</strong></span> 
     </span>
     <span class='ocr_line' id='line_1_103' title="bbox 1408 2423 2163 2456; baseline -0.005 3"><span class='ocrx_word' id='word_1_643' title='bbox 1408 2423 1415 2428; x_wconf 63' lang='grc'><strong>”</strong></span> <span class='ocrx_word' id='word_1_644' title='bbox 1934 2435 1970 2456; x_wconf 85' lang='lat' dir='ltr'><strong>er</strong></span> <span class='ocrx_word' id='word_1_645' title='bbox 1992 2423 2163 2456; x_wconf 74' lang='lat' dir='ltr'><strong>inficiatio-</strong></span> 
     </span>
    </p>
   </div>
   <div class='ocr_carea' id='block_1_29' title="bbox 1185 2466 2164 2509">
    <p class='ocr_par' dir='ltr' id='par_1_33' title="bbox 1185 2466 2164 2509">
     <span class='ocr_line' id='line_1_104' title="bbox 1185 2466 2164 2509; baseline -0.005 -6"><span class='ocrx_word' id='word_1_646' title='bbox 1185 2483 1269 2504; x_wconf 88' lang='lat' dir='ltr'><strong>nem.</strong></span> <span class='ocrx_word' id='word_1_647' title='bbox 1315 2471 1364 2503; x_wconf 84' lang='lat' dir='ltr'><strong>Tu</strong></span> <span class='ocrx_word' id='word_1_648' title='bbox 1393 2472 1475 2507; x_wconf 73' lang='lat' dir='ltr'><strong>scis,</strong></span> <span class='ocrx_word' id='word_1_649' title='bbox 1508 2481 1550 2502; x_wconf 87' lang='lat' dir='ltr'><strong>an</strong></span> <span class='ocrx_word' id='word_1_650' title='bbox 1573 2476 1689 2502; x_wconf 83' lang='lat' dir='ltr'><strong>teneas</strong></span> <span class='ocrx_word' id='word_1_651' title='bbox 1713 2469 1896 2500; x_wconf 82' lang='lat' dir='ltr'><strong>doctrinam</strong></span> <span class='ocrx_word' id='word_1_652' title='bbox 1935 2466 2092 2509; x_wconf 69' lang='lat' dir='ltr'><strong>&#39;vangelii</strong></span> <span class='ocrx_word' id='word_1_653' title='bbox 2115 2467 2164 2498; x_wconf 76' lang='lat' dir='ltr'><strong>in·</strong></span> 
     </span>
    </p>
   </div>
   <div class='ocr_carea' id='block_1_30' title="bbox 155 2506 2163 2561">
    <p class='ocr_par' dir='ltr' id='par_1_34' title="bbox 155 2506 2163 2561">
     <span class='ocr_line' id='line_1_105' title="bbox 155 2506 2163 2561; baseline -0.003 -15"><span class='ocrx_word' id='word_1_654' title='bbox 155 2515 227 2546; x_wconf 79' lang='lat' dir='ltr'><strong>noc</strong></span> <span class='ocrx_word' id='word_1_655' title='bbox 251 2523 479 2557; x_wconf 77' lang='lat' dir='ltr'><strong>argumentum</strong></span> <span class='ocrx_word' id='word_1_656' title='bbox 513 2522 645 2558; x_wconf 88' lang='lat' dir='ltr'><strong>oportet</strong></span> <span class='ocrx_word' id='word_1_657' title='bbox 680 2517 817 2547; x_wconf 87' lang='lat' dir='ltr'><strong>concedi</strong></span> <span class='ocrx_word' id='word_1_658' title='bbox 852 2516 893 2547; x_wconf 86' lang='lat' dir='ltr'><strong>de</strong></span> <span class='ocrx_word' id='word_1_659' title='bbox 927 2513 1021 2557; x_wconf 79' lang='lat' dir='ltr'><strong>lege:</strong></span> <span class='ocrx_word' id='word_1_660' title='bbox 1056 2515 1132 2556; x_wconf 86' lang='lat' dir='ltr'><strong>quia</strong></span> <span class='ocrx_word' id='word_1_661' title='bbox 1157 2506 1161 2561; x_wconf 59' lang='lat'><strong>¹¹</strong></span> <span class='ocrx_word' id='word_1_662' title='bbox 1186 2521 1386 2555; x_wconf 78' lang='lat' dir='ltr'><strong>corruptam,</strong></span> <span class='ocrx_word' id='word_1_663' title='bbox 1407 2524 1449 2545; x_wconf 79' lang='lat' dir='ltr'><strong>nn</strong></span> <span class='ocrx_word' id='word_1_664' title='bbox 1474 2514 1592 2545; x_wconf 85' lang='lat' dir='ltr'><strong>credas</strong></span> <span class='ocrx_word' id='word_1_665' title='bbox 1615 2513 1647 2543; x_wconf 82' lang='lat' dir='ltr'><strong>in</strong></span> <span class='ocrx_word' id='word_1_666' title='bbox 1672 2511 1852 2549; x_wconf 80' lang='lat' dir='ltr'><strong>Christum,</strong></span> <span class='ocrx_word' id='word_1_667' title='bbox 1874 2521 1917 2542; x_wconf 84' lang='lat' dir='ltr'><strong>an</strong></span> <span class='ocrx_word' id='word_1_668' title='bbox 1940 2509 2068 2541; x_wconf 75' lang='lat' dir='ltr'><strong>habeas</strong></span> <span class='ocrx_word' id='word_1_669' title='bbox 2091 2519 2163 2550; x_wconf 76' lang='lat' dir='ltr'><strong>pm-</strong></span> 
     </span>
    </p>
   </div>
   <div class='ocr_carea' id='block_1_31' title="bbox 155 2558 1161 2612">
    <p class='ocr_par' dir='ltr' id='par_1_35' title="bbox 155 2558 1161 2612">
     <span class='ocr_line' id='line_1_106' title="bbox 155 2558 1161 2612; baseline -0.002 -23"><span class='ocrx_word' id='word_1_670' title='bbox 155 2567 268 2589; x_wconf 81' lang='lat' dir='ltr'><strong>verum</strong></span> <span class='ocrx_word' id='word_1_671' title='bbox 302 2565 370 2590; x_wconf 64' lang='lat' dir='ltr'><strong>ent:</strong></span> <span class='ocrx_word' id='word_1_672' title='bbox 415 2558 498 2591; x_wconf 83' lang='lat' dir='ltr'><strong>Tota</strong></span> <span class='ocrx_word' id='word_1_673' title='bbox 538 2566 656 2590; x_wconf 82' lang='lat' dir='ltr'><strong>natura</strong></span> <span class='ocrx_word' id='word_1_674' title='bbox 691 2559 856 2590; x_wconf 86' lang='lat' dir='ltr'><strong>hominum</strong></span> <span class='ocrx_word' id='word_1_675' title='bbox 890 2564 942 2590; x_wconf 75' lang='lat' dir='ltr'><strong>est</strong></span> <span class='ocrx_word' id='word_1_676' title='bbox 975 2567 1049 2591; x_wconf 71' lang='lat' dir='ltr'><strong>rea,</strong></span> <span class='ocrx_word' id='word_1_677' title='bbox 1083 2563 1161 2612; x_wconf 52' lang='grc' dir='ltr'><strong>εει,</strong></span> 
     </span>
    </p>
   </div>
   <div class='ocr_carea' id='block_1_32' title="bbox 154 2600 1160 2643">
    <p class='ocr_par' dir='ltr' id='par_1_36' title="bbox 154 2600 1160 2643">
     <span class='ocr_line' id='line_1_107' title="bbox 154 2600 1160 2643; baseline -0.001 -11"><span class='ocrx_word' id='word_1_678' title='bbox 154 2611 265 2634; x_wconf 82' lang='lat' dir='ltr'><strong>mersa</strong></span> <span class='ocrx_word' id='word_1_679' title='bbox 288 2602 320 2633; x_wconf 86' lang='lat' dir='ltr'><strong>in</strong></span> <span class='ocrx_word' id='word_1_680' title='bbox 343 2610 529 2643; x_wconf 83' lang='lat' dir='ltr'><strong>peccatum,</strong></span> <span class='ocrx_word' id='word_1_681' title='bbox 554 2609 587 2634; x_wconf 90' lang='lat' dir='ltr'><strong>et</strong></span> <span class='ocrx_word' id='word_1_682' title='bbox 610 2613 649 2634; x_wconf 82' lang='lat' dir='ltr'><strong>ex</strong></span> <span class='ocrx_word' id='word_1_683' title='bbox 663 2608 802 2643; x_wconf 78' lang='lat' dir='ltr'><strong>peccato</strong></span> <span class='ocrx_word' id='word_1_684' title='bbox 826 2602 858 2633; x_wconf 87' lang='lat' dir='ltr'><strong>ln</strong></span> <span class='ocrx_word' id='word_1_685' title='bbox 881 2607 1034 2633; x_wconf 86' lang='lat' dir='ltr'><strong>mortem:</strong></span> <span class='ocrx_word' id='word_1_686' title='bbox 1058 2600 1133 2631; x_wconf 85' lang='lat' dir='ltr'><strong>Non</strong></span> <span class='ocrx_word' id='word_1_687' title='bbox 1158 2619 1160 2621; x_wconf 60' lang='lat'>&gt;</span> 
     </span>
    </p>
   </div>
   <div class='ocr_carea' id='block_1_33' title="bbox 1185 2552 2162 2637">
    <p class='ocr_par' dir='ltr' id='par_1_37' title="bbox 1185 2552 2162 2637">
     <span class='ocr_line' id='line_1_108' title="bbox 1209 2552 2159 2588; baseline -0.004 0"><span class='ocrx_word' id='word_1_688' title='bbox 1209 2558 1326 2588; x_wconf 84' lang='lat' dir='ltr'><strong>ositum</strong></span> <span class='ocrx_word' id='word_1_689' title='bbox 1369 2557 1561 2588; x_wconf 79' lang='lat' dir='ltr'><strong>retinendae</strong></span> <span class='ocrx_word' id='word_1_690' title='bbox 1605 2555 1680 2586; x_wconf 84' lang='lat' dir='ltr'><strong>fidel</strong></span> <span class='ocrx_word' id='word_1_691' title='bbox 1714 2561 1746 2586; x_wconf 84' lang='lat' dir='ltr'><strong>et</strong></span> <span class='ocrx_word' id='word_1_692' title='bbox 1780 2555 1890 2585; x_wconf 80' lang='lat' dir='ltr'><strong>bonae</strong></span> <span class='ocrx_word' id='word_1_693' title='bbox 1923 2552 2159 2586; x_wconf 57' lang='lat' dir='ltr'><strong>conscientiae</strong></span> 
     </span>
     <span class='ocr_line' id='line_1_109' title="bbox 1185 2569 2162 2637; baseline -0.006 -5"><span class='ocrx_word' id='word_1_694' title='bbox 1185 2569 1277 2632; x_wconf 55' lang='lat' dir='ltr'><strong>nnec</strong></span> <span class='ocrx_word' id='word_1_695' title='bbox 1299 2600 1355 2632; x_wconf 83' lang='lat' dir='ltr'><strong>ubi</strong></span> <span class='ocrx_word' id='word_1_696' title='bbox 1377 2606 1454 2632; x_wconf 75' lang='lat' dir='ltr'><strong>sunt</strong></span> <span class='ocrx_word' id='word_1_697' title='bbox 1477 2600 1510 2631; x_wconf 84' lang='lat' dir='ltr'><strong>in</strong></span> <span class='ocrx_word' id='word_1_698' title='bbox 1531 2605 1564 2630; x_wconf 82' lang='lat' dir='ltr'><strong>te</strong></span> <span class='ocrx_word' id='word_1_699' title='bbox 1586 2597 1754 2636; x_wconf 77' lang='lat' dir='ltr'><strong>inchoata,</strong></span> <span class='ocrx_word' id='word_1_700' title='bbox 1778 2607 1816 2629; x_wconf 76' lang='lat' dir='ltr'><strong>eo</strong></span> <span class='ocrx_word' id='word_1_701' title='bbox 1837 2597 1922 2628; x_wconf 78' lang='lat' dir='ltr'><strong>inter</strong></span> <span class='ocrx_word' id='word_1_702' title='bbox 1944 2595 2071 2637; x_wconf 65' lang='lat' dir='ltr'><strong>eosqui</strong></span> <span class='ocrx_word' id='word_1_703' title='bbox 2092 2603 2162 2626; x_wconf 60' lang='lat' dir='ltr'><strong>ur*</strong></span> 
     </span>
    </p>
   </div>
   <div class='ocr_carea' id='block_1_34' title="bbox 2267 0 2324 2958">
    <p class='ocr_par' dir='ltr' id='par_1_38' title="bbox 2267 0 2324 2958">
     <span class='ocr_line' id='line_1_110' title="bbox 2267 0 2324 2958; baseline 0 0"><span class='ocrx_word' id='word_1_704' title='bbox 2267 0 2324 2958; x_wconf 95' lang='lat' dir='ltr'><strong> </strong></span> 
     </span>
    </p>
   </div>
  </div>
 </body>
</html>
