2324 2958
213 176 278 208 339

213 269 339 301 Messio
370 276 462 308 nato,
494 270 570 311 quia
598 269 692 302 Deus
721 269 822 302 voluit
849 272 926 302 sciri
955 271 1112 303 Messinm
1137 281 1190 302 ve-

213 313 305 344 nisse
327 313 359 343 in
383 323 533 350 carnem,
563 318 595 343 et
623 311 743 344 samam
766 311 833 344 late
855 314 895 345 de
919 324 959 346 eo
983 315 1104 355 spargi.
1150 313 1191 344 Et

213 354 297 387 hacc
319 354 378 387 fuit
400 354 501 386 veluti
525 365 645 386 aurora
667 363 804 388 secutae
827 357 907 395 diei,
935 367 999 398 qua
1021 356 1191 397 praediea-

215 404 318 436 turus,
344 408 505 439 passurus
529 405 559 429 et
584 406 834 431 resurrecturus
859 407 928 430 erat
953 399 1105 430 Messias.

490 563 553 603 De
584 564 674 618 lege
707 564 913 618 puerperii.

300 653 442 685 Primum
477 655 573 696 igitur
610 664 868 686 commemorare
903 653 1065 693 quaedam
1100 651 1191 684 volu-

214 706 285 729 mus
310 697 352 728 de
375 699 568 739 puerperiis.
601 697 847 728 Adulescentes
872 697 1016 737 cogitent
1040 705 1078 727 se
1097 697 1192 727 etiam

212 746 310 771 natos
333 750 409 771 esse
433 751 473 772 ex
499 741 666 778 matribus,
689 745 721 770 et
744 740 889 780 ipsorum
912 749 1046 780 quoque
1069 745 1191 769 matres

213 781 318 815 fuisse
347 793 545 824 puerperas,
574 793 635 814 nec
666 783 731 812 sint
759 783 803 813 ita
832 783 982 819 barbari,
1016 787 1052 812 ut
1082 782 1192 813 existi-

213 832 302 857 ment
329 826 392 857 ista
420 833 541 857 tantum
570 835 647 856 esse
670 824 801 855 ludaica
829 831 861 856 et
891 825 1062 866 papistica.
1109 824 1191 856 Cum

213 878 364 900 essemus
387 869 418 899 in
443 870 546 909 prima
570 868 755 898 visitatione
777 878 837 899 seu
856 868 1061 909 inspectione
1078 867 1192 899 Eccle-

213 911 352 949 siarum,
376 919 550 953 postquam
574 909 662 941 facta
684 916 755 942 erat
778 911 913 942 mutatio
936 910 1116 952 religionis,
1141 921 1191 942 re-

214 955 356 996 perimus
385 956 507 996 passim
538 952 673 984 multum
703 954 888 991 turbarum,
922 960 956 985 ut
980 953 1033 991 fit,
1059 954 1192 995 quando

212 998 406 1040 contingunt
429 997 624 1028 mutationes
647 995 781 1037 politiae
799 1003 854 1028 aut
871 995 1052 1039 religionis.
1087 995 1193 1028 Multa

212 1041 366 1072 accidunt
388 1039 668 1077 incomenientia,
698 1046 832 1080 propter
862 1041 1040 1071 novitatem
1070 1038 1192 1081 legum,

212 1089 245 1116 et
267 1083 432 1114 bominum
456 1081 763 1114 dissimilitudinem.
809 1082 959 1124 Quisque
986 1083 1108 1125 gaudet
1132 1092 1192 1124 pro

213 1136 274 1159 suo
296 1126 431 1157 arbitrio
451 1125 622 1156 instituere
645 1124 910 1157 reformationes.

298 1168 380 1200 Tum
409 1178 489 1210 ergo
520 1169 649 1200 memini
678 1169 710 1199 in
739 1169 861 1210 oppido
883 1168 1084 1210 'l'huringiae
1107 1167 1193 1200 Kala

213 1210 317 1244 fuisse
340 1218 507 1251 pastorem
531 1212 682 1243 invenem
705 1216 737 1243 et
760 1210 924 1250 ferocem,
951 1213 1004 1253 qui
1029 1211 1192 1243 declama-

215 1257 268 1287 bat
292 1261 408 1286 contra
430 1264 623 1296 puerperas.
669 1254 809 1285 Dicebat
834 1264 912 1285 esse
937 1256 1032 1286 ritum
1060 1254 1193 1296 papisti-

213 1309 304 1336 cum,
329 1307 424 1339 quem
449 1303 622 1328 servarent
644 1307 846 1338 puerperae,
874 1307 950 1329 esse
974 1299 1139 1340 ignaviam
1161 1302 1194 1328 et

212 1341 384 1383 segnitiem
414 1339 594 1371 mulierum.
639 1339 774 1372 Debere
803 1351 984 1382 puerperas
1008 1346 1085 1381 post
1113 1338 1193 1371 alte-

212 1394 284 1415 rum
306 1390 360 1415 aut
387 1384 515 1414 tertium
538 1383 622 1415 diem
646 1394 665 1414 a
686 1390 782 1426 partu
805 1394 944 1426 surgere
968 1394 1008 1415 ex
1031 1382 1139 1420 lecto,
1164 1387 1193 1414 et

212 1427 320 1459 redire
353 1427 396 1457 ad
427 1436 548 1467 operas
576 1426 704 1458 solitas.
751 1426 920 1462 Quaedam
954 1433 1030 1458 ante
1063 1433 1193 1466 tempus

211 1476 408 1512 surgentes,
438 1480 511 1501 cum
536 1475 782 1502 reverterentur
805 1469 848 1501 ad
875 1469 1030 1507 labores,
1062 1468 1194 1501 suerunt

211 1514 385 1545 extinctae.

298 1555 344 1588 lbi
369 1556 569 1597 disputatum
593 1555 651 1588 suit
675 1557 716 1587 de
738 1555 804 1587 hoc
825 1562 1035 1598 argumento:

341 1607 576 1648 Pet-mnom‘nb'a
613 1616 765 1648 mosaica.
798 1616 879 1647 nihil
910 1617 955 1647 ad
988 1615 1194 1647 Christianos

383 1661 554 1701 pertinent.

347 1703 409 1734 Illa
449 1707 595 1743 tompora
634 1702 806 1743 puerperii

384 1746 546 1777 mosaica.

344 1789 430 1830 Eryo
453 1799 513 1820 mm
536 1794 608 1819 sunt
632 1790 806 1820 sere-mula.

849 1707 921 1733 mut
966 1702 1194 1733 ceremonialia

299 1857 372 1889 Hoc
395 1864 623 1899 argumentum
648 1857 777 1889 discunt
800 1856 1033 1888 adolescentes
1061 1855 1193 1887 solvere

213 1909 246 1934 et
268 1901 447 1943 explicare,
472 1908 501 1932 et
522 1901 668 1942 cogitent
687 1901 728 1931 de
747 1901 816 1931 suis
837 1901 1008 1939 matribus,
1031 1901 1107 1931 item
1129 1898 1194 1930 sra-

214 1945 319 1976 tribus
342 1951 373 1975 et
397 1943 581 1975 sororculis
604 1944 673 1975 suis
698 1954 815 1974 recens
839 1944 871 1974 in
896 1943 1001 1975 lucem
1027 1943 1138 1976 editis.
1161 1942 1193 1973 in

213 1993 339 2030 quanto
374 1985 490 2018 dolore
520 1987 632 2017 matris
666 1987 758 2027 ipsos
793 1987 997 2028 pepererint,
1031 1993 1062 2017 et
1097 1996 1194 2027 quam

214 2031 317 2063 teneri
342 2031 407 2061 sint
432 2029 539 2061 foetus
563 2030 701 2071 primum
726 2030 803 2061 nati.
843 2029 915 2060 Non
943 2030 1046 2061 simus
1069 2030 1114 2059 ita
1140 2030 1194 2059 be-

214 2073 304 2113 luini,
327 2074 390 2105 etsi
413 2072 529 2104 beluae
553 2082 684 2114 quoque
707 2073 768 2103 sibi
793 2079 824 2103 ct
847 2073 916 2103 suis
941 2079 1096 2113 parcant:
1127 2074 1192 2103 bno

214 2128 280 2149 non
314 2117 417 2148 simus
451 2117 494 2147 ita
530 2114 644 2153 serre-i,
678 2123 711 2147 ut
747 2114 999 2153 obliviscamur,
1035 2116 1113 2157 quid
1144 2115 1196 2149 sit.

214 2160 303 2202 quod
331 2160 363 2190 in
391 2159 513 2190 Genesi
543 2159 677 2190 dicitur:
718 2160 752 2190 ln
781 2159 893 2189 dolor»)
921 2160 1051 2199 paries,
1080 2157 1132 2189 vel
1163 2164 1196 2188 ut

215 2210 366 2244 putemus
391 2201 554 2233 bominem
578 2200 714 2233 similem
737 2212 813 2232 esse
844 2200 932 2232 ferro
961 2207 993 2232 et
1021 2201 1196 2232 adamanti.

216 2246 303 2282 Quid
337 2252 387 2277 est
418 2243 614 2277 imbecillius
645 2246 829 2286 puerpera?
874 2243 993 2285 Cogita
1023 2244 1064 2275 de
1094 2251 1198 2274 matre

215 2296 274 2320 tua
296 2295 452 2331 quantum
477 2288 624 2319 dolorem
649 2288 693 2319 tui
723 2298 825 2319 causa
856 2289 998 2318 senserit
1028 2288 1060 2318 in
1089 2293 1196 2328 partu.

215 2331 290 2364 Non
315 2332 364 2363 ,sis
394 2333 438 2362 ita
470 2331 617 2362 furenter
644 2331 810 2371 ingratus,
840 2337 874 2361 ut
904 2341 970 2361 non
1000 2331 1127 2371 cogites
1158 2329 1199 2360 de

216 2376 408 2417 parentibus
432 2375 496 2406 tuis
525 2380 557 2405 et
586 2375 626 2405 de
656 2381 711 2405 tua
741 2374 884 2411 origine.
916 2384 989 2404 cnm
1022 2374 1114 2404 vides
1143 2382 1199 2403 na-

217 2425 285 2450 tum
310 2416 515 2455 infantulum,
538 2424 661 2459 quantu
684 2423 734 2449 est
757 2417 788 2447 in
813 2427 853 2447 eo
878 2415 1062 2457 fragilitas?
1106 2414 1200 2446 Talia

218 2460 409 2503 spectacula
434 2461 582 2502 proponit
609 2460 705 2491 nobis
722 2458 828 2497 Deus,
853 2465 887 2490 ut
903 2459 1200 2491 commonefaciant

218 2515 280 2536 nos
304 2505 344 2535 dc
369 2503 554 2535 infirmitate
576 2503 739 2534 humanae
764 2508 910 2533 naturae.

303 2546 445 2583 Quidam
478 2547 519 2577 nd
558 2557 608 2577 me
633 2557 736 2588 nuper
759 2546 907 2587 script-it,
942 2546 1066 2576 dixisse
1096 2555 1197 2586 quen-

220 2591 310 2622 dam:
337 2589 468 2621 Ducere
492 2600 653 2627 sororem,
688 2587 785 2621 talem
820 2599 896 2619 esse
930 2587 1194 2630 prohibitionem,

220 2631 325 2675 qualis
359 2631 415 2664 illu
449 2634 490 2663 sit
531 2632 671 2664 bumana
712 2632 860 2669 traditio,
900 2642 941 2663 ne
965 2630 1062 2663 licent
1104 2630 1194 2662 vesci

843 176 954 207 Ptin„
985 175 1087 208 rleL.
1115 176 1298 208 sztt‘TA
1325 175 1588 208 EXEGE'rtCA.

2158 177 2221 210 340

1245 281 1346 302 carne
1370 271 1422 301 die
1446 277 1551 302 sexto.
1610 271 1729 302 Pastor
1758 269 1812 302 ille
1843 272 1874 302 in
1900 269 1984 302 Kala
2007 273 2221 313 comparabat

1244 312 1351 354 legem
1374 313 1415 344 de
1449 313 1622 355 puerperis
1645 324 1719 344 cuin
1744 313 2012 352 circumcisione,
2046 320 2078 345 et
2100 321 2221 347 macta-

1244 356 1389 387 tionibus
1412 355 1588 394 Leviticis,
1618 366 1702 398 quas
1727 356 1850 387 scimus
1874 366 1990 387 omnes
2013 356 2119 388 fuisse
2140 358 2220 390 abo-

1244 397 1389 430 lendas*
1419 398 1496 430 ldeo
1519 400 1551 429 in
1575 406 1770 440 argumento
1796 399 1987 439 proposito,
2017 399 2125 431 Maior
2145 410 2220 442 pro·

1243 442 1375 482 positio,
1399 442 1486 483 quod
1512 440 1743 473 ceremonialia
1755 440 1872 472 >loisis
1896 440 1974 472 nihil
1993 443 2036 473 ad
2058 452 2122 474 nos
2145 452 2221 484 per-

1243 485 1379 522 tineant,
1402 485 1580 525 prudenter
1602 484 1845 515 consideranda
1867 490 1928 515 est.

1330 525 1570 559 Ceremonialia
1592 526 1741 558 Mosaica
1762 537 1826 558 non
1852 537 1993 558 necesse
2017 534 2069 558 est
2091 538 2111 559 a
2127 527 2221 559 Chri-

1243 570 1362 601 stianis
1385 571 1524 607 servari,
1554 568 1697 607 scilicet,
1730 576 1893 611 quatenus
1922 569 2114 611 simpliciter
2144 577 2221 602 sunt

1244 613 1324 643 iuris
1358 613 1501 654 positivi,
1536 622 1597 644 seu
1631 619 1796 654 quat-enus
1830 623 1895 643 non
1930 620 2006 644 sunt
2041 611 2220 645 naturalia:

1244 654 1328 686 Nam
1352 654 1454 687 multa
1489 654 1718 687 ceremonialia
1753 665 1816 686 suo
1839 665 1962 697 genere
1985 661 2062 687 sunt
2091 661 2222 688 natura-

1245 696 1301 735 lia,
1326 698 1452 729 etiamsi
1486 696 1658 739 legislator
1691 698 1817 729 addidit
1852 699 2131 730 circumstantiam
2164 698 2223 730 ali-

1245 751 1341 781 quam
1367 747 1605 783 congruentem
1640 739 1686 772 illi
1711 740 1854 782 politiae.
1923 740 2091 773 Pertinent
2114 747 2223 773 autem

1244 781 1407 815 naturalia
1429 783 1471 815 ad
1491 794 1616 815 omnes.

1331 826 1395 857 lam
1419 837 1493 858 cum
1521 827 1552 857 in
1583 826 1712 858 Minore
1746 827 1865 858 dicitur
1899 834 2028 868 tempus
2061 827 2224 868 puerperii

1245 869 1434 901 mandatum
1457 879 1477 900 a
1495 869 1601 900 Moise
1631 879 1708 900 esse
1732 868 1964 902 ceremoniale.
2009 869 2222 910 Respondeo.

1246 911 1305 943 Est
1329 910 1569 950 Ceremoniale,
1598 913 1684 953 quod
1704 913 1747 943 ad
1769 914 1926 952 speciem,
1949 913 1980 943 id
2004 919 2067 950 est,
2091 923 2156 954 quo
2179 913 2223 944 ad

1246 961 1370 986 certum
1395 966 1564 987 numerum
1583 955 1718 987 dierum.
1762 955 1852 987 Haec
1872 955 2102 987 determinatio
2126 955 2223 987 istius

1246 999 1513 1030 circumstantiae
1539 1005 1591 1029 est
1617 998 1743 1040 aliquid
1777 998 2016 1037 ceremoniale,
2049 1007 2110 1030 seu
2143 998 2224 1029 iuris

1246 1042 1390 1082 positivi.
1436 1042 1503 1073 Sed
1527 1041 1615 1082 quod
1639 1042 1682 1072 ad
1706 1050 1812 1083 genus
1836 1041 1964 1079 attinet,
1994 1048 2046 1072 est
2070 1041 2224 1082 quiddam

1244 1084 1414 1122 naturale,
1450 1085 1526 1126 quia
1561 1090 1697 1115 naturae
1731 1085 1916 1125 aegrotanti
1946 1090 1997 1115 est
2031 1083 2225 1116 necessaria

1245 1127 1339 1168 quies
1363 1127 1485 1168 aliqua.
1532 1127 1623 1158 Haec
1657 1133 1707 1158 est
1742 1125 1881 1168 simplex
1911 1133 1943 1158 et
1972 1128 2149 1168 perspicua
2170 1135 2225 1157 so·

1245 1170 1340 1208 lutio,
1374 1179 1471 1212 quam
1495 1169 1631 1211 quilibet
1655 1170 1822 1211 praeditus
1846 1170 1974 1201 ratione
1997 1176 2030 1201 et
2053 1179 2156 1202 sensu
2178 1169 2225 1200 in-

1245 1212 1396 1255 telligere
1420 1219 1540 1253 potest.
1585 1212 1626 1243 Et
1650 1213 1750 1244 babet
1773 1213 1938 1244 distinctio
1962 1211 2018 1244 illa
2037 1213 2170 1255 generis
2193 1218 2226 1243 et

1245 1258 1368 1298 speciei
1391 1257 1564 1288 maximum
1588 1265 1684 1287 usum
1709 1257 1740 1286 in
1763 1254 1875 1287 multis
1899 1256 2054 1287 materiis.

1332 1299 1507 1331 Sumamus
1552 1296 1737 1339 exemplum
1778 1298 1818 1329 de
1852 1298 2011 1330 Sabbato.

1245 1349 1353 1374 utrum
1377 1341 1505 1384 obliget
1537 1352 1599 1373 nos
1622 1347 1834 1383 praeceptum
1869 1342 1910 1371 de
1943 1341 2113 1373 Sabbato?
2164 1339 2227 1372 Re-

1246 1385 1408 1426 spondeo.
1454 1385 1599 1416 Pertinet
1623 1383 1687 1415 hoc
1711 1390 1923 1425 praeceptum
1946 1385 1987 1415 ad
2006 1384 2227 1421 Christianos,

1245 1427 1390 1466 scilicet,
1426 1427 1514 1469 quod
1547 1428 1589 1458 ad
1623 1436 1749 1467 genus,
1789 1436 1856 1457 non
1891 1437 1957 1467 quo
1992 1428 2034 1457 ad
2068 1427 2224 1467 speciem.

1245 1471 1317 1502 Nos
1351 1479 1465 1502 sumus
1499 1468 1636 1511 obligati
1670 1469 1824 1500 mandato
1859 1469 1988 1506 divino,
2022 1476 2056 1500 ut
2085 1467 2229 1510 aliquem

1246 1514 1331 1545 diem
1355 1514 1536 1545 tribuamus
1549 1511 1692 1553 publicis
1711 1512 1951 1554 congressibus
1974 1513 2016 1543 ad
2030 1511 2228 1543 audiendum

1246 1558 1384 1588 verbum
1409 1556 1486 1593 Dei,
1521 1562 1552 1587 et
1575 1555 1616 1586 ad
1640 1555 1927 1586 conservationem
1950 1554 2133 1592 ministerii,
2166 1553 2228 1585 sed

1246 1610 1314 1631 non
1339 1609 1479 1631 necesse
1502 1606 1565 1636 est,
1591 1609 1653 1629 nos
1677 1599 1819 1629 retinere
1839 1599 1922 1629 diem
1945 1598 2139 1640 septimum,
2174 1596 2229 1639 qui

1246 1649 1298 1675 est
1319 1641 1453 1674 ultimus
1477 1642 1509 1672 in
1528 1642 1720 1682 septimana.

1333 1686 1448 1717 Genus
1471 1691 1521 1716 est
1543 1685 1624 1715 iuris
1644 1690 1798 1721 naturae,
1822 1690 1855 1715 et
1878 1690 1929 1715 est
1948 1682 2075 1715 morale
2091 1681 2227 1725 aliquid,

1246 1729 1306 1760 sed
1330 1738 1466 1761 servare
1485 1729 1659 1769 septimum
1678 1727 1774 1765 diem,
1793 1733 1842 1757 est
1866 1727 1997 1768 species
2010 1727 2226 1757 determinata

1245 1773 1315 1804 iure
1337 1771 1494 1813 positivo,
1519 1772 1605 1802 sicut
1627 1780 1689 1801 nas
1713 1771 1776 1801 iam
1788 1780 1961 1801 servamus
1974 1769 2113 1811 primum
2126 1769 2225 1800 diem:

1246 1815 1292 1846 lta
1316 1815 1348 1846 in
1372 1813 1482 1845 multis
1504 1811 1576 1845 aliis
1599 1813 1744 1844 materiis
1768 1813 1924 1844 utendum
1947 1818 1998 1843 est
2027 1811 2092 1843 hac
2114 1811 2226 1843 distin-

1246 1859 1372 1896 ctione,
1407 1863 1439 1888 et
1463 1857 1557 1888 debet
1582 1856 1679 1887 nobis
1703 1854 1913 1887 delectationi
1937 1865 2013 1887 esse
2045 1853 2130 1886 haec
2153 1856 2226 1886 bre-

1246 1902 1333 1932 vitas
1357 1900 1597 1941 responsionis,
1632 1900 1664 1930 in
1688 1909 1754 1940 qua
1777 1906 1825 1929 est
1851 1899 2015 1930 concinna
2037 1896 2226 1939 explicatio·

1334 1941 1503 1975 Naturalia
1526 1952 1659 1982 semper
1681 1949 1811 1973 inancnt
1837 1940 1953 1973 similia
1976 1948 2006 1972 et
2027 1940 2227 1977 uniusmodi,

1248 1988 1323 2029 quia
1347 1992 1463 2017 natura
1487 1992 1536 2017 est
1567 1992 1692 2015 natura.
1749 1985 1811 2015 Sed
1843 1985 1932 2015 θετόν
1955 1985 2114 2025 positum.
2149 1983 2228 2015 defi-

1250 2032 1348 2061 nitum
1372 2028 1482 2070 aliqua
1506 2028 1756 2060 circumstantia
1790 2035 1839 2059 est
1876 2026 2042 2058 mutabile.
2094 2025 2230 2058 Manent

1249 2074 1400 2105 omnibus
1424 2072 1627 2113 temporibus
1653 2070 1824 2103 naturalia,
1856 2078 1889 2101 ut
1913 2071 2036 2111 gradus
2060 2069 2229 2111 cognatio-

1250 2127 1325 2150 num
1348 2121 1426 2145 sunt
1449 2113 1628 2151 naturales,
1653 2124 1694 2145 ne
1707 2114 1909 2154 paterducat
1925 2112 2036 2147 tiliam.
2061 2122 2102 2143 ne
2126 2118 2230 2143 mater

1250 2160 1350 2190 nubat
1374 2158 1453 2189 filio.
1479 2168 1520 2188 ne
1545 2157 1644 2188 frater
1666 2157 1763 2188 ducat
1787 2167 1949 2188 sororem.
1973 2162 2037 2187 etc.
2090 2155 2146 2186 Sic
2176 2153 2231 2186 lex

1250 2202 1291 2233 de
1315 2201 1492 2242 puerperio
1516 2207 1564 2230 est
1596 2198 1753 2231 naturalis
1778 2206 1809 2230 et
1833 2198 2054 2236 ininmtubilis,
2077 2198 2166 2240 quod
2189 2197 2232 2229 ad

1251 2255 1368 2286 genus.
1392 2250 1424 2275 ut
1449 2243 1651 2274 cont-celatur
1675 2244 1769 2284 quies
1793 2243 1924 2283 corpori
1955 2252 2035 2283 puer
2048 2251 2137 2272 terne
2161 2239 2232 2272 lan·

1253 2286 1422 2329 guesacto‚
1457 2293 1487 2317 ct
1513 2284 1677 2317 imbecillo
1702 2296 1761 2316 sna
1786 2286 1925 2326 quadum
1950 2252 2108 2326 peculiari
2133 2284 2231 2315 imbe-

1252 2329 1398 2367 cillitate,
1421 2330 1504 2360 sicut
1531 2336 1647 2360 norunt
1673 2327 1717 2359 illi
1741 2329 1796 2370 qui
1820 2334 1896 2359 sunt
1920 2325 2188 2369 patresfamilias.

1338 2373 1411 2404 Non
1436 2374 1539 2404 simus
1573 2372 1618 2402 ita
1642 2371 1780 2412 stupidi,
1815 2377 1847 2402 ut
1874 2371 2058 2412 cogitemus
2083 2368 2162 2401 nibil
2186 2369 2231 2400 ln·

1252 2423 1380 2447 teresse
1404 2417 1485 2446 inter
1509 2425 1721 2456 puerperam,
1749 2419 1781 2445 et
1805 2412 1901 2445 oliam
1927 2414 2097 2445 robustam
2121 2411 2232 2444 mulio-

1252 2471 1331 2490 rem.
1367 2459 1541 2490 Abstinent
1576 2458 1673 2488 etiam
1708 2457 1834 2488 bestiae
1858 2467 1877 2487 n
1900 2456 2096 2497 puerperis,
2130 2453 2235 2486 multo

1253 2503 1359 2543 magis
1384 2503 1468 2533 inter
1492 2501 1642 2532 homines
1673 2506 1802 2540 oportet
1838 2498 1971 2540 aliquod
2004 2505 2133 2539 tempus
2157 2507 2235 2529 con·

1253 2546 1324 2577 cedi
1351 2545 1533 2586 puerperis.
1580 2543 1654 2575 Non
1678 2553 1818 2573 neccsse
1842 2548 1891 2573 est
1918 2542 2069 2583 praecise
2098 2549 2236 2572 servare

1254 2599 1312 2619 sex
1333 2594 1385 2619 mit
1411 2587 1585 2618 duodecim
1610 2586 1834 2627 septimanus,
1870 2592 1903 2617 ut
1933 2586 1965 2616 in
1995 2585 2066 2616 iure
2089 2583 2235 2625 positivo

1255 2631 1417 2666 Mosnico,
1446 2636 1476 2662 et
1500 2628 1565 2661 aliu
1589 2639 1750 2670 puerpera
1780 2626 1855 2660 aliis
1879 2634 1929 2659 est
1953 2627 2139 2663 robustior.
2176 2625 2238 2658 sed

2080 1297 2227 1336 Quaero,
