2324 2958
113 155 178 186 915

115 249 270 286 demittit,
310 252 346 277 ut
385 244 472 277 ultro
506 242 630 275 alliciat
665 249 697 275 et
731 243 846 275 invitet
879 242 960 274 nos!

113 297 227 335 potest
259 287 347 322 ullus
380 287 548 319 hominum
579 293 644 318 tam
675 292 822 317 amanter
850 284 995 326 colloqui
1020 294 1093 315 cum

115 334 181 367 alio
203 333 354 370 homine,
383 332 469 362 sieut
497 331 657 361 immensa
685 327 741 360 illa
770 329 925 360 maiestas
956 327 1095 358 demittit

115 387 156 409 ac
180 376 287 408 deiicit
311 385 360 412 se,
379 379 412 405 et
434 379 499 403 tam
525 371 643 403 blande
666 381 729 403 nos
752 370 943 413 alloquitur,
967 370 1095 406 invitat,

116 427 149 452 et
170 417 305 451 attrahit
327 427 389 448 nos
413 416 455 447 ad
478 425 527 446 se.

202 462 272 493 Nos
296 461 359 491 ista
388 468 431 490 ne
462 459 648 500 cogitamus
676 457 825 498 quideni;
855 461 980 486 tantum
1002 460 1096 495 petu-

115 505 218 537 lantia
241 503 459 535 delectamur:
483 501 624 532 vivimus
646 510 707 542 pro
730 499 834 537 libitu,
857 505 889 529 et
911 497 1095 529 iactitamus

116 550 244 581 interea
266 546 452 577 libertatem
471 543 702 575 Christianam.
748 542 821 573 Hoc
839 542 902 572 iam
921 539 1097 581 pulchrum

118 597 187 629 est,
220 596 253 622 et
285 587 462 625 fortitudo,
496 585 609 618 facere
643 592 799 627 peccata,
833 584 889 616 ubi
921 593 988 614 non
1018 586 1096 613 sunt

117 639 274 676 peccata,
298 638 330 663 et
348 640 439 673 quae
462 629 661 672 gravissima
683 635 822 669 peccata
849 632 943 663 sunt,
972 635 1012 656 ea
1034 633 1095 665 pro

117 677 266 720 peccatis
289 685 354 706 non
379 674 512 705 habere.
559 671 651 703 Sicut
674 671 792 712 aliquis
815 679 919 710 nuper
941 668 1032 705 dixit,
1055 666 1097 696 Se

118 719 208 750 molle
230 717 428 748 homicidium
447 716 565 753 facere,
583 725 672 754 quum
691 714 818 743 indm-re
842 715 949 741 vestem
973 710 1095 740 lineum.

118 762 238 801 Quale,
261 770 400 803 quaeso,
421 758 487 790 hoc
511 758 584 789 est?
627 756 669 788 Et
692 763 801 788 tamen
824 754 1008 795 palleamus
1031 753 1096 783 ista

117 815 246 838 summa
280 803 392 845 specie
426 801 611 833 sanctitatis
645 806 677 831 et
710 799 862 830 iustitiae.
913 796 980 827 lsta
1009 794 1097 826 mala

118 847 346 889 deploremus:
390 845 585 876 Invocemus
618 842 725 874 Deum
758 843 790 872 in
825 841 956 877 timore,
996 844 1030 869 et
1063 838 1096 868 in

117 892 286 934 agnitione
318 887 391 921 Filii
425 887 504 925 Dei,
538 892 570 917 et
600 891 748 927 petamus
778 894 842 915 nos
871 883 941 923 regi
972 881 1096 922 Spiritu

119 940 252 966 sancto.
308 932 357 963 Ita
386 940 465 962 vere
491 928 667 971 pertinebit
695 928 737 959 ad
765 937 827 958 nos
857 935 990 967 quoque
1020 933 1096 965 pro-

118 977 243 1010 missio.
292 975 364 1006 Nos
392 973 616 1010 servabimur,
645 976 677 1002 et
708 969 906 1012 gubernabit
934 978 997 999 nos
1025 966 1097 1007 Spi-

117 1021 202 1052 ritus
225 1024 372 1050 sanctus·
425 1015 510 1051 Quid
539 1021 609 1052 est,
642 1014 731 1055 quod
760 1013 793 1044 in
822 1018 952 1043 mutuas
981 1009 1096 1041 clades

118 1061 294 1095 irruimus?
322 1059 510 1092 laceramus
533 1056 705 1089 Ecclesias
729 1062 760 1087 et
783 1053 1027 1095 Respublicas?
1049 1054 1096 1084 in-

119 1105 292 1138 cendimus
310 1103 398 1141 odia,
417 1100 516 1139 bella,
532 1099 759 1132 vastationes?
789 1098 970 1139 Postquam
988 1102 1098 1127 autem

99 1148 239 1180 -Petrus
268 1147 380 1178 citavit
410 1146 530 1177 dictum
560 1142 676 1181 loelis,
711 1142 810 1173 docet
831 1139 984 1179 ulterius,
1017 1147 1097 1179 quo-

118 1192 217 1223 modo
239 1189 336 1221 Deus
354 1189 395 1219 sit
413 1187 630 1219 invocandus.
671 1183 751 1216 Vult
769 1183 835 1215 hoc
854 1184 978 1214 dicere:
1002 1181 1097 1213 Deus

119 1234 207 1267 misit
235 1232 353 1264 filium
387 1241 501 1268 suum,
535 1236 566 1261 et
595 1228 764 1271 agnitione
799 1225 856 1257 filii
889 1224 979 1256 illius
1008 1224 1099 1255 dabit

120 1277 273 1319 Spiritum
296 1280 459 1311 sanctum,
481 1278 514 1303 et
537 1270 659 1313 allegat
683 1270 871 1301 testimonia
894 1278 934 1299 ex
950 1265 1097 1304 Psalmo,

120 1319 210 1363 quod
228 1317 411 1360 oportuerit
429 1313 544 1347 Filium
563 1314 769 1350 resuscitari,
788 1319 819 1343 et
838 1309 936 1342 simul
954 1308 1099 1351 comple-

121 1363 219 1396 ctitur
240 1359 479 1403 promissiones
501 1367 618 1389 omnes
641 1356 683 1388 de
705 1355 844 1387 Messia.

207 1402 348 1436 Valetne
371 1401 626 1443 consequentia:

253 1463 404 1503 Oporluit
426 1471 557 1500 reynero
579 1463 677 1489 senten
699 1457 826 1488 David:

249 1506 338 1546 Eryo
361 1506 501 1545 oportuit
523 1503 707 1533 rem-scitari
730 1501 895 1531 Christum.

208 1575 268 1608 lta.
321 1573 463 1606 Contra:
513 1571 685 1603 Potuisset
724 1579 866 1612 regnare
901 1566 1013 1599 divina
1046 1574 1104 1606 po-

122 1620 242 1654 tentia:
275 1617 442 1650 Divinitas
471 1621 582 1647 autem
604 1624 671 1646 non
695 1619 747 1645 est
769 1617 918 1648 mortua;
948 1610 1024 1641 item
1046 1618 1104 1649 po-

122 1665 241 1697 tuisset
264 1662 372 1693 anima
393 1668 553 1700 regnare,
581 1657 708 1689 etiamsi
738 1664 860 1697 corpus
890 1663 958 1685 non
985 1651 1106 1683 suisset

123 1706 368 1740 resuscitatum.
413 1701 625 1743 Respondeo.
669 1699 795 1732 Textus
819 1696 910 1730 clare
934 1695 1030 1734 dicit,
1056 1704 1104 1725 re-

172 1757 302 1782 aturum
332 1755 408 1778 esse
436 1754 551 1777 semen
581 1743 757 1781 Abrahae,
786 1747 819 1773 et
847 1749 960 1772 semen
982 1737 1104 1769 David.

124 1761 308 1825 Pri-omissio
344 1788 434 1821 clare
468 1786 611 1819 affirmat
647 1785 806 1817 Messinm
841 1789 995 1824 oportere
1029 1790 1105 1812 esse

125 1836 311 1871 hominem,
334 1840 365 1864 et
390 1831 554 1863 hominem
577 1836 791 1871 regnaturum
814 1836 909 1865 esse,
933 1831 1046 1857 natum
1065 1834 1106 1855 ex

126 1879 252 1911 semine
291 1875 466 1912 Abrahae,
507 1883 550 1905 ex
584 1873 710 1904 semine
744 1870 873 1908 David,
912 1875 1023 1900 natum
1065 1867 1106 1898 de

125 1921 247 1954 lumbis
270 1918 444 1955 Abrahae,
468 1917 508 1948 de
530 1916 651 1947 lumhis
675 1915 795 1946 David.
847 1913 1000 1954 Oportuit
1023 1920 1106 1951 ergo

127 1963 320 1997 resuscitari
338 1961 504 1993 Christum
527 1959 708 1990 secundum
732 1967 876 1994 εει-118111,
899 1962 930 1987 et
953 1964 1020 1987 non
1039 1960 1106 1985 tan·

128 2015 196 2040 tum
225 2007 385 2043 animam,
421 2013 487 2034 non
518 2009 643 2033 tantum
674 2001 854 2042 potentiam
884 1999 1026 2029 divinam
1056 2006 1106 2028 re-

129 2061 245 2094 gnare,
270 2048 329 2079 sed
352 2056 497 2089 regnare
520 2045 687 2076 Christum
712 2044 806 2074 etiam
831 2043 1010 2074 secundum
1035 2050 1108 2071 car-

128 2105 213 2126 nem.
260 2091 332 2123 lloc
355 2099 513 2131 expresse
537 2088 592 2119 hie
615 2088 750 2120 dicitur:
781 2093 813 2117 et
836 2092 886 2116 est
913 2086 1034 2116 bonum
1057 2093 1108 2113 ar-

130 2142 338 2179 gumentum,
379 2133 467 2174 quod
506 2130 678 2173 diligenter
718 2136 765 2161 est
808 2127 1107 2159 considerandum:

131 2180 279 2219 Oportue'!
304 2186 434 2215 rrymtre
456 2186 554 2205 senum
578 2173 739 2203 Abrahae:
763 2172 849 2210 Ery«.
869 2171 1008 2210 oportuit
1023 2169 1108 2198 Clari-

130 2227 207 2253 stum
238 2221 435 2251 renus-ituri.-
469 2219 545 2249 (uia
575 2218 621 2248 ita
651 2222 768 2258 regnat
797 2226 908 2246 semen
939 2212 1109 2249 Abrahae,

130 2267 177 2298 ita
199 2265 293 2297 sedet
315 2273 416 2304 super
439 2231 558 2293 solium
578 2259 699 2297 David,
718 2264 816 2290 natus
840 2268 880 2289 ex
905 2255 1022 2288 lumbis
1043 2254 1109 2286 Da-

131 2309 202 2341 vid.
227 2307 358 2350 quando
384 2304 437 2337 ille
461 2305 612 2336 t'hristus
636 2303 767 2334 indutus
792 2310 933 2342 corpore
957 2299 1109 2337 humano,

132 2353 227 2384 sedet
250 2351 281 2382 in
317 2360 422 2391 regno
451 2348 636 2390 promisso,
671 2346 725 2387 qui
753 2343 934 2385 assumpsit
962 2349 1111 2373 naturam

131 2395 308 2427 humanam
333 2404 373 2424 ex
397 2391 516 2423 lumbis
540 2388 713 2427 Abrahae,
742 2395 774 2420 et
797 2388 852 2430 qui
875 2392 926 2418 est
948 2392 1046 2417 natus
1070 2396 1111 2416 ex

132 2437 342 2480 posteritate,
362 2446 423 2467 seu
448 2446 487 2466 ex
511 2432 629 2465 lumbis
653 2431 772 2463 David.

221 2479 295 2512 noc
328 2485 557 2521 argumentum
588 2475 742 2518 proponit
771 2473 835 2505 sibi
864 2471 990 2510 David,
1024 2473 1111 2503 etin

134 2525 249 2566 spiritu
284 2523 479 2554 vaticinatur
511 2521 551 2551 de
582 2519 716 2551 messia.
773 2515 928 2548 Psnlnms
958 2516 1030 2557 ipse
1061 2521 1111 2546 est

136 2566 235 2599 valde
262 2565 415 2607 elegans:
447 2571 479 2596 et
506 2573 703 2606 titiumquam
732 2561 764 2593 in
794 2558 1009 2591 translatione
1031 2558 1113 2589 anti-

136 2620 202 2654 qua
231 2620 298 2641 non
325 2606 463 2641 'multum
493 2613 545 2639 est
573 2615 741 2643 errorum,
769 2603 930 2636 tamenin
954 2601 1113 2645 principio

754 149 864 181 PHIL.
887 147 991 180 MEL.
1014 147 1203 180 SCRIPTA
1223 147 1489 180 EXEGETICA.

1017 242 1092 273 Non
1115 241 1120 262 '¹

2065 148 2132 181 916

1147 246 1199 272 est
1229 241 1433 272 obscuritas:
1471 240 1626 271 Conserm
1654 252 1700 272 :ne
1721 241 1870 276 Domine,
1893 244 2037 282 quoniam
2060 253 2131 282 spe-

1145 283 1215 312 ravi
1241 284 1274 311 ιἰι
1302 286 1344 312 te:
1373 283 1458 312 Dioei
1478 283 1631 317 Domino,
1655 284 1742 314 Deus
1763 294 1844 314 meus
1862 295 1894 314 es
1916 289 1959 320 tu,
1982 287 2128 326 quoniam

1147 325 1292 354 bonorum
1321 335 1453 355 meorum
1480 336 1540 356 uon
1565 337 1644 365 eyes.
1696 326 1744 358 lbi
1768 327 1877 358 varias
1900 329 2126 369 expositiones

1147 367 1332 405 finxerunt,
1362 368 1449 400 sicut
1478 379 1583 410 nuper
1610 369 1706 400 etiam
1735 370 1895 407 diximus,
1923 371 1965 401 de
1992 370 2127 402 Psalmo

1147 409 1224 441 illo:
1249 409 1413 449 Essuryat
1430 411 1528 442 Deus.
1572 411 1633 443 Est
1654 413 1799 450 insania,
1823 411 1911 444 velle
1933 411 2056 454 aliquid
2079 413 2128 444 in-

1148 454 1341 494 terpretari,
1363 454 1392 484 si
1415 455 1548 485 nescias
1570 460 1694 485 textum
1716 460 1749 486 et
1771 453 1898 493 fontes,
1925 455 2000 486 ideo
2028 456 2128 487 debe·

1149 496 1191 526 tis
1214 505 1326 527 amare
1354 497 1464 528 studia
1489 496 1693 538 linguarum,
1722 503 1757 528 ut
1785 496 1895 529 sontes
1924 496 2128 540 intelligatis,

1149 544 1182 569 et
1205 538 1277 568 sitis
1302 539 1383 569 certi
1407 539 1448 570 de
1476 539 1649 581 principali
1679 539 1831 571 doctrina
1860 541 2020 582 cuiusque
2050 539 2128 572 loci.

1149 579 1229 611 Vult
1247 586 1357 612 autem
1379 581 1446 614 hoc
1469 584 1598 614 dicere:
1631 582 1766 612 Domine
1793 582 1881 612 Deus
1910 593 1992 612 mem
2021 593 2054 612 es
2083 587 2128 617 tu,

1146 626 1279 662 propter
1297 627 1327 652 te
1349 633 1411 653 nou
1433 629 1479 655 est
1501 625 1575 654 11ιί1ιί
1596 625 1679 655 bene.
1714 624 1876 656 Volumus
1893 626 1988 667 sequi
2007 624 2128 667 simpli-

1149 675 1222 697 cem
1245 666 1502 706 expositionem3
1524 668 1557 699 id
1580 674 1650 705 est,
1673 666 1807 710 affligor
1828 674 1966 709 propter
1987 675 2031 700 te.
2076 668 2127 700 Fi-

1148 707 1212 740 lius
1237 707 1396 750 affligitur
1423 716 1560 751 propter
1586 708 1833 743 consessionem
1854 711 2018 743 veritatis:
2052 711 2129 752 quia

1148 749 1307 792 patefacit
1329 751 1531 784 voluntatem
1548 752 1623 784 Dei.
1667 753 1796 785 Deinde
1814 752 1975 795 affligitur
1991 759 2129 795 propter

1149 795 1321 826 decretum
1352 795 1515 834 divinum,
1547 801 1682 838 propter
1711 797 1802 838 quod
1831 797 2013 837 assumpsit
2034 802 2130 828 natu-

1149 847 1220 868 ram
1247 836 1442 876 humanam,
1470 843 1505 869 ut
1534 839 1715 870 sustineret
1741 849 1883 880 poenam
1913 849 1974 879 pro
2005 848 2130 881 genere

1149 880 1302 911 humano.
1360 878 1456 911 Prior
1473 890 1552 921 pars
1577 880 1700 912 Psalmi
1723 888 1775 913 est
1797 883 1947 923 precatio
1972 880 2029 913 filii
2053 880 2130 920 Dei,

1149 923 1318 973 precantis
1348 933 1409 963 pro
1437 933 1492 961 se,
1522 929 1555 954 et
1581 933 1643 965 pro
1666 929 1736 955 tota
1757 923 1930 964 Ecclesia,
1959 930 1992 956 et
2015 925 2049 956 in
2071 923 2131 956 illa

1149 971 1360 1006 precatione,
1379 965 1518 1007 primum
1541 967 1633 1007 ponit
1655 968 1891 1005 narrationem,
1908 967 2130 1009 prophetiam,

1151 1009 1335 1039 doctrinam
1358 1009 1400 1040 (le
1421 1009 1591 1050 passione.

1236 1050 1361 1082 Postea
1383 1051 1463 1082 dicit
1486 1052 1528 1083 de
1549 1051 1659 1083 fructa
1681 1053 1861 1093 passionis,
1884 1062 1946 1084 seu
1964 1053 2005 1084 de
2028 1061 2132 1084 eausa

1150 1092 1258 1132 finali,
1283 1104 1357 1125 cum
1380 1095 1473 1125 dicit:
1496 1095 1636 1134 Propter
1659 1099 1702 1131 te;
1726 1101 1778 1126 est
1804 1105 1907 1126 eausa
1934 1094 2131 1136 impulsiva3

1149 1137 1183 1168 id
1205 1143 1276 1175 est,
1298 1135 1418 1168 faciam
1439 1136 1506 1169 hoe
1534 1143 1671 1178 propter
1698 1136 1944 1170 consessionem
1966 1138 2132 1176 veritatis,

1152 1186 1184 1212 et
1212 1185 1386 1220 praeterea
1416 1186 1451 1210 ut
1480 1179 1609 1211 solvam
1639 1181 1783 1212 debitam
1816 1191 1958 1222 poenam
1988 1181 2135 1212 iustitiae

1151 1228 1245 1253 tuae:
1278 1221 1403 1253 Postea
1432 1230 1616 1263 sequuntur
1646 1222 1763 1254 finales
1787 1233 1913 1255 causae
1936 1223 1978 1255 de
2005 1222 2134 1255 fructu:

1152 1265 1223 1294 lllea
1247 1266 1358 1304 passio
1382 1265 1530 1303 proderit
1556 1265 1693 1295 omnibus
1715 1265 1924 1296 credentibus:
1958 1271 1991 1297 et
2014 1267 2064 1297 sic
2087 1267 2135 1298 di-

1152 1309 1278 1338 scernit
1300 1306 1488 1338 Ecclesiam
1510 1318 1624 1339 veram
1646 1318 1667 1339 a
1689 1318 1756 1339 non
1778 1307 1947 1340 Ecclesia:
1972 1307 2054 1341 facit
2075 1319 2134 1341 an·

1154 1349 1299 1381 tithesin.
1344 1349 1455 1381 Tertia
1477 1360 1555 1390 pars
1579 1349 1704 1381 Psalmi
1733 1356 1787 1382 est
1808 1351 1998 1382 vaticinium
2022 1352 2064 1383 de
2084 1361 2136 1383 re·

1153 1393 1381 1424 suscitatione.
1427 1391 1475 1423 lta
1498 1399 1576 1424 sunt
1597 1399 1668 1424 tres
1691 1398 1804 1434 partes
1828 1391 1968 1424 Psalmi:
2002 1392 2137 1432 Passio,

1153 1434 1284 1486 fruetus
1312 1435 1381 1476 pro}
1402 1433 1575 1474 Ecclesia,
1606 1441 1639 1468 et.
1667 1435 1856 1467 vaticinium
1886 1436 1929 1467 de
1957 1436 2138 1469 resuscita·

1154 1484 1255 1510 tione.

1243 1520 1328 1553 Sunt
1355 1519 1581 1562 puleherrima
1607 1526 1763 1562 poemata
1790 1519 1934 1559 Psalmi,
1962 1521 1993 1553 si
2022 1522 2139 1554 obser-

1156 1569 1252 1596 vetur
1275 1564 1359 1596 ordo
1383 1564 1616 1596 membrorum.
1650 1563 1763 1596 David
1781 1562 1841 1596 fuit
1859 1562 2033 1606 eloquens.
2073 1564 2139 1597 Co-

1158 1608 1261 1650 gitate
1282 1607 1440 1648 Spiritum
1462 1612 1634 1645 sanctum,
1659 1606 1783 1638 sontem
1805 1605 2010 1649 linguarum,
2033 1617 2138 1650 posse

1156 1651 1260 1693 loqui.
1311 1649 1406 1682 Multi
1436 1651 1584 1692 cogitant
1611 1648 1766 1682 Psalmos
1795 1656 1922 1681 tantum
1950 1659 2030 1682 esse
2059 1660 2139 1683 eon·

1157 1694 1317 1726 susaneos
1340 1700 1373 1725 et
1395 1693 1578 1725 ineruditos
1596 1703 1786 1725 sermones:
1811 1692 1963 1734 Cogitate
1981 1692 2140 1734 Spiritum

1157 1744 1310 1769 sanctum
1339 1746 1416 1768 esse
1444 1734 1569 1768 sontem
1599 1734 1825 1777 eloquentiae;
1858 1735 1934 1777 lpse
1963 1733 2042 1768 facit
2070 1734 2141 1768 elo·

1158 1787 1317 1823 quentes,
1347 1779 1489 1821 angelos
1519 1785 1551 1811 et
1579 1779 1748 1810 homines:
1780 1785 1903 1820 quanto
1930 1779 2038 1820 magis
2067 1779 2141 1820 ipse

1159 1830 1211 1855 est
1233 1823 1412 1865 eloquens!
1446 1822 1492 1851 Es
1513 1823 1555 1852 ist
1574 1823 1641 1860 sein
1665 1821 1841 1860 efyenla'iclt,
1861 1820 1957 1851 schim
1980 1821 2045 1851 und
2067 1821 2140 1852 150⁶-

1159 1867 1237 1901 Hclu,
1260 1866 1324 1896 und
1348 1866 1462 1898 ordine
1485 1865 1562 1894 alles
1583 1865 1704 1905 yeredt.

1245 1910 1373 1939 Sanctis
1396 1910 1450 1949 qui
1471 1912 1542 1937 snut
1564 1910 1595 1937 ιἰι
1619 1911 1727 1946 terra-l
1773 1907 1834 1938 Hic
1855 1907 1969 1948 incipit
1991 1908 2142 1940 Secunda

1159 1963 1256 1995 pars,
1278 1952 1334 1981 leli
1356 1951 1415 1981 hab
1438 1953 1515 1980 meitt
1540 1951 1731 1989 arolye’fnllen
1761 1961 1801 1980 nn
1831 1950 1891 1979 den
1922 1951 2068 1989 sanctis,
2099 1961 2142 1981 cn

1160 1997 1257 2026 denen
1291 1996 1346 2036 qui
1380 1995 1519 2026 credunt
1552 1995 1583 2025 in
1615 2004 1676 2025 me.
1732 1993 1986 2033 multiplicantur
2015 1993 2142 2024 dolores

1160 2039 1316 2077 ίΙΙονιιηιε]
1351 2039 1382 2069 id
1417 2044 1488 2076 est,
1521 2037 1679 2071 aliorum,
1715 2037 1770 2078 qui
1804 2047 1870 2068 non
1904 2042 1981 2068 sunt
2015 2037 2140 2069 sancti:

1161 2081 1263 2114 multa
1281 2088 1355 2112 sunt
1381 2080 1469 2112 idola
1494 2079 1636 2117 illorum,
1660 2080 1714 2121 qui
1738 2078 1937 2111 accelerant.
1973 2079 2045 2112 Hoc
2067 2090 2142 2121 pro-

1161 2136 1279 2157 nomen
1304 2123 1489 2156 llelativum
1519 2125 1591 2163 qui,
1619 2123 1830 2155 inserendum
1854 2128 1923 2161 est,
1953 2123 2039 2155 sicut
2062 2121 2142 2156 alibi

1162 2170 1258 2201 etiam
1282 2177 1384 2208 saepe
1407 2173 1458 2198 est
1481 2167 1651 2198 omissum.

1246 2211 1319 2242 Non
1343 2210 1445 2240 lilmlao
1469 2210 1641 2247 libaminum]
1687 2208 1778 2240 Haec
1807 2215 1857 2240 est
1886 2208 2055 2241 distinctio
2077 2207 2142 2241 Eo-

1163 2254 1286 2286 etesiae
1309 2265 1328 2285 a
1352 2265 1417 2284 non
1449 2251 1612 2285 Ecclesia.
1659 2252 1741 2285 Alii,
1780 2253 1834 2291 qni
1861 2251 2035 2282 ace-demut
2066 2255 2143 2291 post

1163 2298 1279 2335 alium!
1327 2296 1385 2328 Est
1408 2296 1585 2338 lin-phasis
1610 2296 1641 2327 in
1664 2296 1767 2326 verho
1790 2298 1976 2325 accelerant.
2022 2294 2144 2328 Totum

1164 2351 1270 2383 genus
1294 2339 1472 2372 humanum
1497 2346 1656 2379 vagatur,
1680 2338 1807 2380 quaerit
1831 2336 1916 2368 alios
1940 2336 2053 2371 Deos.
2075 2337 2143 2370 aliu

1164 2385 1316 2422 numina,
1340 2389 1372 2414 et
1393 2382 1478 2414 alios
1503 2382 1628 2413 cultus:
1652 2392 1719 2413 non
1741 2381 1893 2423 agnoscit
1916 2379 2005 2412 hunc
2029 2379 2144 2421 filium,

1166 2439 1230 2459 non
1267 2427 1416 2458 consistit
1451 2426 1482 2457 in
1517 2424 1582 2456 hoe
1613 2425 1712 2462 lilio,
1747 2434 1812 2455 non
1842 2424 1994 2455 consistit
2021 2424 2054 2455 in
2077 2424 2144 2458 hoc

1166 2482 1230 2502 uno
1256 2470 1407 2501 Domino.
1461 2471 1576 2501 Horum
1604 2469 1727 2497 norm'nn
1750 2478 1810 2496 non
1834 2477 1999 2496 auxumam:
2023 2467 2055 2498 id
2078 2474 2144 2507 ent,

1165 2524 1231 2545 non
1256 2512 1334 2544 volo
1357 2523 1417 2554 pro
1447 2511 1511 2543 illis
1541 2522 1647 2543 orare.
1699 2511 1793 2543 Sicut
1816 2510 1913 2541 etlam
1937 2509 2015 2541 dicit
2038 2510 2071 2541 in
2094 2509 2145 2543 lo·

1166 2557 1288 2588 bonine:
1313 2557 1378 2585 Oro
1397 2566 1459 2595 pro
1482 2557 1527 2585 eis
1546 2559 1676 2585 tanetum
1701 2554 1766 2585 Pro
1785 2553 2057 2594 persecutoribus
2075 2563 2144 2586 nou

1165 2606 1254 2640 orat3
1283 2606 1517 2642 persecutores
1545 2609 1612 2630 non
1642 2604 1719 2630 sunt
1741 2595 1904 2629 Ecclesia.
1952 2594 2012 2628 Est
2033 2602 2142 2630 auten
