2324 2958
86 194 150 228 445

171 285 374 320 Exeeeatur
396 287 510 316 mitem
542 282 629 318 fides
655 281 704 314 in·
720 282 1061 324 petitionetbonorurn

87 338 314 367 aeternorum,
346 333 379 359 et
400 336 510 358 rerum
531 323 770 366 corporalium:
803 324 861 356 Sic
879 330 1002 363 tamen,
1024 331 1062 357 ut

84 374 234 406 sciamus
255 367 718 413 principaleobiecun’ofidei
739 376 871 409 semper
881 367 1062 399 esseClu-i-

88 423 184 454 stum,
205 415 238 446 in
261 422 338 455 quo,
360 418 393 443 et
414 412 559 452 propter
572 420 672 452 quem-
691 411 786 442 datur
803 411 982 452 gratia-seu
1004 421 1059 443 ac-

89 459 230 500 ceptatio
270 465 382 488 coram
421 454 517 492 Deo,
557 464 618 485 seu
651 453 802 484 remissio
835 459 1058 495 peccatorum,

88 502 177 533 iuxta
208 497 300 531 illud:
334 498 415 530 Fide
444 507 509 540 per
537 493 701 529 Chre-tum
721 492 874 528 habemus
896 505 1058 528 accessum

87 545 132 576 ad
149 545 259 575 Deum.

171 584 258 615 Ante
289 581 416 623 aliquot
447 591 555 613 annos
587 581 620 612 in
651 579 718 612 hoc
740 581 814 622 ipso
836 580 914 612 loco
936 581 1058 612 sedens

89 627 181 658 Vitus
204 624 447 657 Amen-bachius
471 623 660 665 disputabat
683 624 724 655 de
747 624 834 656 dicto
859 623 979 655 Genes.
995 623 1058 662 15„

85 669 174 711 quod
196 669 273 700 citat
295 666 419 699 Paulus
443 666 577 699 Rom.-1.
601 673 633 697 et
652 665 726 698 Gal.
739 666 770 698 3.
797 667 942 699 Credidit
956 664 1058 699 Λὶψ-α’-

83 713 162 744 Ιιιιηι4
180 712 256 750 Deo,
278 715 312 742 ec
330 710 519 751 imputatum
540 714 591 741 est
611 712 642 742 ei
663 711 708 741 nd
728 712 890 741 iustitiam.
914 709 994 741 ltem
1017 720 1059 740 ex

84 754 238 785 Abacuc:
261 755 370 785 Iustus
391 762 451 784 ειια
471 753 535 792 fide
557 754 646 784 rivet.
670 751 810 784 Dicebat
832 751 969 784 Paulum
991 761 1059 783 non

82 802 174 828 recte
196 795 469 827 accommodasse
491 794 554 826 hos
576 793 674 827 locos
705 795 747 826 ad
781 805 876 826 suam
908 804 1056 833 causam,

83 839 138 871 ubi
161 843 277 880 ageret
299 838 340 869 de
364 838 460 869 bonis
479 836 731 879 corporalibus:
767 837 899 869 Dictum
927 837 1057 879 quidem

84 882 256 913 Geneseos
280 881 321 912 de
339 878 448 912 futura
471 881 676 922 posteritate,
700 887 865 922 tamquam
877 881 966 911 bono
987 890 1058 911 cor-

83 923 209 966 porali3
233 930 265 956 et
288 923 409 954 dictum
431 922 573 955 Abacuc
596 924 637 955 de
661 922 855 955 liberatione
877 921 989 964 populi
1008 922 1058 954 Iu·

82 967 171 999 daici
194 976 236 998 ex
259 966 441 1007 Babylone.

167 1009 240 1051 Ego
263 1008 457 1050 simpl'citer
480 1009 647 1050 respondi,
667 1009 699 1040 in
723 1009 810 1039 omni
838 1008 1057 1050 promissione

83 1051 203 1084 includi
243 1051 424 1090 Christum,
456 1059 592 1092 propter
613 1062 710 1093 quem
734 1052 854 1082 dantur
877 1052 963 1082 bona
986 1052 1057 1081 sive

82 1093 275 1136 spiritualia,
294 1095 365 1125 sive
389 1094 575 1135 corporalia
597 1105 617 1125 a
635 1093 720 1125 Deo.
788 1095 898 1135 Atque
917 1094 961 1124 ita
982 1103 1057 1134 pro-

81 1138 194 1170 missio
228 1138 261 1168 in
297 1137 419 1168 Genesi
450 1136 677 1178 principaliter
706 1136 850 1177 loquitur
874 1136 916 1167 de
933 1137 1057 1167 semine

83 1181 251 1212 nascituro
275 1190 315 1211 ex
337 1181 530 1221 posteritate
551 1178 731 1210 Abraham.
776 1179 906 1210 Deinde
927 1180 1056 1210 univer-

83 1222 196 1256 saliter
228 1223 374 1264 petitioni
403 1229 436 1253 et
470 1223 688 1263 expectationi
718 1223 877 1253 bonorum
902 1231 1057 1264 corpora-

83 1265 159 1298 lium
181 1273 311 1306 oportet
335 1264 528 1307 praelucere
547 1265 655 1303 fldem,
680 1271 772 1297 certo
795 1270 992 1297 statuentem
1015 1265 1057 1296 de

83 1309 177 1340 bonis
199 1308 442 1350 Spiritualibus.
488 1309 564 1340 Ideo
587 1309 710 1339 dictum
733 1308 871 1340 Abacuc
900 1317 1057 1349 praesup-

80 1352 173 1393 ponit
190 1351 291 1383 fidem
310 1352 525 1393 accipientem
547 1361 568 1382 a
590 1350 664 1382 Deo
683 1350 909 1382 remissionem
938 1360 1056 1392 pecca-

81 1400 200 1432 torum,
223 1394 434 1425 donationem
455 1393 596 1434 Spiritus
618 1394 727 1425 sancti
748 1399 791 1424 ·et
818 1394 919 1424 vitam
952 1399 1057 1424 aeter-

82 1446 169 1474 nam,
204 1437 279 1478 quia
307 1437 380 1467 sine
402 1435 466 1467 hac
488 1435 553 1467 fide
576 1436 738 1467 accedere
767 1436 810 1467 ad
831 1435 938 1468 Deum
960 1445 1056 1467 nemo

81 1484 200 1520 potest.

301 1643 366 1682 De
398 1643 616 1697 gratiarum
649 1643 816 1684 act-ione.

167 1733 360 1765 Postremus
383 1732 478 1765 locus
501 1734 534 1764 in
557 1733 623 1764 hoc
646 1739 735 1765 textu
758 1740 808 1765 est
821 1734 862 1764 de
875 1733 1054 1775 gratiarum

79 1777 222 1808 actione.
271 1777 392 1809 Caecm·
413 1780 552 1808 sanatus
573 1780 720 1817 sequitur
744 1778 914 1815 Clari-rami,
936 1778 1054 1815 910νίίί-

79 1829 158 1852 cans
180 1821 294 1857 Deum,
318 1824 353 1851 et
372 1823 475 1851 munis
500 1821 591 1860 plebe
618 1828 756 1851 cernens
783 1821 977 1851 miraculum
999 1821 1057 1850 dat

79 1864 205 1895 totalem
228 1864 304 1894 Deo.
348 1862 406 1894 Sic
429 1862 718 1904 gratiarumactio
741 1862 839 1894 debet
867 1862 961 1903 sequi
983 1872 1054 1902 pre-

80 1906 253 1937 cationem.
319 1904 476 1936 Homines
502 1903 694 1946 plerumque
727 1910 866 1946 accepto
890 1905 1052 1936 beneficio

79 1947 162 1980 fiunt
183 1947 377 1986 deterioreS,
401 1954 433 1979 et
450 1946 719 1990 negligentiores.
765 1949 902 1987 Omnes,
924 1948 1053 1979 nemine

79 1997 231 2032 excepto,
266 2000 380 2022 sumus
414 1991 545 2032 ingrati,
578 2001 646 2022 non
679 1996 803 2023 tantum
827 2001 909 2032 erga
933 1990 1051 2028 Deum,

80 2033 139 2065 sed
162 2033 260 2065 etiam
283 2043 365 2076 erga
387 2032 547 2065 homines.

80 2199 178 2248 Quis
224 2206 405 2240 nostrum
450 2198 585 2239 reddit
626 2199 951 2240 benevolentiam
989 2200 1050 2240 di-

357 2289 482 2331 gnam
513 2275 772 2330 parentibus?

161 2375 335 2417 Interroga
363 2382 452 2407 tuum
481 2384 553 2412 cor,
576 2381 608 2406 et
628 2374 857 2414 deprehendes
880 2377 1050 2417 turpitudi-

78 2427 152 2449 nem
185 2424 261 2450 tuae
289 2418 544 2459 ingratitudinis,
573 2416 691 2449 saltem
712 2418 874 2450 adversus
896 2424 971 2449 tuos
994 2429 1050 2460 pa-

79 2466 202 2499 rentes,
220 2468 255 2492 ut
278 2460 358 2492 nihil
380 2461 443 2493 iam
469 2461 574 2492 dicam
598 2461 638 2492 de
663 2458 736 2491 aliis
759 2461 841 2492 bene
860 2461 994 2493 meritis.

162 2502 392 2535 Exuscitemus
415 2505 514 2546 igitur
537 2504 640 2535 corda
661 2509 777 2534 nostra
799 2503 841 2534 ad
870 2504 1048 2545 gratiarum

78 2545 254 2583 actionem3
278 2552 321 2584 et,
342 2553 377 2578 ut
399 2554 496 2579 antea
520 2547 596 2584 dixi,
621 2547 662 2577 de
681 2546 872 2577 recitatione
888 2547 1048 2587 precatio—

767 187 985 221 Pos'rffl
1001 186 1409 221 .mfflHONIANA.
1434 188 1438 214 ἶ

2018 192 2083 225 446

1106 290 1195 320 mae,
1228 291 1292 323 qua
1325 281 1471 322 quotidie
1494 283 1630 324 ¹gratias
1652 291 1793 325 agamus
1807 282 1884 316 Deo
1904 294 1967 326 pro
1990 294 2082 318 crea-

1102 324 1452 363 -tiorieffiutricatione,
1475 325 1963 366 conservatione‚=‘flefensione.
1987 327 2081 360 Post—

1111 366 1288 399 ca'multo
1316 367 1422 413 magis
1456 377 1517 411 pro
1551 368 1774 409 redemptione
1799 379 1860 411 per
1881 369 1983 402 filium
2005 371 2082 410 Dei,

1107 416 1145 442 -et
1162 407 1231 452 pro·
1249 410 1523 453 sanctificatione,
1547 417 1582 441 et
1591 411 1828 452 gubernatione
1843 412 1985 454 Spiritus
2007 423 2083 445 san—

1111 454 1165 485 cti.
1210 452 1303 484 Sicut
1321 451 1409 483 hunc
1431 453 1578 484 ordinem
1601 455 1789 494 suppeditat
1816 456 1913 487 nobis
1934 454 2082 489 recitatio

1111 494 1260 538 Symboli
1283 494 1479 537 Apostolici,
1502 496 1591 538 quod
1613 497 1921 529 subinde-debemus
1936 498 2082 531 miscere

1081 563 1087 616 Ι
1110 539 1279 580 precibus,

1196 581 1424 623 Adiungamus
1448 587 1555 612 autem
1577 582 1619 612 ad
1643 581 1802 613 beneficia
1820 584 2003 615 communia
2024 594 2082 616 no-

1109 624 1163 655 bis
1185 634 1260 656 curn
1282 630 1351 655 tota
1363 622 1527 662 Ecclesia,
1550 624 1648 655 etiam
1669 625 1799 665 privata
1822 625 1992 664 beneficia,
2014 628 2082 668 qui-

1110 667 1173 697 bus
1195 666 1407 708 peculiariter
1432 677 1494 697 nos
1523 666 1616 698 Deus
1639 667 1784 708 quotidie
1807 666 1926 706 afficit,
1949 674 1984 700 ut
2006 675 2083 700 sunt

1110 707 1272 753 protectio
1292 710 1326 740 in
1349 719 1471 751 magno
1495 708 1604 751 aliquo
1629 709 1797 750 pericu103
1821 711 1897 742 item
1918 709 2081 743 liberatio·

1108 762 1171 783 nes
1194 762 1234 783 ex
1251 750 1393 793 'pi-iratis
1415 751 1521 790 malis,
1547 758 1578 783 et
1600 752 1666 783 alia
1688 751 1790 784 multa
1812 752 1876 784 Dei
1901 754 1997 785 dona.
2032 753 2083 785 De

1111 795 1230 836 quibus
1254 801 1412 836 perpetuo
1437 805 1593 826 sonemus
1617 806 1733 827 vocem
1768 795 1994 828 Patriarchae:
2025 799 2081 828 Mt·-

1110 847 1172 869 nor
1193 848 1273 878 snm,
1295 838 1443 879 Domine,
1466 842 1589 870 eunctis
1608 839 1865 871 miserationibus
1887 839 1960 870 tuis.

1346 999 1567 1032 DOMINICA
1595 999 1851 1032 lNVOCAVlT.

1348 1093 1622 1136 Evangelium
1657 1093 1795 1126 Matth.
1817 1095 1849 1125 4.

1190 1188 1310 1219 Ductus
1333 1192 1383 1220 esc
1402 1189 1494 1220 Iesus
1515 1192 1548 1220 z'n
1571 1189 1732 1221 desertum
1755 1200 1774 1220 a
1796 1193 1921 1230 spiritu,
1945 1195 2002 1222 etc.

1195 1263 1303 1295 Habet
1325 1263 1409 1296 haec
1431 1263 1528 1297 lectio
1551 1266 1727 1297 admodum
1749 1265 1890 1298 sublime
1913 1276 2083 1309 argumen-

1108 1312 1187 1344 tum,
1210 1307 1302 1338 cuius
1325 1306 1500 1348 explicatio
1524 1314 1575 1339 est
1598 1307 1695 1339 valde
1718 1307 1870 1341 difficilis.
1915 1309 2085 1342 Describit

1079 1363 1085 1383 t
1105 1350 1193 1380 enim
1216 1351 1428 1381 tentationem
1453 1350 1585 1385 Christi,
1608 1350 1662 1382 vel
1674 1352 1784 1392 potius
1797 1353 1978 1392 adumbrat,
2000 1362 2084 1394 quas

1109 1392 1317 1424 mediocriter
1340 1392 1459 1424 saltem
1482 1392 1677 1435 intelligere,
1699 1404 1766 1425 non
1790 1401 1840 1426 est
1864 1395 2030 1434 cuiusvis,
2054 1396 2083 1427 si

1105 1436 1207 1466 modo
1226 1441 1278 1466 est
1300 1434 1401 1467 ullius
1424 1436 1576 1467 hominis.

1194 1476 1283 1509 Alibi
1316 1479 1429 1510 habuit
1464 1478 1616 1510 Christus
1644 1479 1741 1511 etiam
1764 1479 1848 1511 alias
1873 1481 2083 1519 tentationes,

1108 1525 1144 1551 ut
1168 1530 1241 1551 cum
1261 1520 1353 1553 ioan.
1378 1521 1429 1552 12.
1453 1521 1589 1553 clamat:
1618 1524 1709 1554 ll'unc
1731 1525 1840 1555 αηὶηια
1861 1533 1934 1555 mea
1955 1525 2083 1556 turbata

1108 1567 1168 1600 est,
1190 1568 1223 1594 et
1242 1565 1320 1603 quid
1340 1565 1470 1596 dicam?
1513 1567 1622 1603 Pater,
1641 1575 1796 1597 conserva
1817 1575 1868 1598 me
1889 1568 1929 1598 ab
1947 1568 2007 1598 lmc
2028 1568 2082 1599 Ιιο·

1108 1615 1157 1636 ra.
1225 1605 1292 1637 Sed
1325 1607 1369 1638 ibi
1393 1617 1518 1639 causae
1547 1613 1579 1638 et
1609 1608 1744 1640 materia
1777 1609 1992 1641 tentationum
2014 1618 2081 1641 non

1106 1654 1159 1691 est
1182 1649 1363 1689 descripta.
1387 1649 1448 1681 Hic
1471 1656 1665 1692 argumenta
1687 1652 1903 1683 tentationum
1926 1657 2002 1683 sunt
2025 1661 2081 1683 ex·

1106 1700 1236 1731 pressa,
1260 1693 1322 1722 etsi
1342 1698 1601 1724 consentaneum
1626 1699 1697 1730 est,
1724 1694 1830 1726 fuisse
1853 1694 1973 1726 multas
1996 1693 2080 1726 alias

1107 1732 1274 1765 mirabiles
1295 1735 1495 1767 tentationes
1518 1735 1657 1774 Christi,
1686 1734 1752 1768 illis
1775 1737 1993 1779 quadraginta
2015 1737 2080 1769 die-

1107 1777 1181 1814 bus,
1205 1777 1325 1817 quibus
1349 1776 1502 1809 Christus
1526 1777 1587 1809 fuit
1609 1779 1641 1809 in
1665 1779 1809 1811 deserto.
1844 1779 1944 1821 quue
1967 1787 2080 1822 aperte

1106 1820 1183 1850 dicit
1217 1819 1340 1858 Lucas,
1374 1830 1449 1852 cum
1481 1821 1596 1862 inquit,
1632 1824 1844 1862 quadraginta
1876 1824 1987 1855 diebus
2009 1833 2080 1855 eum

1105 1867 1259 1894 tentatum
1281 1873 1362 1895 esse.
1431 1863 1583 1895 Sciamus
1605 1870 1714 1896 autem
1737 1865 1799 1896 has
1821 1876 1953 1907 quoque
1975 1872 2079 1898 tenta—

1105 1906 1229 1943 tiones»,
1264 1916 1348 1947 quae
1381 1907 1569 1938 nominatim
1608 1907 1662 1939 hic
1696 1909 1940 1947 describuntur,
1974 1907 2079 1940 fuisse

1104 1958 1223 1989 magna
1258 1950 1448 1987 certamina,
1482 1960 1589 1991 neque
1621 1951 1665 1982 ita
1699 1952 1808 1983 subito
1830 1958 1966 1992 peracta
1989 1961 2075 1990 esse,

1105 1992 1190 2022 sicut
1213 1992 1321 2023 subito
1341 1991 1406 2034 legi
1429 2000 1580 2033 possunt.

1135 2156 1304 2197 Collatio
1343 2157 1575 2198 tentationis
1615 2159 1734 2198 Adae
1768 2166 1810 2198 et
1841 2159 1961 2207 Evae,
2005 2167 2045 2199 et

1507 2234 1664 2276 Christi.

1189 2331 1408 2365 Conferamus
1442 2333 1528 2366 hanc
1556 2333 1725 2366 historiam
1749 2344 1822 2366 cum
1845 2336 1949 2376 prima
1971 2342 2073 2368 tenta-

1102 2377 1190 2407 tione
1214 2377 1346 2418 generis
1382 2375 1512 2409 humani
1545 2379 1577 2409 in
1606 2378 1780 2419 paradiso:
1812 2379 1888 2419 quia
1912 2377 1974 2411 hae
1997 2386 2074 2411 sunt

1102 2420 1187 2451 duae
1210 2429 1355 2451 summae
1379 2429 1541 2460 personae
1563 2421 1595 2451 in
1619 2429 1739 2461 genere
1761 2419 1923 2453 humano:
1945 2422 2073 2454 Primus

1102 2468 1153 2493 est
1186 2462 1309 2494 Adam:
1343 2461 1428 2494 alter
1460 2470 1512 2495 est
1542 2463 1704 2494 Dominus
1727 2470 1842 2494 noster
1864 2463 1957 2496 lesus
1980 2464 2073 2497 Chri·

1101 2511 1184 2536 stus.

1185 2547 1293 2579 Adam
1322 2548 1353 2579 in
1382 2548 1539 2589 paradiso
1574 2549 1728 2579 sustinuit
1761 2558 1937 2590 personam
1970 2551 2072 2582 totius

78 2588 140 2626 nis,
164 2589 208 2619 ita
230 2587 488 2621 assuefaciamus
514 2599 578 2620 nos
607 2587 727 2631 singuli
752 2589 793 2620 ad
817 2590 1047 2631 cogitationem
1100 2591 1231 2632 generis
1254 2590 1398 2629 humani,
1422 2597 1453 2622 et
1475 2596 1610 2632 propter
1631 2590 1759 2633 lapsum
1782 2593 1853 2624 eius
1876 2598 1945 2625 tota
1961 2599 2073 2635 poste·

77 2630 116 2661 de
141 2631 347 2672 gratitudine,
369 2642 427 2673 per
439 2633 663 2664 recitationem
685 2631 824 2663 alicuius
847 2638 961 2664 certae
981 2632 1047 2664 for-

1100 2634 1180 2665 ritas
1203 2643 1311 2665 mersa
1335 2640 1386 2665 est
1408 2634 1441 2665 in
1463 2640 1633 2675 peccatum
1657 2640 1689 2665 et
1710 2640 1860 2673 mortem,
1882 2638 1959 2677 quia
1977 2646 2071 2668 acce-
