2324 2958
183 190 223 222 91
819 182 930 214 Ptin..
953 180 1056 213 MEL.
1080 178 1266 213 SCRIPTA
1283 175 1548 209 EXEGETIGA.
2145 179 2190 212 92

186 283 269 319 Quia
293 281 422 313 dicebat
445 279 624 311 desiturum
647 287 724 309 esse
746 276 834 308 hunc
856 274 990 312 cultum,
1024 275 1079 316 qui
1100 272 1158 304 ha-

186 333 302 358 ctenus
326 323 432 355 tuerat
455 333 495 354 ex
519 321 595 364 lege
617 319 768 353 Mosaica
790 320 999 351 observatus.
1036 318 1158 350 Contra

185 372 303 401 locum:
337 366 424 407 quod
458 370 547 396 esset
581 361 722 395 delenda
755 364 836 394 urbs
870 360 1103 402 Hierosolyma
1125 366 1158 391 et

186 409 338 452 templum
395 409 515 440 Contra
535 406 695 448 papulam,
718 406 805 447 quod
829 405 975 437 desitum
992 409 1082 435 esset
1100 412 1158 443 po-

186 454 266 492 litia,
290 458 322 484 et
340 451 425 483 sicut
448 448 569 481 Daniel
591 450 622 480 in
650 450 711 480 uit:
735 449 847 480 Iudaei
866 457 928 479 uon
950 449 1085 487 amplius
1100 449 1155 486 fa-

185 500 253 529 turi
273 499 379 527 essent
396 495 531 534 populus
548 494 618 524 Dei.
668 497 785 523 uerunt
809 491 905 532 igitur
928 499 982 520 res
1005 498 1156 530 magnae,

187 540 227 571 de
249 539 365 580 quibus
388 542 467 567 tunc
500 535 709 577 pugnandum
744 533 803 565 fuit
826 532 1005 573 Stephano.
1071 530 1156 562 Sunt

187 582 270 613 enim
293 579 375 611 haec
398 589 541 610 summa:
565 577 635 609 Lex
658 583 689 608 ct
714 574 822 608 cultus
845 575 918 606 Dei.
974 573 1052 605 Item
1076 572 1156 615 poli-

186 625 230 656 tia
253 634 274 654 a
297 622 371 654 Deo
395 621 587 658 constituta,
618 626 649 651 et
674 619 770 650 tantis
794 616 960 649 miraculis
984 616 1156 658 hucusque

186 665 334 699 defensa.
379 664 458 696 Item
483 663 658 695 Possessio
679 660 850 693 Ecclesiae
878 659 951 691 Dei¹
998 659 1157 691 Homines

186 715 334 741 amantes
368 707 494 748 patriae
528 706 702 737 durissime
734 704 911 744 accipiunt,
943 713 1018 735 cum
1041 703 1159 734 dicitur

186 753 254 790 eis,
287 751 412 792 patrios
445 749 544 787 ritus.
578 748 770 789 praesertim
804 753 953 783 vetereS,
992 744 1158 777 tollendos

184 805 274 833 esse,
297 794 422 826 Statum
445 791 660 832 Reipublicae
678 799 755 821 esse
771 787 1029 820 dissolvendum.
1051 787 1159 821 Multo

186 838 300 870 durius
322 837 386 868 ista
407 839 606 876 acceperunt
626 833 746 871 Iudaei,
776 832 829 874 qui
863 832 1012 863 sciebant
1039 830 1160 874 legem,

186 886 218 913 et
240 879 363 912 cultum
385 878 580 914 Mosaicum,
605 882 636 908 et
659 882 761 907 totam
779 874 925 916 politiam
948 874 1117 907 Iudaicam
1139 886 1160 907 a

186 923 259 955 Deo
294 931 382 959 esse,
417 928 449 953 et
483 919 711 963 gloriabantur
733 917 827 950 titulo
850 916 1023 950 Ecclesiae
1046 924 1078 950 et
1100 928 1159 960 po-

207 965 253 999 uli
271 964 346 997 Dei.

184 977 206 1008 p
270 1007 413 1040 Pertinet
437 1012 545 1037 autem
563 1011 631 1036 tota
653 1003 737 1036 haec
760 1003 929 1036 accusatio
952 1004 995 1035 ad
1017 1003 1082 1036 duo
1096 1005 1159 1036 cri-

184 1052 273 1083 mina
307 1050 449 1081 omnium
478 1048 689 1091 gravissima:
722 1049 767 1079 ad
798 1047 1023 1087 blasphemiam
1044 1052 1076 1079 ec
1096 1051 1159 1080 cri-

184 1104 256 1126 men
288 1096 398 1125 laesae
432 1093 614 1123 maiestatis.
680 1090 834 1132 Arguunt
868 1099 958 1128 euni,
992 1091 1082 1132 quod
1115 1091 1158 1123 sit

186 1135 411 1178 blasphemuS,
446 1140 479 1166 et
512 1134 600 1175 quod
634 1133 677 1164 sit
705 1133 902 1165 seditiosus:
937 1133 1024 1165 sicut
1061 1134 1158 1166 etiam

185 1178 318 1212 Christo
343 1178 427 1209 haec
451 1178 515 1208 duo
539 1177 673 1208 crimina
689 1177 820 1208 obiecta
834 1174 980 1207 fuerunt:
1005 1178 1158 1218 Blasplte-

185 1225 256 1261 mia,
287 1221 375 1263 quod
401 1219 514 1252 fecerit
547 1229 584 1250 se
607 1218 709 1251 lilium
731 1218 810 1251 Dei:
844 1220 887 1251 Ec
906 1222 1027 1253 crimen
1049 1223 1159 1253 laesae

184 1266 373 1302 maiestatis,
395 1263 483 1305 quod
506 1262 620 1293 fecerit
642 1272 679 1294 se
702 1272 817 1304 regem
837 1261 934 1294 istius
961 1261 1085 1304 populi.
1115 1264 1158 1296 Si-

183 1306 272 1339 milia
305 1307 502 1338 obiiciuntur
534 1303 709 1337 Ecclesiae
742 1305 895 1338 omnibus
940 1306 1158 1347 temporibus,

184 1350 273 1392 quod
295 1350 337 1381 sit
361 1349 553 1390 blasphema,
588 1348 620 1379 id
642 1355 704 1387 est,
739 1346 934 1381 contumelia
957 1348 1064 1381 Deum
1088 1347 1160 1381 affi-

185 1393 261 1430 ciat,
295 1398 328 1424 et
361 1392 451 1434 quod
485 1393 528 1423 sit
561 1401 618 1423 rea
651 1392 796 1424 criminis
829 1390 942 1424 laesae
964 1392 1158 1432 maiestatis,

183 1435 249 1468 hoc
272 1441 334 1473 est,
358 1435 446 1476 quod
470 1435 510 1466 sit
533 1435 702 1466 seditiosa.
746 1434 818 1467 Nec
840 1440 983 1477 possunt
1007 1434 1076 1468 ulla
1099 1436 1161 1468 cri-

183 1478 270 1510 mina
303 1478 366 1509 dici
399 1478 532 1510 maiora.
599 1477 683 1509 Nam
711 1475 916 1520 blasphemia
938 1484 1064 1521 pugnat
1087 1489 1162 1511 cum

183 1521 287 1563 prima
306 1519 429 1552 tabula.
486 1519 620 1553 Crimen
647 1519 760 1552 laesae
782 1521 963 1553 maiestatis
986 1527 1087 1554 totam
1109 1532 1161 1554 se-

186 1564 324 1596 cundam
346 1563 491 1596 tabulam
513 1565 642 1596 evertit.

454 1712 655 1767 Apologia
687 1712 890 1768 Stephani.

273 1802 460 1843 Respondet
473 1808 580 1835 amem
593 1803 782 1845 Stephanus
802 1805 1011 1846 gravissime,
1033 1810 1066 1836 et
1088 1815 1161 1838 eru-

186 1846 353 1883 ditissime,
387 1846 524 1887 repetita
558 1848 870 1879 commemoratione
902 1846 1062 1880 historica
1086 1849 1160 1880 inde

185 1898 292 1930 usque
314 1890 355 1919 ab
381 1888 559 1927 Abraham,
594 1890 636 1921 ad
660 1891 806 1921 recentia
828 1891 924 1922 istius
947 1889 1058 1932 populi
1081 1897 1161 1923 tem·

185 1942 278 1973 pora.
323 1931 427 1963 Huius
456 1930 576 1973 longae
606 1934 816 1971 narrationis5
839 1933 1031 1975 principalis
1053 1939 1161 1966 status

185 1985 244 2006 seu
267 1984 391 2015 scopus
415 1981 480 2006 est:
518 1986 616 2015 arque
639 1977 867 2016 blasphemum,
900 1987 1002 2017 neque
1031 1979 1160 2009 salleio-

184 2028 252 2049 rum
274 2027 361 2056 esse,
395 2019 511 2049 docere
541 2023 653 2050 contra
685 2022 803 2051 callam
825 2023 1094 2061 ceremoniarum,
1130 2025 1164 2052 et

181 2062 371 2101 praeflt'cere
401 2061 498 2099 finem
531 2064 663 2101 politiae
704 2066 810 2097 istius,
852 2063 994 2095 exhibito
1032 2065 1160 2096 Mes-ria.

185 2103 269 2134 Sunt
293 2104 377 2135 enim
401 2103 483 2135 haec
507 2104 571 2136 dno
595 2111 788 2146 argumenta
801 2106 990 2147 praecipua,
1010 2106 1051 2138 ad
1075 2116 1160 2148 quae

185 2144 357 2178 referenda
381 2152 431 2177 cst
454 2153 523 2178 tota
546 2149 701 2179 narratio.

462 2224 605 2256 Primum
630 2225 879 2265 Argumentum.

273 2285 329 2316 llic
358 2286 476 2323 callus,
505 2288 560 2324 qai
582 2295 644 2317 nan
665 2287 732 2324 sui!
757 2286 847 2326 apud
869 2290 1000 2326 patres,
1029 2296 1091 2318 non
1115 2291 1166 2319 est

356 2329 460 2359 cullas
474 2328 676 2369 principalis.

273 2372 335 2403 1-91(1
353 2373 456 2403 callus
475 2374 507 2402 in
531 2374 721 2403 cereniom'ia⁸
743 2375 891 2403 externis
914 2381 976 2403 non
991 2372 1058 2411 suit
1078 2374 1166 2413 apud

353 2418 475 2453 patres.

272 2457 356 2495 Erqo
379 2467 441 2489 mm
465 2462 515 2489 eet
531 2459 633 2489 cultus
653 2459 852 2498 princepali-5.

445 2535 631 2566 Secundum
656 2534 905 2577 Argumentum.

274 2596 422 2626 Patribus
444 2600 493 2627 νεῖ
511 2598 604 2635 [αι-ω
623 2598 803 2636 proruis-510,

273 2639 386 2671 Patres
407 2648 469 2669 non
492 2643 685 2679 acceperant
705 2639 788 2669 hanc
808 2637 962 2678 politiam·

1259 279 1268 288 ‘
1296 271 1382 311 Eryo
1404 272 1483 303 haec
1500 271 1615 312 polida
1636 280 1700 303 nau
1721 275 1771 303 est
1788 271 2016 312 principaliter
2037 282 2094 305 res
2112 282 2190 314 pro-

1381 317 1490 355 missa,
1513 315 1572 346 sed
1592 314 1683 346 aliud
1702 315 1852 354 quiddam
1868 317 1982 347 maius.

1296 380 1404 413 Maior
1425 382 1460 413 in
1491 387 1632 423 utroque
1654 387 1848 424 argumento
1869 391 1930 423 per
1953 392 1992 414 se
2013 390 2064 415 est
2085 385 2189 417 mani-

1208 423 1311 456 festa:
1346 424 1430 460 Quia
1464 430 1594 466 oportet
1627 435 1726 456 unum
1757 430 1790 456 et
1812 425 1954 456 eundem
1977 424 2101 458 cultum
2123 426 2189 460 Dei

1209 466 1422 509 principalem
1444 477 1523 499 esse
1545 467 1698 499 omnibus
1721 468 1934 509 temporibus.
1957 467 2089 501 Deinde
2113 480 2189 503 cum

1208 510 1290 552 ipsis
1312 511 1463 551 patribus
1485 509 1580 542 Deus
1611 509 1744 542 locutus
1768 517 1836 549 est,
1869 511 2006 542 tradens
2036 513 2085 544 eis
2113 523 2190 555 pro·

1209 553 1413 591 missionem,
1436 562 1523 595 quae
1541 553 1767 594 principaliter
1790 553 1887 585 offert
1914 555 2190 594 benedictionem,

1209 597 1425 637 pertinentem
1448 596 1545 627 etiam
1567 597 1610 628 ad
1632 602 1756 637 patres.
1792 595 1956 629 Minorem
1978 599 2099 638 probat
2116 598 2190 631 Ste-

1210 637 1340 679 phanus
1363 648 1424 679 per
1444 639 1669 671 narrationem
1691 639 1896 678 historicam,
1929 650 2016 682 quae
2049 651 2123 673 cum
2146 642 2191 673 sit

1210 680 1388 723 prolixior,
1423 679 1514 712 multi
1538 691 1611 714 eam
1629 681 1794 724 legentes,
1828 692 1892 714 nec
1926 683 2191 723 considerantes,

1211 733 1278 766 quo
1312 725 1475 765 pertineat
1507 730 1565 756 aut
1596 735 1754 767 quorsum
1788 723 1962 757 reserenda
1991 727 2045 765 sit,
2073 733 2192 768 putant

1212 767 1474 808 intempestivam
1507 775 1596 805 esse,
1625 774 1659 799 et
1686 767 1827 801 alienam
1854 769 1896 800 ab
1920 769 2051 801 actione
2073 775 2191 802 contra

1211 809 1320 851 ipsum
1349 810 1507 841 instituta.
1574 810 1651 842 Ideo
1680 811 1766 843 bene
1787 811 1976 854 infigendus
1998 818 2052 844 est
2073 813 2191 845 animis

1210 862 1335 893 scopus
1359 852 1456 884 huius
1479 853 1691 891 narrationis,
1714 864 1800 896 quae
1832 855 1949 886 recita:
1974 864 2121 887 summas
2144 855 2192 887 hi·

1210 897 1386 928 storiarum
1420 895 1542 927 veteris
1565 895 1769 928 Testamenti
1795 907 1816 929 a
1837 899 2012 930 vocatione
2034 897 2193 931 Abrahae

1209 948 1317 981 usque
1340 939 1383 970 ad
1404 937 1550 970 Messiae
1569 939 1756 970 adventum.

1296 981 1415 1014 Dicam
1443 988 1553 1013 autem
1586 987 1707 1023 postea
1738 980 1836 1023 plura
1871 983 1913 1014 de
1951 993 2056 1026 scopo
2095 985 2193 1017 istius

1210 1025 1543 1056 commemorationis.
1590 1023 1686 1057 Prius
1699 1025 1914 1067 grammatica
1936 1027 2098 1068 quaedam
2121 1037 2192 1060 rur-

1210 1077 1269 1101 sus
1292 1066 1541 1109 explicabimus,

1240 1173 1452 1222 Histoi-ica,
1485 1186 1658 1227 quorum
1684 1174 1837 1213 mentio
1870 1173 1918 1214 fit
1947 1174 1989 1214 in
2020 1189 2156 1216 narra-

1525 1233 1636 1274 tione
1674 1232 1880 1288 Stephani.

1297 1307 1334 1339 ln
1355 1306 1494 1338 historia
1516 1306 1673 1339 Abrahae
1695 1306 1732 1338 fit
1754 1307 1875 1339 mentio
1902 1308 2050 1347 Charau,
2079 1313 2113 1340 et
2131 1310 2196 1342 Me-

1211 1353 1415 1392 sopotamiae,
1434 1355 1466 1381 el
1482 1355 1590 1382 terrae
1615 1351 1804 1383 Chaldaeae.

1298 1393 1470 1425 Abraham
1481 1393 1621 1434 primum
1634 1399 1777 1425 vocatus
1800 1399 1852 1425 cst
1874 1403 1916 1425 ex
1937 1394 2112 1433 Chaldaea,
2135 1404 2197 1428 seu

1212 1444 1249 1469 ut
1270 1436 1396 1469 Moises
1419 1434 1584 1477 loquitur,
1604 1445 1646 1467 ex
1671 1437 1715 1468 ΕΙ·
1741 1437 1984 1476 Chaldaeorum,
2014 1437 2047 1469 id
2066 1443 2130 1476 est,
2153 1447 2198 1470 ex

1215 1478 1305 1512 cultu
1327 1477 1558 1517 idololatr-ico,
1586 1479 1643 1520 qui
1667 1479 1789 1511 eratin
1810 1478 1997 1522 Babylone,
2028 1480 2085 1512 ubi
2109 1478 2197 1513 cole·

1214 1524 1312 1555 batur
1329 1522 1431 1565 ignis,
1455 1531 1553 1563 quem
1576 1521 1704 1554 Persae
1736 1528 1901 1554 vocarunt
1949 1524 2132 1562 arima-da,
2162 1523 2198 1556 id

1215 1572 1279 1605 est,
1300 1565 1412 1598 lumen
1435 1575 1579 1596 sacrum.
1634 1564 1720 1596 Nam
1750 1565 1834 1596 haec
1856 1565 1960 1606 prima
1983 1571 2015 1597 et
2038 1566 2197 1607 antiquis·

1215 1610 1299 1641 sima
1327 1606 1517 1640 idololatria
1550 1606 1628 1645 fuit,
1658 1607 1751 1639 cuius
1774 1607 1811 1639 fit
1832 1608 1954 1639 mentio
1978 1609 2010 1639 in
2034 1607 2196 1640 historiis.

1215 1651 1386 1683 Fortassis
1409 1651 1504 1692 origo
1527 1651 1633 1682 extitit
1655 1660 1675 1681 a
1697 1649 1838 1682 flammis
1867 1649 2090 1689 coelestibuS,
2125 1651 2196 1693 qui-

1215 1696 1278 1727 bus
1313 1703 1478 1726 accensae
1510 1692 1642 1725 fuerunt
1676 1693 1827 1725 victimae
1865 1700 2004 1735 patrum.
2074 1692 2197 1726 Graeci

1214 1739 1324 1775 ἑστίαν,
1348 1736 1488 1768 Romani
1519 1737 1637 1768 Vestam
1658 1737 1877 1768 nominarunt.
1906 1736 1982 1768 Non
2005 1743 2083 1769 sunt
2104 1738 2197 1779 passi

1214 1778 1395 1823 igniculum
1416 1779 1515 1811 istum
1538 1789 1669 1810 sacrum
1693 1780 1850 1821 extingui,
1873 1779 1932 1811 sed
1946 1779 2101 1812 foverunt
2122 1789 2196 1821 per·

1214 1829 1325 1865 petuo,
1349 1828 1383 1854 et
1404 1822 1446 1853 ad
1470 1822 1541 1853 eius
1565 1822 1750 1854 custodiam
1773 1822 1910 1854 adhibiti
1932 1822 2065 1855 suerunt
2084 1832 2199 1856 sacer·

1214 1867 1310 1898 dotes
1333 1865 1425 1898 certi.
1470 1865 1568 1905 Apud
1592 1864 1760 1897 Romanos
1785 1865 1932 1908 virgines
1956 1864 2122 1898 Vestales.
2157 1865 2196 1897 ln

1215 1909 1332 1941 Persia
1355 1919 1429 1941 cum
1453 1907 1523 1939 Rex
1547 1909 1822 1951 progrediebatur
1845 1919 1919 1940 cum
1942 1919 2074 1950 pompa,
2098 1918 2196 1950 prae·

1214 1952 1280 1983 ibat
1301 1961 1408 1992 equus
1421 1958 1558 1993 gestans
1571 1962 1673 1989 aram,
1699 1951 1730 1982 in
1749 1962 1813 1993 qua
1826 1949 1885 1983 suit
1898 1950 2063 1994 igniculus
2076 1961 2193 1984 sacer:

1213 1994 1254 2026 Et
1267 1994 1511 2026 comitabantur
1531 2000 1579 2025 tot
1598 1995 1805 2033 sacerdotes,
1824 2001 1904 2036 quot
1916 2001 1993 2026 sunt
2011 1995 2081 2027 dies
2099 1995 2197 2027 unius

1213 2038 1306 2073 anni:
1320 2037 1405 2069 sicut
1418 2036 1510 2078 Papa
1521 2035 1619 2069 hodie
1635 2037 1667 2068 in
1680 2048 1802 2079 pompa
1819 2036 1949 2070 solenni
1964 2037 2062 2069 habet
2076 2047 2198 2080 equum

1233 2080 1497 2123 praecedentem,
1532 2081 1565 2111 in
1599 2091 1665 2122 quo
1695 2081 1827 2122 ponitur
1849 2082 1944 2122 panis
1963 2087 2195 2119 consecratuS,

1213 2122 1364 2155 inclusus
1388 2122 1516 2161 thecae,
1538 2134 1636 2165 quam
1659 2130 1781 2155 vocant
1804 2123 1878 2157 &ine
1891 2124 2079 2164 ministrans.
2103 2123 2198 2160 Quae

1213 2173 1266 2199 est
1289 2164 1455 2197 horribilis
1478 2167 1690 2198 abominatio.

1300 2209 1430 2240 Nomen
1463 2211 1711 2250 Mesopotamiae
1751 2208 1964 2251 plaerumque
2007 2209 2196 2242 attribuitur

1215 2252 1354 2294 regioni,
1377 2263 1437 2284 scu
1461 2254 1567 2292 spatio
1587 2253 1671 2284 inter
1694 2254 1779 2284 duos
1803 2253 1923 2284 fluvios
1936 2251 2139 2295 Euphratem
2163 2257 2197 2284 et

1214 2294 1391 2336 Tigridem.
1461 2295 1555 2327 Unde
1588 2303 1617 2327 et
1654 2296 1854 2328 Interamnia
1878 2297 1966 2327 dicta
1990 2302 2051 2327 est.
2122 2294 2197 2327 Fuit

1217 2344 1305 2369 terra
1329 2338 1416 2369 bona
1440 2345 1469 2370 ct
1496 2337 1623 2370 fertilis.
1690 2339 1742 2370 Ac
1765 2338 1874 2381 Tigris
1898 2338 2014 2370 dicitur
2037 2348 2056 2369 a
2080 2336 2197 2370 celeri·

1216 2387 1283 2412 tate
1302 2391 1440 2412 cursus:
1475 2381 1558 2417 Quia
1582 2388 1632 2413 cst
1662 2382 1890 2424 rapidissimus
1914 2381 2044 2413 fluvius.
2112 2381 2196 2413 Nam

1220 2424 1324 2463 Tt'glri's
1346 2424 1508 2466 significat
1533 2425 1699 2467 sagittam.

1302 2468 1406 2498 Plorat
1438 2466 1534 2498 habet
1561 2478 1678 2499 nomen
1704 2465 1757 2499 vel
1779 2478 1800 2499 a
1822 2466 2065 2505 fructificando,
2096 2465 2150 2498 vel
2173 2475 2195 2498 a

1217 2509 1389 2542 divisione.
1414 2510 1498 2546 Quia
1516 2517 1566 2542 est
1581 2511 1742 2543 discissus
1767 2511 1798 2542 in
1811 2509 1914 2543 multa
1939 2509 2087 2548 brachia,
2110 2517 2197 2551 quae

1214 2553 1421 2585 nominantur
1443 2556 1571 2593 εκβολαί.

1302 2595 1466 2628 Interdum
1490 2602 1597 2629 tannen
1611 2595 1870 2638 Mesopotmnine
1893 2606 1912 2627 a
1937 2594 2125 2637 pellationc,
2149 2595 2196 2626 vi-

1216 2638 1309 2670 cinae
1343 2649 1474 2681 quoque
1509 2641 1664 2683 regiones
1702 2607 2041 2681 comprehenduntur,
2074 2644 2110 2671 ut
2143 2645 2196 2670 est
