2324 2958
111 179 176 213 933

112 275 176 306 hoc
198 273 286 312 loco,
308 284 374 306 non
397 284 522 306 creare.
577 275 652 307 Non
686 274 831 317 loquitur
860 276 902 307 de
925 276 1083 314 essentia,

111 318 170 348 sed
205 318 246 348 de
280 318 396 348 ordine
428 316 546 355 officii,
581 319 657 360 quia
690 318 842 350 Christus
878 325 931 350 est
963 329 1082 350 nomen

111 358 220 391 officii.
277 361 364 391 Fecit
397 361 579 402 Chris-tum,
613 361 644 392 id
679 368 753 399 est,
787 362 956 392 constitui-⁴.
993 359 1083 392 illum

110 411 236 444 regem:
255 403 339 433 sicut
363 403 394 433 in
414 401 564 443 Epistola
586 405 628 434 ad
647 403 819 435 Hebraeos
842 405 974 435 dicitur:
997 406 1086 436 Fecit

110 454 181 476 eum
202 453 356 476 summum
374 447 583 477 sacerdotem.

195 486 289 518 Hunc
326 498 417 527 quem
450 490 677 527 cruc-astream]
713 488 744 519 id
779 495 847 526 est,
881 499 943 520 vos
973 489 1083 520 ludaei

109 531 311 570 exspectatis
334 529 469 572 Regem.
515 530 573 562 lile
596 541 676 562 vero
700 541 765 561 non
789 537 840 562 est
863 532 957 569 alius,
986 542 1083 573 quam

109 572 150 610 is,
174 582 270 613 quem
293 573 516 604 crucifixistis.
572 573 631 604 Est
665 572 762 604 valde
786 573 941 605 terribilis
966 575 1083 605 concio

109 621 142 646 et
164 615 277 645 tristis·
333 615 399 647 lam
423 617 581 658 cogitate:
617 615 690 646 Non
725 617 756 646 in
786 615 852 647 illis
877 623 1002 648 tantum
1025 616 1083 648 fuit

108 663 292 697 peccatum,
326 659 380 700 qui
405 658 643 690 crucetixerunt
668 657 850 697 Christum,
886 670 1082 701 quamquam

107 701 318 742 ignorantes:
352 702 410 732 sed
434 702 464 732 in
499 702 595 732 nobis
619 702 717 732 ctiam
741 708 792 732 est
816 701 983 743 multiplex
1006 713 1082 743 pec-

107 748 226 773 catum.
285 743 343 774 Est
365 744 396 774 in
427 744 577 775 omnibus
600 743 786 775 hominihus
811 755 931 787 magna
953 745 1083 776 infirmi-

107 792 176 822 tas,
212 786 298 826 quod
335 796 397 817 non
428 787 473 817 ita
501 786 635 817 firmiter
658 788 840 825 credimus,
876 789 964 828 quod
988 787 1081 819 Deus

107 826 247 859 voluerit
294 838 356 858 nos
400 839 459 869 per
506 835 539 860 et
583 836 716 870 propter
753 829 868 861 Filium
913 831 1081 862 redimere.

107 870 248 905 Quando
260 870 378 912 aliquis
401 870 477 902 fecit
502 873 649 909 caedem,
675 871 727 904 vel
750 874 910 904 commisit
927 883 1081 915 inagnum

106 911 237 949 scelus3
259 911 314 944 ille
338 914 392 955 qui
414 913 503 953 fecit,
537 915 660 955 cogitat
684 925 761 946 esse
789 927 941 957 magnum
967 926 1082 956 pecca-

106 963 184 991 tum,
210 962 240 986 et
265 954 361 987 valde
389 958 530 999 angitur,
554 965 583 988 et
608 957 706 989 dolet.
764 958 836 989 Non
861 965 968 989 autem
992 959 1080 1000 cogi·

105 1005 212 1029 tamus
236 1008 313 1029 esse
330 1007 513 1040 peccatum,
537 1010 601 1031 non
626 1001 762 1032 credere
780 1000 874 1039 Filio,
897 1011 962 1032 non
981 1011 1081 1043 agere
1106 1009 1109 1012 ’

107 1041 232 1082 gratias
252 1051 311 1081 pro
335 1042 456 1073 donato
480 1042 572 1073 Filio.
1105 1014 1109 1071 1

194 1084 381 1124 Campum-te*
409 1090 485 1117 sunt
515 1088 634 1125 corde]
690 1087 759 1117 Das
790 1087 881 1117 hertz
913 1090 957 1117 ist
986 1088 1081 1118 tlzneu

104 1127 354 1158 durchstochen:
381 1128 413 1158 id
437 1134 498 1165 est,
522 1127 620 1159 valde
643 1127 870 1168 perterrefacti
893 1135 981 1166 sunt,
1005 1139 1082 1160 con·
1107 1148 1109 1152 ,

103 1169 258 1200 stet-nati:
299 1177 527 1210 expaverunt,
565 1171 723 1212 indignati
769 1177 847 1201 sunt
887 1171 948 1202 sibi
990 1172 1081 1212 ipsis.
1107 1177 1109 1196 :

102 1212 172 1243 Dus
205 1210 290 1242 beist
319 1213 454 1252 spiritus
490 1214 770 1253 compunctionis,
806 1219 837 1244 et
872 1214 956 1250 irae,
989 1215 1109 1250 zcennj

103 1263 175 1285 man
198 1255 265 1285 siclt
289 1256 400 1294 lufftfiq
423 1259 589 1293 mziirnel,
612 1258 680 1287 mul
706 1257 856 1295 τηις-[πηῷ
885 1257 985 1288 ‘ectu-dt
1003 1258 1082 1288 uber

103 1300 206 1327 einem
229 1297 343 1336 dinye:
376 1304 427 1328 est
461 1300 559 1329 mixta
593 1299 720 1329 insania
744 1297 845 1330 luctu.
903 1299 1013 1340 Aliqui
1038 1300 1081 1330 di-

102 1345 235 1379 sputant
260 1341 489 1371 contritionem
513 1351 589 1371 esse
618 1352 738 1372 meram
768 1342 967 1382 passionem.
1013 1343 1080 1373 Sed

101 1381 146 1411 ita
170 1380 219 1411 fit:
243 1382 386 1413 ›Stulti-ria
407 1393 535 1423 seraper
557 1389 608 1415 est
621 1387 788 1416 coniuncta
805 1394 874 1415 cum
894 1387 1026 1422 matina,
1046 1391 1079 1416 ut

102 1434 175 1454 cuin
205 1423 447 1456 vociferantur:
482 1425 577 1457 Bona
604 1437 705 1467 opera
729 1434 805 1457 sunt
829 1427 1015 1467 perniciosa
1038 1429 1080 1458 ad

101 1464 257 1503 salutem,
305 1478 368 1498 non
403 1466 517 1499 volunt
563 1470 629 1510 pati
664 1470 943 1510 propositionem:
988 1470 1081 1501 Bona

100 1519 202 1551 opera
234 1514 308 1541 suut
340 1515 535 1543 necessaria.
593 1511 730 1543 Dicunt:
767 1512 861 1543 Nova
895 1513 1080 1544 obedientia

100 1561 166 1582 non
191 1558 241 1583 est
276 1554 485 1590 necessaria3
520 1554 595 1595 quia
623 1561 675 1585 est
707 1554 903 1586 voluntaria.
961 1557 1006 1587 Es
1039 1560 1108 1602 isti

99 1595 171 1625 eine
195 1594 446 1627 Bacchantfsclce
468 1598 556 1634 recle,
581 1596 675 1628 Nova
689 1598 872 1629 obedientia
890 1604 940 1628 est
963 1597 1079 1629 volun-

99 1637 197 1668 taria:
222 1636 311 1678 Ergo
337 1648 401 1669 nou
421 1646 471 1669 est
496 1641 704 1673 necessat-im
728 1642 833 1682 quasi,
857 1641 945 1681 quod
965 1640 1078 1672 voluu-

100 1680 218 1710 tarium
242 1687 305 1718 est,
338 1691 402 1711 non
437 1682 479 1712 sit
503 1683 741 1713 necessarium:
775 1690 828 1721 ut,
862 1682 1078 1715 voluntarium

100 1728 152 1752 est
176 1720 309 1753 solvere
328 1724 495 1761 creditori,
530 1732 559 1755 et
597 1732 704 1756 tamen
729 1726 826 1757 etiam
852 1727 1077 1757 necessarium

100 1771 149 1794 est
183 1775 235 1795 nie
274 1764 417 1797 solvere.
478 1767 619 1802 Quando
658 1779 721 1799 non
760 1776 812 1800 est
847 1768 1077 1808 voluntarium,

99 1814 177 1837 tunc
201 1818 265 1838 nou
290 1816 341 1839 est
364 1810 478 1840 virtus,

198 1972 307 2023 Quid
339 1974 556 2027 respondes
587 1976 640 2015 ad
671 1984 971 2031 argumentum:

183 2065 325 2104 Apostoli
345 2069 510 2096 mutarunt
527 2068 668 2105 sormam
690 2068 854 2107 bapti-wid:

185 2109 269 2146 Eryo
292 2109 402 2148 Papae
432 2108 528 2139 etiam
557 2109 632 2140 ticet
656 2115 781 2142 mutare
809 2115 892 2143 ritu-s·
920 2116 953 2143 et
972 2114 1076 2144 cultus

97 2153 130 2180 in
154 2151 305 2182 Ecclesia.

184 2191 394 2233 Respondeo.
446 2192 570 2224 Textus
604 2192 747 2235 loquitur
781 2196 822 2227 de
856 2196 974 2229 affectu
1007 2197 1075 2228 Ba-

97 2234 224 2275 ptismi,
260 2246 325 2266 non
357 2236 397 2267 de
426 2234 542 2267 forma.
599 2235 728 2269 Deinde
753 2236 846 2269 aliter
869 2241 1073 2280 respondeo:

97 2277 253 2319 Episcopi
277 2277 400 2310 habent
422 2285 619 2320 potestatem
644 2281 941 2322 circumscriptam,
965 2293 984 2314 a
1007 2294 1072 2325 qno

97 2331 162 2351 non
193 2321 314 2352 debent
345 2322 534 2353 discedere:
572 2322 726 2363 Apostoli
755 2331 863 2355 autem
888 2324 1072 2358 illustrandi
1096 2331 1100 2357 ί

98 2373 199 2394 causa
222 2371 399 2404 potuerunt
423 2363 544 2406 aliquid
569 2363 692 2396 facere.
747 2365 787 2397 Et
817 2374 907 2398 certe
930 2370 1071 2401 auctori·
1094 2360 1099 2403 1

98 2413 149 2436 tas
173 2405 408 2447 Apostolorum
432 2408 536 2439 maior
559 2414 609 2439 est
633 2419 728 2449 quam
753 2409 973 2452 Episcopalis.
1093 2406 1098 2503 b

1092 2566 1095 2590 Ι

396 2552 500 2583 Erunt
524 2559 777 2593 poserem-antes.

181 2619 275 2654 Quae
298 2630 352 2651 res
376 2628 450 2653 sunt
476 2623 686 2654 necessariae
709 2624 748 2654 ad
774 2625 923 2657 unionem
952 2626 983 2657 in
1007 2625 1068 2657 Ec·
1093 2617 1095 2621 ’

796 174 1012 214 PosmLA
1031 181 1427 216 MELAN'rnomANA.

1106 1265 1109 1277 -·
1135 1253 1205 1283 hus.

2044 186 2108 219 934

1135 275 1264 309 clesia?
1309 276 1504 309 consensus
1534 280 1567 310 in
1599 290 1678 311 vera
1706 280 1874 318 doctrina,
1907 281 1938 311 id
1974 286 2042 319 est,
2075 281 2108 312 in

1135 320 1285 351 doctrina
1312 320 1569 361 Apostolorum,
1602 323 1659 353 wie
1680 332 1714 353 es
1735 322 1786 353 hie
1808 323 1916 354 stehet.
1975 323 2109 362 Postea,

1135 372 1321 394 consensus
1350 364 1381 393 in
1411 362 1572 395 fractione
1599 366 1713 405 panis,
1746 366 1777 396 id
1808 372 1876 404 est,
1910 366 1942 396 in
1967 376 2028 398 usu
2051 366 2108 397 Sa-

1136 412 1387 437 cramentorum.
1432 405 1511 436 Mihi
1533 408 1614 438 bene
1632 406 1740 448 placet
1761 409 1793 439 in
1813 407 1978 447 fractione
2000 410 2109 450 panis,

1135 447 1271 491 intelligi
1301 458 1395 479 nsum
1426 458 1550 479 coenae
1579 449 1726 487 Domini,
1763 452 1821 482 sed
1858 452 1933 482 inde
1962 462 2028 482 non
2058 461 2108 483 se—

1136 492 1261 533 quitur;
1294 490 1384 532 Ergo
1415 501 1476 522 nos
1507 501 1590 532 opus
1615 499 1664 523 est
1687 491 1791 524 altera
1815 495 1937 533 specie.
1983 493 2107 533 Tertio,

1136 534 1387 566 communicatio
1411 532 1614 568 officiorum,
1645 540 1678 566 ut
1701 534 1784 566 alter
1807 535 1944 568 alterum
1968 536 2051 568 ferat
2075 544 2107 568 et

1135 578 1232 609 iuvet.

1367 705 1536 737 Habebam
1560 706 1664 737 οηιηίιι
1689 707 1873 737 communia.

1221 782 1304 814 Sunt
1332 783 1538 814 narrationes
1568 784 1699 814 breves.
1751 783 1826 814 Non
1857 784 2019 825 cogitate,
2050 783 2107 816 illa

1135 826 1244 856 subito
1277 826 1327 857 sic
1356 827 1533 857 constituta
1564 837 1658 863 esse,
1692 826 1752 857 sed
1782 824 1936 867 paulatim
1961 827 2010 858 sic
2032 837 2107 868 pro-

1135 875 1319 900 cesserunt.
1380 867 1616 910 Apostolorum
1651 867 1800 909 exempla
1832 875 1909 900 sunt
1941 869 2108 908 imitanda,

1134 911 1194 942 sed
1218 922 1302 953 quae
1326 911 1448 943 habent
1471 918 1658 952 praecepta.
1705 912 1776 943 Hoc
1795 919 1902 943 autem
1923 911 2107 953 exemplum

1135 954 1175 984 de
1199 956 1361 985 communi
1385 955 1563 994 marsupio,
1587 965 1651 985 non
1676 953 1775 985 habet
1798 962 2021 996 praeceptum.
2059 955 2107 986 ln—

1134 997 1309 1028 stituerunt
1333 999 1596 1029 communitatem
1621 999 1781 1029 bonorum
1803 997 1965 1039 probabili
1993 1008 2106 1029 causa.

1135 1038 1340 1081 Quamquam
1375 1042 1528 1071 mandata
1562 1046 1611 1071 est
1641 1041 1795 1072 divinitus
1827 1047 1858 1071 et
1888 1041 2014 1072 sancita
2042 1041 2107 1072 dis-

1135 1083 1246 1112 tinctio
1272 1084 1504 1116 dominiorum:
1529 1089 1638 1114 tamen
1662 1093 1764 1124 saepe
1787 1083 1882 1114 aliter
1906 1090 2013 1125 potest
2037 1083 2107 1115 fleri

1133 1124 1296 1165 probabili
1321 1136 1434 1156 caus-1.
1480 1126 1537 1156 sic
1560 1125 1714 1166 Apostoli
1737 1125 1884 1158 utilitatis
1908 1137 2009 1157 causa
2033 1136 2107 1157 ven-

1134 1168 1255 1198 debant
1294 1169 1545 1208 possessiones:
1584 1167 1666 1199 alias
1708 1168 1845 1200 fuissent
1879 1169 1926 1200 eis
1961 1176 2106 1209 ereptae.

1132 1209 1262 1241 Deinde
1286 1211 1469 1242 habuerunt
1493 1209 1575 1242 alias
1600 1222 1739 1249 causas,
1761 1218 1797 1243 ut
1819 1213 1935 1243 darent
1957 1212 2108 1253 pauperi-

1262 1253 1334 1284 Non
1365 1261 1413 1283 est
1447 1255 1588 1285 dandum
1617 1254 1824 1285 stellionibus
1849 1261 1879 1285 et
1903 1255 2006 1293 fucis,
2042 1255 2108 1296 qui,

1133 1303 1165 1326 ut
1190 1296 1296 1334 scitis,
1314 1297 1466 1327 obsident
1490 1295 1617 1334 alueos,
1637 1304 1667 1327 et
1693 1299 1867 1329 absumunt
1891 1298 2009 1338 apibus
2032 1296 2105 1329 mel.

1132 1339 1210 1369 Fuci
1234 1349 1299 1369 non
1324 1345 1399 1370 sunt
1423 1339 1532 1370 alendi
1555 1339 1692 1371 aliorum
1718 1341 1856 1371 miseriis
1877 1347 1906 1371 et
1926 1339 2107 1372 laboribus.

1135 1380 1241 1412 Validi
1275 1382 1499 1413 mendicantes
1535 1388 1610 1413 sunt
1644 1381 1831 1421 hirudines,
1864 1384 1916 1414 die
1949 1384 2011 1414 das
2044 1383 2110 1415 blut

1132 1434 1329 1465 ηας-1111191311,
1364 1425 1416 1455 die
1450 1426 1493 1456 ala
1528 1426 1577 1455 esu
1608 1425 1704 1455 Lam!
1732 1426 1861 1457 umblzer
1883 1425 2023 1465 Iauffen,
2055 1436 2108 1467 ye-

1131 1466 1286 1505 ‹lem-keu,
1310 1477 1382 1498 man
1404 1469 1454 1498 sol
1475 1468 1521 1498 sie
1544 1468 1711 1499 ernelzreu.
1767 1469 1850 1500 illan
1881 1469 1943 1499 lum
1967 1479 2000 1500 es
2021 1469 2107 1500 nicht

1131 1509 1223 1547 Iliun,
1258 1511 1323 1540 und
1356 1520 1429 1542 man
1462 1511 1512 1541 sol
1543 1521 1576 1541 es
1609 1511 1695 1542 nicht
1729 1511 1814 1543 tlzun.
1866 1510 1990 1542 Paulus
2013 1512 2107 1543 dicit:

1132 1552 1272 1583 Laboret
1300 1554 1432 1594 quisque
1457 1554 1524 1585 suis
1552 1554 1713 1592 manibus,
1741 1559 1776 1585 ut
1806 1555 1909 1596 possit
1938 1556 2046 1586 cit-ere
2068 1554 2108 1585 de

1132 1605 1199 1626 sno.
1255 1595 1513 1627 Communicatio
1544 1595 1600 1628 illa
1629 1597 1714 1628 inter
1743 1596 1922 1638 discipulos
1952 1607 2018 1628 non
2047 1597 2107 1629 fuit

1133 1637 1240 1669 cultus
1265 1638 1343 1677 Dei,
1373 1640 1459 1671 sicut
1482 1639 1721 1680 Anabaptistae
1745 1640 1889 1682 tingunt,
1919 1641 1974 1681 qui
2004 1639 2106 1671 inclu-

1132 1682 1210 1711 dunt
1234 1692 1314 1712 snos
1331 1681 1426 1713 filios
1450 1683 1481 1712 in
1505 1693 1602 1713 unum
1627 1693 1829 1714 communem
1853 1683 1976 1721 locum,
1996 1690 2027 1714 et
2052 1694 2105 1714 vo-

1131 1723 1199 1754 lunt
1225 1725 1344 1762 xideri,
1368 1736 1482 1756 omnes
1506 1724 1595 1756 alere
1616 1726 1842 1757 communiter.
1889 1726 2016 1757 {nterea
2039 1736 2104 1757 non

1131 1776 1246 1798 cuia-int
1272 1766 1413 1805 liberos,
1443 1768 1497 1809 qui
1526 1767 1739 1809 negliguntur
1763 1767 1864 1799 multi.
1909 1768 2015 1799 Mater
2038 1779 2103 1799 non

1130 1811 1173 1841 ita
1197 1809 1338 1841 aiiii-itur
1363 1822 1439 1841 cura
1464 1812 1627 1853 peregrini
1653 1809 1719 1849 tilii,
1739 1817 1771 1842 ut
1796 1811 1927 1852 proprii.
1976 1812 2103 1842 Aristo-

1130 1852 1212 1883 teles
1244 1855 1338 1884 dicit:
1371 1853 1547 1894 Proprium
1577 1859 1623 1884 est
1654 1854 1797 1885 chamon.
1848 1853 1906 1884 llla
1932 1864 2017 1896 quae
2047 1865 2104 1896 per

1129 1894 1212 1928 alios
1235 1898 1364 1938 agenda
1389 1903 1481 1935 sunt,
1507 1897 1640 1934 videtis,
1669 1898 1756 1938 quod
1781 1898 1928 1939 segniter
1951 1905 2104 1939 agantur,

1129 1940 1155 1970 si
1187 1951 1250 1971 non
1281 1938 1462 1971 inlidcliter.
1519 1939 1747 1971 iurisconsulti
1780 1941 1907 1971 dicunt:
1943 1940 2103 1972 Naturale

1128 1987 1193 2020 est,
1216 1987 1249 2014 ut
1272 1983 1470 2024 neyle‘yutnr,
1494 1983 1580 2024 qnod
1603 1984 1678 2014 aliis
1701 1984 1916 2014 committitur.

1341 2145 1547 2178 lliSTORlA
1571 2144 1632 2176 DE
1655 2145 1896 2184 CORNELIO,

1171 2223 1362 2254 Actorum
1390 2222 1443 2254 10.
1469 2221 1675 2264 explicata
1705 2223 1741 2253 in
1770 2223 1888 2255 seriis
1913 2222 2058 2254 Pente-

1536 2289 1690 2314 costes.

1131 2360 1184 2390 Vir
1206 2360 1331 2401 quidam
1355 2363 1421 2389 erat
1444 2361 1476 2388 in
1501 2359 1671 2389 Caesarea.
1695 2361 1815 2389 nomine
1839 2359 2017 2393 Cornelius,
2041 2363 2098 2389 etc.

1214 2454 1356 2486 Primum
1375 2454 1582 2485 considerate
1600 2453 1767 2491 historica,
1787 2461 1817 2484 et
1835 2464 1919 2494 quae
1931 2453 1972 2484 ad
1985 2453 2098 2485 Gram-

1128 2498 1278 2528 inaticum
1302 2498 1472 2538 pertinent·
1525 2495 1616 2527 Loca
1644 2496 1795 2536 inspicite
1818 2496 1848 2527 in
1874 2495 2016 2534 tabulis3
2039 2497 2097 2529 Pe-

1128 2547 1198 2571 trus
1234 2541 1352 2571 dicitur
1386 2538 1489 2570 fuisse
1525 2540 1554 2569 in
1592 2538 1709 2579 ioppe:
1744 2537 1918 2570 Cornelius
1953 2541 1985 2571 in
2016 2541 2098 2572 urbe

1130 2583 1306 2614 Caesarea.
1352 2581 1498 2623 Utraque
1523 2580 1580 2612 suit
1604 2583 1683 2612 urbs
1706 2580 1865 2614 littoralis.
1919 2583 1970 2614 Ac
1997 2583 2098 2624 Ioppe

1129 2637 1247 2657 nomeu
1280 2625 1380 2656 habet
1408 2635 1427 2655 a
1459 2624 1588 2665 laphet,
1621 2625 1674 2665 qui
1710 2624 1836 2664 Iapetus
1865 2626 1981 2658 dicitur
2011 2626 2096 2668 apud

1837 2688 1892 2714 59·
