2324 2958
109 180 172 212 193

108 278 245 306 mortem
279 270 421 302 subeunt
453 277 575 309 magno
613 267 740 305 animo,
781 272 918 307 propter
950 265 1082 298 conses-

110 318 247 353 sionem,
267 313 330 344 imo
360 321 432 342 cum
457 311 530 351 pios
553 311 585 341 in
608 316 677 341 tota
704 310 771 340 vita
802 318 938 350 propter
968 309 1080 340 officia

800 173 1016 204 POSTlLLA
1038 172 1437 205 MELANTHOMANA.

1105 270 1110 338 l
1132 308 1286 351 Dignitas
1310 309 1449 340 virtutis.

2045 177 2106 209 194

1219 265 1393 297 Secundus
1415 265 1512 298 locus
1536 266 1772 299 consolationis
1785 267 2034 310 philosophicae
2058 276 2110 302 est

1505 310 1578 341 Non
1603 311 1707 342 debeo
1742 311 1852 343 facere
1881 320 1996 343 contra
2019 314 2110 344 iusti-

110 365 143 391 et
165 356 287 397 cultus,
317 364 400 396 quos
425 353 499 384 Deo
522 358 709 394 praestant,
739 351 962 392 multipliciter
986 351 1080 383 Deus
1105 349 1109 392 ξ
1132 353 1208 383 tiam
1242 351 1368 382 fractus
1403 351 1539 390 dolore,
1575 352 1660 387 Quia
1695 355 1813 385 bonum
1849 354 2024 386 honestum
2058 361 2110 387 est

109 400 209 442 affligi
231 398 331 429 sinat:
356 394 433 427 Vult
453 406 639 438 agnoscere
663 393 761 432 alios,
793 395 879 436 quod
906 405 984 426 vere
1007 404 1080 425 sen-

109 445 187 476 tiant
208 441 292 472 hanc
316 439 497 470 doctrinam
524 449 633 469 veram
659 448 756 475 esse,
790 445 821 468 et
841 448 858 468 a
884 437 958 468 Deo
982 438 1080 468 tradi-

109 493 184 523 tam,
208 490 238 515 et
260 483 349 523 quod
373 492 438 512 non
452 487 607 523 quaerant
623 490 703 511 suas
728 479 914 521 voluptates
937 486 968 511 et
993 490 1080 510 coni-

107 528 212 564 moda,
235 526 292 557 sed
316 525 403 555 serio
426 525 569 555 serviant
589 523 672 560 Deo,
695 523 798 563 ipsius
816 521 943 564 gloriae
967 533 1078 554 causa.

189 569 289 600 Sexta
307 577 410 598 causa
439 573 513 602 est,
547 573 582 597 ut
606 576 695 597 mors
714 573 905 597 sanctoruni
929 567 972 597 sit
991 567 1079 597 testi-

105 612 245 645 monium
267 611 307 642 de
330 617 483 641 secutura
508 609 780 646 resuscitatione,
811 616 842 639 et
867 607 976 639 futuro
1001 609 1080 639 iudi-

104 656 165 686 cio.
220 651 301 684 Vult
334 653 419 684 enim
448 652 541 683 Deus
575 662 638 682 nos
672 652 721 682 sic
756 652 960 682 ratiocinari:
994 651 1079 686 Quia

102 702 199 729 antea
215 701 358 727 testatus
382 696 442 733 sit,
476 695 539 725 sibi
573 693 707 735 placere
740 693 899 731 Abelum,
935 694 1079 732 Esaiam,

101 739 279 777 leremiam,
316 737 468 769 Paulum:
502 747 587 779 quos
618 743 725 767 tamen
750 736 979 768 crudelissime
1003 737 1079 767 sinit

100 780 241 814 interfici
259 792 278 812 a
301 781 480 823 Tyranuis:
516 781 708 811 necessario
738 786 865 810 restare
888 779 974 811 aliud
998 780 1078 810 iudi-

1133 393 1378 426 antcferendum
1414 396 1500 426 bono
1534 394 1614 426 utili.
1671 395 1753 427 Cato
1788 408 1854 428 non
1896 405 1986 429 recte
2016 397 2107 436 facit,

1133 438 1219 479 quod
1244 438 1305 468 sibi
1331 439 1507 469 consciscit
1531 445 1681 468 mortem.

1218 480 1346 511 Tertius
1370 479 1464 512 locus
1483 487 1535 511 est
1557 481 1650 511 Bona
1673 482 1893 513 conscientia:
1918 489 1953 514 ut
1976 483 2108 514 dicitur:

1132 522 1239 563 Culpa
1260 533 1382 554 vacare
1404 533 1551 563 maynum
1575 525 1734 554 solatium.
1781 524 1871 563 Item,
1903 526 1959 556 Est
1983 526 2109 567 aliquid

1131 567 1256 606 attiguis
1278 567 1395 597 crinwu
1419 567 1529 597 abesse
1550 567 1653 597 malls.
1699 566 1821 597 s'ontra
1851 578 1947 606 vero,
1973 569 2107 610 quaudo

1133 620 1192 640 cor
1225 609 1406 640 sauciatum
1452 615 1503 640 est
1538 610 1740 640 couscientia
1786 612 1938 651 propriae
1973 611 2108 652 culpae:

1132 650 1252 692 duplex
1273 658 1325 683 est
1348 651 1464 683 dolor:
1498 651 1663 683 Exteruus
1697 654 1863 693 corporis,
1896 660 1927 685 et
1960 654 2108 686 internus

1133 695 1300 726 cruciatus
1324 695 1430 725 animi.

1218 737 1355 773 Quarto,
1380 736 1538 779 Exempla
1560 735 1684 768 leniunt
1707 737 1817 779 aliquo
1834 739 1932 769 modo
1946 738 2108 777 dolorem,

1131 786 1163 810 et.
1186 791 1259 810 cun.
1283 781 1468 822 cogitamus
1491 779 1574 811 alios
1602 791 1752 822 quoque,
1788 788 1819 811 et
1854 782 1984 822 quidem
2014 792 2108 822 prae·

103 826 207 862 cium,
250 826 281 855 in
323 834 389 865 quo
426 824 592 854 damnabit
639 822 813 854 manifeste
847 821 1077 854 interfectores
1102 839 1107 867 Ι
1130 824 1309 853 standon-es
1327 822 1443 853 similia
1468 823 1544 864 pati.
1589 822 1687 853 Esset
1712 824 1795 854 enim
1819 823 2050 865 inaequalitas,
2074 831 2107 855 et

102 867 343 900 carissimorum
367 867 544 897 amicorum
569 876 716 897 suorum.

184 910 330 950 Septima
360 920 462 940 causa
492 915 563 939 est:
604 908 690 943 Quia
724 906 794 939 vult
818 908 911 939 Deus
940 914 1076 938 sanctos

100 951 168 984 fieri
193 951 382 983 conformes
416 952 567 994 imaginis
602 950 658 981 filii
681 952 750 989 sui,
783 961 848 981 non
884 957 1009 982 tantum
1044 951 1075 981 iu

99 993 216 1037 gloria,
239 995 298 1026 sed
324 996 420 1026 etiam
444 995 476 1025 in
500 994 676 1035 passione:
699 996 785 1025 sicut
809 992 933 1025 Paulus
953 993 1076 1035 inquit:

98 1038 314 1080 Reynabt'mns
336 1048 413 1076 uua,
433 1039 464 1069 ,π’
483 1038 577 1068 modo
598 1047 664 1068 una
684 1039 856 1077 patiemur.

183 1081 312 1112 Octava
346 1088 411 1112 est:
446 1080 540 1112 Deus
574 1079 645 1111 vult
674 1080 821 1120 conspici
857 1079 1075 1119 praesentiam

96 1133 190 1155 suam
214 1125 246 1155 in
270 1125 343 1165 ipsa
367 1135 466 1156 cruce
480 1122 663 1160 Ecclesiae,
686 1129 718 1154 et
742 1123 772 1153 in
797 1122 906 1153 multis
920 1122 1075 1153 mirandis

96 1164 348 1198 liberationibus
372 1177 519 1204 suorum,
556 1165 640 1200 Quia
673 1173 705 1197 et
728 1167 759 1196 in
784 1175 884 1196 sensu
910 1163 1075 1196 calamita·

96 1215 163 1240 tuin
188 1215 351 1241 sustentat
374 1220 449 1247 nos,
469 1215 500 1240 et
514 1207 615 1239 multa
638 1207 725 1239 mala
743 1209 880 1249 mitigat,
903 1217 935 1239 et
958 1207 1076 1238 liberat

95 1261 209 1293 saepe,
233 1262 307 1283 cum
331 1251 536 1284 calamitates
560 1257 638 1282 sunt
659 1250 904 1282 inextricabiles
931 1250 1074 1282 humano

96 1293 249 1325 consilio.
939 1292 945 1299 “

181 1337 273 1369 Haec
286 1338 436 1368 doctrina
459 1337 500 1368 de
523 1337 646 1374 causis,
669 1342 804 1378 propter
827 1346 909 1378 quas
922 1335 1074 1367 Ecclesia

95 1381 188 1411 cruci
211 1381 361 1411 subiecta
385 1387 447 1418 est,
471 1389 602 1420 semper
625 1381 655 1410 in
670 1386 852 1420 conspectu
866 1389 943 1410 esse
964 1380 1072 1415 debet,

95 1432 138 1454 ne
172 1422 287 1453 otl'ensi
318 1423 483 1453 aerumnis
508 1421 701 1460 Ecclesiae,
736 1423 962 1453 existimemus
985 1421 1074 1454 hunc

95 1465 250 1496 miserum
275 1471 404 1496 coetum
426 1475 447 1496 a
469 1464 543 1495 Deo
568 1463 702 1505 negligi.

181 1506 324 1538 lllustrat
344 1515 452 1539 autem
471 1507 558 1538 hanc
581 1507 782 1545 doctrinam,
811 1506 977 1538 distinctio
1001 1517 1074 1548 gra-

95 1549 193 1580 duum
227 1549 466 1588 calamitatum,
511 1560 595 1591 quae
638 1550 734 1581 etiam
768 1559 789 1580 a
822 1550 988 1580 veteribus
1022 1557 1074 1580 est

93 1591 224 1622 tradita.
278 1591 362 1622 Nam
403 1594 434 1622 in
470 1591 622 1623 Ecclesia
661 1590 862 1623 afflictiones
886 1598 981 1629 sunt,
1016 1598 1073 1623 aut

92 1637 252 1674 τιμωρίαι,
285 1640 320 1664 ut
344 1635 461 1665 eiectio
498 1634 639 1665 Davidis
670 1645 848 1675 ex1regno
881 1642 957 1675 post
980 1633 1072 1666 adul-

92 1677 208 1708 terium
231 1682 263 1707 et
287 1677 421 1707 caedem
448 1676 562 1707 Uriae:
586 1683 641 1708 aut
665 1677 851 1715 δικομιισίαι,
884 1684 916 1708 ut
941 1677 1072 1708 calami-

92 1724 144 1750 tas
167 1719 253 1750 lobi:
289 1726 345 1750 aut
372 1720 534 1761 μαρτύρια,
569 1725 603 1750 ut
639 1720 760 1751 caedes
784 1726 980 1761 martyrum:
1016 1726 1071 1751 aut

94 1763 203 1803 λύτρον,
228 1762 314 1802 quod
339 1770 391 1793 est
413 1763 519 1794 solius
537 1761 660 1793 Christi
685 1763 871 1793 obedientia
895 1769 927 1793 et
945 1764 1070 1804 passio.
1096 1798 1097 1801 Ἰ

176 1804 302 1836 Mariae
327 1804 496 1836 calamitas
519 1806 691 1836 sentientis
721 1805 866 1847 gladium
897 1812 1070 1846 penetran—

92 1852 156 1878 tem
177 1857 238 1888 per
255 1848 361 1889 ipsius
383 1849 541 1881 aninum,
577 1849 608 1879 id
632 1855 702 1885 est,
733 1847 881 1879 dolorem
903 1850 1069 1891 ingentem

92 1899 132 1921 ex
153 1889 349 1932 spectaculo
373 1892 488 1923 mortis
510 1890 580 1929 filli,
602 1897 653 1922 est
676 1890 846 1930 δοκιμασία.

232 2053 537 2096 consolationes
569 2054 608 2099 in
639 2054 931 2101 calamitatibus.

175 2145 249 2176 Non
273 2151 326 2188 est
349 2152 456 2177 autem
480 2147 574 2185 satis,
609 2148 714 2188 scire,
748 2158 832 2190 quae
856 2149 921 2179 sint
945 2158 1067 2180 causae

90 2186 333 2227 calamitatum,
368 2190 427 2219 sed
462 2199 481 2220 e
514 2191 650 2231 regione
684 2191 846 2222 tenendae
869 2198 945 2222 suut
969 2192 1066 2223 etiam

89 2229 360 2262 consolationes:
394 2233 448 2263 ubi
473 2243 589 2264 rursus
623 2234 759 2274 prodest
795 2234 948 2265 conferre
971 2234 1065 2266 locos

87 2272 391 2315 philosophicarum
426 2274 704 2315 consolationum,
739 2282 771 2308 et
800 2277 969 2309 doctrinae
1003 2278 1066 2310 Ec-

88 2317 222 2347 clesiae.

176 2359 379 2400 Praecipuae
414 2359 660 2392 consolationes
695 2361 946 2404 philosophicae
978 2369 1063 2395 sunt.

91 2401 118 2431 1.
152 2401 358 2433 Necessitas.
409 2403 592 2435 Ferendum
627 2410 694 2442 cst,
727 2406 814 2446 quod
850 2407 965 2437 mutari
1000 2417 1066 2438 non

86 2449 216 2515 potest:
240 2444 279 2475 Et
294 2446 347 2486 qui
367 2454 540 2487 repugnat,
565 2445 618 2477 ille
637 2447 783 2489 duplicat
807 2448 869 2480 sibi
889 2450 1064 2481 miseriam.

115 2493 218 2528 ugnat
241 2489 325 2518 enim
349 2488 389 2519 de
413 2499 460 2527 re,
485 2500 582 2530 quam
606 2500 672 2520 non
697 2497 804 2530 potest
829 2498 966 2523 mutare.
998 2493 1063 2523 Sed

87 2527 171 2560 haec
194 2537 243 2560 est
267 2529 384 2572 frigida
405 2538 435 2563 et
460 2533 588 2573 ingrata
621 2533 817 2564 consolatio.
863 2534 935 2565 lloc
958 2536 1064 2576 ipsum

87 2573 173 2602 enim
196 2579 296 2614 auget
318 2572 479 2614 dolorem,
499 2575 589 2617 quod
612 2575 823 2608 immutabilia
846 2578 942 2609 nobis
961 2579 1065 2620 impo-

87 2621 219 2646 nuntur.

241 2683 389 2703 RELANTR.
407 2685 488 2705 orl-:Rs
506 2686 568 2705 VOL.
585 2686 664 2706 xx1V.

1130 866 1286 896 iniustitia
1310 867 1484 907 quaedam,
1504 872 1535 896 et
1559 865 1737 906 singularis
1760 868 1927 907 superbia,
1951 875 2109 908 expetere

1130 909 1340 949 praecipuam
1371 907 1512 949 aliquam
1538 907 1722 947 fortunam,
1750 916 1782 941 et
1811 920 1876 940 non
1910 909 1997 941 velle
2020 909 2108 941 ferre

1128 949 1249 993 aliquid
1274 953 1491 982 communium
1515 962 1754 982 aerumnarum.

1215 994 1347 1031 Quinto,
1371 993 1501 1025 Causae
1514 994 1631 1025 finales
1644 994 1782 1025 afferunt
1795 994 1944 1026 similiter
1962 995 2107 1036 aliquam

1129 1036 1255 1068 doloris
1291 1037 1543 1078 mitigationem,
1583 1044 1617 1068 ut
1652 1039 1783 1078 quaudo
1817 1039 1955 1069 moritur
1987 1037 2107 1078 aliquis

1127 1090 1188 1120 pro
1212 1080 1336 1119 patria,
1370 1078 1422 1110 vel
1447 1090 1519 1111 cum
1543 1091 1603 1121 pro
1638 1079 1830 1111 defensione
1855 1091 1977 1112 causae
2000 1082 2108 1112 bonae

1127 1122 1247 1162 aliquis
1271 1123 1401 1163 patitur.
1451 1122 1641 1164 T01·quat1.;
1676 1124 1808 1154 dimicat
1837 1134 1958 1165 magno
1984 1124 2107 1162 animo,

1128 1165 1212 1200 Quia
1236 1166 1379 1196 intuetur
1397 1167 1521 1206 patriae
1534 1167 1752 1205 commodum,
1776 1173 1806 1197 et
1831 1167 1953 1207 appetit
1967 1166 2107 1208 gloriam

1128 1218 1189 1239 seu
1202 1206 1320 1239 famam
1333 1207 1519 1247 honestam,
1542 1216 1576 1239 ut
1592 1210 1724 1240 dicitur:
1755 1209 1837 1240 ls't‘cit
1860 1211 2107 1250 auzorputriue,

1127 1252 1318 1291 laudumque
1340 1253 1490 1282 immensa
1513 1253 1639 1292 cupido.

1214 1294 1329 1325 Sexto.
1375 1293 1517 1325 Collatio
1543 1301 1728 1333 eventuum,
1755 1295 1785 1326 id
1810 1300 1873 1333 est,
1903 1295 2107 1336 comparatio

1127 1336 1289 1368 malorum
1312 1338 1396 1368 iuter
1418 1347 1467 1375 se,
1491 1348 1629 1379 quorum
1653 1337 1718 1368 alia
1741 1339 1858 1369 rationi
1884 1338 2020 1375 maiora,
2044 1336 2108 1369 alia

1126 1381 1253 1410 minora
1289 1390 1365 1410 esse
1399 1380 1562 1411 videntur.
1628 1381 1814 1412 Aeschines
1860 1381 1967 1411 minus
2014 1379 2106 1411 dolet

1126 1428 1262 1463 propter
1292 1421 1440 1460 exilium,
1470 1423 1555 1458 Quia
1589 1422 1732 1455 laetatur
1761 1434 1798 1455 se
1830 1423 2005 1454 liberatum
2029 1434 2107 1455 esse

1127 1466 1167 1496 ab
1191 1466 1300 1496 Attica
1319 1465 1502 1506 Republica
1521 1472 1675 1507 tanquam
1700 1477 1718 1497 a
1744 1467 1878 1498 rabiosa
1903 1476 1996 1497 cane.

1214 1507 1386 1538 Postremo
1409 1510 1497 1539 iubet
1534 1510 1616 1539 ratio
1653 1519 1789 1550 sperare
1819 1509 1942 1540 laetum
1973 1510 2105 1547 exitum,

1126 1556 1160 1580 ut
1182 1549 1237 1581 ille
1271 1551 1373 1591 inquit
1409 1552 1494 1592 apud
1530 1551 1714 1582 Comicum:
1748 1552 1837 1583 Heus
1872 1558 1922 1586 tu,
1960 1551 2107 1583 Omnium

1125 1603 1233 1624 rerum
1256 1595 1445 1625 vicissitudo
1468 1598 1524 1624 est.
1570 1594 1609 1624 Et
1622 1594 1754 1626 Aeneas
1779 1596 1880 1637 inquit
1905 1594 1947 1626 ad
1973 1597 2105 1626 socios:

1126 1636 1265 1673 Duram,
1287 1641 1317 1667 et
1340 1641 1459 1667 vosmet
1480 1637 1575 1667 rebus
1597 1642 1726 1668 serrare
1747 1639 1906 1669 sectandis.

1211 1680 1320 1719 Saepe
1342 1687 1449 1710 autem
1474 1679 1583 1710 nullae
1607 1691 1685 1721 spes
1698 1680 1972 1712 humauoiudicio
1989 1681 2106 1712 viden-

1124 1727 1176 1752 tur
1211 1721 1373 1764 reliquae,
1407 1722 1469 1753 Ubi
1504 1733 1576 1753 cum
1612 1733 1677 1754 vox
1711 1724 1821 1754 divina
1854 1725 1967 1755 iubeat
1997 1731 2107 1754 tamen

1123 1765 1264 1795 retinere
1286 1775 1379 1805 spem
1403 1765 1491 1796 vitae
1513 1772 1680 1803 aeternae,
1705 1765 1917 1808 philosophia
1949 1766 2106 1797 dubitans

1123 1808 1165 1837 (le
1189 1808 1276 1837 vitae
1298 1814 1474 1839 secuturae
1495 1814 1594 1845 statu,
1619 1808 1773 1850 relinquit
1790 1811 1919 1842 animos
1931 1810 1964 1840 in
1989 1810 2105 1850 ‹lespe-

1123 1850 1261 1887 rafione,
1286 1861 1348 1881 nec
1367 1857 1527 1881 monstrat
1550 1858 1691 1891 portum,
1714 1853 1745 1882 in
1766 1864 1830 1894 quo
1849 1864 1944 1884 mens
1968 1853 2104 1884 tandem

1121 1893 1326 1934 acquiescat.
1382 1893 1416 1923 ld
1459 1904 1530 1924 cum
1570 1895 1780 1935 experiantur
1812 1896 1944 1927 Ethnici
1959 1918 1968 1933 ‚
2007 1895 2103 1926 fateri

1121 1936 1182 1976 ipsi
1203 1942 1368 1977 coguntur
1387 1936 1418 1966 in
1442 1938 1571 1978 maguis
1595 1936 1781 1976 doloribus,
1806 1940 2003 1970 infirmiores
2027 1948 2105 1969 esse

1121 1978 1367 2009 consolationes
1385 1978 1645 2020 philosophicas,
1669 1992 1764 2022 quam
1778 1989 1812 2013 ut
1830 1983 1953 2013 mederi
1974 1982 2104 2022 possint

1120 2023 1220 2052 tantis
1255 2021 1370 2059 malis,
1410 2024 1529 2063 quihus
1571 2030 1687 2054 natura
1723 2024 1864 2056 humana
1901 2025 2102 2065 opprimitur.

1121 2064 1197 2095 ldeo
1223 2064 1341 2095 civero
1366 2066 1486 2106 inquit:
1512 2065 1641 2104 Nescio,
1665 2069 1820 2107 quomodo
1843 2069 2033 2099 imbecillior
2055 2071 2103 2099 est

1121 2108 1290 2141 medicina,
1313 2118 1407 2148 quam
1426 2109 1563 2139 morbus.

1209 2150 1420 2182 Utillssimum
1456 2158 1506 2182 est
1540 2152 1657 2194 igitur,
1691 2163 1852 2193 quaerere
1887 2154 1919 2184 iu
1950 2151 2102 2183 Ecclesia

1119 2192 1203 2224 alios
1226 2193 1322 2224 locos
1335 2193 1610 2233 consolationum,
1644 2196 1699 2236 qui
1729 2195 1903 2227 efficacius
1923 2196 2100 2227 remedium

1120 2243 1316 2267 monstrant.

1205 2279 1275 2310 Etsi
1310 2280 1409 2319 igitur
1442 2280 1473 2310 in
1508 2279 1688 2311 levioribus
1726 2280 1820 2312 malis
1859 2292 1954 2312 suum
1988 2280 2100 2312 locum

1118 2322 1239 2353 habent
1262 2321 1514 2364 philosophicae
1528 2322 1786 2356 consoixtiones.
1810 2330 1842 2355 et
1865 2325 1982 2365 aliquo
2002 2324 2100 2355 modo

1118 2375 1191 2395 cum
1216 2365 1291 2406 lege
1319 2372 1522 2407 congruunt,
1555 2367 1620 2397 imo
1645 2367 1675 2396 in
1710 2366 1858 2398 Ecclesia
1890 2369 1995 2410 magis
2025 2365 2100 2398 illu-

1118 2414 1284 2445 strantur,
1324 2408 1398 2450 lege
1433 2408 1599 2440 declarata
1635 2420 1673 2439 ex
1711 2408 1919 2452 Exangelio:
1975 2409 2099 2441 Tamen

1117 2450 1207 2481 aliae·
1231 2457 1306 2481 sunt
1330 2450 1579 2482 consolationes
1604 2451 1809 2492 peculiares.
1846 2463 1931 2495 quas
1966 2454 2098 2493 proprie

1117 2494 1212 2524 tradit
1234 2493 1465 2536 Evangeliutn:
1502 2493 1639 2531 scilicet,
1672 2494 1834 2527 lieniissio
1872 2503 2098 2536 peccatorum:

1117 2537 1250 2577 Agnitio
1274 2539 1481 2577 praesentiae
1505 2537 1565 2568 Dei
1590 2538 1620 2567 in
1640 2540 1822 2569 aerumnis:
1859 2538 1945 2579 Spes
1965 2538 2098 2570 ultimae

1117 2577 1320 2611 liberationis
1356 2587 1389 2611 et
1416 2579 1531 2611 salutis
1562 2587 1727 2612 aeternae.
1785 2581 1824 2612 Hi
1858 2580 1921 2613 loci
1959 2592 2096 2622 prorsus

1117 2629 1193 2654 sunt
1211 2623 1315 2665 ignoti
1338 2621 1578 2664 philosophiae,
1603 2633 1664 2655 nec
1687 2624 1861 2655 traduntur
1884 2626 1915 2656 in
1939 2623 2025 2666 lege.

1893 2685 1923 2708 13
