2324 2958
88 154 154 186 269

452 169 482 177 ..s

91 253 162 284 Non
182 251 229 280 est
249 247 339 278 aliud
357 246 526 287 pulchrius
549 247 671 284 bonum,
694 256 789 287 quam
810 251 908 287 patre
931 247 1011 279 bono
1033 251 1063 278 et

134 293 260 323 honesto
281 293 390 321 natum
408 299 487 325 esse,
511 293 542 321 et
556 289 748 330 parentibus
765 290 894 330 diqnum
914 290 1063 321 honorem

134 334 280 366 tribtoere.

172 415 268 448 Tales
293 416 475 447 sententias
509 426 621 447 amare
651 417 780 448 debetis
813 415 1060 455 adolescentes,

91 462 163 505 quia
184 460 384 491 conveniunt
409 469 483 490 cum
506 466 634 491 natura.
679 459 720 490 Et
743 465 885 500 possunt
908 460 1062 500 usurpari

89 503 363 536 venustissimein
386 502 565 533 scribendo
589 506 621 532 et
641 502 792 533 diceudo.
838 502 921 533 Cum
943 501 998 533 vel
1028 509 1061 533 tu

88 547 156 588 ipse
178 545 297 575 scribis
320 545 362 575 ad
376 551 542 585 parentes,
566 543 619 575 vel
643 555 715 575 cum
739 545 865 576 hortari
889 546 939 576 vis
963 544 1059 582 alios,

85 594 121 620 ut
143 594 296 629 parentes
317 586 439 618 colant.
484 586 668 618 Exuscitari
693 588 790 618 etiam
816 588 937 618 debent
962 588 1060 618 animi

85 631 202 668 vestri,
239 636 272 660 ut
303 630 463 660 studeatis
491 628 547 660 illa
580 629 714 667 facere,
748 640 835 671 quae
861 631 1061 661 conveniunt

85 683 159 705 cum
183 673 297 704 ordine
319 672 442 710 divino,
465 682 561 713 quem
581 672 674 704 Deus
697 673 731 703 in
755 674 826 713 ipsa
850 679 966 703 natura
985 683 1060 703 san-

84 716 142 753 xit,
166 717 284 756 partim
307 714 427 745 lumine
439 713 591 753 naturali,
615 716 733 755 partini
751 715 872 747 affectu
895 722 927 746 et
939 716 1060 756 στοργῇ,

83 758 147 790 imo
160 759 256 789 etiam
275 757 350 799 lege
373 768 443 788 sua.

170 799 245 832 Alia
267 810 322 831 res
345 807 414 838 est,
444 801 472 831 si
499 806 653 841 parentes
683 800 881 841 prohibeant
915 800 1059 831 studium

84 853 184 875 verae
208 843 400 881 doctrinae,
425 849 480 873 aut
503 843 531 873 si
555 842 657 873 velint
680 851 712 874 te
737 853 860 885 cogere
890 843 930 873 ad
955 841 1058 873 idolo—

83 885 230 922 latriam,
259 886 300 916 ad
324 887 550 916 adorationem
571 886 735 917 hominum
760 892 980 923 mortuorum,
1002 892 1058 916 aut

82 928 307 966 artolatriam,
337 929 367 959 id
392 935 462 966 est,
487 928 711 959 adorationem
734 929 829 968 panis
854 929 1058 959 consecrati:

82 970 166 1003 Tum
189 972 274 1002 enim
302 972 407 1013 magis
436 977 487 1002 est
514 971 733 1002 obediendum
756 970 850 1009 Deo,
882 981 979 1012 quam
1002 981 1059 1011 pa-

83 1014 242 1046 rentibus.

379 1221 442 1260 De
476 1227 619 1273 quarto
652 1221 750 1259 loco.

81 1355 247 1393 sapientia,
267 1358 297 1383 ct
316 1358 418 1383 aetate
440 1358 469 1383 et
487 1355 594 1393 qratia
617 1363 723 1384 corum
736 1353 804 1382 Deo
829 1357 858 1383 et
875 1353 1055 1383 hominibus.

83 1396 140 1428 Sic
162 1404 392 1438 argumentor:

170 1463 294 1492 Habeas
313 1465 483 1502 perfectum
502 1465 708 1502 coynit'c'onem
727 1465 856 1493 onmium

214 1517 312 1535 rernm
336 1517 395 1535 11011
415 1508 525 1535 crescit
549 1517 604 1535 uec
618 1506 757 1548 proficit.

170 1548 424 1578 Christnanabet
438 1549 610 1587 perfectam
630 1551 836 1589 cognitionem
860 1550 990 1579 omnium
1013 1559 1058 1577 ve-

210 1601 283 1619 rum.

170 1632 257 1672 Eryo
281 1643 340 1662 non
365 1634 475 1662 crescit
498 1644 516 1661 η
532 1643 553 1660 ἰ·
572 1636 711 1672 proficit.

168 1692 369 1733 Respondeo
399 1699 432 1723 at
465 1691 636 1723 Minorem.
682 1693 838 1725 Concedo
869 1694 910 1724 de
943 1699 1060 1724 natura

83 1736 193 1767 divina
212 1734 348 1766 Christi:
373 1735 440 1766 Sed
463 1736 552 1776 quod
575 1736 616 1766 ad
640 1735 815 1767 humanam
838 1742 987 1767 naturam
1010 1742 1058 1766 at-

83 1780 186 1815 tinet,
227 1777 381 1809 Christus
407 1779 589 1818 assumpsit
617 1778 789 1809 humanam
823 1785 990 1816 naturam,
1027 1785 1059 1809 et

83 1831 301 1863 quaecunque
339 1827 415 1851 sunt
439 1821 571 1862 propria
601 1820 765 1852 humanae
792 1828 946 1858 naturae,
971 1831 1058 1862 quae

82 1874 149 1895 non
171 1871 247 1895 sunt
271 1870 428 1903 peccata:
453 1862 541 1904 Ergo
565 1870 598 1894 ut
620 1863 764 1895 infantes
787 1864 907 1895 habent
930 1873 991 1895 sua
1013 1864 1059 1894 in-

83 1913 251 1938 crementa
274 1907 304 1936 in
329 1916 471 1945 corpore
492 1914 525 1937 et
546 1908 674 1944 animo,
702 1907 750 1937 sic
775 1906 927 1937 Christus
952 1908 1055 1938 crevit

768 153 988 187 POSTILLA
1005 153 1403 186 MELANTHOMANA.

2025 159 2090 191 270

1117 247 1227 281 modo,
1251 254 1287 278 ut
1298 247 1455 280 Irenaeus
1478 249 1593 290 inquit,
1616 249 1836 289 Requiesrente
1857 251 1947 281 verbo
1966 254 2090 283 utmort‘

1114 293 1145 319 et
1167 291 1308 329 crincifi'yz'
1325 294 1443 329 posset.

1199 331 1273 364 Fuit
1302 333 1333 363 in
1358 332 1493 364 Christo
1520 333 1626 372 λόγος,
1652 335 1706 375 qui
1737 341 1789 366 est
1817 340 1951 367 aeterna
1978 337 2088 378 imago

1113 375 1228 416 patris.
1272 374 1314 406 Et
1336 374 1390 406 hic
1413 374 1512 417 logos
1542 385 1608 406 non
1638 376 1746 414 dolet,
1779 388 1846 409 non
1869 379 2087 417 excruciatur,

1114 428 1182 448 non
1205 417 1348 449 luctatur
1371 428 1446 449 cum
1468 425 1593 455 morte,
1624 419 1709 450 sicut
1728 419 1881 452 Christus
1906 422 2087 453 secundum

1113 459 1349 492 humanitatem
1363 471 1437 492 cum
1459 468 1564 492 morte
1576 459 1730 498 luctatur,
1754 472 1815 493 nec
1829 473 1958 504 semper
1970 465 2087 495 eodem

1114 503 1212 534 modo
1236 504 1334 534 sentit
1357 502 1447 534 illam
1470 502 1630 534 illustrem
1660 501 1832 541 laetitiam,
1862 516 1946 546 quae
1975 513 2027 537 est
2055 508 2086 538 in

1114 545 1204 587 λόγῳ.
1260 546 1316 576 Sic
1349 545 1390 576 de
1424 547 1558 577 notitiis.
1604 545 1678 576 Non
1708 547 1787 577 vidit
1830 549 1946 579 eodem
1987 550 2086 580 modo

1113 589 1221 619 omnia
1244 597 1392 628 semper,
1413 598 1486 619 cum
1510 594 1600 619 esset
1623 589 1655 618 in
1678 587 1735 619 illa
1758 589 1949 622 humilitate.

1199 630 1240 661 Et
1258 640 1443 671 quanquam
1467 631 1554 671 apud
1577 629 1798 662 scholasticos
1822 642 1974 673 quoque,
2005 633 2086 665 mul-

1114 680 1219 704 torum
1249 674 1358 704 variae
1389 674 1601 713 quaestiones
1630 680 1707 704 sunt
1740 675 1781 705 de
1812 676 1934 705 notitiis
1962 677 2086 708 abstra-

1113 716 1207 747 ctivis
1233 722 1265 746 et.
1289 714 1524 753 habitualibus‚
1548 722 1580 747 et
1593 714 1761 747 fatendum
1775 724 1825 747 est
1843 717 2009 749 Clu-istum
2032 719 2087 749 ha-

1112 758 1225 789 buisse
1244 756 1425 799 singularia
1447 759 1552 795 dona,
1581 765 1689 789 tamen
1713 760 1827 799 negari
1858 770 1997 799 prorsus
2022 771 2086 792 non

1110 807 1238 841 potest,
1262 801 1410 831 crevisse
1433 801 1466 831 in
1489 799 1623 831 Christo
1646 801 1778 832 notitias
1801 803 1979 833 intuitivas.

1198 842 1270 883 Ego
1294 844 1372 873 novi
1397 841 1599 874 crocodilum
1622 844 1735 874 notitia
1758 845 1978 879 abstractiva,
2002 846 2086 883 scio,

1111 886 1186 926 quid
1210 885 1252 916 de
1275 895 1314 916 eo
1329 886 1507 923 scribatur,
1531 886 1591 916 sed
1614 895 1681 916 non
1701 887 1765 917 vidi
1780 897 1903 918 coram.
1928 888 2002 919 ideo
2020 899 2084 919 non

1109 927 1218 958 habeo
1242 928 1425 959 intuitivam
1447 929 1594 959 notitiam
1618 928 1788 960 crocodili.
1833 929 1882 961 Tu
1905 930 1986 964 scis,
2008 931 2087 972 quid

1110 972 1153 1001 sit
1186 969 1340 1011 clepham,
1375 970 1436 1001 sed
1469 980 1537 1001 non
1570 969 1674 1001 habes
1710 972 1855 1003 notitiam
1889 973 2080 1004 intuitixam.

1110 1016 1189 1044 Sunt
1210 1021 1319 1044 autem
1332 1013 1500 1044 intuitivae
1522 1013 1658 1044 notitiae
1680 1012 1887 1052 illustriores,
1911 1025 2008 1056 quam
2031 1016 2087 1047 ab·

1109 1056 1300 1086 stractivae.
1346 1055 1394 1085 lta
1418 1054 1572 1086 Christus
1606 1056 1732 1086 etiamsi
1771 1058 1868 1088 scivit
1904 1057 2087 1099 Coponium

1084 1103 1085 1106 ’
1109 1098 1295 1139 praesidem
1319 1108 1393 1129 esse
1417 1097 1646 1139 lerosolym’ZS,
1675 1106 1784 1130 tamen
1808 1111 1882 1131 cum
1912 1111 1952 1131 eo
1983 1102 2084 1139 venit,

1084 1150 1085 1153 ’
1111 1141 1219 1181 coepit
1243 1151 1316 1171 eum
1338 1150 1523 1181 agnoscere
1546 1141 1661 1171 notitia
1679 1141 1837 1173 intuitiva.

1083 1241 1085 1245 ·
1110 1226 1171 1257 sed
1194 1227 1291 1256 etiam
1323 1224 1441 1263 infusi,
1470 1232 1505 1257 ut
1539 1225 1737 1267 loquuntur,
1773 1229 1951 1259 exercitiis.

1197 1182 1360 1214 Crescunt
1383 1185 1480 1214 etiam
1510 1183 1642 1215 habitus
1671 1193 1737 1215 non
1768 1190 1893 1216 tantum
1921 1186 2088 1227 acquisiti,

1996 1229 2091 1260 Sicut

1082 1302 1085 1309 ,
1109 1267 1332 1310 pulcherrime
1356 1269 1474 1299 dicitur
1497 1269 1529 1299 in
1554 1269 1725 1300 versibus:

168 1311 326 1353 Sequitur
347 1318 533 1352 postremus
556 1309 651 1341 locus
674 1311 716 1342 de
739 1311 844 1342 dicto:
868 1310 1058 1349 Proficiebat
1082 1314 1084 1318 ⁴

81 1950 200 1980 membi
210 1949 238 1979 is
262 1951 432 1988 eorporis,
461 1954 493 1979 et
515 1949 632 1980 horum
661 1947 866 1987 actionibus,
896 1955 927 1980 et
949 1947 1058 1989 prose·
1084 1965 1085 1982 2

83 1992 130 2024 cit
152 1993 185 2023 in
209 1993 400 2032 cognitione
423 2001 542 2022 rerum.

167 2034 242 2065 Fuit
264 2043 343 2064 vere
366 2032 489 2068 infans,
508 2043 574 2064 non
597 2035 701 2074 potuit
719 2035 829 2065 statim
851 2033 959 2075 loqui,
976 2044 1056 2075 pau-

81 2077 173 2109 latim
193 2083 292 2108 aucto
316 2078 437 2107 robore
457 2078 566 2117 coepit
590 2077 726 2117 ingredi.
751 2076 936 2108 Creverunt
958 2077 1056 2108 etiam

1109 1996 1168 2022 ele.

1162 1338 1227 1368 Vidi
1258 1346 1316 1375 eqo
1345 1341 1514 1376 quassatas
1541 1340 1626 1368 mota
1652 1339 1728 1376 face
1765 1347 1912 1370 crescere
1936 1341 2086 1379 stammas

1196 1380 1239 1410 Et
1260 1380 1326 1411 vicli
1346 1381 1432 1411 nullo
1453 1382 1652 1411 concutiente
1674 1381 1764 1411 mori.

1112 1439 1252 1470 Ovidius
1279 1444 1375 1469 autor
1404 1438 1521 1470 horum
1551 1448 1706 1470 versuum
1735 1439 1807 1479 ipse
1839 1440 1993 1472 iudicavit
2016 1439 2085 1481 pul-

1112 1480 1212 1512 chros
1235 1490 1311 1511 esse
1334 1481 1396 1511 hos
1423 1491 1552 1512 versus.
1597 1481 1649 1511 Ac
1679 1482 1835 1512 scribitur
1865 1483 1996 1514 sedisse
2027 1482 2085 1514 ali-

1112 1523 1244 1565 quando
1268 1523 1426 1561 Ovidius,
1456 1533 1529 1554 cum
1558 1521 1631 1554 aliis
1662 1524 1693 1553 in
1725 1525 1887 1555 convivio.
1934 1525 1980 1557 lbi
2012 1536 2085 1557 cum

1112 1565 1391 1607 reprehenderent
1407 1576 1481 1597 eum
1498 1565 1610 1607 aliqui,
1634 1567 1724 1606 quod
1743 1567 1891 1598 dicerent
1910 1577 1987 1599 esse
2009 1579 2085 1599 eum

1111 1607 1385 1650 negligentiorem
1415 1609 1446 1639 in
1477 1609 1684 1650 corrigendis
1717 1612 1786 1639 suis
1815 1611 1985 1648 versibus,
2022 1610 2084 1642 Re-

1112 1651 1244 1692 spondit
1267 1651 1426 1689 Ovidius,
1456 1649 1551 1682 fateri
1581 1661 1635 1689 se,
1663 1652 1752 1692 quod
1775 1661 1840 1682 non
1864 1651 2006 1684 libenter
2029 1664 2084 1685 su-

1112 1700 1178 1724 mat
1211 1694 1273 1725 sibi
1306 1691 1455 1724 laborem
1495 1694 1690 1724 emendandi
1725 1704 1806 1724 suos
1838 1704 1982 1734 versus,
2023 1696 2084 1727 sed

1111 1741 1240 1768 tamen.
1264 1742 1299 1768 ut
1321 1736 1433 1767 videre
1456 1737 1610 1776 possitis,
1632 1736 1751 1777 inquit,
1775 1746 1840 1767 non
1864 1737 1984 1769 deesse
2005 1738 2083 1770 mihi

1111 1779 1287 1815 iudicium,
1320 1778 1397 1810 volo
1422 1785 1551 1809 certare
1579 1779 1760 1810 vobiscum.
1806 1779 1938 1811 Scribat
1963 1779 2083 1822 aliquis

1111 1829 1258 1853 vestrum
1287 1831 1405 1852 versus
1439 1822 1471 1852 {n
1499 1820 1661 1859 tabulam,
1685 1828 1717 1852 et.
1750 1832 1834 1863 quos
1865 1823 1981 1854 iudicet
2007 1834 2084 1855 esse

1111 1866 1269 1903 optimos:
1298 1871 1329 1895 et
1353 1874 1437 1905 quos
1461 1865 1674 1895 deterrimos:
1709 1865 1852 1895 scribam
1882 1866 1979 1896 etiam
2003 1876 2080 1909 ego.

1112 1906 1251 1941 Quidam
1293 1917 1333 1938 ex
1363 1907 1512 1938 convivis
1550 1907 1683 1946 scripsit
1712 1907 1795 1937 inter
1824 1908 1982 1947 optimos,
2007 1908 2082 1947 hos,

1111 1959 1194 1990 quos
1225 1960 1312 1980 nuuc
1335 1950 1484 1980 recitavi:
1536 1949 1610 1978 Vidi
1628 1960 1684 1987 cyo
1708 1953 1873 1988 (μιᾶς-ναίω
1897 1955 1979 1980 mota
1995 1953 2079 1989 fuce,

1213 1991 1255 2023 Et
1277 1993 1359 2023 inter
1394 1993 1609 2023 deterrimos:
1641 1992 1874 2031 ›Sinu'm‘rnmque
1897 1993 2016 2027 bovem,
2035 2004 2080 2023 se-

1082 2035 1084 2047 *
1109 2034 1320 2074 mibovemque,
1345 2037 1449 2064 vir-tun.
1473 2034 1618 2065 Eosdem
1640 2045 1760 2066 versus
1783 2036 1964 2076 scripserat
1984 2037 2080 2068 etiam

80 2120 114 2152 in
137 2121 207 2150 eius
229 2120 338 2150 animo
359 2119 493 2150 notitiae
517 2126 549 2149 et
572 2119 722 2157 aflectus,
745 2126 779 2151 ut
802 2120 835 2150 in
857 2118 930 2150 aliis
953 2119 1054 2150 homi·
1080 2145 1082 2151 ,

80 2163 191 2194 nibus.
214 2162 290 2193 Non
303 2172 435 2202 semper
453 2160 595 2192 laetatus
619 2167 680 2199 est,
704 2160 763 2193 suit
774 2172 875 2203 saepe
894 2170 1053 2194 moestus,

80 2205 267 2237 Creverunt
295 2206 390 2235 etiam
427 2205 458 2235 in
494 2215 534 2234 eo
569 2205 723 2235 exercitia
758 2206 930 2243 virtutum,
967 2206 1054 2236 sicut

79 2247 204 2280 Paulus
227 2249 331 2288 inquit
353 2248 396 2277 ad
421 2245 577 2287 l’hilipp.:
601 2247 719 2276 Habitu
740 2249 877 2277 inventos
900 2252 933 2277 ut
951 2247 1050 2277 homo.

78 2289 120 2322 Et
142 2291 184 2321 ad
199 2290 298 2321 Eeb-z
319 2290 473 2319 Habemus
493 2291 677 2328 pontific-em,
700 2292 753 2329 qui
771 2295 815 2320 est
837 2294 974 2320 tentatus
993 2301 1052 2330 per

79 2334 180 2363 omnia
202 2336 267 2362 sine
283 2337 426 2372 pecs-uto.

164 2375 230 2406 Alii
254 2381 414 2416 quaerunt
438 2375 653 2405 veteratorias
683 2381 715 2406 et
735 2374 961 2416 phantasticas
984 2374 1052 2407 elu-

77 2418 203 2456 stones,
227 2417 369 2448 Christus
386 2421 453 2447 erat
472 2418 645 2451 onmisrius,
664 2422 788 2447 noverat
813 2421 924 2453 omnia,
948 2418 1051 2460 inqui-

77 2466 146 2491 unt.
190 2459 279 2498 Erqo
298 2471 358 2489 uon
378 2461 509 2494 didicit,
533 2466 569 2491 ut
593 2460 725 2500 quando
747 2471 809 2492 vas
832 2468 884 2492 est
905 2459 1050 2502 plenum,

76 2508 144 2534 tun:
167 2502 247 2534 nihil
266 2509 377 2543 potest
399 2501 539 2543 amplius
558 2501 692 2533 inlundi.
737 2501 907 2535 Eiusmodi
928 2503 1051 2535 Diabo—

76 2542 162 2576 lieae
183 2546 407 2587 praestigicae
429 2551 507 2576 sunt
528 2545 747 2576 execrandae·
787 2545 859 2577 Etsi
881 2547 967 2577 enim
989 2546 1051 2578 fuit

77 2587 111 2618 in
132 2587 268 2619 Christo
291 2587 468 2625 Divinita&
491 2593 604 2619 tamen
625 2597 667 2619 ea
687 2597 755 2619 non
776 2596 909 2630 semper
931 2589 1051 2621 eodem

1077 2377 1257 2417 lsophunn

1109 2078 1245 2109 Ovidius
1274 2079 1306 2109 in
1319 2088 1381 2109 sua
1403 2076 1542 2109 tabella:
1566 2077 1616 2108 Ex
1637 2088 1702 2118 quo
1725 2079 1988 2110 animadversum
2009 2086 2074 2116 est,

1108 2131 1181 2152 eum
1207 2126 1299 2152 reete
1321 2121 1467 2152 iudicare
1496 2130 1598 2161 posse
1622 2120 1662 2151 de
1684 2121 1754 2151 suis
1777 2121 1939 2151 versibus.
1984 2121 2074 2153 Haec

1107 2164 1252 2194 narratio
1275 2170 1365 2194 extat
1387 2164 1474 2199 apud
1499 2164 1670 2194 Senecam.

1192 2206 1274 2239 Cum
1297 2212 1446 2237 movetur
1468 2204 1594 2243 facula,
1618 2207 1737 2237 crescit
1761 2207 1864 2247 ignis3
1887 2208 1936 2238 sic
1959 2217 2074 2239 omnes

1104 2255 1214 2280 motus
1237 2250 1352 2286 animi,
1381 2248 1543 2286 affectus,
1572 2247 1720 2286 habitus,
1752 2251 1888 2280 virtutes
1918 2250 2075 2290 agitando

1105 2298 1272 2322 crescunt.
1296 2291 1354 2323 Sic
1382 2290 1506 2322 Paulus
1535 2290 1739 2322 Timotheum
1762 2291 1851 2322 iubet
1873 2292 2076 2334 ἀναζωπυρεῖν

1104 2334 1215 2363 donum
1230 2334 1300 2368 Dei,
1325 2335 1359 2365 id
1381 2339 1450 2372 est,
1473 2334 1560 2364 iubet
1585 2334 1769 2365 accendere
1792 2340 1945 2375 tanquam
1968 2336 2075 2377 ignem

1309 2377 1380 2408 Nos
1404 2377 1560 2407 debemus
1594 2377 1625 2406 in
1660 2377 1755 2406 donis
1786 2375 1847 2407 Dei
1878 2379 2075 2409 exercendis

1076 2422 1079 2446 ἱ
1104 2429 1181 2451 esse
1205 2418 1340 2458 fideles,
1363 2420 1453 2451 iuxta
1476 2418 1669 2459 parabolam
1692 2419 1733 2449 de
1755 2420 2009 2459 negotiantibus.

1191 2462 1283 2494 Deus
1307 2463 1363 2493 dat
1380 2463 1478 2493 nobis
1502 2460 1638 2495 talenta,
1661 2460 1735 2492 aliis
1758 2460 1871 2502 plura,
1900 2461 1974 2494 aliis
1998 2474 2074 2505 pau·

1103 2505 1204 2536 ciora.
1249 2505 1316 2536 Sed
1340 2505 1477 2546 requirit
1499 2505 1541 2535 ab
1575 2504 1726 2535 omuibus
1750 2504 1956 2544 fidelitatem,
1990 2516 2075 2547 quae

1102 2545 1329 2588 complectitur
1351 2547 1551 2589 diligentiam
1574 2547 1605 2577 in
1618 2547 1812 2578 exercendis
1836 2548 1931 2579 donis
1944 2549 2074 2586 divinis,

1101 2599 1187 2631 quae
1220 2590 1352 2632 quidem
1382 2591 1456 2631 ipsa
1482 2589 1716 2621 exercitatione
1742 2599 1874 2632 quoque
1908 2597 2071 2623 crescunt.
