<?xml version="1.0" encoding="UTF-8"?>
<!DOCTYPE html PUBLIC "-//W3C//DTD XHTML 1.0 Transitional//EN"
    "http://www.w3.org/TR/xhtml1/DTD/xhtml1-transitional.dtd">
<html xmlns="http://www.w3.org/1999/xhtml" xml:lang="en" lang="en">
 <head>
  <title>
</title>
<meta http-equiv="Content-Type" content="text/html;charset=utf-8" />
  <meta name='ocr-system' content='tesseract 3.04.00' />
  <meta name='ocr-capabilities' content='ocr_page ocr_carea ocr_par ocr_line ocrx_word'/>
</head>
<body>
  <div class='ocr_page' id='page_1' title='image "./operaquaesupersu24melauoft/operaquaesupersu24melauoft_0081.png"; bbox 0 0 2324 2958; ppageno 0'>
   <div class='ocr_carea' id='block_1_1' title="bbox 83 169 978 294">
    <p class='ocr_par' dir='ltr' id='par_1_1' title="bbox 83 169 978 294">
     <span class='ocr_line' id='line_1_1' title="bbox 83 169 145 200; baseline 0 0"><span class='ocrx_word' id='word_1_1' title='bbox 83 169 145 200; x_wconf 85' lang='grc'>109</span> 
     </span>
     <span class='ocr_line' id='line_1_2' title="bbox 169 257 978 294; baseline -0.005 0"><span class='ocrx_word' id='word_1_2' title='bbox 169 263 210 294; x_wconf 83' lang='grc' dir='ltr'>ΙΝ</span> <span class='ocrx_word' id='word_1_3' title='bbox 236 259 475 294; x_wconf 81' lang='lat' dir='ltr'>HISTORIAM</span> <span class='ocrx_word' id='word_1_4' title='bbox 494 257 773 291; x_wconf 85' lang='lat' dir='ltr'>NATIVITATIS</span> <span class='ocrx_word' id='word_1_5' title='bbox 797 258 978 291; x_wconf 85' lang='lat' dir='ltr'>CHRISTI.</span> 
     </span>
    </p>
   </div>
   <div class='ocr_carea' id='block_1_2' title="bbox 203 354 932 454">
    <p class='ocr_par' dir='ltr' id='par_1_2' title="bbox 203 354 932 454">
     <span class='ocr_line' id='line_1_3' title="bbox 203 354 932 396; baseline -0.005 -8"><span class='ocrx_word' id='word_1_6' title='bbox 203 358 293 396; x_wconf 58' lang='lat' dir='ltr'>Exiit</span> <span class='ocrx_word' id='word_1_7' title='bbox 314 357 474 388; x_wconf 80' lang='lat' dir='ltr'>decretum</span> <span class='ocrx_word' id='word_1_8' title='bbox 497 364 517 386; x_wconf 81' lang='lat' dir='ltr'>a</span> <span class='ocrx_word' id='word_1_9' title='bbox 542 354 684 386; x_wconf 75' lang='lat' dir='ltr'><em>Caesare</em></span> <span class='ocrx_word' id='word_1_10' title='bbox 702 354 851 393; x_wconf 72' lang='lat' dir='ltr'>Auyuslo,</span> <span class='ocrx_word' id='word_1_11' title='bbox 875 356 932 384; x_wconf 79' lang='lat' dir='ltr'>etc.</span> 
     </span>
     <span class='ocr_line' id='line_1_4' title="bbox 466 421 674 454; baseline -0.014 0"><span class='ocrx_word' id='word_1_12' title='bbox 466 421 494 453; x_wconf 94' lang='lat' dir='ltr'>L</span> <span class='ocrx_word' id='word_1_13' title='bbox 504 432 526 454; x_wconf 91' lang='lat' dir='ltr'>u</span> <span class='ocrx_word' id='word_1_14' title='bbox 535 432 552 453; x_wconf 93' lang='lat' dir='ltr'>c</span> <span class='ocrx_word' id='word_1_15' title='bbox 561 431 580 453; x_wconf 88' lang='lat' dir='ltr'>a</span> <span class='ocrx_word' id='word_1_16' title='bbox 589 431 608 453; x_wconf 92' lang='lat' dir='ltr'>e</span> <span class='ocrx_word' id='word_1_17' title='bbox 630 421 674 452; x_wconf 85' lang='lat' dir='ltr'>II.</span> 
     </span>
    </p>
   </div>
   <div class='ocr_carea' id='block_1_3' title="bbox 134 533 1004 595">
    <p class='ocr_par' dir='ltr' id='par_1_3' title="bbox 134 533 1004 595">
     <span class='ocr_line' id='line_1_5' title="bbox 134 533 1004 595; baseline -0.009 -14"><span class='ocrx_word' id='word_1_18' title='bbox 134 538 356 595; x_wconf 82' lang='lat' dir='ltr'>Explicatio</span> <span class='ocrx_word' id='word_1_19' title='bbox 387 535 773 577; x_wconf 80' lang='lat' dir='ltr'>circumstantiarum</span> <span class='ocrx_word' id='word_1_20' title='bbox 806 533 1004 574; x_wconf 69' lang='lat' dir='ltr'>historiae.</span> 
     </span>
    </p>
   </div>
   <div class='ocr_carea' id='block_1_4' title="bbox 75 641 1056 2646">
    <p class='ocr_par' dir='ltr' id='par_1_4' title="bbox 80 641 1056 984">
     <span class='ocr_line' id='line_1_6' title="bbox 167 641 1054 678; baseline -0.008 1"><span class='ocrx_word' id='word_1_21' title='bbox 167 647 311 678; x_wconf 87' lang='lat' dir='ltr'>Primum</span> <span class='ocrx_word' id='word_1_22' title='bbox 332 644 491 675; x_wconf 85' lang='lat' dir='ltr'>historica</span> <span class='ocrx_word' id='word_1_23' title='bbox 513 649 591 674; x_wconf 89' lang='lat' dir='ltr'>nota</span> <span class='ocrx_word' id='word_1_24' title='bbox 615 652 691 673; x_wconf 83' lang='lat' dir='ltr'>esse</span> <span class='ocrx_word' id='word_1_25' title='bbox 715 642 847 674; x_wconf 88' lang='lat' dir='ltr'>debent.</span> <span class='ocrx_word' id='word_1_26' title='bbox 893 641 943 673; x_wconf 89' lang='lat' dir='ltr'>Fit</span> <span class='ocrx_word' id='word_1_27' title='bbox 966 651 1054 672; x_wconf 89' lang='lat' dir='ltr'>men-</span> 
     </span>
     <span class='ocr_line' id='line_1_7' title="bbox 82 683 1056 727; baseline -0.008 -4"><span class='ocrx_word' id='word_1_28' title='bbox 82 692 127 723; x_wconf 90' lang='lat' dir='ltr'>tio</span> <span class='ocrx_word' id='word_1_29' title='bbox 154 689 304 722; x_wconf 75' lang='lat' dir='ltr'>Caesaris</span> <span class='ocrx_word' id='word_1_30' title='bbox 325 689 465 727; x_wconf 72' lang='lat' dir='ltr'>Auynstz‘,</span> <span class='ocrx_word' id='word_1_31' title='bbox 488 686 543 727; x_wconf 85' lang='lat' dir='ltr'>qui</span> <span class='ocrx_word' id='word_1_32' title='bbox 565 685 731 716; x_wconf 82' lang='lat' dir='ltr'>successit</span> <span class='ocrx_word' id='word_1_33' title='bbox 750 684 844 724; x_wconf 89' lang='lat' dir='ltr'>Iulio,</span> <span class='ocrx_word' id='word_1_34' title='bbox 866 685 972 716; x_wconf 84' lang='lat' dir='ltr'>autori</span> <span class='ocrx_word' id='word_1_35' title='bbox 984 683 1056 715; x_wconf 83' lang='lat' dir='ltr'>Mo-</span> 
     </span>
     <span class='ocr_line' id='line_1_8' title="bbox 82 727 1054 768; baseline -0.008 -3"><span class='ocrx_word' id='word_1_36' title='bbox 82 732 236 765; x_wconf 85' lang='lat' dir='ltr'>narchiae</span> <span class='ocrx_word' id='word_1_37' title='bbox 261 731 442 762; x_wconf 82' lang='lat' dir='ltr'>Romanae:</span> <span class='ocrx_word' id='word_1_38' title='bbox 466 728 549 764; x_wconf 87' lang='lat' dir='ltr'>Quia</span> <span class='ocrx_word' id='word_1_39' title='bbox 567 727 628 759; x_wconf 81' lang='lat' dir='ltr'>fuit</span> <span class='ocrx_word' id='word_1_40' title='bbox 650 728 863 768; x_wconf 83' lang='lat' dir='ltr'>praedictum,</span> <span class='ocrx_word' id='word_1_41' title='bbox 886 734 921 759; x_wconf 91' lang='lat' dir='ltr'>ut</span> <span class='ocrx_word' id='word_1_42' title='bbox 939 737 1054 758; x_wconf 88' lang='lat' dir='ltr'>nasce-</span> 
     </span>
     <span class='ocr_line' id='line_1_9' title="bbox 82 770 1055 813; baseline -0.008 -5"><span class='ocrx_word' id='word_1_43' title='bbox 82 783 171 808; x_wconf 84' lang='lat' dir='ltr'>retur</span> <span class='ocrx_word' id='word_1_44' title='bbox 193 774 336 806; x_wconf 80' lang='lat' dir='ltr'>Messias</span> <span class='ocrx_word' id='word_1_45' title='bbox 359 773 392 803; x_wconf 90' lang='lat' dir='ltr'>in</span> <span class='ocrx_word' id='word_1_46' title='bbox 415 777 531 813; x_wconf 84' lang='lat' dir='ltr'>quarta</span> <span class='ocrx_word' id='word_1_47' title='bbox 553 770 758 802; x_wconf 65' lang='lat' dir='ltr'>Monarchia.</span> <span class='ocrx_word' id='word_1_48' title='bbox 781 773 813 802; x_wconf 90' lang='lat' dir='ltr'>Id</span> <span class='ocrx_word' id='word_1_49' title='bbox 837 776 1055 801; x_wconf 83' lang='lat' dir='ltr'>monstratum</span> 
     </span>
     <span class='ocr_line' id='line_1_10' title="bbox 83 813 1054 855; baseline -0.009 -4"><span class='ocrx_word' id='word_1_50' title='bbox 83 826 133 851; x_wconf 86' lang='lat' dir='ltr'>est</span> <span class='ocrx_word' id='word_1_51' title='bbox 151 815 279 850; x_wconf 82' lang='lat' dir='ltr'>Danieli</span> <span class='ocrx_word' id='word_1_52' title='bbox 301 816 335 846; x_wconf 88' lang='lat' dir='ltr'>in</span> <span class='ocrx_word' id='word_1_53' title='bbox 357 815 486 846; x_wconf 84' lang='lat' dir='ltr'>duabus</span> <span class='ocrx_word' id='word_1_54' title='bbox 506 814 698 845; x_wconf 73' lang='lat' dir='ltr'>visionibus.</span> <span class='ocrx_word' id='word_1_55' title='bbox 743 813 788 844; x_wconf 90' lang='lat' dir='ltr'>Ut</span> <span class='ocrx_word' id='word_1_56' title='bbox 817 814 915 855; x_wconf 85' lang='lat' dir='ltr'>igitur</span> <span class='ocrx_word' id='word_1_57' title='bbox 945 818 1054 843; x_wconf 88' lang='lat' dir='ltr'>osten-</span> 
     </span>
     <span class='ocr_line' id='line_1_11' title="bbox 82 855 1055 901; baseline -0.008 -7"><span class='ocrx_word' id='word_1_58' title='bbox 82 863 136 894; x_wconf 84' lang='lat' dir='ltr'>dat</span> <span class='ocrx_word' id='word_1_59' title='bbox 158 857 373 901; x_wconf 82' lang='lat' dir='ltr'>Evangelista</span> <span class='ocrx_word' id='word_1_60' title='bbox 391 855 586 898; x_wconf 81' lang='lat' dir='ltr'>completam</span> <span class='ocrx_word' id='word_1_61' title='bbox 609 866 686 887; x_wconf 78' lang='lat' dir='ltr'>esse</span> <span class='ocrx_word' id='word_1_62' title='bbox 708 856 925 897; x_wconf 83' lang='lat' dir='ltr'>prophetiam,</span> <span class='ocrx_word' id='word_1_63' title='bbox 948 861 979 886; x_wconf 90' lang='lat' dir='ltr'>et</span> <span class='ocrx_word' id='word_1_64' title='bbox 997 855 1055 886; x_wconf 91' lang='lat' dir='ltr'>do-</span> 
     </span>
     <span class='ocr_line' id='line_1_12' title="bbox 81 895 1054 944; baseline -0.008 -8"><span class='ocrx_word' id='word_1_65' title='bbox 81 910 155 936; x_wconf 89' lang='lat' dir='ltr'>ceat</span> <span class='ocrx_word' id='word_1_66' title='bbox 177 911 361 944; x_wconf 83' lang='lat' dir='ltr'><strong>congruere</strong></span> <span class='ocrx_word' id='word_1_67' title='bbox 388 898 605 941; x_wconf 74' lang='lat' dir='ltr'>Evangelium</span> <span class='ocrx_word' id='word_1_68' title='bbox 639 909 714 930; x_wconf 89' lang='lat' dir='ltr'>eum</span> <span class='ocrx_word' id='word_1_69' title='bbox 747 898 942 940; x_wconf 71' lang='lat' dir='ltr'>ProphetiS,</span> <span class='ocrx_word' id='word_1_70' title='bbox 976 895 1054 928; x_wconf 85' lang='lat' dir='ltr'>facit</span> 
     </span>
     <span class='ocr_line' id='line_1_13' title="bbox 80 942 602 984; baseline -0.013 -5"><span class='ocrx_word' id='word_1_71' title='bbox 80 946 277 979; x_wconf 81' lang='lat' dir='ltr'>mentionem</span> <span class='ocrx_word' id='word_1_72' title='bbox 299 944 425 984; x_wconf 87' lang='lat' dir='ltr'>Imperii</span> <span class='ocrx_word' id='word_1_73' title='bbox 448 942 602 984; x_wconf 82' lang='lat' dir='ltr'>Augusti.</span> 
     </span>
    </p>

    <p class='ocr_par' dir='ltr' id='par_1_5' title="bbox 78 981 1055 1282">
     <span class='ocr_line' id='line_1_14' title="bbox 166 981 1054 1030; baseline -0.008 -10"><span class='ocrx_word' id='word_1_74' title='bbox 166 988 320 1030; x_wconf 77' lang='lat' dir='ltr'>Cogitent</span> <span class='ocrx_word' id='word_1_75' title='bbox 364 992 472 1017; x_wconf 87' lang='lat' dir='ltr'>autem</span> <span class='ocrx_word' id='word_1_76' title='bbox 507 985 560 1016; x_wconf 89' lang='lat' dir='ltr'>hic</span> <span class='ocrx_word' id='word_1_77' title='bbox 593 982 842 1022; x_wconf 75' lang='lat' dir='ltr'>adolescentes,</span> <span class='ocrx_word' id='word_1_78' title='bbox 883 981 1054 1014; x_wconf 84' lang='lat' dir='ltr'>Ecclesiae</span> 
     </span>
     <span class='ocr_line' id='line_1_15' title="bbox 80 1025 1054 1070; baseline -0.007 -7"><span class='ocrx_word' id='word_1_79' title='bbox 80 1033 212 1063; x_wconf 90' lang='lat' dir='ltr'>omnino</span> <span class='ocrx_word' id='word_1_80' title='bbox 258 1039 341 1070; x_wconf 87' lang='lat' dir='ltr'>opus</span> <span class='ocrx_word' id='word_1_81' title='bbox 377 1038 454 1059; x_wconf 89' lang='lat' dir='ltr'>csse</span> <span class='ocrx_word' id='word_1_82' title='bbox 499 1027 649 1058; x_wconf 82' lang='lat' dir='ltr'>doctriua</span> <span class='ocrx_word' id='word_1_83' title='bbox 678 1026 899 1057; x_wconf 79' lang='lat' dir='ltr'>historiarum.</span> <span class='ocrx_word' id='word_1_84' title='bbox 947 1025 1054 1060; x_wconf 86' lang='lat' dir='ltr'>Quam</span> 
     </span>
     <span class='ocr_line' id='line_1_16' title="bbox 79 1067 1054 1115; baseline -0.008 -9"><span class='ocrx_word' id='word_1_85' title='bbox 79 1081 175 1115; x_wconf 87' lang='lat' dir='ltr'>turpe</span> <span class='ocrx_word' id='word_1_86' title='bbox 198 1080 287 1105; x_wconf 87' lang='lat' dir='ltr'>esset</span> <span class='ocrx_word' id='word_1_87' title='bbox 309 1073 476 1113; x_wconf 74' lang='lat' dir='ltr'>ignorare=</span> <span class='ocrx_word' id='word_1_88' title='bbox 501 1080 585 1111; x_wconf 87' lang='lat' dir='ltr'>quae</span> <span class='ocrx_word' id='word_1_89' title='bbox 609 1076 639 1100; x_wconf 86' lang='lat' dir='ltr'>et</span> <span class='ocrx_word' id='word_1_90' title='bbox 663 1075 742 1110; x_wconf 90' lang='lat' dir='ltr'>quot</span> <span class='ocrx_word' id='word_1_91' title='bbox 770 1068 893 1100; x_wconf 85' lang='lat' dir='ltr'>fuerint</span> <span class='ocrx_word' id='word_1_92' title='bbox 921 1067 1054 1099; x_wconf 85' lang='lat' dir='ltr'>Monar-</span> 
     </span>
     <span class='ocr_line' id='line_1_17' title="bbox 81 1112 1054 1152; baseline -0.008 -3"><span class='ocrx_word' id='word_1_93' title='bbox 81 1117 201 1149; x_wconf 68' lang='lat' dir='ltr'>chiae?</span> <span class='ocrx_word' id='word_1_94' title='bbox 246 1115 281 1146; x_wconf 91' lang='lat' dir='ltr'>ld</span> <span class='ocrx_word' id='word_1_95' title='bbox 304 1124 385 1145; x_wconf 73' lang='lat' dir='ltr'>vero</span> <span class='ocrx_word' id='word_1_96' title='bbox 409 1124 448 1144; x_wconf 78' lang='lat' dir='ltr'>ex</span> <span class='ocrx_word' id='word_1_97' title='bbox 472 1112 616 1144; x_wconf 86' lang='lat' dir='ltr'>historiis</span> <span class='ocrx_word' id='word_1_98' title='bbox 652 1112 843 1143; x_wconf 83' lang='lat' dir='ltr'>discendum</span> <span class='ocrx_word' id='word_1_99' title='bbox 877 1116 941 1149; x_wconf 89' lang='lat' dir='ltr'>est,</span> <span class='ocrx_word' id='word_1_100' title='bbox 970 1121 1054 1152; x_wconf 87' lang='lat' dir='ltr'>quae</span> 
     </span>
     <span class='ocr_line' id='line_1_18' title="bbox 81 1153 1054 1195; baseline -0.007 -4"><span class='ocrx_word' id='word_1_101' title='bbox 81 1161 275 1191; x_wconf 82' lang='lat' dir='ltr'>discernunt</span> <span class='ocrx_word' id='word_1_102' title='bbox 297 1167 423 1188; x_wconf 89' lang='lat' dir='ltr'>summa</span> <span class='ocrx_word' id='word_1_103' title='bbox 446 1154 501 1186; x_wconf 86' lang='lat' dir='ltr'>illa</span> <span class='ocrx_word' id='word_1_104' title='bbox 523 1155 678 1195; x_wconf 87' lang='lat' dir='ltr'>imperia:</span> <span class='ocrx_word' id='word_1_105' title='bbox 708 1153 941 1192; x_wconf 83' lang='lat' dir='ltr'>Chaldaicum,</span> <span class='ocrx_word' id='word_1_106' title='bbox 977 1153 1054 1184; x_wconf 86' lang='lat' dir='ltr'>Pei·-</span> 
     </span>
     <span class='ocr_line' id='line_1_19' title="bbox 79 1195 1055 1238; baseline -0.006 -5"><span class='ocrx_word' id='word_1_107' title='bbox 79 1203 203 1238; x_wconf 86' lang='lat' dir='ltr'>sicum,</span> <span class='ocrx_word' id='word_1_108' title='bbox 238 1199 418 1232; x_wconf 81' lang='lat' dir='ltr'>Graecum,</span> <span class='ocrx_word' id='word_1_109' title='bbox 453 1197 654 1235; x_wconf 85' lang='lat' dir='ltr'>Romanum,</span> <span class='ocrx_word' id='word_1_110' title='bbox 687 1198 782 1229; x_wconf 84' lang='lat' dir='ltr'>cuius</span> <span class='ocrx_word' id='word_1_111' title='bbox 816 1195 1055 1238; x_wconf 89' lang='lat' dir='ltr'>qualiscunque</span> 
     </span>
     <span class='ocr_line' id='line_1_20' title="bbox 78 1239 552 1282; baseline -0.013 -6"><span class='ocrx_word' id='word_1_112' title='bbox 78 1245 194 1276; x_wconf 85' lang='lat' dir='ltr'>umbra</span> <span class='ocrx_word' id='word_1_113' title='bbox 215 1241 323 1274; x_wconf 89' lang='lat' dir='ltr'>adhuc</span> <span class='ocrx_word' id='word_1_114' title='bbox 345 1247 396 1272; x_wconf 87' lang='lat' dir='ltr'>est</span> <span class='ocrx_word' id='word_1_115' title='bbox 414 1239 552 1282; x_wconf 86' lang='lat' dir='ltr'>reliqua.</span> 
     </span>
    </p>

    <p class='ocr_par' dir='ltr' id='par_1_6' title="bbox 77 1282 1056 1624">
     <span class='ocr_line' id='line_1_21' title="bbox 163 1282 1054 1323; baseline -0.004 -6"><span class='ocrx_word' id='word_1_116' title='bbox 163 1285 292 1317; x_wconf 85' lang='lat' dir='ltr'>Deinde</span> <span class='ocrx_word' id='word_1_117' title='bbox 310 1283 347 1315; x_wconf 79' lang='lat' dir='ltr'>fit</span> <span class='ocrx_word' id='word_1_118' title='bbox 368 1283 488 1314; x_wconf 84' lang='lat' dir='ltr'>mentio</span> <span class='ocrx_word' id='word_1_119' title='bbox 512 1282 682 1314; x_wconf 71' lang='lat' dir='ltr'>Praese&#39;dis</span> <span class='ocrx_word' id='word_1_120' title='bbox 703 1283 822 1322; x_wconf 72' lang='lat' dir='ltr'>Syriae</span> <span class='ocrx_word' id='word_1_121' title='bbox 844 1282 952 1320; x_wconf 88' lang='lat' dir='ltr'>(cuius</span> <span class='ocrx_word' id='word_1_122' title='bbox 977 1293 1054 1323; x_wconf 88' lang='lat' dir='ltr'>pars</span> 
     </span>
     <span class='ocr_line' id='line_1_22' title="bbox 77 1325 1054 1367; baseline -0.005 -6"><span class='ocrx_word' id='word_1_123' title='bbox 77 1335 131 1362; x_wconf 86' lang='lat' dir='ltr'>est</span> <span class='ocrx_word' id='word_1_124' title='bbox 152 1327 354 1365; x_wconf 85' lang='lat' dir='ltr'>Palaestina)</span> <span class='ocrx_word' id='word_1_125' title='bbox 377 1326 457 1358; x_wconf 89' lang='lat' dir='ltr'>Item</span> <span class='ocrx_word' id='word_1_126' title='bbox 479 1336 603 1366; x_wconf 73' lang='lat' dir='ltr'>census,</span> <span class='ocrx_word' id='word_1_127' title='bbox 625 1331 661 1356; x_wconf 92' lang='lat' dir='ltr'>ut</span> <span class='ocrx_word' id='word_1_128' title='bbox 683 1325 889 1367; x_wconf 87' lang='lat' dir='ltr'>significetur</span> <span class='ocrx_word' id='word_1_129' title='bbox 910 1326 1054 1357; x_wconf 83' lang='lat' dir='ltr'>servitus</span> 
     </span>
     <span class='ocr_line' id='line_1_23' title="bbox 77 1367 1054 1411; baseline -0.005 -7"><span class='ocrx_word' id='word_1_130' title='bbox 77 1371 164 1404; x_wconf 78' lang='lat' dir='ltr'>iliius</span> <span class='ocrx_word' id='word_1_131' title='bbox 189 1371 346 1411; x_wconf 82' lang='lat' dir='ltr'>temporis</span> <span class='ocrx_word' id='word_1_132' title='bbox 369 1369 401 1400; x_wconf 87' lang='lat' dir='ltr'>in</span> <span class='ocrx_word' id='word_1_133' title='bbox 423 1367 547 1410; x_wconf 88' lang='lat' dir='ltr'>populo</span> <span class='ocrx_word' id='word_1_134' title='bbox 572 1367 719 1399; x_wconf 84' lang='lat' dir='ltr'>Iudaico:</span> <span class='ocrx_word' id='word_1_135' title='bbox 756 1368 809 1399; x_wconf 87' lang='lat' dir='ltr'>De</span> <span class='ocrx_word' id='word_1_136' title='bbox 837 1378 902 1409; x_wconf 90' lang='lat' dir='ltr'>qua</span> <span class='ocrx_word' id='word_1_137' title='bbox 931 1368 1054 1400; x_wconf 76' lang='lat' dir='ltr'>dictum</span> 
     </span>
     <span class='ocr_line' id='line_1_24' title="bbox 77 1411 1056 1453; baseline -0.004 -7"><span class='ocrx_word' id='word_1_138' title='bbox 77 1413 139 1447; x_wconf 81' lang='lat' dir='ltr'>fuit</span> <span class='ocrx_word' id='word_1_139' title='bbox 160 1414 193 1445; x_wconf 91' lang='lat' dir='ltr'>in</span> <span class='ocrx_word' id='word_1_140' title='bbox 222 1412 278 1444; x_wconf 86' lang='lat' dir='ltr'>illa</span> <span class='ocrx_word' id='word_1_141' title='bbox 304 1412 531 1453; x_wconf 86' lang='lat' dir='ltr'>praedictione</span> <span class='ocrx_word' id='word_1_142' title='bbox 559 1411 673 1442; x_wconf 81' lang='lat' dir='ltr'>Iacob:</span> <span class='ocrx_word' id='word_1_143' title='bbox 709 1412 778 1442; x_wconf 81' lang='lat' dir='ltr'>Non</span> <span class='ocrx_word' id='word_1_144' title='bbox 811 1413 982 1450; x_wconf 80' lang='lat' dir='ltr'>auferetur</span> <span class='ocrx_word' id='word_1_145' title='bbox 1015 1413 1056 1442; x_wconf 81' lang='lat' dir='ltr'>de</span> 
     </span>
     <span class='ocr_line' id='line_1_25' title="bbox 78 1455 1056 1496; baseline -0.004 -7"><span class='ocrx_word' id='word_1_146' title='bbox 78 1458 160 1489; x_wconf 80' lang='lat' dir='ltr'>Iuda</span> <span class='ocrx_word' id='word_1_147' title='bbox 182 1460 351 1496; x_wconf 70' lang='lat' dir='ltr'>sceptrum,</span> <span class='ocrx_word' id='word_1_148' title='bbox 374 1464 473 1494; x_wconf 81' lang='lat' dir='ltr'>neque</span> <span class='ocrx_word' id='word_1_149' title='bbox 494 1456 658 1493; x_wconf 73' lang='lat' dir='ltr'>leqislator</span> <span class='ocrx_word' id='word_1_150' title='bbox 680 1455 721 1485; x_wconf 87' lang='lat' dir='ltr'>de.</span> <span class='ocrx_word' id='word_1_151' title='bbox 741 1455 878 1495; x_wconf 76' lang='lat' dir='ltr'>pedibus</span> <span class='ocrx_word' id='word_1_152' title='bbox 901 1457 978 1494; x_wconf 73' lang='lat' dir='ltr'>eius,</span> <span class='ocrx_word' id='word_1_153' title='bbox 1001 1455 1056 1485; x_wconf 75' lang='lat' dir='ltr'>{Io-</span> 
     </span>
     <span class='ocr_line' id='line_1_26' title="bbox 79 1497 1055 1536; baseline -0.005 -4"><span class='ocrx_word' id='word_1_154' title='bbox 79 1510 139 1532; x_wconf 82' lang='lat' dir='ltr'>nec</span> <span class='ocrx_word' id='word_1_155' title='bbox 160 1503 284 1530; x_wconf 76' lang='lat' dir='ltr'>renerit</span> <span class='ocrx_word' id='word_1_156' title='bbox 303 1498 438 1534; x_wconf 61' lang='lat' dir='ltr'>Schinae,</span> <span class='ocrx_word' id='word_1_157' title='bbox 460 1501 493 1527; x_wconf 82' lang='lat' dir='ltr'>et</span> <span class='ocrx_word' id='word_1_158' title='bbox 509 1501 622 1535; x_wconf 74' lang='lat' dir='ltr'>yeme-s·</span> <span class='ocrx_word' id='word_1_159' title='bbox 650 1497 694 1527; x_wconf 82' lang='lat' dir='ltr'>ad</span> <span class='ocrx_word' id='word_1_160' title='bbox 721 1505 792 1527; x_wconf 83' lang='lat' dir='ltr'>enm</span> <span class='ocrx_word' id='word_1_161' title='bbox 821 1501 1055 1536; x_wconf 59' lang='lat' dir='ltr'>“orirer-tentia,</span> 
     </span>
     <span class='ocr_line' id='line_1_27' title="bbox 77 1537 1056 1580; baseline -0.003 -7"><span class='ocrx_word' id='word_1_162' title='bbox 77 1552 135 1574; x_wconf 78' lang='lat' dir='ltr'>seu</span> <span class='ocrx_word' id='word_1_163' title='bbox 154 1546 268 1580; x_wconf 73' lang='lat' dir='ltr'>yeme-s·</span> <span class='ocrx_word' id='word_1_164' title='bbox 289 1544 321 1571; x_wconf 79' lang='lat' dir='ltr'>ei</span> <span class='ocrx_word' id='word_1_165' title='bbox 341 1541 569 1578; x_wconf 71' lang='lat' dir='ltr'>(numerabunt,</span> <span class='ocrx_word' id='word_1_166' title='bbox 592 1538 657 1569; x_wconf 89' lang='lat' dir='ltr'>hoc</span> <span class='ocrx_word' id='word_1_167' title='bbox 681 1544 751 1576; x_wconf 85' lang='lat' dir='ltr'>est,</span> <span class='ocrx_word' id='word_1_168' title='bbox 781 1538 915 1570; x_wconf 83' lang='lat' dir='ltr'>Iudaica</span> <span class='ocrx_word' id='word_1_169' title='bbox 943 1537 1056 1580; x_wconf 79' lang='lat' dir='ltr'>politia</span> 
     </span>
     <span class='ocr_line' id='line_1_28' title="bbox 78 1581 872 1624; baseline -0.006 -8"><span class='ocrx_word' id='word_1_170' title='bbox 78 1585 241 1624; x_wconf 79' lang='lat' dir='ltr'>tantisper</span> <span class='ocrx_word' id='word_1_171' title='bbox 258 1583 414 1618; x_wconf 81' lang='lat' dir='ltr'>manebit,</span> <span class='ocrx_word' id='word_1_172' title='bbox 439 1581 547 1612; x_wconf 90' lang='lat' dir='ltr'>donec</span> <span class='ocrx_word' id='word_1_173' title='bbox 570 1582 696 1612; x_wconf 76' lang='lat' dir='ltr'>venerit</span> <span class='ocrx_word' id='word_1_174' title='bbox 718 1581 872 1612; x_wconf 82' lang='lat' dir='ltr'>Messias.</span> 
     </span>
    </p>

    <p class='ocr_par' dir='ltr' id='par_1_7' title="bbox 77 1623 1056 2092">
     <span class='ocr_line' id='line_1_29' title="bbox 165 1623 1056 1665; baseline -0.002 -8"><span class='ocrx_word' id='word_1_175' title='bbox 165 1626 247 1657; x_wconf 91' lang='lat' dir='ltr'>Cum</span> <span class='ocrx_word' id='word_1_176' title='bbox 269 1631 378 1656; x_wconf 87' lang='lat' dir='ltr'>autem</span> <span class='ocrx_word' id='word_1_177' title='bbox 400 1623 498 1655; x_wconf 89' lang='lat' dir='ltr'>hodie</span> <span class='ocrx_word' id='word_1_178' title='bbox 516 1630 565 1654; x_wconf 89' lang='lat' dir='ltr'>tot</span> <span class='ocrx_word' id='word_1_179' title='bbox 584 1623 728 1655; x_wconf 80' lang='lat' dir='ltr'>saeculis</span> <span class='ocrx_word' id='word_1_180' title='bbox 750 1625 853 1654; x_wconf 84' lang='lat' dir='ltr'>iaceat</span> <span class='ocrx_word' id='word_1_181' title='bbox 868 1623 976 1654; x_wconf 85' lang='lat' dir='ltr'>deleta</span> <span class='ocrx_word' id='word_1_182' title='bbox 999 1635 1056 1665; x_wconf 88' lang='lat' dir='ltr'>po—</span> 
     </span>
     <span class='ocr_line' id='line_1_30' title="bbox 78 1666 1054 1707; baseline -0.004 -6"><span class='ocrx_word' id='word_1_183' title='bbox 78 1668 159 1707; x_wconf 88' lang='lat' dir='ltr'>litia,</span> <span class='ocrx_word' id='word_1_184' title='bbox 182 1674 273 1700; x_wconf 90' lang='lat' dir='ltr'>certo</span> <span class='ocrx_word' id='word_1_185' title='bbox 296 1667 451 1698; x_wconf 76' lang='lat' dir='ltr'>convinci</span> <span class='ocrx_word' id='word_1_186' title='bbox 474 1672 615 1707; x_wconf 78' lang='lat' dir='ltr'>possunt</span> <span class='ocrx_word' id='word_1_187' title='bbox 637 1666 759 1704; x_wconf 90' lang='lat' dir='ltr'>Iudaei,</span> <span class='ocrx_word' id='word_1_188' title='bbox 783 1666 870 1707; x_wconf 91' lang='lat' dir='ltr'>quod</span> <span class='ocrx_word' id='word_1_189' title='bbox 890 1666 1054 1698; x_wconf 79' lang='lat' dir='ltr'>exhibitus</span> 
     </span>
     <span class='ocr_line' id='line_1_31' title="bbox 79 1709 1054 1750; baseline -0.003 -7"><span class='ocrx_word' id='word_1_190' title='bbox 79 1713 121 1743; x_wconf 88' lang='lat' dir='ltr'>sit</span> <span class='ocrx_word' id='word_1_191' title='bbox 142 1711 297 1743; x_wconf 83' lang='lat' dir='ltr'>Messias.</span> <span class='ocrx_word' id='word_1_192' title='bbox 344 1709 416 1740; x_wconf 89' lang='lat' dir='ltr'>lIoc</span> <span class='ocrx_word' id='word_1_193' title='bbox 437 1716 665 1750; x_wconf 78' lang='lat' dir='ltr'>argumentum</span> <span class='ocrx_word' id='word_1_194' title='bbox 692 1709 801 1740; x_wconf 90' lang='lat' dir='ltr'>Iudaei</span> <span class='ocrx_word' id='word_1_195' title='bbox 824 1718 890 1739; x_wconf 91' lang='lat' dir='ltr'>non</span> <span class='ocrx_word' id='word_1_196' title='bbox 915 1716 1054 1749; x_wconf 76' lang='lat' dir='ltr'>possunt</span> 
     </span>
     <span class='ocr_line' id='line_1_32' title="bbox 79 1750 1052 1794; baseline -0.004 -8"><span class='ocrx_word' id='word_1_197' title='bbox 79 1753 222 1794; x_wconf 69' lang='lat' dir='ltr'>solvere.</span> <span class='ocrx_word' id='word_1_198' title='bbox 278 1751 396 1784; x_wconf 86' lang='lat' dir='ltr'>Politia</span> <span class='ocrx_word' id='word_1_199' title='bbox 418 1751 549 1783; x_wconf 87' lang='lat' dir='ltr'>Iudaica</span> <span class='ocrx_word' id='word_1_200' title='bbox 574 1752 638 1782; x_wconf 86' lang='lat' dir='ltr'>iam</span> <span class='ocrx_word' id='word_1_201' title='bbox 660 1750 742 1782; x_wconf 87' lang='lat' dir='ltr'>nihil</span> <span class='ocrx_word' id='word_1_202' title='bbox 764 1757 815 1782; x_wconf 87' lang='lat' dir='ltr'>est</span> <span class='ocrx_word' id='word_1_203' title='bbox 837 1753 934 1782; x_wconf 87' lang='lat' dir='ltr'>annis</span> <span class='ocrx_word' id='word_1_204' title='bbox 960 1751 1052 1782; x_wconf 83' lang='lat'>1500.</span> 
     </span>
     <span class='ocr_line' id='line_1_33' title="bbox 77 1794 1054 1839; baseline -0.004 -10"><span class='ocrx_word' id='word_1_205' title='bbox 77 1797 169 1839; x_wconf 87' lang='lat' dir='ltr'>Ergo</span> <span class='ocrx_word' id='word_1_206' title='bbox 189 1806 329 1828; x_wconf 80' lang='lat' dir='ltr'>necesse</span> <span class='ocrx_word' id='word_1_207' title='bbox 348 1800 398 1826; x_wconf 87' lang='lat' dir='ltr'>est</span> <span class='ocrx_word' id='word_1_208' title='bbox 419 1795 551 1825; x_wconf 72' lang='lat' dir='ltr'>venisse</span> <span class='ocrx_word' id='word_1_209' title='bbox 573 1794 743 1832; x_wconf 68' lang='lat' dir='ltr'>Messinm,</span> <span class='ocrx_word' id='word_1_210' title='bbox 773 1794 850 1836; x_wconf 89' lang='lat' dir='ltr'>quia</span> <span class='ocrx_word' id='word_1_211' title='bbox 872 1795 1054 1836; x_wconf 88' lang='lat' dir='ltr'>prophetae</span> 
     </span>
     <span class='ocr_line' id='line_1_34' title="bbox 78 1836 1054 1879; baseline -0.003 -8"><span class='ocrx_word' id='word_1_212' title='bbox 78 1839 168 1872; x_wconf 85' lang='lat' dir='ltr'>clare</span> <span class='ocrx_word' id='word_1_213' title='bbox 192 1840 318 1876; x_wconf 84' lang='lat' dir='ltr'>dicunt,</span> <span class='ocrx_word' id='word_1_214' title='bbox 341 1838 430 1879; x_wconf 90' lang='lat' dir='ltr'>quod</span> <span class='ocrx_word' id='word_1_215' title='bbox 452 1838 485 1868; x_wconf 89' lang='lat' dir='ltr'>iu</span> <span class='ocrx_word' id='word_1_216' title='bbox 508 1836 565 1868; x_wconf 89' lang='lat' dir='ltr'>illa</span> <span class='ocrx_word' id='word_1_217' title='bbox 586 1836 711 1878; x_wconf 85' lang='lat' dir='ltr'>politia,</span> <span class='ocrx_word' id='word_1_218' title='bbox 735 1842 766 1868; x_wconf 84' lang='lat' dir='ltr'>et</span> <span class='ocrx_word' id='word_1_219' title='bbox 791 1837 921 1878; x_wconf 85' lang='lat' dir='ltr'>quidem</span> <span class='ocrx_word' id='word_1_220' title='bbox 939 1838 973 1868; x_wconf 94' lang='lat' dir='ltr'>in</span> <span class='ocrx_word' id='word_1_221' title='bbox 995 1836 1054 1869; x_wconf 90' lang='lat' dir='ltr'>illa</span> 
     </span>
     <span class='ocr_line' id='line_1_35' title="bbox 77 1878 1053 1922; baseline -0.003 -8"><span class='ocrx_word' id='word_1_222' title='bbox 77 1884 160 1914; x_wconf 88' lang='lat' dir='ltr'>urbe</span> <span class='ocrx_word' id='word_1_223' title='bbox 194 1881 414 1922; x_wconf 74' lang='lat' dir='ltr'>ierosolyma,</span> <span class='ocrx_word' id='word_1_224' title='bbox 449 1886 482 1911; x_wconf 89' lang='lat' dir='ltr'>et</span> <span class='ocrx_word' id='word_1_225' title='bbox 514 1881 547 1911; x_wconf 89' lang='lat' dir='ltr'>in</span> <span class='ocrx_word' id='word_1_226' title='bbox 580 1879 636 1910; x_wconf 87' lang='lat' dir='ltr'>illo</span> <span class='ocrx_word' id='word_1_227' title='bbox 671 1878 793 1920; x_wconf 86' lang='lat' dir='ltr'>templo</span> <span class='ocrx_word' id='word_1_228' title='bbox 827 1881 976 1911; x_wconf 77' lang='lat' dir='ltr'>secundo</span> <span class='ocrx_word' id='word_1_229' title='bbox 1011 1881 1053 1911; x_wconf 81' lang='lat' dir='ltr'>sit</span> 
     </span>
     <span class='ocr_line' id='line_1_36' title="bbox 77 1922 1052 1966; baseline -0.002 -10"><span class='ocrx_word' id='word_1_230' title='bbox 77 1926 327 1966; x_wconf 81' lang='lat' dir='ltr'>praedicaturus</span> <span class='ocrx_word' id='word_1_231' title='bbox 351 1923 511 1954; x_wconf 78' lang='lat' dir='ltr'>Messias:</span> <span class='ocrx_word' id='word_1_232' title='bbox 535 1929 567 1954; x_wconf 93' lang='lat' dir='ltr'>et</span> <span class='ocrx_word' id='word_1_233' title='bbox 590 1923 678 1964; x_wconf 85' lang='lat' dir='ltr'>quod</span> <span class='ocrx_word' id='word_1_234' title='bbox 696 1922 890 1953; x_wconf 88' lang='lat' dir='ltr'>Monarchia</span> <span class='ocrx_word' id='word_1_235' title='bbox 902 1922 1052 1954; x_wconf 83' lang='lat' dir='ltr'>Romana</span> 
     </span>
     <span class='ocr_line' id='line_1_37' title="bbox 77 1964 1053 2008; baseline -0.002 -9"><span class='ocrx_word' id='word_1_236' title='bbox 77 1968 223 1999; x_wconf 86' lang='lat' dir='ltr'>funditus</span> <span class='ocrx_word' id='word_1_237' title='bbox 247 1974 366 2008; x_wconf 83' lang='lat' dir='ltr'>postea</span> <span class='ocrx_word' id='word_1_238' title='bbox 389 1965 537 1997; x_wconf 88' lang='lat' dir='ltr'>deletura</span> <span class='ocrx_word' id='word_1_239' title='bbox 559 1966 601 1996; x_wconf 89' lang='lat' dir='ltr'>sit</span> <span class='ocrx_word' id='word_1_240' title='bbox 623 1964 769 2006; x_wconf 84' lang='lat' dir='ltr'>politiam</span> <span class='ocrx_word' id='word_1_241' title='bbox 791 1965 966 1997; x_wconf 88' lang='lat' dir='ltr'>Iudaicam.</span> <span class='ocrx_word' id='word_1_242' title='bbox 1001 1966 1053 1997; x_wconf 89' lang='lat' dir='ltr'>Ac</span> 
     </span>
     <span class='ocr_line' id='line_1_38' title="bbox 79 2009 1052 2051; baseline -0.001 -10"><span class='ocrx_word' id='word_1_243' title='bbox 79 2020 180 2051; x_wconf 87' lang='lat' dir='ltr'>saepe</span> <span class='ocrx_word' id='word_1_244' title='bbox 213 2010 342 2051; x_wconf 87' lang='lat' dir='ltr'>quidem</span> <span class='ocrx_word' id='word_1_245' title='bbox 376 2009 484 2040; x_wconf 87' lang='lat' dir='ltr'>Iudaei</span> <span class='ocrx_word' id='word_1_246' title='bbox 519 2010 626 2040; x_wconf 90' lang='lat' dir='ltr'>conati</span> <span class='ocrx_word' id='word_1_247' title='bbox 661 2014 738 2040; x_wconf 81' lang='lat' dir='ltr'>sunt</span> <span class='ocrx_word' id='word_1_248' title='bbox 761 2018 832 2040; x_wconf 84' lang='lat' dir='ltr'>eam</span> <span class='ocrx_word' id='word_1_249' title='bbox 862 2010 1052 2040; x_wconf 83' lang='lat' dir='ltr'>restituere:</span> 
     </span>
     <span class='ocr_line' id='line_1_39' title="bbox 79 2051 785 2092; baseline -0.006 -8"><span class='ocrx_word' id='word_1_250' title='bbox 79 2053 147 2084; x_wconf 86' lang='lat' dir='ltr'>Sed</span> <span class='ocrx_word' id='word_1_251' title='bbox 165 2052 259 2083; x_wconf 87' lang='lat' dir='ltr'>Deus</span> <span class='ocrx_word' id='word_1_252' title='bbox 283 2053 331 2083; x_wconf 86' lang='lat' dir='ltr'>eis</span> <span class='ocrx_word' id='word_1_253' title='bbox 354 2061 484 2092; x_wconf 84' lang='lat' dir='ltr'>semper</span> <span class='ocrx_word' id='word_1_254' title='bbox 503 2051 700 2082; x_wconf 84' lang='lat' dir='ltr'>adversatus</span> <span class='ocrx_word' id='word_1_255' title='bbox 722 2057 785 2082; x_wconf 86' lang='lat' dir='ltr'>est.</span> 
     </span>
    </p>

    <p class='ocr_par' dir='ltr' id='par_1_8' title="bbox 75 2093 1051 2563">
     <span class='ocr_line' id='line_1_40' title="bbox 164 2093 1050 2135; baseline 0 -10"><span class='ocrx_word' id='word_1_256' title='bbox 164 2094 326 2135; x_wconf 83' lang='lat' dir='ltr'>Tempore</span> <span class='ocrx_word' id='word_1_257' title='bbox 348 2094 484 2125; x_wconf 81' lang='lat' dir='ltr'>Adriani</span> <span class='ocrx_word' id='word_1_258' title='bbox 509 2093 716 2134; x_wconf 83' lang='lat' dir='ltr'>Imperatoris</span> <span class='ocrx_word' id='word_1_259' title='bbox 740 2094 836 2124; x_wconf 85' lang='lat' dir='ltr'>annis</span> <span class='ocrx_word' id='word_1_260' title='bbox 855 2095 987 2125; x_wconf 87' lang='lat' dir='ltr'>circiter</span> <span class='ocrx_word' id='word_1_261' title='bbox 998 2095 1050 2125; x_wconf 83' lang='grc'>40.</span> 
     </span>
     <span class='ocr_line' id='line_1_41' title="bbox 78 2135 1050 2179; baseline 0 -10"><span class='ocrx_word' id='word_1_262' title='bbox 78 2142 155 2179; x_wconf 83' lang='lat' dir='ltr'>post</span> <span class='ocrx_word' id='word_1_263' title='bbox 188 2136 334 2169; x_wconf 87' lang='lat' dir='ltr'>ultimum</span> <span class='ocrx_word' id='word_1_264' title='bbox 368 2137 529 2167; x_wconf 75' lang='lat' dir='ltr'>excidium</span> <span class='ocrx_word' id='word_1_265' title='bbox 564 2135 801 2178; x_wconf 63' lang='lat' dir='ltr'>ierosolymae,</span> <span class='ocrx_word' id='word_1_266' title='bbox 836 2136 980 2168; x_wconf 86' lang='lat' dir='ltr'>collecta</span> <span class='ocrx_word' id='word_1_267' title='bbox 999 2145 1050 2169; x_wconf 85' lang='lat' dir='ltr'>est</span> 
     </span>
     <span class='ocr_line' id='line_1_42' title="bbox 78 2179 1050 2222; baseline 0.001 -11"><span class='ocrx_word' id='word_1_268' title='bbox 78 2190 198 2222; x_wconf 78' lang='lat' dir='ltr'>magna</span> <span class='ocrx_word' id='word_1_269' title='bbox 231 2179 402 2211; x_wconf 89' lang='lat' dir='ltr'>multitudo</span> <span class='ocrx_word' id='word_1_270' title='bbox 432 2179 635 2210; x_wconf 88' lang='lat' dir='ltr'>Iudaeorum.</span> <span class='ocrx_word' id='word_1_271' title='bbox 701 2179 743 2210; x_wconf 85' lang='lat' dir='ltr'>Et</span> <span class='ocrx_word' id='word_1_272' title='bbox 776 2180 889 2211; x_wconf 87' lang='lat' dir='ltr'>habuit</span> <span class='ocrx_word' id='word_1_273' title='bbox 922 2179 1050 2212; x_wconf 86' lang='lat' dir='ltr'>Ducem</span> 
     </span>
     <span class='ocr_line' id='line_1_43' title="bbox 77 2221 1050 2263; baseline 0 -9"><span class='ocrx_word' id='word_1_274' title='bbox 77 2222 289 2261; x_wconf 85' lang='lat' dir='ltr'>Bencochab,</span> <span class='ocrx_word' id='word_1_275' title='bbox 312 2223 355 2253; x_wconf 87' lang='lat' dir='ltr'>ad</span> <span class='ocrx_word' id='word_1_276' title='bbox 375 2232 470 2263; x_wconf 85' lang='lat' dir='ltr'>quem</span> <span class='ocrx_word' id='word_1_277' title='bbox 492 2221 680 2253; x_wconf 79' lang='lat' dir='ltr'>vaticinium</span> <span class='ocrx_word' id='word_1_278' title='bbox 708 2221 788 2253; x_wconf 89' lang='lat' dir='ltr'>illud</span> <span class='ocrx_word' id='word_1_279' title='bbox 821 2224 1050 2255; x_wconf 89' lang='lat' dir='ltr'>accommoda-</span> 
     </span>
     <span class='ocr_line' id='line_1_44' title="bbox 76 2264 1050 2298; baseline 0.002 -2"><span class='ocrx_word' id='word_1_280' title='bbox 76 2272 169 2296; x_wconf 90' lang='lat' dir='ltr'>runt:</span> <span class='ocrx_word' id='word_1_281' title='bbox 207 2268 336 2297; x_wconf 79' lang='lat' dir='ltr'>Orietnr</span> <span class='ocrx_word' id='word_1_282' title='bbox 370 2267 463 2296; x_wconf 80' lang='lat' dir='ltr'>stella</span> <span class='ocrx_word' id='word_1_283' title='bbox 493 2274 532 2295; x_wconf 71' lang='lat' dir='ltr'>er</span> <span class='ocrx_word' id='word_1_284' title='bbox 554 2266 656 2296; x_wconf 82' lang='lat' dir='ltr'>Iacob.</span> <span class='ocrx_word' id='word_1_285' title='bbox 723 2264 788 2296; x_wconf 84' lang='lat' dir='ltr'>Sed</span> <span class='ocrx_word' id='word_1_286' title='bbox 814 2275 886 2296; x_wconf 88' lang='lat' dir='ltr'>cum</span> <span class='ocrx_word' id='word_1_287' title='bbox 910 2273 1050 2298; x_wconf 74' lang='lat' dir='ltr'>eventus</span> 
     </span>
     <span class='ocr_line' id='line_1_45' title="bbox 75 2307 1049 2348; baseline 0.001 -9"><span class='ocrx_word' id='word_1_288' title='bbox 75 2318 143 2339; x_wconf 90' lang='lat' dir='ltr'>non</span> <span class='ocrx_word' id='word_1_289' title='bbox 166 2309 414 2348; x_wconf 75' lang='lat' dir='ltr'>respondisset,</span> <span class='ocrx_word' id='word_1_290' title='bbox 449 2313 651 2338; x_wconf 76' lang='lat' dir='ltr'>vocaverunt</span> <span class='ocrx_word' id='word_1_291' title='bbox 675 2317 748 2338; x_wconf 88' lang='lat' dir='ltr'>eum</span> <span class='ocrx_word' id='word_1_292' title='bbox 769 2307 984 2347; x_wconf 83' lang='lat' dir='ltr'>Beneosbah,</span> <span class='ocrx_word' id='word_1_293' title='bbox 1018 2310 1049 2340; x_wconf 88' lang='lat' dir='ltr'>id</span> 
     </span>
     <span class='ocr_line' id='line_1_46' title="bbox 76 2348 1051 2392; baseline 0 -10"><span class='ocrx_word' id='word_1_294' title='bbox 76 2357 139 2389; x_wconf 84' lang='lat' dir='ltr'>est,</span> <span class='ocrx_word' id='word_1_295' title='bbox 174 2349 273 2382; x_wconf 82' lang='lat' dir='ltr'>filium</span> <span class='ocrx_word' id='word_1_296' title='bbox 297 2350 467 2381; x_wconf 84' lang='lat' dir='ltr'>mendacii.</span> <span class='ocrx_word' id='word_1_297' title='bbox 523 2348 674 2381; x_wconf 86' lang='lat' dir='ltr'>Mirabile</span> <span class='ocrx_word' id='word_1_298' title='bbox 697 2357 747 2381; x_wconf 88' lang='lat' dir='ltr'>est</span> <span class='ocrx_word' id='word_1_299' title='bbox 769 2356 877 2382; x_wconf 85' lang='lat' dir='ltr'>autem</span> <span class='ocrx_word' id='word_1_300' title='bbox 900 2353 1051 2392; x_wconf 78' lang='lat' dir='ltr'>potuisse</span> 
     </span>
     <span class='ocr_line' id='line_1_47' title="bbox 75 2390 1049 2436; baseline 0.001 -11"><span class='ocrx_word' id='word_1_301' title='bbox 75 2399 198 2425; x_wconf 70' lang='lat' dir='ltr'>tantam</span> <span class='ocrx_word' id='word_1_302' title='bbox 231 2392 466 2425; x_wconf 85' lang='lat' dir='ltr'>multitudinem</span> <span class='ocrx_word' id='word_1_303' title='bbox 502 2390 612 2433; x_wconf 78' lang='lat' dir='ltr'>colligi</span> <span class='ocrx_word' id='word_1_304' title='bbox 646 2392 783 2424; x_wconf 78' lang='lat' dir='ltr'>florente</span> <span class='ocrx_word' id='word_1_305' title='bbox 819 2399 886 2425; x_wconf 90' lang='lat' dir='ltr'>tum</span> <span class='ocrx_word' id='word_1_306' title='bbox 910 2394 1049 2436; x_wconf 88' lang='lat' dir='ltr'>Imperio</span> 
     </span>
     <span class='ocr_line' id='line_1_48' title="bbox 75 2433 1049 2476; baseline -0.006 -9"><span class='ocrx_word' id='word_1_307' title='bbox 75 2435 237 2473; x_wconf 81' lang='lat' dir='ltr'>Romano,</span> <span class='ocrx_word' id='word_1_308' title='bbox 261 2447 335 2468; x_wconf 90' lang='lat' dir='ltr'>cum</span> <span class='ocrx_word' id='word_1_309' title='bbox 358 2442 445 2467; x_wconf 82' lang='lat' dir='ltr'>esset</span> <span class='ocrx_word' id='word_1_310' title='bbox 470 2433 591 2476; x_wconf 86' lang='lat' dir='ltr'>alioqui</span> <span class='ocrx_word' id='word_1_311' title='bbox 615 2445 698 2476; x_wconf 84' lang='lat' dir='ltr'>gens</span> <span class='ocrx_word' id='word_1_312' title='bbox 722 2436 892 2476; x_wconf 81' lang='lat' dir='ltr'>dissipata.</span> <span class='ocrx_word' id='word_1_313' title='bbox 932 2437 1049 2469; x_wconf 88' lang='lat' dir='ltr'>Adria.</span> 
     </span>
     <span class='ocr_line' id='line_1_49' title="bbox 75 2477 1050 2521; baseline 0.002 -12"><span class='ocrx_word' id='word_1_314' title='bbox 75 2489 140 2510; x_wconf 88' lang='lat' dir='ltr'>nus</span> <span class='ocrx_word' id='word_1_315' title='bbox 157 2489 224 2510; x_wconf 92' lang='lat' dir='ltr'>non</span> <span class='ocrx_word' id='word_1_316' title='bbox 248 2480 320 2510; x_wconf 87' lang='lat' dir='ltr'>sine</span> <span class='ocrx_word' id='word_1_317' title='bbox 343 2487 464 2520; x_wconf 84' lang='lat' dir='ltr'>magno</span> <span class='ocrx_word' id='word_1_318' title='bbox 493 2478 626 2519; x_wconf 88' lang='lat' dir='ltr'>negotio</span> <span class='ocrx_word' id='word_1_319' title='bbox 661 2479 838 2510; x_wconf 86' lang='lat' dir='ltr'>exercitum</span> <span class='ocrx_word' id='word_1_320' title='bbox 862 2477 951 2511; x_wconf 91' lang='lat' dir='ltr'>illum</span> <span class='ocrx_word' id='word_1_321' title='bbox 975 2491 1050 2521; x_wconf 88' lang='lat' dir='ltr'>pro-</span> 
     </span>
     <span class='ocr_line' id='line_1_50' title="bbox 76 2521 212 2563; baseline -0.015 -10"><span class='ocrx_word' id='word_1_322' title='bbox 76 2521 212 2563; x_wconf 85' lang='lat' dir='ltr'>ssigavit.</span> 
     </span>
    </p>

    <p class='ocr_par' dir='ltr' id='par_1_9' title="bbox 76 2562 1049 2646">
     <span class='ocr_line' id='line_1_51' title="bbox 162 2562 1049 2597; baseline 0.005 -4"><span class='ocrx_word' id='word_1_323' title='bbox 162 2563 284 2596; x_wconf 84' lang='lat' dir='ltr'>Postea</span> <span class='ocrx_word' id='word_1_324' title='bbox 313 2563 455 2596; x_wconf 81' lang='lat' dir='ltr'>lulianus</span> <span class='ocrx_word' id='word_1_325' title='bbox 487 2563 562 2594; x_wconf 86' lang='lat' dir='ltr'>odio</span> <span class='ocrx_word' id='word_1_326' title='bbox 597 2562 859 2595; x_wconf 84' lang='lat' dir='ltr'>Christianorum</span> <span class='ocrx_word' id='word_1_327' title='bbox 883 2567 1049 2597; x_wconf 84' lang='lat' dir='ltr'>concessit</span> 
     </span>
     <span class='ocr_line' id='line_1_52' title="bbox 76 2605 1048 2646; baseline -0.004 -8"><span class='ocrx_word' id='word_1_328' title='bbox 76 2607 216 2645; x_wconf 80' lang='lat' dir='ltr'>ludaeis,</span> <span class='ocrx_word' id='word_1_329' title='bbox 250 2614 284 2638; x_wconf 89' lang='lat' dir='ltr'>ut</span> <span class='ocrx_word' id='word_1_330' title='bbox 321 2608 541 2639; x_wconf 79' lang='lat' dir='ltr'>instaurarent</span> <span class='ocrx_word' id='word_1_331' title='bbox 571 2616 664 2637; x_wconf 83' lang='lat' dir='ltr'>suam</span> <span class='ocrx_word' id='word_1_332' title='bbox 688 2605 848 2646; x_wconf 72' lang='lat' dir='ltr'>politiam:</span> <span class='ocrx_word' id='word_1_333' title='bbox 882 2609 943 2639; x_wconf 80' lang='lat' dir='ltr'>Sed</span> <span class='ocrx_word' id='word_1_334' title='bbox 975 2619 1048 2641; x_wconf 76' lang='lat' dir='ltr'>cum</span> 
     </span>
    </p>
   </div>
   <div class='ocr_carea' id='block_1_5' title="bbox 772 164 1403 197">
    <p class='ocr_par' dir='ltr' id='par_1_10' title="bbox 772 164 1403 197">
     <span class='ocr_line' id='line_1_53' title="bbox 772 164 1403 197; baseline -0.002 0"><span class='ocrx_word' id='word_1_335' title='bbox 772 165 989 197; x_wconf 82' lang='lat' dir='ltr'>POSTILLA</span> <span class='ocrx_word' id='word_1_336' title='bbox 1006 164 1403 197; x_wconf 84' lang='lat' dir='ltr'>MELANTHONIANA.</span> 
     </span>
    </p>
   </div>
   <div class='ocr_carea' id='block_1_6' title="bbox 1079 262 1086 445">
    <p class='ocr_par' dir='ltr' id='par_1_11' title="bbox 1079 262 1086 445">
     <span class='ocr_line' id='line_1_54' title="bbox 1079 262 1086 445; baseline 0 0"><span class='ocrx_word' id='word_1_337' title='bbox 1079 262 1086 445; x_wconf 95' lang='lat' dir='ltr'> </span> 
     </span>
    </p>
   </div>
   <div class='ocr_carea' id='block_1_7' title="bbox 1079 449 1087 601">
    <p class='ocr_par' dir='ltr' id='par_1_12' title="bbox 1079 449 1087 601">
     <span class='ocr_line' id='line_1_55' title="bbox 1079 449 1087 601; baseline 0 2357"><span class='ocrx_word' id='word_1_338' title='bbox 1079 449 1087 601; x_wconf 95' lang='lat' dir='ltr'> </span> 
     </span>
    </p>
   </div>
   <div class='ocr_carea' id='block_1_8' title="bbox 1079 603 1085 766">
    <p class='ocr_par' dir='ltr' id='par_1_13' title="bbox 1079 603 1085 766">
     <span class='ocr_line' id='line_1_56' title="bbox 1079 603 1085 766; baseline 0 2192"><span class='ocrx_word' id='word_1_339' title='bbox 1079 603 1085 766; x_wconf 95' lang='lat' dir='ltr'> </span> 
     </span>
    </p>
   </div>
   <div class='ocr_carea' id='block_1_9' title="bbox 2024 168 2085 200">
    <p class='ocr_par' dir='ltr' id='par_1_14' title="bbox 2024 168 2085 200">
     <span class='ocr_line' id='line_1_57' title="bbox 2024 168 2085 200; baseline 0 0"><span class='ocrx_word' id='word_1_340' title='bbox 2024 168 2085 200; x_wconf 84' lang='lat'>101</span> 
     </span>
    </p>
   </div>
   <div class='ocr_carea' id='block_1_10' title="bbox 1103 257 2087 2652">
    <p class='ocr_par' dir='ltr' id='par_1_15' title="bbox 1108 257 2087 632">
     <span class='ocr_line' id='line_1_58' title="bbox 1109 257 2087 302; baseline 0.002 -11"><span class='ocrx_word' id='word_1_341' title='bbox 1109 259 1298 301; x_wconf 87' lang='lat' dir='ltr'>coepissent</span> <span class='ocrx_word' id='word_1_342' title='bbox 1320 257 1496 290; x_wconf 88' lang='lat' dir='ltr'>aedificare</span> <span class='ocrx_word' id='word_1_343' title='bbox 1519 257 1684 300; x_wconf 83' lang='lat' dir='ltr'>templum,</span> <span class='ocrx_word' id='word_1_344' title='bbox 1702 258 1806 291; x_wconf 89' lang='lat' dir='ltr'>moles</span> <span class='ocrx_word' id='word_1_345' title='bbox 1830 259 1897 298; x_wconf 90' lang='lat' dir='ltr'>illa,</span> <span class='ocrx_word' id='word_1_346' title='bbox 1919 271 2016 302; x_wconf 88' lang='lat' dir='ltr'>quam</span> <span class='ocrx_word' id='word_1_347' title='bbox 2039 262 2087 293; x_wconf 91' lang='lat' dir='ltr'>in·</span> 
     </span>
     <span class='ocr_line' id='line_1_59' title="bbox 1110 302 2085 344; baseline 0.001 -10"><span class='ocrx_word' id='word_1_348' title='bbox 1110 302 1322 339; x_wconf 84' lang='lat' dir='ltr'>choaverant,</span> <span class='ocrx_word' id='word_1_349' title='bbox 1347 307 1455 333; x_wconf 85' lang='lat' dir='ltr'>terrae</span> <span class='ocrx_word' id='word_1_350' title='bbox 1477 307 1568 331; x_wconf 79' lang='lat' dir='ltr'>motu</span> <span class='ocrx_word' id='word_1_351' title='bbox 1591 308 1759 342; x_wconf 83' lang='lat' dir='ltr'>quassata,</span> <span class='ocrx_word' id='word_1_352' title='bbox 1785 309 1818 334; x_wconf 87' lang='lat' dir='ltr'>et</span> <span class='ocrx_word' id='word_1_353' title='bbox 1839 303 1998 344; x_wconf 81' lang='lat' dir='ltr'>absorpta</span> <span class='ocrx_word' id='word_1_354' title='bbox 2021 312 2085 343; x_wconf 82' lang='lat' dir='ltr'>est,</span> 
     </span>
     <span class='ocr_line' id='line_1_60' title="bbox 1109 341 2085 385; baseline 0.004 -10"><span class='ocrx_word' id='word_1_355' title='bbox 1109 351 1141 376; x_wconf 89' lang='lat' dir='ltr'>et</span> <span class='ocrx_word' id='word_1_356' title='bbox 1158 345 1325 385; x_wconf 88' lang='lat' dir='ltr'>perierunt</span> <span class='ocrx_word' id='word_1_357' title='bbox 1348 341 1449 375; x_wconf 86' lang='lat' dir='ltr'>multa</span> <span class='ocrx_word' id='word_1_358' title='bbox 1471 341 1571 374; x_wconf 90' lang='lat' dir='ltr'>millia</span> <span class='ocrx_word' id='word_1_359' title='bbox 1591 344 1785 376; x_wconf 86' lang='lat' dir='ltr'>Iudaeorum</span> <span class='ocrx_word' id='word_1_360' title='bbox 1797 346 1892 378; x_wconf 89' lang='lat' dir='ltr'>simul</span> <span class='ocrx_word' id='word_1_361' title='bbox 1915 346 1972 377; x_wconf 88' lang='lat' dir='ltr'>illo</span> <span class='ocrx_word' id='word_1_362' title='bbox 1995 346 2085 379; x_wconf 89' lang='lat' dir='ltr'>hiatu</span> 
     </span>
     <span class='ocr_line' id='line_1_61' title="bbox 1110 385 2085 428; baseline 0.003 -10"><span class='ocrx_word' id='word_1_363' title='bbox 1110 393 1227 418; x_wconf 87' lang='lat' dir='ltr'>terrae.</span> <span class='ocrx_word' id='word_1_364' title='bbox 1258 386 1523 418; x_wconf 86' lang='lat' dir='ltr'>Habebanttunc</span> <span class='ocrx_word' id='word_1_365' title='bbox 1536 385 1645 418; x_wconf 88' lang='lat' dir='ltr'>Iudaei</span> <span class='ocrx_word' id='word_1_366' title='bbox 1667 386 1898 428; x_wconf 84' lang='lat' dir='ltr'>Imperatorem</span> <span class='ocrx_word' id='word_1_367' title='bbox 1920 388 2085 421; x_wconf 80' lang='lat' dir='ltr'>faventem</span> 
     </span>
     <span class='ocr_line' id='line_1_62' title="bbox 1109 429 2084 471; baseline 0.002 -10"><span class='ocrx_word' id='word_1_368' title='bbox 1109 430 1200 471; x_wconf 81' lang='lat' dir='ltr'>ipsis,</span> <span class='ocrx_word' id='word_1_369' title='bbox 1235 435 1266 461; x_wconf 86' lang='lat' dir='ltr'>et</span> <span class='ocrx_word' id='word_1_370' title='bbox 1287 429 1496 461; x_wconf 79' lang='lat' dir='ltr'>adiuvantem</span> <span class='ocrx_word' id='word_1_371' title='bbox 1518 438 1589 459; x_wconf 91' lang='lat' dir='ltr'>eos.</span> <span class='ocrx_word' id='word_1_372' title='bbox 1656 429 1733 460; x_wconf 90' lang='lat' dir='ltr'>Ideo</span> <span class='ocrx_word' id='word_1_373' title='bbox 1756 432 1934 471; x_wconf 83' lang='lat' dir='ltr'>sperabant</span> <span class='ocrx_word' id='word_1_374' title='bbox 1962 442 1999 462; x_wconf 86' lang='lat' dir='ltr'>se</span> <span class='ocrx_word' id='word_1_375' title='bbox 2021 433 2084 463; x_wconf 83' lang='lat' dir='ltr'>iam</span> 
     </span>
     <span class='ocr_line' id='line_1_63' title="bbox 1108 470 2083 515; baseline 0.003 -12"><span class='ocrx_word' id='word_1_376' title='bbox 1108 472 1349 504; x_wconf 82' lang='lat' dir='ltr'>instauraturos</span> <span class='ocrx_word' id='word_1_377' title='bbox 1367 470 1523 512; x_wconf 80' lang='lat' dir='ltr'>politiam.</span> <span class='ocrx_word' id='word_1_378' title='bbox 1569 471 1637 503; x_wconf 86' lang='lat' dir='ltr'>Sed</span> <span class='ocrx_word' id='word_1_379' title='bbox 1660 471 1753 503; x_wconf 84' lang='lat' dir='ltr'>Deus</span> <span class='ocrx_word' id='word_1_380' title='bbox 1775 473 1945 515; x_wconf 78' lang='lat' dir='ltr'>dissipavit</span> <span class='ocrx_word' id='word_1_381' title='bbox 1969 485 2083 506; x_wconf 86' lang='lat' dir='ltr'>corum</span> 
     </span>
     <span class='ocr_line' id='line_1_64' title="bbox 1110 515 2084 554; baseline 0.001 -7"><span class='ocrx_word' id='word_1_382' title='bbox 1110 521 1250 547; x_wconf 87' lang='lat' dir='ltr'>conatus</span> <span class='ocrx_word' id='word_1_383' title='bbox 1273 515 1459 546; x_wconf 89' lang='lat' dir='ltr'>immediate</span> <span class='ocrx_word' id='word_1_384' title='bbox 1478 524 1538 554; x_wconf 86' lang='lat' dir='ltr'>per</span> <span class='ocrx_word' id='word_1_385' title='bbox 1560 520 1668 545; x_wconf 87' lang='lat' dir='ltr'>terrae</span> <span class='ocrx_word' id='word_1_386' title='bbox 1691 520 1832 553; x_wconf 86' lang='lat' dir='ltr'>motum,</span> <span class='ocrx_word' id='word_1_387' title='bbox 1868 516 1963 547; x_wconf 82' lang='lat' dir='ltr'>Adeo</span> <span class='ocrx_word' id='word_1_388' title='bbox 1987 516 2084 548; x_wconf 84' lang='lat' dir='ltr'>facile</span> 
     </span>
     <span class='ocr_line' id='line_1_65' title="bbox 1109 557 2083 630; baseline 0.002 -41"><span class='ocrx_word' id='word_1_389' title='bbox 1109 564 1163 630; x_wconf 66' lang='grc'>8511,</span> <span class='ocrx_word' id='word_1_390' title='bbox 1182 557 1255 589; x_wconf 89' lang='lat' dir='ltr'>Deo</span> <span class='ocrx_word' id='word_1_391' title='bbox 1274 558 1425 599; x_wconf 84' lang='lat' dir='ltr'>perdere,</span> <span class='ocrx_word' id='word_1_392' title='bbox 1449 566 1534 598; x_wconf 84' lang='lat' dir='ltr'>quos</span> <span class='ocrx_word' id='word_1_393' title='bbox 1557 562 1589 588; x_wconf 87' lang='lat' dir='ltr'>et</span> <span class='ocrx_word' id='word_1_394' title='bbox 1607 557 1738 598; x_wconf 87' lang='lat' dir='ltr'>quando</span> <span class='ocrx_word' id='word_1_395' title='bbox 1762 557 1843 596; x_wconf 81' lang='lat' dir='ltr'>vult,</span> <span class='ocrx_word' id='word_1_396' title='bbox 1865 564 1897 590; x_wconf 89' lang='lat' dir='ltr'>et</span> <span class='ocrx_word' id='word_1_397' title='bbox 1918 559 2083 600; x_wconf 87' lang='lat' dir='ltr'>quomodo</span> 
     </span>
     <span class='ocr_line' id='line_1_66' title="bbox 1109 607 1186 632; baseline 0 -1"><span class='ocrx_word' id='word_1_398' title='bbox 1109 612 1150 632; x_wconf 77' lang='lat' dir='ltr'>vu</span> <span class='ocrx_word' id='word_1_399' title='bbox 1166 607 1186 631; x_wconf 88' lang='lat' dir='ltr'>t.</span> 
     </span>
    </p>

    <p class='ocr_par' dir='ltr' id='par_1_16' title="bbox 1106 641 2084 1058">
     <span class='ocr_line' id='line_1_67' title="bbox 1194 641 2083 683; baseline 0.006 -12"><span class='ocrx_word' id='word_1_400' title='bbox 1194 642 1346 674; x_wconf 88' lang='lat' dir='ltr'>Sciamus</span> <span class='ocrx_word' id='word_1_401' title='bbox 1370 641 1468 683; x_wconf 83' lang='lat' dir='ltr'>igitur</span> <span class='ocrx_word' id='word_1_402' title='bbox 1486 652 1552 672; x_wconf 92' lang='lat' dir='ltr'>non</span> <span class='ocrx_word' id='word_1_403' title='bbox 1576 641 1711 679; x_wconf 79' lang='lat' dir='ltr'>frustra,</span> <span class='ocrx_word' id='word_1_404' title='bbox 1736 647 1792 673; x_wconf 85' lang='lat' dir='ltr'>aut</span> <span class='ocrx_word' id='word_1_405' title='bbox 1805 643 1908 674; x_wconf 85' lang='lat' dir='ltr'>otiose</span> <span class='ocrx_word' id='word_1_406' title='bbox 1928 643 1981 674; x_wconf 91' lang='lat' dir='ltr'>hic</span> <span class='ocrx_word' id='word_1_407' title='bbox 1998 654 2083 676; x_wconf 86' lang='lat' dir='ltr'>men·</span> 
     </span>
     <span class='ocr_line' id='line_1_68' title="bbox 1108 684 2084 726; baseline 0.001 -9"><span class='ocrx_word' id='word_1_408' title='bbox 1108 686 1228 717; x_wconf 86' lang='lat' dir='ltr'>tionem</span> <span class='ocrx_word' id='word_1_409' title='bbox 1263 685 1333 716; x_wconf 84' lang='lat' dir='ltr'>fieri</span> <span class='ocrx_word' id='word_1_410' title='bbox 1366 684 1527 726; x_wconf 76' lang='lat' dir='ltr'>Augusti,</span> <span class='ocrx_word' id='word_1_411' title='bbox 1562 691 1594 716; x_wconf 85' lang='lat' dir='ltr'>et</span> <span class='ocrx_word' id='word_1_412' title='bbox 1616 685 1786 715; x_wconf 81' lang='lat' dir='ltr'>Praesidis</span> <span class='ocrx_word' id='word_1_413' title='bbox 1809 684 1958 726; x_wconf 69' lang='lat' dir='ltr'>Romani,</span> <span class='ocrx_word' id='word_1_414' title='bbox 1982 687 2084 718; x_wconf 88' lang='lat' dir='ltr'>domi-</span> 
     </span>
     <span class='ocr_line' id='line_1_69' title="bbox 1108 727 2084 769; baseline 0.001 -10"><span class='ocrx_word' id='word_1_415' title='bbox 1108 729 1216 759; x_wconf 86' lang='lat' dir='ltr'>nantis</span> <span class='ocrx_word' id='word_1_416' title='bbox 1240 727 1382 769; x_wconf 78' lang='lat' dir='ltr'>Regioni</span> <span class='ocrx_word' id='word_1_417' title='bbox 1405 727 1569 765; x_wconf 79' lang='lat' dir='ltr'>Iudaicae,</span> <span class='ocrx_word' id='word_1_418' title='bbox 1592 734 1628 758; x_wconf 90' lang='lat' dir='ltr'>ut</span> <span class='ocrx_word' id='word_1_419' title='bbox 1650 737 1716 758; x_wconf 90' lang='lat' dir='ltr'>non</span> <span class='ocrx_word' id='word_1_420' title='bbox 1740 728 1925 760; x_wconf 83' lang='lat' dir='ltr'>dubitemus</span> <span class='ocrx_word' id='word_1_421' title='bbox 1949 731 2084 761; x_wconf 73' lang='lat' dir='ltr'>venisse</span> 
     </span>
     <span class='ocr_line' id='line_1_70' title="bbox 1107 770 2083 811; baseline 0.001 -10"><span class='ocrx_word' id='word_1_422' title='bbox 1107 771 1277 808; x_wconf 69' lang='lat' dir='ltr'>Messiam,</span> <span class='ocrx_word' id='word_1_423' title='bbox 1311 775 1344 800; x_wconf 92' lang='lat' dir='ltr'>et</span> <span class='ocrx_word' id='word_1_424' title='bbox 1366 776 1401 800; x_wconf 88' lang='lat' dir='ltr'>ut</span> <span class='ocrx_word' id='word_1_425' title='bbox 1424 770 1685 808; x_wconf 77' lang='lat' dir='ltr'>consideremus,</span> <span class='ocrx_word' id='word_1_426' title='bbox 1720 780 1785 811; x_wconf 91' lang='lat' dir='ltr'>quo</span> <span class='ocrx_word' id='word_1_427' title='bbox 1815 777 1963 811; x_wconf 84' lang='lat' dir='ltr'>tempore</span> <span class='ocrx_word' id='word_1_428' title='bbox 1986 778 2083 803; x_wconf 85' lang='lat' dir='ltr'>natus</span> 
     </span>
     <span class='ocr_line' id='line_1_71' title="bbox 1107 811 2082 858; baseline 0.001 -14"><span class='ocrx_word' id='word_1_429' title='bbox 1107 815 1147 844; x_wconf 84' lang='lat' dir='ltr'>sit</span> <span class='ocrx_word' id='word_1_430' title='bbox 1172 813 1327 858; x_wconf 67' lang='lat' dir='ltr'>Messias.</span> <span class='ocrx_word' id='word_1_431' title='bbox 1356 811 1439 844; x_wconf 91' lang='lat' dir='ltr'>Vult</span> <span class='ocrx_word' id='word_1_432' title='bbox 1459 812 1544 843; x_wconf 91' lang='lat' dir='ltr'>enim</span> <span class='ocrx_word' id='word_1_433' title='bbox 1567 812 1659 843; x_wconf 86' lang='lat' dir='ltr'>Deus</span> <span class='ocrx_word' id='word_1_434' title='bbox 1682 822 1744 843; x_wconf 90' lang='lat' dir='ltr'>nos</span> <span class='ocrx_word' id='word_1_435' title='bbox 1767 813 1982 845; x_wconf 90' lang='lat' dir='ltr'>considerare</span> <span class='ocrx_word' id='word_1_436' title='bbox 2004 820 2082 845; x_wconf 86' lang='lat' dir='ltr'>tem-</span> 
     </span>
     <span class='ocr_line' id='line_1_72' title="bbox 1107 853 2082 896; baseline 0.003 -11"><span class='ocrx_word' id='word_1_437' title='bbox 1107 867 1206 896; x_wconf 87' lang='lat' dir='ltr'>pora:</span> <span class='ocrx_word' id='word_1_438' title='bbox 1240 855 1315 886; x_wconf 91' lang='lat' dir='ltr'>Non</span> <span class='ocrx_word' id='word_1_439' title='bbox 1349 853 1419 886; x_wconf 75' lang='lat' dir='ltr'>vult</span> <span class='ocrx_word' id='word_1_440' title='bbox 1452 853 1637 886; x_wconf 88' lang='lat' dir='ltr'>Ecclesiam</span> <span class='ocrx_word' id='word_1_441' title='bbox 1660 865 1737 886; x_wconf 87' lang='lat' dir='ltr'>esse</span> <span class='ocrx_word' id='word_1_442' title='bbox 1766 856 1969 887; x_wconf 75' lang='lat' dir='ltr'>ineruditam.</span> <span class='ocrx_word' id='word_1_443' title='bbox 2031 856 2082 888; x_wconf 85' lang='lat' dir='ltr'>Ac</span> 
     </span>
     <span class='ocr_line' id='line_1_73' title="bbox 1108 898 2083 940; baseline 0.001 -11"><span class='ocrx_word' id='word_1_444' title='bbox 1108 909 1209 939; x_wconf 80' lang='lat' dir='ltr'>saepe</span> <span class='ocrx_word' id='word_1_445' title='bbox 1232 899 1391 929; x_wconf 85' lang='lat' dir='ltr'>debemus</span> <span class='ocrx_word' id='word_1_446' title='bbox 1414 898 1563 939; x_wconf 84' lang='lat' dir='ltr'>cogitare</span> <span class='ocrx_word' id='word_1_447' title='bbox 1586 898 1663 929; x_wconf 90' lang='lat' dir='ltr'>inde</span> <span class='ocrx_word' id='word_1_448' title='bbox 1697 899 1738 929; x_wconf 89' lang='lat' dir='ltr'>ab</span> <span class='ocrx_word' id='word_1_449' title='bbox 1766 899 1857 929; x_wconf 86' lang='lat' dir='ltr'>initio</span> <span class='ocrx_word' id='word_1_450' title='bbox 1882 898 2004 930; x_wconf 89' lang='lat' dir='ltr'>conditi</span> <span class='ocrx_word' id='word_1_451' title='bbox 2027 909 2083 940; x_wconf 86' lang='lat' dir='ltr'>ge-</span> 
     </span>
     <span class='ocr_line' id='line_1_74' title="bbox 1106 939 2083 982; baseline 0.001 -10"><span class='ocrx_word' id='word_1_452' title='bbox 1106 943 1194 972; x_wconf 87' lang='lat' dir='ltr'>neris</span> <span class='ocrx_word' id='word_1_453' title='bbox 1217 940 1350 972; x_wconf 87' lang='lat' dir='ltr'>humani</span> <span class='ocrx_word' id='word_1_454' title='bbox 1382 941 1503 971; x_wconf 88' lang='lat' dir='ltr'>seriem</span> <span class='ocrx_word' id='word_1_455' title='bbox 1536 946 1732 982; x_wconf 87' lang='lat' dir='ltr'>temporum,</span> <span class='ocrx_word' id='word_1_456' title='bbox 1767 939 1998 972; x_wconf 85' lang='lat' dir='ltr'>liberationum</span> <span class='ocrx_word' id='word_1_457' title='bbox 2020 941 2083 973; x_wconf 82' lang='lat' dir='ltr'>Ec-</span> 
     </span>
     <span class='ocr_line' id='line_1_75' title="bbox 1108 982 2083 1024; baseline 0 -9"><span class='ocrx_word' id='word_1_458' title='bbox 1108 983 1231 1016; x_wconf 84' lang='lat' dir='ltr'>clesiae</span> <span class='ocrx_word' id='word_1_459' title='bbox 1254 989 1287 1014; x_wconf 91' lang='lat' dir='ltr'>et</span> <span class='ocrx_word' id='word_1_460' title='bbox 1309 982 1511 1024; x_wconf 90' lang='lat' dir='ltr'>reliquorum</span> <span class='ocrx_word' id='word_1_461' title='bbox 1545 993 1682 1024; x_wconf 87' lang='lat' dir='ltr'>operum</span> <span class='ocrx_word' id='word_1_462' title='bbox 1704 983 1780 1021; x_wconf 90' lang='lat' dir='ltr'>Dei,</span> <span class='ocrx_word' id='word_1_463' title='bbox 1814 984 2008 1024; x_wconf 87' lang='lat' dir='ltr'>praesertim</span> <span class='ocrx_word' id='word_1_464' title='bbox 2031 985 2083 1016; x_wconf 86' lang='lat' dir='ltr'>ad-</span> 
     </span>
     <span class='ocr_line' id='line_1_76' title="bbox 1107 1026 1609 1058; baseline -0.004 0"><span class='ocrx_word' id='word_1_465' title='bbox 1107 1033 1223 1058; x_wconf 74' lang='lat' dir='ltr'>ventus</span> <span class='ocrx_word' id='word_1_466' title='bbox 1243 1026 1387 1057; x_wconf 84' lang='lat' dir='ltr'>Messiae</span> <span class='ocrx_word' id='word_1_467' title='bbox 1409 1026 1442 1056; x_wconf 92' lang='lat' dir='ltr'>in</span> <span class='ocrx_word' id='word_1_468' title='bbox 1465 1036 1609 1057; x_wconf 91' lang='lat' dir='ltr'>carnem.</span> 
     </span>
    </p>

    <p class='ocr_par' dir='ltr' id='par_1_17' title="bbox 1106 1068 2084 1239">
     <span class='ocr_line' id='line_1_77' title="bbox 1192 1068 2083 1109; baseline 0.001 -9"><span class='ocrx_word' id='word_1_469' title='bbox 1192 1068 1344 1100; x_wconf 90' lang='lat' dir='ltr'>Edictum</span> <span class='ocrx_word' id='word_1_470' title='bbox 1356 1068 1511 1109; x_wconf 79' lang='lat' dir='ltr'>Augusti,</span> <span class='ocrx_word' id='word_1_471' title='bbox 1533 1073 1571 1101; x_wconf 81' lang='lat' dir='ltr'>ut</span> <span class='ocrx_word' id='word_1_472' title='bbox 1589 1069 1830 1100; x_wconf 76' lang='lat' dir='ltr'>describeretur</span> <span class='ocrx_word' id='word_1_473' title='bbox 1852 1070 1947 1107; x_wconf 71' lang='lat' dir='ltr'>orbis,</span> <span class='ocrx_word' id='word_1_474' title='bbox 1971 1070 2006 1100; x_wconf 75' lang='lat' dir='ltr'>icl</span> <span class='ocrx_word' id='word_1_475' title='bbox 2027 1074 2083 1109; x_wconf 76' lang='lat' dir='ltr'>est,</span> 
     </span>
     <span class='ocr_line' id='line_1_78' title="bbox 1106 1110 2084 1153; baseline -0.001 -9"><span class='ocrx_word' id='word_1_476' title='bbox 1106 1117 1143 1144; x_wconf 83' lang='lat' dir='ltr'>ut</span> <span class='ocrx_word' id='word_1_477' title='bbox 1162 1116 1348 1144; x_wconf 78' lang='lat' dir='ltr'>censeretur</span> <span class='ocrx_word' id='word_1_478' title='bbox 1369 1116 1453 1143; x_wconf 74' lang='lat' dir='ltr'>totus</span> <span class='ocrx_word' id='word_1_479' title='bbox 1475 1113 1572 1149; x_wconf 77' lang='lat' dir='ltr'>orbis,</span> <span class='ocrx_word' id='word_1_480' title='bbox 1597 1111 1761 1153; x_wconf 85' lang='lat' dir='ltr'>significat</span> <span class='ocrx_word' id='word_1_481' title='bbox 1784 1111 1957 1152; x_wconf 88' lang='lat' dir='ltr'>Imperium</span> <span class='ocrx_word' id='word_1_482' title='bbox 1980 1110 2084 1143; x_wconf 79' lang='lat' dir='ltr'>fuisse</span> 
     </span>
     <span class='ocr_line' id='line_1_79' title="bbox 1106 1152 2084 1197; baseline -0.001 -12"><span class='ocrx_word' id='word_1_483' title='bbox 1106 1154 1219 1197; x_wconf 85' lang='lat' dir='ltr'>populi</span> <span class='ocrx_word' id='word_1_484' title='bbox 1252 1154 1403 1192; x_wconf 88' lang='lat' dir='ltr'>Romani,</span> <span class='ocrx_word' id='word_1_485' title='bbox 1436 1152 1490 1185; x_wconf 82' lang='lat' dir='ltr'>vel</span> <span class='ocrx_word' id='word_1_486' title='bbox 1513 1153 1724 1195; x_wconf 84' lang='lat' dir='ltr'>Imperatoris</span> <span class='ocrx_word' id='word_1_487' title='bbox 1753 1154 1914 1196; x_wconf 81' lang='lat' dir='ltr'>Augusti,</span> <span class='ocrx_word' id='word_1_488' title='bbox 1949 1152 2084 1196; x_wconf 82' lang='lat' dir='ltr'>Alioqui</span> 
     </span>
     <span class='ocr_line' id='line_1_80' title="bbox 1106 1197 1912 1239; baseline -0.002 -10"><span class='ocrx_word' id='word_1_489' title='bbox 1106 1208 1173 1229; x_wconf 88' lang='lat' dir='ltr'>non</span> <span class='ocrx_word' id='word_1_490' title='bbox 1195 1198 1358 1238; x_wconf 86' lang='lat' dir='ltr'>potuisset</span> <span class='ocrx_word' id='word_1_491' title='bbox 1381 1206 1482 1239; x_wconf 85' lang='lat' dir='ltr'>agere</span> <span class='ocrx_word' id='word_1_492' title='bbox 1504 1207 1640 1229; x_wconf 88' lang='lat' dir='ltr'>censum</span> <span class='ocrx_word' id='word_1_493' title='bbox 1664 1197 1705 1228; x_wconf 89' lang='lat' dir='ltr'>de</span> <span class='ocrx_word' id='word_1_494' title='bbox 1727 1202 1798 1227; x_wconf 88' lang='lat' dir='ltr'>toto</span> <span class='ocrx_word' id='word_1_495' title='bbox 1821 1198 1912 1228; x_wconf 80' lang='lat' dir='ltr'>orbe.</span> 
     </span>
    </p>

    <p class='ocr_par' dir='ltr' id='par_1_18' title="bbox 1106 1237 2085 1666">
     <span class='ocr_line' id='line_1_81' title="bbox 1194 1237 2084 1281; baseline -0.001 -10"><span class='ocrx_word' id='word_1_496' title='bbox 1194 1240 1279 1275; x_wconf 87' lang='lat' dir='ltr'>Quid</span> <span class='ocrx_word' id='word_1_497' title='bbox 1302 1246 1409 1271; x_wconf 88' lang='lat' dir='ltr'>autem</span> <span class='ocrx_word' id='word_1_498' title='bbox 1431 1239 1491 1271; x_wconf 85' lang='lat' dir='ltr'>suit</span> <span class='ocrx_word' id='word_1_499' title='bbox 1515 1249 1650 1277; x_wconf 87' lang='lat' dir='ltr'>census,</span> <span class='ocrx_word' id='word_1_500' title='bbox 1679 1245 1711 1270; x_wconf 85' lang='lat' dir='ltr'>et</span> <span class='ocrx_word' id='word_1_501' title='bbox 1734 1240 1812 1281; x_wconf 89' lang='lat' dir='ltr'>quid</span> <span class='ocrx_word' id='word_1_502' title='bbox 1831 1246 1882 1270; x_wconf 88' lang='lat' dir='ltr'>est</span> <span class='ocrx_word' id='word_1_503' title='bbox 1904 1237 1984 1270; x_wconf 89' lang='lat' dir='ltr'>illud</span> <span class='ocrx_word' id='word_1_504' title='bbox 2009 1248 2084 1271; x_wconf 89' lang='lat' dir='ltr'>cen-</span> 
     </span>
     <span class='ocr_line' id='line_1_82' title="bbox 1108 1280 2084 1324; baseline -0.001 -10"><span class='ocrx_word' id='word_1_505' title='bbox 1108 1293 1195 1322; x_wconf 89' lang='lat' dir='ltr'>sere,</span> <span class='ocrx_word' id='word_1_506' title='bbox 1217 1292 1279 1314; x_wconf 89' lang='lat' dir='ltr'>seu</span> <span class='ocrx_word' id='word_1_507' title='bbox 1304 1293 1440 1314; x_wconf 89' lang='lat' dir='ltr'>censum</span> <span class='ocrx_word' id='word_1_508' title='bbox 1463 1282 1587 1324; x_wconf 67' lang='lat' dir='ltr'>agere?</span> <span class='ocrx_word' id='word_1_509' title='bbox 1630 1281 1731 1314; x_wconf 90' lang='lat' dir='ltr'>Aliud</span> <span class='ocrx_word' id='word_1_510' title='bbox 1755 1289 1806 1313; x_wconf 88' lang='lat' dir='ltr'>est</span> <span class='ocrx_word' id='word_1_511' title='bbox 1818 1280 1909 1323; x_wconf 92' lang='lat' dir='ltr'>loqui</span> <span class='ocrx_word' id='word_1_512' title='bbox 1933 1283 1974 1313; x_wconf 87' lang='lat' dir='ltr'>de</span> <span class='ocrx_word' id='word_1_513' title='bbox 1997 1282 2084 1323; x_wconf 77' lang='lat' dir='ltr'>expi—</span> 
     </span>
     <span class='ocr_line' id='line_1_83' title="bbox 1107 1324 2084 1366; baseline 0 -9"><span class='ocrx_word' id='word_1_514' title='bbox 1107 1325 1285 1357; x_wconf 85' lang='lat' dir='ltr'>lationibus</span> <span class='ocrx_word' id='word_1_515' title='bbox 1309 1326 1450 1363; x_wconf 76' lang='lat' dir='ltr'>usitatiS,</span> <span class='ocrx_word' id='word_1_516' title='bbox 1474 1335 1558 1366; x_wconf 92' lang='lat' dir='ltr'>quas</span> <span class='ocrx_word' id='word_1_517' title='bbox 1582 1324 1739 1356; x_wconf 84' lang='lat' dir='ltr'>Germani</span> <span class='ocrx_word' id='word_1_518' title='bbox 1761 1331 1883 1356; x_wconf 75' lang='lat' dir='ltr'>vocant</span> <span class='ocrx_word' id='word_1_519' title='bbox 1905 1325 2084 1366; x_wconf 45' lang='lat' dir='ltr'>&amp;eilwafflu‘gz</span> 
     </span>
     <span class='ocr_line' id='line_1_84' title="bbox 1106 1366 2085 1409; baseline -0.002 -9"><span class='ocrx_word' id='word_1_520' title='bbox 1106 1368 1197 1400; x_wconf 82' lang='lat' dir='ltr'>aliud</span> <span class='ocrx_word' id='word_1_521' title='bbox 1220 1369 1261 1400; x_wconf 89' lang='lat' dir='ltr'>de</span> <span class='ocrx_word' id='word_1_522' title='bbox 1280 1379 1392 1408; x_wconf 59' lang='lat' dir='ltr'>censu,</span> <span class='ocrx_word' id='word_1_523' title='bbox 1425 1369 1458 1400; x_wconf 89' lang='lat' dir='ltr'>in</span> <span class='ocrx_word' id='word_1_524' title='bbox 1481 1379 1546 1409; x_wconf 88' lang='lat' dir='ltr'>quo</span> <span class='ocrx_word' id='word_1_525' title='bbox 1566 1368 1628 1399; x_wconf 86' lang='lat' dir='ltr'>etsi</span> <span class='ocrx_word' id='word_1_526' title='bbox 1650 1366 1772 1409; x_wconf 86' lang='lat' dir='ltr'>aliquid</span> <span class='ocrx_word' id='word_1_527' title='bbox 1792 1368 1942 1406; x_wconf 81' lang='lat' dir='ltr'>dabatur,</span> <span class='ocrx_word' id='word_1_528' title='bbox 1975 1374 2085 1399; x_wconf 88' lang='lat' dir='ltr'>tamen</span> 
     </span>
     <span class='ocr_line' id='line_1_85' title="bbox 1107 1409 2085 1453; baseline -0.002 -10"><span class='ocrx_word' id='word_1_529' title='bbox 1107 1410 1328 1453; x_wconf 83' lang='lat' dir='ltr'>principaliter</span> <span class='ocrx_word' id='word_1_530' title='bbox 1347 1411 1447 1443; x_wconf 86' lang='lat' dir='ltr'>fiebat</span> <span class='ocrx_word' id='word_1_531' title='bbox 1459 1411 1641 1442; x_wconf 86' lang='lat' dir='ltr'>aestimatio</span> <span class='ocrx_word' id='word_1_532' title='bbox 1665 1409 1870 1448; x_wconf 79' lang='lat' dir='ltr'>facultatum,</span> <span class='ocrx_word' id='word_1_533' title='bbox 1890 1416 1923 1442; x_wconf 89' lang='lat' dir='ltr'>et</span> <span class='ocrx_word' id='word_1_534' title='bbox 1936 1420 2085 1441; x_wconf 89' lang='lat' dir='ltr'>numera-</span> 
     </span>
     <span class='ocr_line' id='line_1_86' title="bbox 1108 1452 2083 1495; baseline -0.002 -9"><span class='ocrx_word' id='word_1_535' title='bbox 1108 1456 1228 1485; x_wconf 88' lang='lat' dir='ltr'>bantur</span> <span class='ocrx_word' id='word_1_536' title='bbox 1251 1455 1384 1492; x_wconf 85' lang='lat' dir='ltr'>subditi,</span> <span class='ocrx_word' id='word_1_537' title='bbox 1418 1460 1453 1486; x_wconf 93' lang='lat' dir='ltr'>ut</span> <span class='ocrx_word' id='word_1_538' title='bbox 1475 1454 1634 1491; x_wconf 82' lang='lat' dir='ltr'>sciretur,</span> <span class='ocrx_word' id='word_1_539' title='bbox 1668 1459 1826 1495; x_wconf 87' lang='lat' dir='ltr'>quantum</span> <span class='ocrx_word' id='word_1_540' title='bbox 1848 1452 1996 1484; x_wconf 80' lang='lat' dir='ltr'>valerent</span> <span class='ocrx_word' id='word_1_541' title='bbox 2019 1453 2083 1484; x_wconf 89' lang='lat' dir='ltr'>sin-</span> 
     </span>
     <span class='ocr_line' id='line_1_87' title="bbox 1109 1495 2085 1539; baseline -0.002 -11"><span class='ocrx_word' id='word_1_542' title='bbox 1109 1496 1207 1539; x_wconf 83' lang='lat' dir='ltr'>gulae</span> <span class='ocrx_word' id='word_1_543' title='bbox 1230 1497 1433 1539; x_wconf 72' lang='lat' dir='ltr'>provinciae,</span> <span class='ocrx_word' id='word_1_544' title='bbox 1457 1497 1614 1533; x_wconf 81' lang='lat' dir='ltr'>exercitu,</span> <span class='ocrx_word' id='word_1_545' title='bbox 1638 1502 1671 1527; x_wconf 86' lang='lat' dir='ltr'>et</span> <span class='ocrx_word' id='word_1_546' title='bbox 1693 1497 1841 1537; x_wconf 89' lang='lat' dir='ltr'>pecunia·</span> <span class='ocrx_word' id='word_1_547' title='bbox 1887 1495 1970 1527; x_wconf 81' lang='lat' dir='ltr'>Nam</span> <span class='ocrx_word' id='word_1_548' title='bbox 1983 1495 2085 1534; x_wconf 89' lang='lat' dir='ltr'>bella,</span> 
     </span>
     <span class='ocr_line' id='line_1_88' title="bbox 1108 1539 2084 1581; baseline -0.002 -10"><span class='ocrx_word' id='word_1_549' title='bbox 1108 1541 1228 1581; x_wconf 88' lang='lat' dir='ltr'>quibus</span> <span class='ocrx_word' id='word_1_550' title='bbox 1253 1540 1405 1581; x_wconf 87' lang='lat' dir='ltr'>occupati</span> <span class='ocrx_word' id='word_1_551' title='bbox 1429 1544 1521 1570; x_wconf 87' lang='lat' dir='ltr'>erant</span> <span class='ocrx_word' id='word_1_552' title='bbox 1544 1539 1695 1577; x_wconf 83' lang='lat' dir='ltr'>Romani,</span> <span class='ocrx_word' id='word_1_553' title='bbox 1723 1549 1791 1570; x_wconf 91' lang='lat' dir='ltr'>non</span> <span class='ocrx_word' id='word_1_554' title='bbox 1813 1543 1991 1580; x_wconf 86' lang='lat' dir='ltr'>potuerunt</span> <span class='ocrx_word' id='word_1_555' title='bbox 2013 1539 2084 1580; x_wconf 84' lang='lat' dir='ltr'>geri</span> 
     </span>
     <span class='ocr_line' id='line_1_89' title="bbox 1109 1581 2084 1623; baseline -0.001 -10"><span class='ocrx_word' id='word_1_556' title='bbox 1109 1583 1181 1613; x_wconf 84' lang='lat' dir='ltr'>sine</span> <span class='ocrx_word' id='word_1_557' title='bbox 1214 1583 1353 1623; x_wconf 86' lang='lat' dir='ltr'>pecunia</span> <span class='ocrx_word' id='word_1_558' title='bbox 1376 1587 1407 1614; x_wconf 82' lang='lat' dir='ltr'>et</span> <span class='ocrx_word' id='word_1_559' title='bbox 1428 1581 1632 1613; x_wconf 86' lang='lat' dir='ltr'>hominibus:</span> <span class='ocrx_word' id='word_1_560' title='bbox 1666 1581 1707 1612; x_wconf 88' lang='lat' dir='ltr'>Et</span> <span class='ocrx_word' id='word_1_561' title='bbox 1729 1582 1760 1612; x_wconf 92' lang='lat' dir='ltr'>in</span> <span class='ocrx_word' id='word_1_562' title='bbox 1784 1581 1930 1622; x_wconf 85' lang='lat' dir='ltr'>Imperiis</span> <span class='ocrx_word' id='word_1_563' title='bbox 1954 1586 2084 1622; x_wconf 85' lang='lat' dir='ltr'>oportet</span> 
     </span>
     <span class='ocr_line' id='line_1_90' title="bbox 1109 1623 1871 1666; baseline -0.001 -10"><span class='ocrx_word' id='word_1_564' title='bbox 1109 1635 1186 1656; x_wconf 81' lang='lat' dir='ltr'>esse</span> <span class='ocrx_word' id='word_1_565' title='bbox 1210 1626 1357 1656; x_wconf 87' lang='lat' dir='ltr'>ordinem</span> <span class='ocrx_word' id='word_1_566' title='bbox 1381 1625 1591 1656; x_wconf 88' lang='lat' dir='ltr'>constitutum</span> <span class='ocrx_word' id='word_1_567' title='bbox 1611 1625 1710 1656; x_wconf 82' lang='lat' dir='ltr'>certis</span> <span class='ocrx_word' id='word_1_568' title='bbox 1728 1623 1871 1666; x_wconf 88' lang='lat' dir='ltr'>legibus.</span> 
     </span>
    </p>

    <p class='ocr_par' dir='ltr' id='par_1_19' title="bbox 1104 1667 2085 2137">
     <span class='ocr_line' id='line_1_91' title="bbox 1194 1667 2084 1708; baseline -0.001 -10"><span class='ocrx_word' id='word_1_569' title='bbox 1194 1667 1297 1698; x_wconf 84' lang='lat' dir='ltr'>Erant</span> <span class='ocrx_word' id='word_1_570' title='bbox 1331 1668 1495 1698; x_wconf 82' lang='lat' dir='ltr'>exercitus</span> <span class='ocrx_word' id='word_1_571' title='bbox 1520 1667 1741 1698; x_wconf 84' lang='lat' dir='ltr'>Romanorum</span> <span class='ocrx_word' id='word_1_572' title='bbox 1765 1667 1929 1698; x_wconf 88' lang='lat' dir='ltr'>distributi</span> <span class='ocrx_word' id='word_1_573' title='bbox 1952 1667 1983 1697; x_wconf 92' lang='lat' dir='ltr'>in</span> <span class='ocrx_word' id='word_1_574' title='bbox 2007 1676 2084 1708; x_wconf 88' lang='lat' dir='ltr'>pro-</span> 
     </span>
     <span class='ocr_line' id='line_1_92' title="bbox 1109 1709 2084 1751; baseline 0 -11"><span class='ocrx_word' id='word_1_575' title='bbox 1109 1711 1235 1748; x_wconf 80' lang='lat' dir='ltr'>vinciis,</span> <span class='ocrx_word' id='word_1_576' title='bbox 1259 1716 1413 1751; x_wconf 86' lang='lat' dir='ltr'>tanquam</span> <span class='ocrx_word' id='word_1_577' title='bbox 1437 1710 1613 1751; x_wconf 86' lang='lat' dir='ltr'>praesidia,</span> <span class='ocrx_word' id='word_1_578' title='bbox 1636 1717 1667 1740; x_wconf 86' lang='lat' dir='ltr'>et</span> <span class='ocrx_word' id='word_1_579' title='bbox 1685 1709 1895 1751; x_wconf 83' lang='lat' dir='ltr'>cogitandum</span> <span class='ocrx_word' id='word_1_580' title='bbox 1921 1715 2002 1747; x_wconf 88' lang='lat' dir='ltr'>erat,</span> <span class='ocrx_word' id='word_1_581' title='bbox 2026 1720 2084 1740; x_wconf 91' lang='lat' dir='ltr'>un-</span> 
     </span>
     <span class='ocr_line' id='line_1_93' title="bbox 1108 1751 2085 1791; baseline 0 -8"><span class='ocrx_word' id='word_1_582' title='bbox 1108 1753 1149 1784; x_wconf 89' lang='lat' dir='ltr'>de</span> <span class='ocrx_word' id='word_1_583' title='bbox 1173 1752 1341 1784; x_wconf 75' lang='lat' dir='ltr'>praesidia</span> <span class='ocrx_word' id='word_1_584' title='bbox 1363 1751 1484 1784; x_wconf 83' lang='lat' dir='ltr'>alenda</span> <span class='ocrx_word' id='word_1_585' title='bbox 1507 1759 1632 1791; x_wconf 79' lang='lat' dir='ltr'>essent,</span> <span class='ocrx_word' id='word_1_586' title='bbox 1667 1753 1754 1784; x_wconf 81' lang='lat' dir='ltr'>unde</span> <span class='ocrx_word' id='word_1_587' title='bbox 1777 1752 1970 1784; x_wconf 87' lang='lat' dir='ltr'>sumendum</span> <span class='ocrx_word' id='word_1_588' title='bbox 1994 1758 2085 1783; x_wconf 82' lang='lat' dir='ltr'>esset</span> 
     </span>
     <span class='ocr_line' id='line_1_94' title="bbox 1106 1794 2083 1836; baseline -0.001 -10"><span class='ocrx_word' id='word_1_589' title='bbox 1106 1794 1320 1834; x_wconf 85' lang='lat' dir='ltr'>frumentum,</span> <span class='ocrx_word' id='word_1_590' title='bbox 1355 1795 1564 1836; x_wconf 81' lang='lat' dir='ltr'>stipendium,</span> <span class='ocrx_word' id='word_1_591' title='bbox 1587 1805 1697 1832; x_wconf 81' lang='lat' dir='ltr'>arma,</span> <span class='ocrx_word' id='word_1_592' title='bbox 1719 1800 1909 1836; x_wconf 72' lang='lat' dir='ltr'>apparatuS,</span> <span class='ocrx_word' id='word_1_593' title='bbox 1943 1795 2029 1826; x_wconf 84' lang='lat' dir='ltr'>sicut</span> <span class='ocrx_word' id='word_1_594' title='bbox 2051 1795 2083 1826; x_wconf 92' lang='lat' dir='ltr'>in</span> 
     </span>
     <span class='ocr_line' id='line_1_95' title="bbox 1107 1835 2083 1880; baseline -0.002 -11"><span class='ocrx_word' id='word_1_595' title='bbox 1107 1837 1216 1875; x_wconf 80' lang='lat' dir='ltr'>bellis,</span> <span class='ocrx_word' id='word_1_596' title='bbox 1250 1844 1283 1869; x_wconf 89' lang='lat' dir='ltr'>et</span> <span class='ocrx_word' id='word_1_597' title='bbox 1306 1837 1453 1879; x_wconf 82' lang='lat' dir='ltr'>quolibet</span> <span class='ocrx_word' id='word_1_598' title='bbox 1476 1839 1633 1880; x_wconf 85' lang='lat' dir='ltr'>regimine</span> <span class='ocrx_word' id='word_1_599' title='bbox 1657 1848 1740 1879; x_wconf 85' lang='lat' dir='ltr'>opus</span> <span class='ocrx_word' id='word_1_600' title='bbox 1764 1844 1815 1869; x_wconf 86' lang='lat' dir='ltr'>est</span> <span class='ocrx_word' id='word_1_601' title='bbox 1837 1835 1948 1868; x_wconf 85' lang='lat' dir='ltr'>multls</span> <span class='ocrx_word' id='word_1_602' title='bbox 1970 1838 2083 1869; x_wconf 78' lang='lat' dir='ltr'>rebus.</span> 
     </span>
     <span class='ocr_line' id='line_1_96' title="bbox 1106 1880 2083 1923; baseline -0.001 -11"><span class='ocrx_word' id='word_1_603' title='bbox 1106 1880 1218 1913; x_wconf 87' lang='lat' dir='ltr'>Voluit</span> <span class='ocrx_word' id='word_1_604' title='bbox 1241 1881 1338 1922; x_wconf 80' lang='lat' dir='ltr'>igitur</span> <span class='ocrx_word' id='word_1_605' title='bbox 1360 1881 1534 1923; x_wconf 83' lang='lat' dir='ltr'>Augustus</span> <span class='ocrx_word' id='word_1_606' title='bbox 1553 1880 1622 1911; x_wconf 77' lang='lat' dir='ltr'>lieri</span> <span class='ocrx_word' id='word_1_607' title='bbox 1646 1881 1925 1918; x_wconf 83' lang='lat' dir='ltr'>aestimationem,</span> <span class='ocrx_word' id='word_1_608' title='bbox 1962 1887 1998 1911; x_wconf 86' lang='lat' dir='ltr'>ut</span> <span class='ocrx_word' id='word_1_609' title='bbox 2021 1881 2083 1911; x_wconf 88' lang='lat' dir='ltr'>sei-</span> 
     </span>
     <span class='ocr_line' id='line_1_97' title="bbox 1106 1921 2084 1966; baseline -0.001 -11"><span class='ocrx_word' id='word_1_610' title='bbox 1106 1930 1166 1961; x_wconf 88' lang='lat' dir='ltr'>ret,</span> <span class='ocrx_word' id='word_1_611' title='bbox 1190 1925 1266 1966; x_wconf 90' lang='lat' dir='ltr'>quid</span> <span class='ocrx_word' id='word_1_612' title='bbox 1291 1925 1322 1955; x_wconf 90' lang='lat' dir='ltr'>in</span> <span class='ocrx_word' id='word_1_613' title='bbox 1347 1924 1526 1964; x_wconf 69' lang='lat' dir='ltr'>provinciis</span> <span class='ocrx_word' id='word_1_614' title='bbox 1549 1929 1639 1955; x_wconf 86' lang='lat' dir='ltr'>esset</span> <span class='ocrx_word' id='word_1_615' title='bbox 1662 1921 1866 1961; x_wconf 72' lang='lat' dir='ltr'>facultatum,</span> <span class='ocrx_word' id='word_1_616' title='bbox 1889 1930 2011 1964; x_wconf 80' lang='lat' dir='ltr'>quauta</span> <span class='ocrx_word' id='word_1_617' title='bbox 2035 1932 2084 1954; x_wconf 80' lang='lat' dir='ltr'>es-</span> 
     </span>
     <span class='ocr_line' id='line_1_98' title="bbox 1105 1966 2083 2008; baseline -0.001 -10"><span class='ocrx_word' id='word_1_618' title='bbox 1105 1974 1157 1999; x_wconf 87' lang='lat' dir='ltr'>set</span> <span class='ocrx_word' id='word_1_619' title='bbox 1191 1966 1364 1998; x_wconf 87' lang='lat' dir='ltr'>multitudo</span> <span class='ocrx_word' id='word_1_620' title='bbox 1399 1967 1617 2004; x_wconf 85' lang='lat' dir='ltr'>subditorum,</span> <span class='ocrx_word' id='word_1_621' title='bbox 1658 1966 1736 2008; x_wconf 82' lang='lat' dir='ltr'>quid</span> <span class='ocrx_word' id='word_1_622' title='bbox 1771 1967 1910 2007; x_wconf 81' lang='lat' dir='ltr'>quisque</span> <span class='ocrx_word' id='word_1_623' title='bbox 1939 1966 2083 2006; x_wconf 89' lang='lat' dir='ltr'>pendere</span> 
     </span>
     <span class='ocr_line' id='line_1_99' title="bbox 1104 2009 2081 2052; baseline -0.003 -11"><span class='ocrx_word' id='word_1_624' title='bbox 1104 2016 1232 2052; x_wconf 85' lang='lat' dir='ltr'>posset.</span> <span class='ocrx_word' id='word_1_625' title='bbox 1299 2009 1361 2041; x_wconf 91' lang='lat' dir='ltr'>Hic</span> <span class='ocrx_word' id='word_1_626' title='bbox 1407 2020 1528 2041; x_wconf 85' lang='lat' dir='ltr'>census</span> <span class='ocrx_word' id='word_1_627' title='bbox 1574 2014 1647 2040; x_wconf 87' lang='lat' dir='ltr'>erat</span> <span class='ocrx_word' id='word_1_628' title='bbox 1688 2010 1818 2050; x_wconf 87' lang='lat' dir='ltr'>signum</span> <span class='ocrx_word' id='word_1_629' title='bbox 1853 2009 2081 2046; x_wconf 79' lang='lat' dir='ltr'>subiectionis,</span> 
     </span>
     <span class='ocr_line' id='line_1_100' title="bbox 1105 2050 2082 2094; baseline -0.003 -10"><span class='ocrx_word' id='word_1_630' title='bbox 1105 2053 1231 2085; x_wconf 86' lang='lat' dir='ltr'>etiamsi</span> <span class='ocrx_word' id='word_1_631' title='bbox 1255 2059 1423 2094; x_wconf 85' lang='lat' dir='ltr'>utcunque</span> <span class='ocrx_word' id='word_1_632' title='bbox 1448 2053 1599 2083; x_wconf 80' lang='lat' dir='ltr'>manebat</span> <span class='ocrx_word' id='word_1_633' title='bbox 1623 2051 1733 2082; x_wconf 85' lang='lat' dir='ltr'>adhuc</span> <span class='ocrx_word' id='word_1_634' title='bbox 1756 2050 1941 2093; x_wconf 72' lang='lat' dir='ltr'>legislator,</span> <span class='ocrx_word' id='word_1_635' title='bbox 1964 2052 1994 2081; x_wconf 86' lang='lat' dir='ltr'>id</span> <span class='ocrx_word' id='word_1_636' title='bbox 2020 2056 2082 2089; x_wconf 80' lang='lat' dir='ltr'>est,</span> 
     </span>
     <span class='ocr_line' id='line_1_101' title="bbox 1104 2094 2082 2137; baseline -0.004 -9"><span class='ocrx_word' id='word_1_637' title='bbox 1104 2097 1293 2128; x_wconf 85' lang='lat' dir='ltr'>autonomia</span> <span class='ocrx_word' id='word_1_638' title='bbox 1315 2095 1347 2125; x_wconf 92' lang='lat' dir='ltr'>in</span> <span class='ocrx_word' id='word_1_639' title='bbox 1371 2094 1530 2137; x_wconf 83' lang='lat' dir='ltr'>religione</span> <span class='ocrx_word' id='word_1_640' title='bbox 1554 2101 1586 2126; x_wconf 88' lang='lat' dir='ltr'>et</span> <span class='ocrx_word' id='word_1_641' title='bbox 1610 2095 1748 2136; x_wconf 78' lang='lat' dir='ltr'>vestigia</span> <span class='ocrx_word' id='word_1_642' title='bbox 1771 2094 1881 2135; x_wconf 77' lang='lat' dir='ltr'>aliqua</span> <span class='ocrx_word' id='word_1_643' title='bbox 1901 2094 2082 2124; x_wconf 73' lang='lat' dir='ltr'>doctrinae.</span> 
     </span>
    </p>

    <p class='ocr_par' dir='ltr' id='par_1_20' title="bbox 1103 2136 2081 2213">
     <span class='ocr_line' id='line_1_102' title="bbox 1190 2136 2081 2180; baseline -0.002 -11"><span class='ocrx_word' id='word_1_644' title='bbox 1190 2138 1295 2170; x_wconf 89' lang='lat' dir='ltr'>Porro</span> <span class='ocrx_word' id='word_1_645' title='bbox 1318 2136 1533 2180; x_wconf 78' lang='lat' dir='ltr'>Evangelista</span> <span class='ocrx_word' id='word_1_646' title='bbox 1557 2139 1612 2176; x_wconf 86' lang='lat' dir='ltr'>ait,</span> <span class='ocrx_word' id='word_1_647' title='bbox 1645 2136 1784 2168; x_wconf 87' lang='lat' dir='ltr'>Mariam</span> <span class='ocrx_word' id='word_1_648' title='bbox 1818 2137 2015 2167; x_wconf 66' lang='lat' dir='ltr'>transivisse</span> <span class='ocrx_word' id='word_1_649' title='bbox 2040 2146 2081 2167; x_wconf 77' lang='lat' dir='ltr'>cx</span> 
     </span>
     <span class='ocr_line' id='line_1_103' title="bbox 1103 2180 1529 2213; baseline -0.005 0"><span class='ocrx_word' id='word_1_650' title='bbox 1103 2182 1269 2213; x_wconf 86' lang='lat' dir='ltr'>Nazareth</span> <span class='ocrx_word' id='word_1_651' title='bbox 1292 2183 1324 2213; x_wconf 89' lang='lat' dir='ltr'>in</span> <span class='ocrx_word' id='word_1_652' title='bbox 1348 2180 1529 2212; x_wconf 83' lang='lat' dir='ltr'>Bethleem.</span> 
     </span>
    </p>

    <p class='ocr_par' dir='ltr' id='par_1_21' title="bbox 1103 2220 2082 2652">
     <span class='ocr_line' id='line_1_104' title="bbox 1189 2220 2082 2255; baseline -0.003 0"><span class='ocrx_word' id='word_1_653' title='bbox 1189 2223 1356 2255; x_wconf 79' lang='lat' dir='ltr'>Nazareth</span> <span class='ocrx_word' id='word_1_654' title='bbox 1380 2225 1480 2255; x_wconf 88' lang='lat' dir='ltr'>habet</span> <span class='ocrx_word' id='word_1_655' title='bbox 1503 2233 1622 2254; x_wconf 83' lang='lat' dir='ltr'>nomen</span> <span class='ocrx_word' id='word_1_656' title='bbox 1647 2233 1666 2253; x_wconf 86' lang='lat' dir='ltr'>a</span> <span class='ocrx_word' id='word_1_657' title='bbox 1698 2221 1847 2254; x_wconf 86' lang='lat' dir='ltr'>surculo:</span> <span class='ocrx_word' id='word_1_658' title='bbox 1882 2221 1921 2252; x_wconf 90' lang='lat' dir='ltr'>Et</span> <span class='ocrx_word' id='word_1_659' title='bbox 1943 2221 2003 2252; x_wconf 82' lang='lat' dir='ltr'>suit</span> <span class='ocrx_word' id='word_1_660' title='bbox 2026 2220 2082 2252; x_wconf 89' lang='lat' dir='ltr'>ille</span> 
     </span>
     <span class='ocr_line' id='line_1_105' title="bbox 1103 2263 2081 2298; baseline -0.004 0"><span class='ocrx_word' id='word_1_661' title='bbox 1103 2273 1229 2298; x_wconf 85' lang='lat' dir='ltr'>tractus</span> <span class='ocrx_word' id='word_1_662' title='bbox 1252 2267 1506 2298; x_wconf 87' lang='lat' dir='ltr'>amoenissimus</span> <span class='ocrx_word' id='word_1_663' title='bbox 1525 2267 1556 2297; x_wconf 91' lang='lat' dir='ltr'>in</span> <span class='ocrx_word' id='word_1_664' title='bbox 1578 2265 1737 2297; x_wconf 85' lang='lat' dir='ltr'>Galilaea.</span> <span class='ocrx_word' id='word_1_665' title='bbox 1784 2265 1831 2295; x_wconf 87' lang='lat' dir='ltr'>lbi</span> <span class='ocrx_word' id='word_1_666' title='bbox 1854 2264 1959 2295; x_wconf 85' lang='lat' dir='ltr'>Maria</span> <span class='ocrx_word' id='word_1_667' title='bbox 1979 2270 2009 2295; x_wconf 90' lang='lat' dir='ltr'>ct</span> <span class='ocrx_word' id='word_1_668' title='bbox 2033 2263 2081 2295; x_wconf 87' lang='lat' dir='ltr'>lo-</span> 
     </span>
     <span class='ocr_line' id='line_1_106' title="bbox 1104 2308 2080 2352; baseline -0.004 -11"><span class='ocrx_word' id='word_1_669' title='bbox 1104 2311 1187 2352; x_wconf 83' lang='lat' dir='ltr'>seph</span> <span class='ocrx_word' id='word_1_670' title='bbox 1210 2309 1342 2341; x_wconf 87' lang='lat' dir='ltr'>suerunt</span> <span class='ocrx_word' id='word_1_671' title='bbox 1365 2309 1461 2351; x_wconf 86' lang='lat' dir='ltr'>quasi</span> <span class='ocrx_word' id='word_1_672' title='bbox 1484 2308 1613 2347; x_wconf 78' lang='lat' dir='ltr'>exules,</span> <span class='ocrx_word' id='word_1_673' title='bbox 1635 2308 1865 2339; x_wconf 77' lang='lat' dir='ltr'>habitaverunt</span> <span class='ocrx_word' id='word_1_674' title='bbox 1885 2313 1978 2338; x_wconf 76' lang='lat' dir='ltr'>extra</span> <span class='ocrx_word' id='word_1_675' title='bbox 2002 2317 2080 2338; x_wconf 86' lang='lat' dir='ltr'>suas</span> 
     </span>
     <span class='ocr_line' id='line_1_107' title="bbox 1103 2349 2081 2395; baseline -0.003 -12"><span class='ocrx_word' id='word_1_676' title='bbox 1103 2354 1350 2395; x_wconf 84' lang='lat' dir='ltr'>possessiones,</span> <span class='ocrx_word' id='word_1_677' title='bbox 1376 2363 1449 2383; x_wconf 90' lang='lat' dir='ltr'>cum</span> <span class='ocrx_word' id='word_1_678' title='bbox 1474 2358 1582 2383; x_wconf 88' lang='lat' dir='ltr'>essent</span> <span class='ocrx_word' id='word_1_679' title='bbox 1605 2362 1644 2382; x_wconf 80' lang='lat' dir='ltr'>ex</span> <span class='ocrx_word' id='word_1_680' title='bbox 1670 2352 1755 2381; x_wconf 81' lang='lat' dir='ltr'>tribu</span> <span class='ocrx_word' id='word_1_681' title='bbox 1778 2350 1866 2381; x_wconf 88' lang='lat' dir='ltr'>luda.</span> <span class='ocrx_word' id='word_1_682' title='bbox 1911 2349 1993 2381; x_wconf 89' lang='lat' dir='ltr'>Nam</span> <span class='ocrx_word' id='word_1_683' title='bbox 2016 2350 2081 2381; x_wconf 87' lang='lat' dir='ltr'>usi-</span> 
     </span>
     <span class='ocr_line' id='line_1_108' title="bbox 1105 2392 2080 2437; baseline -0.006 -10"><span class='ocrx_word' id='word_1_684' title='bbox 1105 2402 1204 2427; x_wconf 85' lang='lat' dir='ltr'>tatum</span> <span class='ocrx_word' id='word_1_685' title='bbox 1238 2395 1361 2437; x_wconf 88' lang='lat' dir='ltr'>alioqui</span> <span class='ocrx_word' id='word_1_686' title='bbox 1395 2401 1477 2433; x_wconf 85' lang='lat' dir='ltr'>erat,</span> <span class='ocrx_word' id='word_1_687' title='bbox 1511 2401 1545 2425; x_wconf 87' lang='lat' dir='ltr'>nt</span> <span class='ocrx_word' id='word_1_688' title='bbox 1578 2392 1700 2435; x_wconf 83' lang='lat' dir='ltr'>singuli</span> <span class='ocrx_word' id='word_1_689' title='bbox 1735 2392 1921 2424; x_wconf 84' lang='lat' dir='ltr'>habitarent</span> <span class='ocrx_word' id='word_1_690' title='bbox 1953 2393 1986 2423; x_wconf 90' lang='lat' dir='ltr'>in</span> <span class='ocrx_word' id='word_1_691' title='bbox 2009 2392 2080 2423; x_wconf 84' lang='lat' dir='ltr'>suis</span> 
     </span>
     <span class='ocr_line' id='line_1_109' title="bbox 1103 2435 2081 2480; baseline -0.005 -10"><span class='ocrx_word' id='word_1_692' title='bbox 1103 2439 1388 2480; x_wconf 85' lang='lat' dir='ltr'>possessionibus.</span> <span class='ocrx_word' id='word_1_693' title='bbox 1451 2437 1523 2469; x_wconf 84' lang='lat' dir='ltr'>Fuit</span> <span class='ocrx_word' id='word_1_694' title='bbox 1546 2447 1665 2478; x_wconf 83' lang='lat' dir='ltr'>magna</span> <span class='ocrx_word' id='word_1_695' title='bbox 1688 2436 1820 2466; x_wconf 88' lang='lat' dir='ltr'>miseria</span> <span class='ocrx_word' id='word_1_696' title='bbox 1842 2435 1931 2466; x_wconf 89' lang='lat' dir='ltr'>illius</span> <span class='ocrx_word' id='word_1_697' title='bbox 1955 2442 2081 2476; x_wconf 87' lang='lat' dir='ltr'>tempo-</span> 
     </span>
     <span class='ocr_line' id='line_1_110' title="bbox 1103 2478 2080 2522; baseline -0.005 -9"><span class='ocrx_word' id='word_1_698' title='bbox 1103 2483 1161 2519; x_wconf 90' lang='lat' dir='ltr'>ris,</span> <span class='ocrx_word' id='word_1_699' title='bbox 1197 2492 1269 2513; x_wconf 91' lang='lat' dir='ltr'>cum</span> <span class='ocrx_word' id='word_1_700' title='bbox 1303 2481 1476 2522; x_wconf 77' lang='lat' dir='ltr'>dispersae</span> <span class='ocrx_word' id='word_1_701' title='bbox 1499 2478 1629 2511; x_wconf 88' lang='lat' dir='ltr'>suerunt</span> <span class='ocrx_word' id='word_1_702' title='bbox 1651 2479 1756 2509; x_wconf 83' lang='lat' dir='ltr'>tribus</span> <span class='ocrx_word' id='word_1_703' title='bbox 1785 2483 1879 2510; x_wconf 76' lang='lat' dir='ltr'>extra</span> <span class='ocrx_word' id='word_1_704' title='bbox 1901 2488 1980 2509; x_wconf 82' lang='lat' dir='ltr'>suas</span> <span class='ocrx_word' id='word_1_705' title='bbox 2002 2487 2080 2518; x_wconf 89' lang='lat' dir='ltr'>pos-</span> 
     </span>
     <span class='ocr_line' id='line_1_111' title="bbox 1103 2520 2080 2564; baseline -0.005 -8"><span class='ocrx_word' id='word_1_706' title='bbox 1103 2525 1284 2556; x_wconf 85' lang='lat' dir='ltr'>sessiones.</span> <span class='ocrx_word' id='word_1_707' title='bbox 1306 2523 1347 2555; x_wconf 87' lang='lat' dir='ltr'>Et</span> <span class='ocrx_word' id='word_1_708' title='bbox 1365 2523 1476 2564; x_wconf 73' lang='lat' dir='ltr'>vagati</span> <span class='ocrx_word' id='word_1_709' title='bbox 1499 2529 1575 2553; x_wconf 86' lang='lat' dir='ltr'>sunt</span> <span class='ocrx_word' id='word_1_710' title='bbox 1597 2521 1712 2553; x_wconf 88' lang='lat' dir='ltr'>eodem</span> <span class='ocrx_word' id='word_1_711' title='bbox 1735 2527 1880 2562; x_wconf 87' lang='lat' dir='ltr'>tempore</span> <span class='ocrx_word' id='word_1_712' title='bbox 1903 2521 1934 2552; x_wconf 86' lang='lat' dir='ltr'>in</span> <span class='ocrx_word' id='word_1_713' title='bbox 1958 2520 2080 2551; x_wconf 81' lang='lat' dir='ltr'>Iudaea</span> 
     </span>
     <span class='ocr_line' id='line_1_112' title="bbox 1103 2563 2076 2608; baseline -0.005 -9"><span class='ocrx_word' id='word_1_714' title='bbox 1103 2567 1270 2599; x_wconf 81' lang='lat' dir='ltr'>exercitus</span> <span class='ocrx_word' id='word_1_715' title='bbox 1293 2567 1511 2608; x_wconf 81' lang='lat' dir='ltr'>pessimorum</span> <span class='ocrx_word' id='word_1_716' title='bbox 1542 2565 1718 2602; x_wconf 89' lang='lat' dir='ltr'>hominum,</span> <span class='ocrx_word' id='word_1_717' title='bbox 1752 2563 1908 2602; x_wconf 87' lang='lat' dir='ltr'>Parthici,</span> <span class='ocrx_word' id='word_1_718' title='bbox 1936 2563 2076 2605; x_wconf 75' lang='lat' dir='ltr'>Syriaci,</span> 
     </span>
     <span class='ocr_line' id='line_1_113' title="bbox 1104 2606 2078 2652; baseline -0.005 -10"><span class='ocrx_word' id='word_1_719' title='bbox 1104 2611 1312 2652; x_wconf 73' lang='lat' dir='ltr'>Aegyptiaci,</span> <span class='ocrx_word' id='word_1_720' title='bbox 1346 2608 1491 2646; x_wconf 82' lang='lat' dir='ltr'>Arabici,</span> <span class='ocrx_word' id='word_1_721' title='bbox 1523 2613 1639 2650; x_wconf 79' lang='lat' dir='ltr'>postea</span> <span class='ocrx_word' id='word_1_722' title='bbox 1668 2608 1764 2638; x_wconf 78' lang='lat' dir='ltr'>etiam</span> <span class='ocrx_word' id='word_1_723' title='bbox 1786 2606 1941 2645; x_wconf 84' lang='lat' dir='ltr'>Romani,</span> <span class='ocrx_word' id='word_1_724' title='bbox 1976 2612 2007 2638; x_wconf 92' lang='lat' dir='ltr'>et</span> <span class='ocrx_word' id='word_1_725' title='bbox 2031 2611 2078 2637; x_wconf 86' lang='lat' dir='ltr'>ta-</span> 
     </span>
    </p>
   </div>
  </div>
 </body>
</html>
