2324 2958
88 173 153 208 325

89 278 159 307 sus,
180 268 350 307 ingressus
374 268 426 293 est
449 262 481 292 in
505 261 646 292 hortum.
681 260 781 292 Venit
804 262 835 291 in
850 267 1066 303 conspectum

90 312 186 344 unius
209 317 248 338 ex
266 304 429 336 leonibus.
474 303 543 335 Leo
567 304 667 335 iacuit
688 303 744 341 ibi,
769 313 835 334 non
859 314 896 334 se
921 315 1065 336 commo-

89 355 146 392 vit,
169 350 226 383 sed
248 353 374 379 tantum
407 353 503 378 torve
537 347 671 378 intuitus
706 352 757 376 est
783 356 906 377 canem.
963 348 1065 378 Canis

89 404 167 430 vero
188 401 262 423 mox
286 390 440 428 concidit,
463 390 628 421 extinctus
651 389 761 420 subito
784 399 919 429 pavore.

171 450 317 491 Quisque
352 455 498 480 vestrum
533 449 671 490 cogitet,
705 448 733 479 si
768 453 870 479 staret
902 447 958 479 tali
987 446 1064 480 loco

91 495 194 532 soluS,
218 493 273 524 ubi
297 491 424 529 leones,
448 491 555 533 pardi,
585 497 641 522 aut
664 490 787 522 similes
813 491 937 522 bestiae
959 490 1064 522 libere
1089 506 1092 537 Ι

87 539 300 573 circumeunt,
336 535 413 576 quid
449 535 545 565 animi
579 534 642 565 sibi
676 532 820 564 futurum
845 539 945 564 esset.
989 533 1062 576 Ego

84 579 209 614 memini
244 587 295 608 me
318 587 563 618 expavescere,
599 587 672 607 cum
700 577 838 617 primum
863 577 971 607 audivi
995 575 1063 607 leo-

83 632 157 655 nem
180 621 375 662 rugientem.
410 620 533 650 Postea
545 630 618 650 cum
632 620 779 650 viderem
792 618 921 650 leonem
945 620 1063 661 ipsum,

83 663 281 705 cogitabam,
315 663 343 693 si
366 660 422 693 illa
445 663 550 693 bestia
573 667 759 702 erumperet
790 661 886 702 (Erat
909 663 994 693 enim
1016 662 1063 692 in—

81 705 194 739 clusus
228 705 280 737 leo
315 705 348 735 in
382 706 533 745 caveam)
573 715 668 736 nemo
706 711 856 736 nostrum
897 693 1091 746 evaderet}

81 749 233 790 Cogitate
256 748 365 790 igitur,
395 753 551 788 quantum
575 749 677 778 robur
700 747 776 777 fidei
800 747 898 778 suerit
930 748 961 778 in
987 758 1061 777 san-
1088 763 1090 768 ·

81 791 142 824 ctis
165 793 248 822 inter
271 791 398 822 leones.

165 849 256 881 Haec
289 849 372 880 fides
413 848 474 880 suit
507 859 591 889 opus
627 849 770 890 Spiritus
810 849 935 887 sancti,
974 850 1060 880 sieut

79 895 178 926 etiam
200 892 264 924 hoc
288 891 347 924 fuit
367 902 450 933 opus
474 891 557 928 Dei,
592 893 680 933 quod
703 903 763 923 ora
786 891 919 923 leonum
948 890 1059 923 occlu-

79 937 133 969 sit.
183 935 232 966 lta
266 945 398 976 semper
425 934 519 965 Deus
554 934 746 966 mirabiliter
780 935 941 972 custodit,
975 944 1058 975 quos

77 978 150 1011 vult
178 979 357 1010 custodire.
413 977 489 1008 Non
524 986 727 1018 cogitemus,
760 988 823 1008 nos
860 983 947 1008 tutos
981 981 1087 1495 esse!

1077 1787 1082 1803 Ι

77 1021 250 1064 praesidiis
273 1021 446 1052 humanis:
471 1019 539 1051 Sed
556 1030 696 1062 agamus
710 1019 783 1051 Deo
808 1020 945 1062 gratias,
968 1020 1058 1061 quod

75 1065 238 1096 hactenus
271 1073 334 1095 nos
368 1063 533 1101 servavit,
567 1070 599 1094 et
632 1070 802 1103 petamus,
835 1069 871 1094 ut
899 1062 971 1103 ipse
994 1072 1057 1094 nos

77 1108 234 1147 deinceps
269 1113 392 1137 servet.
447 1105 632 1137 Teneamus
667 1107 763 1137 etiam
792 1105 878 1136 hanc
903 1104 1057 1136 consola-

75 1150 208 1187 tionem,
238 1150 327 1190 quod
350 1149 525 1190 unicuique
548 1148 642 1180 Deus
664 1148 835 1188 periodum
859 1151 994 1186 certam,
1023 1148 1055 1178 id

74 1199 138 1231 est,
160 1192 302 1233 spatium
325 1192 407 1223 certi
430 1192 587 1232 temporis
610 1191 773 1231 praefinit,
795 1189 953 1231 singulari
977 1200 1055 1222 cun-

74 1234 162 1273 silio,
186 1241 219 1266 et
241 1235 394 1276 quamdiu
418 1233 487 1265 vult
510 1233 660 1275 singulos
684 1235 778 1275 quasi
808 1234 841 1264 in
865 1233 974 1264 stadio
997 1244 1055 1264 vo-

75 1278 215 1309 cationis
228 1287 315 1314 esse,
337 1283 450 1308 servat
462 1286 536 1314 nos,
561 1278 667 1308 donee
681 1276 892 1316 perficiamus
905 1282 1054 1308 nostrum

73 1318 284 1357 curriculum,
318 1320 592 1360 quemadmodum
616 1320 778 1357 videmus,
814 1317 915 1350 nullis
950 1325 1055 1351 terro-

73 1363 166 1394 ribus
188 1369 221 1393 et
243 1361 419 1403 periculis,
453 1361 544 1393 nulla
577 1363 714 1393 saevitia
747 1363 896 1403 potuisse
921 1371 1054 1393 cursum

73 1404 168 1436 Pauli
190 1405 358 1445 impediri,
391 1404 582 1446 priusquam
617 1414 658 1435 ex
680 1403 853 1436 voluntate
874 1403 939 1435 Dei
962 1403 1054 1436 illum

76 1447 267 1479 conficeret.

161 1497 308 1529 Tandem
337 1507 436 1536 vero,
471 1508 544 1529 cum
575 1503 729 1529 ornasset
761 1508 802 1529 ac
826 1497 1055 1529 confirmasset

73 1540 169 1572 Deus
199 1540 413 1571 ministerium
438 1539 530 1572 Pauli
560 1540 670 1572 multis
700 1541 896 1572 testimoniis
921 1541 1053 1572 divinis:

70 1592 193 1625 passus
217 1588 267 1613 est
290 1582 355 1613 hoc
378 1583 508 1624 insigne
532 1583 647 1622 decus,
682 1589 713 1615 et
747 1582 857 1614 lumen
880 1582 1054 1615 Ecclesiae

21 1653 28 1659 .
70 1634 155 1657 suae
178 1625 318 1656 interfici
341 1635 360 1656 a
384 1625 643 1656 sceleratissima
667 1632 700 1657 et
718 1627 885 1658 teterrima
907 1625 963 1657 illa
986 1625 1054 1657 bel-

69 1667 138 1706 lua,
162 1667 328 1706 videlicet,
352 1678 372 1699 a
393 1667 536 1700 Nerone.
583 1668 646 1699 Hic
669 1669 879 1701 considerate
896 1668 1053 1710 vulgares

69 1710 154 1743 istas
177 1711 398 1749 obiectiones,
433 1717 466 1742 et
499 1711 616 1742 discite
650 1718 740 1743 recte
768 1713 811 1743 ad
835 1721 893 1743 eas
916 1722 1053 1753 respon-

72 1753 162 1785 dere.

157 1795 218 1827 Est
241 1806 415 1827 commune
438 1797 575 1828 dictum:
609 1798 719 1829 Bonus
752 1799 845 1829 Immo
878 1807 942 1829 non
969 1800 1052 1829 male

69 1841 216 1878 moritur,
250 1845 285 1870 ut
307 1839 476 1870 scribebat
502 1838 579 1870 mihi
602 1838 881 1881 Oecolampadius
905 1841 946 1871 do
969 1850 1050 1881 quo-

69 1882 144 1914 dam
167 1882 257 1913 bono
290 1881 440 1920 homine,
475 1891 548 1913 cum
571 1883 800 1924 scripsissem,
837 1893 910 1915 eum
940 1884 994 1924 pie
1017 1889 1050 1915 et

68 1924 202 1967 placide
227 1931 391 1956 mortuum
425 1934 512 1956 esse.
567 1925 609 1956 Et
642 1926 691 1957 sic
723 1927 756 1957 in
791 1936 892 1958 versu
925 1936 1049 1969 graeco

70 1968 203 2000 dicitur:

198 2025 249 2058 οἷά
270 2026 378 2068 τ’ἀνήρ
401 2027 490 2068 ῥέξει,
514 2030 592 2058 τοῖον
613 2030 695 2064 τέλος
717 2028 806 2060 αὐτὸν
829 2029 932 2060 ἱκάνει.

202 2072 315 2108 Qualia
338 2074 386 2102 τέν-
405 2073 494 2110 fecit,
517 2073 613 2102 talem
633 2073 730 2110 finem
753 2076 917 2105 sortietur.

199 2114 294 2145 Pauli
311 2116 389 2153 finis
411 2118 462 2145 est
481 2116 594 2145 malus.

198 2157 284 2196 Erqo
307 2167 370 2188 non
390 2159 471 2196 fecit
491 2156 587 2196 bona,
617 2167 674 2189 seu
696 2168 760 2190 non
780 2161 848 2198 fnit
867 2162 917 2191 ve'r
939 2160 1046 2191 bonus.
1072 2181 1076 2203 Ι

332 2224 533 2265 Respondeo
556 2225 597 2255 ad
621 2224 790 2257 Maiorem.
1070 2208 1074 2264 i

154 2265 285 2309 Regula
319 2273 370 2298 est
404 2277 484 2299 vera
506 2267 736 2300 universaliter
765 2270 806 2301 de
825 2271 941 2311 poenis
966 2269 1047 2311 poli·
1071 2266 1074 2301 ἓ

69 2310 156 2348 ucis,
189 2319 275 2352 quae
297 2310 383 2342 iuste
416 2310 694 2342 administrantur.
751 2311 845 2344 Deus
878 2313 949 2344 vult
982 2306 1074 2351 hoo}

69 2353 197 2385 servari
219 2353 251 2384 in
274 2351 409 2394 politiiS,
431 2359 478 2391 ut,
501 2354 527 2383 si
552 2353 598 2383 sis
612 2354 794 2393 modestus,
817 2367 881 2387 non
902 2357 1047 2397 puniaris

69 2405 91 2427 a
112 2394 322 2438 Magistratu.
379 2396 435 2427 Sic
469 2396 500 2426 in
535 2397 603 2427 vita
637 2399 799 2429 communi
833 2398 1074 2442 plaerumquei

71 2438 168 2470 etiam
191 2439 256 2470 hoc
279 2438 328 2477 fit,
352 2445 385 2469 ut
405 2439 481 2469 boni
507 2439 565 2469 viri
591 2438 731 2471 habeant
754 2439 905 2481 placidos
929 2444 1047 2474 exitus.
1071 2449 1074 2483 ff

69 2480 138 2514 Sed
159 2483 193 2513 in
214 2480 367 2513 Ecclesia
392 2481 619 2522 exceptionem
642 2482 841 2524 singularem
869 2483 969 2516 habet
992 2484 1048 2516 illa
1071 2498 1073 2515 1

69 2523 204 2567 regula,
245 2524 330 2560 Quia
355 2523 447 2556 Deus
471 2522 541 2555 vult
574 2527 752 2566 praecipua
779 2525 903 2558 lumina
931 2527 1049 2568 Eccle2

70 2566 141 2598 siae
164 2576 225 2598 sua
246 2572 353 2599 morte
370 2567 566 2598 confirmare
589 2567 783 2607 doctrinam,
806 2579 902 2610 quam
926 2571 1047 2604 docue-

71 2615 148 2641 ruut
169 2615 278 2642 antea.

774 167 991 200 POSTILLA
1013 167 1410 202 MELANTHONIANA.

2036 175 2098 207 326

1206 263 1292 299 Quid
1314 262 1374 295 fuit
1398 263 1490 295 Pauli
1515 265 1627 303 mors?
1672 265 1789 297 Fuitne
1816 268 1965 309 τιμωρίαῖ
2010 269 2097 307 Νοη,

1120 305 1203 340 Quia
1226 311 1368 347 τιμωρίαι
1390 312 1467 337 sunt
1488 305 1564 338 illae
1587 307 1802 348 calamitates,
1831 320 1916 351 quae
1937 321 1998 351 pro
2023 322 2098 343 cer-

1119 348 1161 378 tis
1192 348 1322 380 delictis
1355 349 1583 390 imponuntur,
1617 356 1652 380 ut
1685 351 1815 383 exilium
1843 352 1979 384 Davidis
2003 355 2097 386 eiecti

1120 400 1160 421 ex
1173 401 1278 433 regno
1291 401 1350 433 per
1361 391 1568 423 Absolonem
1591 391 1650 423 suit
1672 399 1812 435 τιμωρία,
1837 396 1867 426 id
1892 402 1954 434 est,
1978 407 2097 438 poena.

1119 434 1175 465 Sic
1200 445 1272 465 cum
1294 433 1347 465 fur
1370 435 1592 475 suspenditur,
1616 446 1689 466 cum
1713 436 1799 467 latro
1819 439 2022 474 interficitur,
2046 447 2097 472 est

1119 481 1256 519 τιμωρία.
1303 477 1389 512 Quid
1419 484 1489 508 erat
1525 477 1656 519 losephi
1692 482 1828 510 carcer?
1872 481 1951 513 Erat
1974 482 2097 522 δοκιμα-

1118 524 1179 551 σία.
1224 519 1272 550 lta
1295 518 1505 558 afflictiones,
1540 530 1624 562 quas
1648 522 1787 553 sustinet
1810 522 1899 554 multi
1922 525 1984 565 pii,
2019 531 2098 557 sunt

1117 563 1331 603 probationes
1355 569 1387 594 et
1410 564 1563 594 exercitia
1583 563 1669 601 fidei,
1695 574 1780 606 quae
1803 565 1910 607 qualia
1931 569 2007 606 sint,
2030 579 2096 599 non

1117 604 1304 647 intelligunt
1327 607 1460 644 caeteri,
1495 607 1550 647 qui
1585 616 1651 637 non
1676 614 1843 639 tentantur
1866 609 2026 647 similiter,
2060 617 2096 643 ut

1117 649 1246 686 dicitur,
1280 649 1447 687 παθήματα
1481 649 1659 687 μαθήματα.
1716 649 1786 680 Nec
1821 657 1927 681 tamen
1961 653 2096 693 imponit

1116 689 1210 721 Deus
1233 692 1347 721 eadem
1371 702 1473 722 onera
1496 693 1658 723 omnibus.
1706 694 1843 733 imponit
1867 692 2006 725 fortihus
2030 707 2095 727 ma-

1115 733 1185 763 iora
1200 739 1229 763 et
1244 735 1398 775 graviora
1412 744 1525 765 onera.
1550 737 1638 765 iuxta
1659 734 1754 765 illud:
1782 737 1789 758 θ
1807 736 1900 767 idelis
1925 744 1974 767 est
1991 738 2093 776 Deus,

1087 777 1169 817 iqui
1194 786 1259 805 non
1295 777 1371 806 sinit
1406 787 1466 806 vos
1504 778 1619 807 tentari
1654 777 1739 808 ultra
1775 779 1803 808 id
1829 781 1915 819 quod
1942 782 2092 820 potestis.

1115 819 1201 853 Quid
1224 818 1283 849 i'uit
1308 818 1426 849 Passio
1461 818 1613 850 Iohannis
1641 820 1830 860 Baptistae?

1113 873 1188 902 paor,
1214 861 1245 891 id
1269 868 1332 899 est,
1355 862 1574 893 testimonium
1599 863 1639 893 de
1659 864 1818 894 doctrina.

1886 823 1959 854 Fuit
1981 824 2093 864 μαρτύ-

1198 920 1278 951 Tale
1301 922 1520 952 testimonium
1545 929 1593 952 est
1619 923 1713 953 etiam
1738 933 1826 953 mors
1853 922 1955 955 Pauli.
2001 927 2094 957 Mun-

1112 964 1174 994 dus
1198 963 1310 1004 probri
1334 962 1410 994 loco
1433 963 1532 995 habet
1556 966 1723 1005 martyria,
1747 967 1805 996 sed
1824 977 1963 1008 magnus
1986 968 2094 1000 honos

1112 1012 1181 1043 est,
1216 1016 1289 1037 cum
1313 1005 1407 1037 Deus
1433 1013 1530 1038 vocat
1554 1006 1713 1048 aliquem,
1748 1015 1780 1039 ut
1811 1009 1842 1039 in
1866 1011 2022 1050 passione
2044 1011 2093 1044 lu-

1112 1055 1184 1079 ceat
1208 1049 1279 1080 eius
1305 1048 1483 1081 consessio.
1542 1049 1666 1081 Paulus·
1702 1052 1845 1082 ostendit
1879 1062 1939 1084 suo
1970 1053 2093 1096 suppli-

1111 1091 1173 1129 cio,
1197 1092 1285 1132 quod
1309 1091 1595 1123 illamdoctrinnxn
1609 1099 1732 1124 statuat
1758 1104 1832 1125 esse
1848 1106 1970 1133 veram,
1996 1107 2093 1137 quam

1109 1135 1328 1174 praedicavit:
1365 1134 1405 1164 Et
1439 1136 1515 1176 quia
1551 1146 1617 1166 non
1651 1137 1731 1167 tanti
1756 1136 1835 1167 facit
1864 1139 1962 1179 vitam
1987 1150 2093 1177 suam,

1109 1182 1165 1208 aut
1188 1175 1256 1208 ulla
1281 1176 1347 1208 alia
1359 1178 1445 1208 bona
1462 1177 1558 1209 huius
1584 1179 1681 1216 vitae,
1706 1181 1821 1220 quanti
1845 1181 2092 1214 consessionem

1109 1220 1291 1257 doctrinae,
1315 1226 1466 1258 testatur,
1489 1231 1526 1252 se
1551 1232 1616 1252 non
1639 1230 1773 1262 proptor
1796 1234 1876 1255 suas
1891 1223 2090 1265 voluptates,

1108 1263 1167 1293 sed
1192 1269 1327 1303 propter
1360 1262 1498 1305 gloriani
1523 1264 1604 1302 Dei,
1638 1272 1665 1295 et
1693 1264 1833 1297 salutem
1857 1277 1937 1297 suae
1961 1268 2089 1300 animae

1107 1304 1194 1336 hanc
1219 1305 1400 1338 doctrinam
1424 1306 1613 1346 amplexum
1636 1305 1750 1345 fuisse,
1773 1320 1869 1350 quam
1882 1312 2088 1351 propagavit.

1193 1364 1348 1396 Testatur
1378 1367 1475 1397 etiam
1502 1365 1558 1398 illa
1588 1377 1678 1398 mors
1702 1367 1806 1407 Pauli,
1840 1375 1967 1401 restare
2001 1369 2090 1402 aliud

1106 1407 1261 1439 iudicium
1284 1415 1361 1449 post
1385 1408 1470 1441 hanc
1492 1410 1610 1448 vitam,
1644 1411 1745 1449 Quia,
1781 1422 1854 1442 cuin
1877 1418 1974 1444 antea
1997 1412 2090 1445 Deus

1106 1450 1235 1481 affuerit
1258 1450 1381 1488 Paulo,
1411 1457 1442 1483 et
1465 1451 1591 1483 dederit
1613 1454 1685 1485 eius
1709 1455 1880 1485 doctrinae
1903 1457 2090 1488 testimonia

1107 1503 1166 1533 per
1190 1494 1477 1525 resuscitationem
1496 1501 1698 1527 mortuorum
1722 1503 1752 1528 et
1775 1496 1840 1528 alia
1863 1498 2032 1538 miracula,
2057 1505 2090 1532 et

1107 1542 1213 1567 tamen
1236 1537 1322 1567 sinat
1346 1547 1434 1568 nunc
1457 1548 1529 1568 eum
1548 1538 1898 1571 interficiateterrimo
1922 1548 2088 1582 portentu,

1105 1578 1249 1616 Nerone,
1274 1589 1340 1610 non
1364 1580 1508 1612 obscure
1531 1580 1752 1622 significatur,
1785 1590 1976 1615 secuturum
2011 1595 2088 1616 esse

1105 1620 1194 1652 aliud
1233 1622 1410 1660 iudicium,
1451 1624 1483 1653 in
1524 1634 1589 1664 quo
1624 1625 1757 1664 patefiet
1791 1626 1839 1656 ira
1873 1625 1936 1657 Dei
1972 1634 2088 1659 contra

1107 1663 1291 1702 Neronem,
1326 1671 1358 1696 et
1392 1663 1517 1697 Paulus
1551 1667 1723 1698 ornabitur
1756 1666 1881 1700 laetitia
1915 1674 1947 1700 et
1980 1669 2088 1712 gloria

1106 1708 1317 1748 sempiterna.

1190 1757 1270 1789 Inde
1293 1758 1375 1790 sumi
1399 1759 1496 1790 debet
1521 1762 1698 1801 responsio
1729 1762 1825 1793 etiam
1854 1763 1893 1794 ad
1918 1763 2005 1795 hanc
2029 1765 2086 1796 ob-

1103 1801 1297 1833 iectionem:

1259 1859 1357 1893 Iustis
1379 1862 1472 1893 debet
1493 1864 1572 1894 bene
1595 1873 1676 1895 esse.

1259 1905 1360 1936 Paulo
1382 1914 1447 1936 non
1470 1909 1520 1936 esc
1540 1906 1636 1938 bene:

1258 1948 1344 1987 Eryo
1366 1949 1488 1979 Paulus
1509 1958 1574 1980 non
1596 1953 1648 1980 est
1667 1952 1778 1981 iustus.

1362 2015 1565 2057 Respondeo
1587 2017 1630 2048 ad
1652 2016 1824 2049 Maiorem.

1187 2057 1285 2089 Iustis
1309 2058 1407 2089 debet
1431 2060 1515 2091 bene
1538 2069 1626 2099 esse,
1660 2059 1799 2099 scilicet,
1833 2071 1898 2103 quo
1921 2061 1964 2093 ad
1987 2061 2085 2094 finem

1100 2098 1268 2139 ultimum,
1303 2102 1358 2143 qui
1382 2103 1567 2134 ostenditur
1590 2104 1622 2134 in
1645 2103 1841 2145 Evangelio.
1897 2104 1961 2136 Seu
1986 2104 2083 2136 Iustis

1101 2143 1199 2175 debet
1222 2145 1308 2175 bene
1330 2154 1425 2184 esse,
1449 2144 1594 2185 scilicet,
1617 2147 1799 2178 secundum
1823 2146 2084 2179 declarationem

1100 2185 1284 2229 Evangelii,
1307 2188 1395 2229 quod
1419 2189 1654 2230 interpretatur
1676 2189 1795 2231 legem.
1829 2190 1911 2221 Nam
1935 2189 1991 2221 illa
2008 2200 2083 2222 sen-

1101 2231 1212 2268 tentia,
1247 2241 1331 2271 quae
1355 2232 1486 2272 penitur
1508 2233 1540 2263 in
1565 2233 1704 2270 Maiore,
1729 2239 1779 2263 est
1803 2233 1968 2264 sententia
1991 2231 2082 2275 lega-

1099 2271 1153 2304 lis.
1199 2272 1328 2304 Deinde
1361 2275 1551 2315 respondeo
1585 2276 1626 2306 ad
1658 2275 1829 2306 Minorem.
1875 2274 1999 2307 Paulus
2030 2282 2083 2308 est

1099 2316 1223 2353 iustus,
1259 2315 1404 2354 scilicet,
1440 2318 1669 2359 imputatione,
1703 2325 1736 2349 et
1758 2317 1986 2357 inchoatione,
2015 2329 2082 2351 non

1101 2360 1392 2391 consummatione.
1450 2360 1526 2392 ldeo
1551 2361 1660 2392 adhuc
1693 2366 1745 2392 est
1769 2362 1939 2393 subiectus
1972 2362 2082 2401 morti,

1099 2407 1136 2433 ut
1158 2402 1230 2443 ipse
1253 2402 1372 2443 inquit:
1407 2403 1540 2445 Corpus
1575 2410 1736 2435 mortuum
1770 2409 1822 2435 est
1845 2410 1981 2445 propter
2003 2415 2081 2446 pec-

1101 2450 1220 2476 catum.
1266 2445 1372 2477 Etiam
1397 2447 1505 2477 sancti
1530 2456 1595 2477 non
1619 2453 1695 2477 sunt
1719 2444 1812 2477 liberi
1835 2456 1896 2478 seu
1919 2448 2079 2479 immunes

1100 2497 1119 2517 a
1150 2494 1302 2528 peccato,
1337 2488 1573 2520 circumferunt
1606 2489 1716 2520 adhuc
1749 2487 1906 2531 reliquias
1939 2491 2078 2531 peccati.

1099 2529 1202 2572 lgitur
1235 2537 1265 2561 et
1300 2531 1361 2572 ipsi
1385 2538 1461 2562 sunt
1485 2531 1617 2563 obnoxii
1640 2532 1746 2563 morti.
1791 2532 1884 2564 Haec
1907 2540 1957 2564 est
1981 2538 2078 2575 gene·

1099 2572 1182 2604 ralis
1206 2581 1321 2612 causa,
1343 2574 1443 2616 quod,
1466 2575 1551 2605 sicut
1574 2573 1644 2605 vult
1662 2575 1754 2606 Deus
1777 2581 1879 2607 totam
1892 2575 2079 2608 Ecclesiam

1099 2616 1281 2647 subiectam
1317 2626 1394 2648 esse
1427 2617 1542 2655 morti,
1576 2624 1711 2659 propter
1738 2623 1911 2659 peccatum
1935 2618 2077 2650 haerens

1871 2678 1923 2702 21·
