2324 2958
167 185 310 217 xxxin
844 182 1065 216 POSTILLA
1097 181 1496 218 MELANTHONIANA.
2027 187 2173 220 XXXIV

373 280 519 310 Accessit
551 279 590 309 ad
611 279 791 309 Andreae
813 278 929 308 Pauli
962 282 1064 309 votum
1098 282 1190 318 atque
1219 278 1419 313 desiderium,
1461 280 1550 309 etiam
1585 279 1710 309 aliorum
1743 280 1921 311 auctoritate
1955 283 2170 320 praestantium

168 322 327 352 iudicium:
351 326 383 352 et
401 324 477 353 inter
498 323 556 352 hos
575 323 630 352 viri
652 321 919 360 praestantissimi,
943 322 1045 359 generi
1064 321 1320 356 Melanchthonis‚
1340 326 1371 351 et
1392 322 1529 351 veritatis
1555 322 1749 352 Orthodoxae
1773 323 1943 352 constantis
1971 322 2170 355 confessoris

167 364 207 394 D.
232 363 393 404 Caspari
412 364 599 400 Peuceri,
620 374 710 403 quem
733 365 835 393 dicere
858 363 993 394 memini:
1018 363 1201 394 Existimare
1223 374 1270 399 se,
1295 365 1439 403 quicquid
1461 365 1502 394 sit
1524 364 1644 394 divinae
1667 369 1697 394 et
1720 365 1866 395 humanae
1889 367 2068 404 sapientiae,
2093 377 2172 406 quae

168 408 197 436 in
221 407 277 437 hac
300 408 361 437 vita
382 408 491 437 cadere
513 409 542 438 in
566 407 717 437 bominem
740 407 850 447 possit,
886 407 954 435 eius
989 407 1148 445 imaginem
1171 406 1306 437 relucere
1339 410 1402 437 turn
1425 409 1453 437 in
1478 408 1605 437 caeteris
1624 409 1747 446 scriptis
1771 407 2084 444 Melanchthonianis‚
2108 414 2170 439 tum

167 450 304 490 inprimis
327 451 357 480 in
380 450 641 481 Praelectionibus
666 451 734 479 eius
757 447 954 488 Evangelicis
978 452 1009 478 et
1032 448 1203 479 Chronicis.

372 527 430 556 His
450 527 571 556 iudiciis
604 526 821 566 praestantium
853 526 983 554 virorum
1013 526 1219 561 confirmatus,
1260 530 1291 556 et
1313 535 1381 555 mea
1408 529 1518 565 sponte
1548 525 1585 554 ad
1620 525 1810 564 colligendas
1840 526 1984 566 reliquias
2017 527 2171 559 doctrinae

165 568 473 600 Melanchthonianae
497 570 657 603 incitatus,
689 569 717 598 in
737 569 850 607 optima
879 572 978 598 tamen
1008 567 1162 598 voluntate
1192 572 1283 608 atque
1313 569 1470 608 proposito
1498 569 1687 597 cunctantius
1718 569 1756 598 ad
1783 569 1916 599 laborem
1936 571 2015 600 hunc
2038 573 2170 607 accessi,

166 612 248 651 quod
270 616 301 642 et
323 612 514 642 adminiculis
539 612 726 643 necessariis
749 611 874 642 destitui
904 621 953 640 me
976 611 1131 641 videbam:
1163 622 1229 641 nam
1259 612 1329 650 quia
1351 621 1406 651 per
1435 611 1571 640 fortunae
1600 611 1788 649 iniquitatem
1812 622 1870 641 non
1894 612 2021 643 licuerat
2043 614 2116 643 mihi
2141 616 2171 644 in

165 655 335 684 Academia
352 655 581 694 Witebergensi
605 655 657 684 diu
686 654 790 683 audire
812 654 1028 683 suavissimam
1050 664 1157 683 vocem
1180 654 1436 687 Melanchthonis,
1465 663 1563 692 pauca
1596 654 1672 683 inter
1705 654 1824 684 chartas
1859 665 1943 684 meas
1975 658 2170 696 reperiebam,

167 707 244 736 quae
263 708 301 727 ex
319 697 457 727 docentis
477 708 528 726 ore
551 707 641 726 manu
659 707 727 726 mea
746 697 956 735 excepissem:
976 695 1016 725 Et
1035 706 1101 725 cum
1126 697 1228 726 nullus
1253 698 1294 727 sit
1316 707 1394 726 usus
1419 696 1605 734 diligentiae,
1639 697 1697 725 nisi
1732 700 1852 736 tempus
1876 697 1913 727 ad
1947 698 2079 728 laborem
2100 710 2171 740 sup-

165 744 259 779 petat,
283 740 451 770 sentiebam
475 750 523 769 me
545 744 666 779 propter
687 740 855 769 vocationis
879 748 964 768 meae
984 749 1091 777 operas
1112 740 1139 767 in
1159 739 1303 769 Ecclesia
1324 744 1355 769 et
1378 739 1491 768 Schola
1521 739 1648 768 assidue
1671 740 1885 778 praestandas,
1916 750 1954 769 ne
1974 742 2092 780 quidem
2117 744 2169 772 otii

165 785 280 813 tantum
303 783 425 817 habere,
446 786 479 812 ut
500 786 615 812 tentare
637 782 771 811 laborem
795 781 944 811 eiusmodi
969 781 1120 810 auderem.

369 858 486 889 Verum
509 862 678 898 opportune
701 859 821 893 accidit,
844 862 877 888 ut
888 857 1022 887 Scholae
1046 861 1166 887 nostrae
1184 857 1297 887 Rector
1316 862 1412 892 esset,
1433 858 1476 886 vir
1499 861 1529 887 et
1541 857 1637 887 Poeta
1655 858 1854 888 doctissimus
1877 858 1919 888 M.
1947 858 2169 890 loachimus

163 901 396 935 Meisterus„
421 903 482 941 qui,
505 906 664 940 antequam
688 902 746 931 huc
770 901 917 935 venisset,
936 902 974 929 ab
997 900 1209 930 Abrahamo
1232 900 1478 930 Bucholcero
1515 902 1689 930 necessario
1715 911 1782 935 suo,
1814 901 1998 931 collectanea
2023 903 2168 941 quaedam

163 944 327 974 lectionum
347 943 582 984 Philippicarum
606 947 713 974 nactus
736 945 841 977 tuerat,
865 944 893 972 in
913 943 1025 981 quibus
1049 947 1134 972 erant
1157 944 1223 972 anni
1249 943 1471 982 quadragesimi
1494 944 1582 977 noni,
1613 947 1643 972 et
1661 944 1786 973 duorum
1809 945 2003 982 sequentium
2026 955 2168 976 annorum

163 986 362 1026 Rhapsodiae
384 986 598 1025 Evangelicae.
645 986 780 1022 Quorum
803 995 946 1015 annorum
970 985 1168 1025 Rhapsodias
1192 996 1266 1015 suas
1295 987 1384 1015 etiam
1404 986 1595 1015 Henricus
1619 985 1807 1015 Mollerus
1832 986 2019 1026 Theologiae
2042 988 2167 1023 Ductor,

164 1034 194 1059 et
217 1029 337 1068 collega
364 1031 514 1069 quondam
537 1039 624 1059 meus
648 1029 858 1063 charissimus,
882 1028 973 1069 paulo
997 1032 1065 1058 ante
1088 1032 1213 1058 mortem
1236 1038 1323 1058 suam
1346 1024 1553 1058 amantissime
1571 1039 1689 1059 mecum
1712 1030 1950 1059 communicavit.

370 1122 487 1154 Postea
509 1127 539 1153 et
562 1122 677 1153 Doctor
698 1123 877 1153 Andreas
901 1122 1032 1157 Pauli,
1056 1123 1106 1161 qui
1130 1122 1245 1151 laboris
1265 1122 1356 1152 istius
1375 1122 1563 1161 suscipiendi
1582 1126 1685 1152 auctor
1706 1122 1779 1152 mihi
1802 1123 1909 1157 fuerat,
1932 1133 1986 1162 per
2009 1128 2167 1163 cognatum

162 1169 253 1204 atque
277 1165 397 1195 astinem
432 1176 519 1195 suum
548 1166 643 1195 virum
667 1164 881 1195 Clarissimum
904 1165 944 1194 D.
968 1165 1157 1195 Andream
1180 1175 1198 1194 a
1216 1165 1346 1195 Dham.
1381 1165 1584 1194 consiliarium
1619 1165 1895 1196 illustrissimorum
1928 1165 2047 1196 Ducum
2070 1168 2168 1197 Lune-

161 1208 368 1247 burgensium,
391 1208 588 1248 Rhapsodias
611 1209 679 1238 anni
699 1209 943 1248 quinquagesimi
964 1209 1068 1247 quinti,
1093 1211 1123 1237 et
1146 1208 1389 1246 quinquagesimi
1413 1208 1492 1237 sexti
1515 1207 1587 1236 mihi
1611 1209 1734 1242 curavit,
1759 1219 1836 1247 quas
1860 1210 1887 1237 in
1911 1210 2056 1250 privatum
2079 1221 2167 1240 suum

161 1259 250 1279 usum
275 1252 498 1290 conscripserat
519 1252 563 1280 vir
584 1252 699 1291 pietate
723 1255 754 1281 et
776 1252 943 1281 eruditione
967 1251 1105 1290 insignis,
1129 1249 1279 1280 Dominus
1303 1250 1479 1280 Andreas
1498 1250 1722 1290 Schoppius
1745 1251 1983 1290 Leobergensis.

365 1335 416 1365 Ad
434 1335 490 1365 has
509 1337 644 1366 accessit
666 1336 799 1366 studium
818 1337 872 1365 viri
897 1336 1090 1370 ornatissimi,
1111 1339 1141 1365 et
1159 1340 1279 1375 propter
1301 1336 1455 1365 doctrinae
1473 1335 1699 1369 excellentiam,
1720 1339 1750 1365 et
1768 1335 1999 1371 humanitatem,
2024 1342 2053 1366 et
2072 1348 2166 1377 prom-

158 1377 336 1416 ptitudinem
372 1379 400 1406 in
436 1379 545 1408 officiis
580 1379 720 1409 honestis
749 1379 957 1418 praestandis,
981 1380 1120 1409 omnibus
1154 1379 1182 1408 in
1218 1380 1359 1408 universa
1392 1389 1470 1418 pene
1504 1379 1625 1416 Europa
1658 1378 1748 1409 bonis
1782 1389 1817 1408 ac
1851 1380 1950 1410 doctis
1985 1380 2164 1416 charissimi,

158 1419 197 1449 D.
220 1421 352 1448 Iacobi
374 1420 556 1455 Monavii,
581 1422 642 1459 qui,
667 1432 734 1451 cum
757 1432 805 1451 me
829 1423 858 1451 in
881 1421 939 1450 hoc
962 1421 1065 1451 labore
1089 1423 1200 1451 versari
1224 1423 1436 1460 cognovisset,
1467 1432 1526 1451 non
1549 1422 1641 1450 desiit
1664 1431 1739 1450 esse
1761 1422 1956 1463 ἐργοδιώκῐης
1978 1423 2006 1452 ἰι]
2030 1424 2164 1462 urgendo

158 1462 218 1491 hoc
241 1463 391 1493 institutm
426 1466 457 1491 et
490 1473 557 1491 cum
580 1464 608 1491 in
632 1463 803 1492 Pannonias
826 1464 987 1502 aliquando
1011 1474 1049 1492 ex
1081 1465 1177 1503 patria
1198 1465 1385 1503 negotiorum
1408 1474 1531 1493 suorum
1555 1473 1667 1493 caussa
1691 1466 1880 1503 exspatiatus
1904 1469 2000 1496 esset.
2024 1475 2042 1495 a
2063 1471 2164 1505 pasto-

157 1505 242 1535 ribus
276 1504 393 1533 illorum
416 1504 550 1534 locorum
574 1505 772 1545 Rhapsodias
805 1506 992 1535 diversorum
1026 1516 1168 1535 annorum
1202 1506 1274 1536 mihi
1299 1507 1481 1546 impetravit,
1517 1507 1627 1545 quihus
1657 1516 1838 1546 magnopere
1862 1518 1910 1537 me
1933 1507 2066 1537 adiutum
2090 1519 2164 1539 esse

157 1547 288 1585 ingenue
310 1547 459 1585 profiteor.

364 1622 413 1651 Ad
436 1626 610 1657 extremum,
634 1623 822 1663 Noribergae
845 1635 912 1654 cum
935 1635 1048 1654 essem.
1078 1625 1198 1654 biennio
1222 1627 1280 1654 iam
1304 1629 1335 1655 et
1357 1625 1510 1664 aliquanto
1534 1625 1663 1664 amplius
1687 1630 1808 1660 exacto,
1844 1627 1946 1665 ibique
1970 1637 2036 1656 cum
2056 1629 2162 1659 amicis

158 1666 391 1706 φιλοφιλίπποις
409 1665 447 1694 de
469 1665 607 1704 reliquiis
631 1666 692 1694 illis
706 1666 886 1696 Scholarum
909 1667 1145 1706 Philippicarum
1170 1669 1197 1697 in
1223 1667 1407 1706 colloquium
1430 1669 1590 1702 venissem,
1614 1678 1671 1696 non
1695 1669 1785 1697 modo
1809 1668 1917 1698 hortati
1941 1680 1989 1698 me
2013 1670 2055 1699 illi
2079 1675 2161 1707 sunt,

157 1711 191 1737 ut
212 1707 346 1736 laborem
368 1712 545 1746 susceptum
568 1708 708 1747 publicae
732 1709 869 1738 utilitatis
893 1720 1002 1738 caussa
1025 1720 1161 1749 urgerem
1186 1714 1276 1749 atque
1300 1710 1484 1748 perficerem,
1508 1710 1564 1739 sed
1588 1711 1693 1744 etiam,
1718 1721 1794 1749 quas
1819 1712 1846 1740 in
1871 1711 2071 1742 Bibliothecis
2094 1715 2160 1743 suis

156 1749 325 1781 habebant,
359 1751 603 1789 consignationes
627 1761 771 1782 annorum
804 1752 951 1791 plurium,
988 1752 1207 1782 humanissime
1240 1763 1358 1782 mecum
1394 1754 1662 1787 communicarunt,
1697 1754 1809 1792 iisque,
1851 1754 1947 1783 donec
1980 1755 2018 1784 ad
2051 1761 2159 1785 metam

156 1795 289 1832 optatam
311 1792 396 1822 labor
417 1793 580 1832 perductus
603 1798 700 1828 esset,
724 1795 767 1823 uti
790 1805 838 1824 me
861 1794 941 1824 haud
965 1796 1049 1825 inviti
1072 1797 1282 1834 permiserunt.
1338 1795 1386 1825 Ex
1408 1795 1456 1825 his
1481 1796 1603 1825 honoris
1627 1805 1753 1830 caussa,
1788 1800 1819 1826 et
1850 1801 1884 1826 ut
1905 1799 2018 1836 posteri
2042 1800 2160 1837 gratitu-

157 1835 256 1865 dinem
281 1845 317 1864 se
339 1836 385 1864 eis
418 1836 531 1866 debere
564 1837 748 1875 intelligant,
783 1848 841 1867 non
865 1848 991 1876 possum
1015 1848 1073 1867 non
1104 1839 1256 1868 nominare
1279 1840 1360 1868 viros
1386 1838 1585 1868 Reverendos
1610 1843 1650 1870 A).
1685 1838 1906 1869 Mauritium
1940 1840 2158 1880 Hellingum

157 1882 188 1908 et
209 1878 253 1907 M.
277 1877 522 1908 Laurentium
544 1879 840 1915 Durnhoserum,
875 1885 906 1910 et
939 1881 1074 1910 doctrina
1107 1892 1142 1910 ac
1175 1883 1284 1911 virtute
1319 1885 1349 1911 et
1382 1892 1441 1911 usu
1475 1891 1572 1911 rerum
1605 1881 1794 1921 politicarum
1818 1883 2040 1913 ornatissimum
2064 1885 2157 1913 virum

156 1920 199 1951 Μ.
223 1920 418 1950 Matthiam
442 1921 670 1961 Schilerum,
694 1923 894 1962 Reipublicae
916 1923 1133 1963 Noribergensi
1157 1925 1194 1954 ab
1218 1924 1359 1964 epistolis
1383 1925 1610 1955 secretioribus.

361 1999 456 2029 Suum
479 2001 570 2030 etiam
593 2000 751 2040 ἐπιβάλλον
768 2004 856 2041 μέρος
880 2001 1006 2031 contulit
1039 2001 1078 2030 ad
1105 2001 1184 2030 hunc
1206 2001 1337 2031 laborem
1372 2002 1416 2030 vir
1449 2001 1684 2030 humanissimus
1719 2001 1885 2031 Andreas
1921 2002 2052 2037 Scato,
2086 2005 2158 2032 artis

155 2042 296 2072 Medicae
318 2042 431 2073 Doctor
452 2047 483 2073 et
505 2042 679 2077 Professor,
703 2044 754 2082 qui
778 2045 846 2073 anni
880 2045 1123 2083 quinquagesimi
1156 2045 1241 2083 primi
1276 2044 1505 2083 explicationem
1530 2043 1741 2083 philippicam,
1776 2049 1808 2074 ut
1830 2056 1897 2074 cuin
1921 2045 1990 2074 aliis
2009 2045 2157 2085 exempla-

155 2086 239 2114 ribus
263 2086 439 2119 conferrem,
461 2085 694 2125 perhumaniter,
718 2097 784 2116 cum
808 2087 1016 2125 VVitebergam
1036 2088 1202 2121 transirem,
1222 2098 1339 2117 mecum
1363 2088 1602 2116 communicavit.

360 2161 561 2197 Quamobrem
595 2163 738 2203 singulari
772 2163 831 2193 Dei
865 2164 1054 2204 providentia
1087 2163 1278 2193 adminiculis
1308 2165 1377 2193 istis
1412 2164 1588 2198 instructus,
1623 2165 1682 2193 etsi
1707 2164 1846 2193 dolebam
1869 2164 1984 2203 aliquot
2011 2175 2154 2194 annorum

118 2224 122 2228 -
153 2203 349 2243 Rhapsodias
372 2205 409 2233 ad
432 2215 549 2234 manum
574 2205 643 2235 mihi
667 2217 725 2236 non
749 2217 840 2241 esse,
871 2217 947 2246 quas
971 2207 1009 2236 ad
1032 2207 1260 2240 continuandam
1284 2207 1395 2236 seriem
1418 2217 1559 2236 annorum
1589 2207 1626 2235 ab
1650 2217 1726 2236 anno
1751 2207 1982 2246 quadragesimo
2006 2218 2094 2242 nono,
2119 2208 2157 2237 ad

153 2256 261 2276 annum
283 2248 507 2285 sexagesimum
541 2249 668 2278 invicem
701 2260 737 2279 se
771 2251 1023 2288 subsequentium
1048 2250 1157 2279 frustra
1185 2251 1222 2279 ab
1249 2249 1403 2288 aliquibus
1434 2250 1649 2288 requisiveram
1673 2250 1737 2288 (qui
1761 2249 1948 2279 collectanea
1971 2260 2029 2279 sua
2051 2251 2156 2280 nescio

153 2299 212 2328 quo
237 2290 364 2319 consilio
388 2300 523 2328 premere
545 2291 721 2327 maluerunt,
747 2302 835 2331 quam
859 2297 892 2322 ut
915 2292 963 2321 vel
983 2294 1040 2332 ipsi
1064 2293 1101 2322 ad
1125 2292 1273 2332 publicam
1298 2292 1452 2322 utilitatem
1489 2293 1536 2321 eis
1560 2296 1726 2326 uterentur,
1760 2291 1808 2321 vel
1832 2292 1911 2322 alios
1939 2293 1981 2322 uti
2006 2294 2154 2324 sinerent:

153 2332 270 2361 similes
294 2334 358 2362 cani
383 2333 425 2362 illi
449 2334 616 2372 Aesopico,
640 2336 690 2373 qui
713 2345 837 2375 corpore
860 2346 918 2364 suo
942 2340 1056 2365 stratus
1081 2337 1108 2364 in
1132 2337 1283 2375 praesepi,
1319 2346 1417 2374 neque
1452 2336 1519 2374 ipse
1553 2336 1637 2364 vesci
1672 2336 1760 2364 {oeno
1783 2339 1910 2373 poterat,
1935 2346 2036 2374 neque
2058 2346 2155 2374 equos

152 2380 203 2405 aut
226 2377 322 2406 boves
345 2386 382 2405 eo
406 2377 490 2415 pasci
514 2377 658 2416 sinebat).

356 2453 405 2482 Ne
428 2458 527 2482 tamen
552 2453 676 2483 aliorum
700 2464 841 2484 annorum
865 2456 1110 2495 consignationes
1129 2458 1242 2485 temere
1266 2456 1426 2495 accepisse
1449 2457 1486 2485 ab
1511 2456 1616 2484 amicis
1639 2455 1765 2490 viderer,
1785 2453 1852 2484 Deo
1872 2455 2012 2489 ducente,
2035 2464 2152 2483 manum

152 2495 272 2525 tandem
296 2497 378 2535 operi
402 2496 532 2531 admovi,
557 2497 647 2535 idque
671 2496 752 2527 horis
764 2499 938 2534 succisivis,
964 2509 1040 2538 quas
1064 2498 1237 2538 impendere
1257 2498 1327 2528 huic
1350 2498 1444 2528 labori
1469 2497 1569 2531 malui,
1589 2507 1675 2536 quam
1696 2497 1854 2536 polemicis
1873 2498 1996 2537 scriptis
2016 2497 2153 2537 pluribus

153 2537 349 2573 adornandis,
385 2539 413 2567 in
436 2543 518 2568 tanta
540 2539 778 2570 adversariorum
801 2542 936 2571 veritatis
959 2543 1052 2576 rabie,
1088 2552 1147 2581 qua
1181 2541 1319 2580 exemplo
1351 2551 1458 2580 caprae
1488 2541 1641 2570 efferentis
1666 2550 1702 2569 se
1724 2544 1846 2580 propter
1869 2540 1926 2569 loci
1950 2541 2153 2575 securitatem,

152 2585 183 2610 et
204 2580 285 2610 leoni
307 2580 476 2621 petulanter
497 2592 532 2611 ac
555 2582 774 2612 contumeliose
797 2584 978 2614 insultantis.
1002 2584 1096 2614 multo
1120 2595 1197 2614 nunc
1215 2585 1317 2614 studio
1337 2584 1458 2617 habent,
1482 2583 1651 2623 petulanter
1674 2584 1828 2613 incessere
1852 2583 1931 2613 alios
1955 2593 2052 2622 neque
2076 2583 2153 2611 vivis

150 2628 321 2661 parcentes,
345 2634 444 2663 neque
467 2626 600 2654 mortuis.
1925 2667 1947 2693 a

357 2692 503 2711 xnmxrfl.
518 2692 598 2711 OPER.
615 2692 676 2711 VOL.
686 2693 764 2711 XXIV.
