2324 2958
238 215 300 247 ΒΜ

237 317 335 340 cesse
362 312 415 339 est
440 306 517 337 sciri
545 305 716 337 historiam
745 315 878 344 eorum,
913 305 968 347 qui
995 302 1209 346 praefuerunt

236 360 346 382 rerum
376 349 663 387 administrationi:
696 348 752 380 Sic
779 349 1030 390 praecipuorum
1054 346 1209 378 luminum

237 392 411 424 Ecclesiae
433 391 571 423 historia
593 391 735 423 tenenda
757 397 827 426 est,
857 398 992 433 propter
1020 391 1123 430 ipsam
1146 388 1209 419 Ec-

237 435 383 467 clesiam.
427 434 533 476 Ipsius
564 444 643 465 vero
671 432 843 465 Ecclesiae
871 439 1029 475 perpetua
1058 432 1207 469 historia,

237 484 392 520 quantum
416 478 494 508 sciri
516 483 637 520 potest,
656 483 790 519 propter
819 476 880 508 has
912 485 1032 507 causas
1058 474 1209 506 conside-

237 522 342 553 randa
365 526 426 552 est.

324 563 467 594 Primum
503 569 538 594 ut
572 563 637 604 sitj
651 562 866 593 testimonium
900 562 941 591 de
973 560 1038 590 hoc
1069 557 1209 591 articulo

237 605 404 649 Symboli3
437 607 541 639 Credo
569 607 744 638 Ecclesiam
773 609 915 636 sanctam
941 604 1147 642 Catholicam,
1176 603 1209 634 id

237 656 301 688 est,
326 649 436 681 Credo
457 659 562 691 genus
586 649 760 680 humanum
783 648 857 678 ideo
882 646 1046 677 conditum
1076 654 1153 677 esse
1175 651 1210 677 et

237 693 431 725 conservari
455 703 472 722 a
497 691 583 729 Deo,
606 698 639 722 ut
665 691 739 721 inde
768 688 943 730 colligatur
971 686 1040 719 filio
1062 687 1127 719 Dei
1157 698 1209 719 ae-

237 742 331 767 terna
354 735 558 767 haereditas:
583 734 659 764 leem
683 733 791 764 Credo
814 730 901 762 illam
926 741 1003 762 esse
1025 730 1209 762 Ecclesiam

237 789 367 816 veram,
397 778 649 809 discernendam
679 777 720 806 ab
751 774 823 805 aliis
853 775 1006 815 gentibus
1035 780 1068 804 et
1095 775 1209 813 sectis,

237 831 322 863 quae
345 821 527 852 doctrinam
552 819 682 859 scriptis
707 817 944 858 Prophetarum
974 822 1005 847 et
1028 815 1209 858 Apostolo-

236 875 308 896 rum
331 863 616 904 comprehensam,
640 859 857 901 amplectitur,
880 859 1062 901 profitetur,
1085 866 1208 891 etaeon-

237 917 374 938 servare
405 917 444 937 ac
474 913 660 947 propagare
689 903 799 933 studet
829 903 1060 943 incorruptam.
1109 901 1210 933 Deni-

237 959 301 992 que
325 950 424 981 credo
449 958 579 989 semper
602 957 688 983 e-sc,
712 953 742 976 et
768 952 927 986 perpetuo
943 955 1048 986 usque
1066 946 1108 976 ad
1132 956 1210 977 con-

237 993 487 1024 summationem
511 987 636 1021 saeculi
661 987 758 1019 talem
782 987 854 1019 sore
882 988 914 1019 in
943 989 1040 1019 terris
1064 987 1210 1020 Ecclesi-

237 1045 301 1072 am,
324 1042 353 1065 et
378 1033 463 1065 hanc
494 1031 684 1063 mirabiliter
712 1032 919 1070 conservari,
951 1032 1040 1073 regi,
1066 1031 1210 1073 protegi,

236 1079 322 1109 inter
343 1084 391 1107 tot
415 1077 548 1107 insidias
572 1073 801 1113 Diabolorurn,
826 1075 910 1106 inter
939 1081 1050 1105 tantos
1078 1073 1210 1105 furores

237 1118 460 1160 multiplicium
493 1118 651 1155 hostium,
682 1118 766 1149 inter
796 1123 843 1149 tot
873 1123 905 1148 et
934 1122 1026 1148 tanta
1052 1115 1210 1158 pericula,

236 1163 320 1194 inter
355 1161 567 1193 confusiones
601 1161 810 1192 tristissimas
844 1159 940 1192 huius
980 1160 1084 1198 vitae,
1124 1161 1211 1191 inter

236 1205 348 1237 ruinas
371 1205 588 1247 imperiorum.

325 1248 414 1279 Haec
438 1254 488 1278 est
511 1257 631 1287 magna
649 1252 681 1278 et
703 1246 895 1277 necessaria
923 1256 1027 1277 causa
1059 1245 1210 1276 conside·

238 1292 374 1323 rationis
399 1290 555 1321 historiae
579 1289 768 1327 Ecclesiae,
798 1295 830 1319 et
858 1289 1004 1330 quotidie
1033 1289 1210 1329 cogitanda

237 1336 268 1365 in
292 1334 511 1365 invocatione.
556 1332 726 1364 Debemus
749 1341 947 1373 agnoscere,
970 1332 1059 1373 quod
1081 1332 1124 1362 sit
1153 1329 1211 1361 ali-

237 1387 301 1419 qua
323 1375 476 1407 Ecclesia
507 1374 613 1407 electa
637 1376 787 1406 omnibus
817 1375 1035 1415 temporibus,
1063 1379 1096 1405 et
1126 1383 1211 1414 quae

237 1421 280 1451 sit
302 1418 371 1457 illa,
395 1425 427 1450 et
449 1419 537 1460 quod
561 1419 604 1449 sit
624 1428 778 1449 mansura
800 1428 904 1458 usque
928 1418 971 1448 ad
989 1415 1210 1448 universalem

235 1469 438 1494 mortuorum
461 1462 738 1493 resurrectionem
762 1471 821 1491 seu
844 1470 952 1501 usque
973 1460 1016 1491 ad
1039 1460 1123 1490 diem
1138 1458 1211 1490 ulti-

237 1507 280 1537 mi
302 1506 422 1537 iudicii.

323 1548 478 1580 Secunda
503 1557 605 1578 causa
627 1551 690 1584 est,
720 1552 757 1577 ut
781 1546 1010 1577 exuscitentur
1036 1544 1133 1576 animi
1167 1544 1210 1574 ad

237 1592 416 1634 gratiarum
438 1591 618 1627 actionem,
649 1589 737 1631 quod
766 1598 804 1620 se
832 1587 1004 1629 patefecit,
1035 1588 1124 1628 quod
1154 1588 1211 1618 do-

236 1635 374 1666 ctrinam
409 1644 501 1665 suam
535 1633 685 1670 tradidit,
720 1632 808 1674 quod
838 1642 969 1673 semper
999 1630 1127 1672 colligit
1149 1630 1212 1661 sibi

238 1683 370 1710 coetum
392 1676 546 1718 aliquem,
569 1685 707 1717 eumque
730 1683 918 1712 conservat,
949 1675 1125 1716 gubernat,
1157 1673 1212 1704 (le-

237 1719 352 1760 rendit,
371 1726 403 1750 et
426 1720 566 1750 subinde
590 1719 748 1749 instaurat
770 1729 810 1749 ac
834 1724 970 1749 renovat
998 1716 1213 1748 ministerium

238 1762 431 1804 Evangelii,
466 1768 498 1793 et
532 1771 632 1803 saepe
673 1762 886 1792 obscuratam
923 1759 1030 1792 lucem
1065 1759 1212 1791 veritatis

240 1805 395 1838 coelestis
425 1815 544 1836 rursus
573 1804 742 1841 accendit,
778 1804 887 1834 missis
918 1809 949 1835 et
979 1803 1130 1835 excitatis
1161 1812 1213 1833 or·

239 1849 335 1892 ganis
355 1848 493 1886 idoneis,
512 1858 597 1889 quae
619 1847 661 1877 ad
686 1846 849 1888 Ephesios
873 1857 946 1887 cap.
968 1846 999 1877 4.
1023 1845 1213 1877 nominatim

239 1898 472 1923 recensentur:
502 1892 650 1922 Ascendit
671 1893 704 1921 in
727 1893 839 1928 allum,
869 1894 1024 1929 captiv-am
1046 1890 1142 1920 dum
1161 1898 1214 1919 ca-

236 1939 429 1976 ptitilatem.
453 1935 541 1965 dedit
561 1935 645 1964 dmm
668 1934 860 1967 hominebus,
885 1935 965 1964 alios
988 1933 1114 1972 quidem
1137 1933 1215 1969 Pro-

236 1979 361 2019 phetas,
384 1979 464 2008 alios
486 1978 662 2017 Apostolos,
685 1979 766 2007 alios
790 1977 1024 2014 Ertmffelislas,
1053 1977 1136 2006 alios
1155 1975 1214 2005 Pa-

240 2025 352 2059 stores,
375 2022 455 2051 allos
477 2022 630 2057 doctores,
654 2024 688 2050 u!
708 2020 895 2057 aedificetur
917 2028 1033 2058 corpus
1045 2019 1215 2056 Ecclesiae,

241 2068 272 2095 et
294 2073 332 2093 ne
353 2063 489 2104 quolibet
511 2067 604 2093 tronto
626 2062 796 2092 ‹ioco-u‘mm
818 2059 1094 2100 circums'cramur.

327 2105 362 2136 ln
397 2106 492 2137 huius
524 2115 646 2136 causae
676 2105 940 2135 consideratione
975 2103 1089 2135 lactari
1118 2103 1216 2133 debe-

241 2159 328 2186 mus,
351 2159 425 2180 cum
449 2149 632 2184 cernimus,
657 2158 740 2188 quac
764 2154 794 2178 et
814 2148 868 2178 ubi
888 2146 984 2177 suerit
1003 2157 1082 2177 vera
1103 2145 1216 2177 Eccle-

242 2193 304 2230 sia,
328 2198 359 2222 et
385 2202 457 2222 cum
482 2191 699 2222 discernimus
724 2190 893 2221 doctrinae
917 2200 1033 2230 genua,
1058 2189 1145 2230 quod
1166 2194 1217 2219 ost

242 2233 414 2266 Ecclesiae
448 2235 633 2275 proprium,
672 2233 712 2263 ab
748 2234 938 2273 imposturis
972 2239 1002 2264 et
1038 2232 1217 2263 mendaciis

243 2277 380 2309 aliarum
404 2283 577 2308 sectarum.
609 2276 686 2307 ltetn
706 2276 864 2307 ‹lt-bemus
883 2274 1009 2312 lactari,
1033 2276 1120 2316 quod
1141 2285 1217 2305 con-

243 2327 396 2351 servatur
423 2319 593 2357 Ecclesia,
627 2325 658 2349 et
689 2319 777 2360 quod
808 2328 870 2349 nos
901 2319 997 2349 etiam
1027 2328 1140 2349 sumus
1164 2328 1217 2348 vo-

244 2364 307 2395 cati
331 2363 371 2394 ad
395 2364 586 2394 societatem
610 2360 792 2393 Ecclesiae.

331 2406 461 2437 Debent
487 2407 517 2437 in
543 2406 638 2437 nobis
661 2415 737 2435 osse
761 2404 883 2434 assidui
903 2404 1056 2443 gemitus,
1077 2413 1138 2445 pro
1159 2403 1218 2434 Ec-

245 2447 366 2480 clesiae
396 2449 651 2490 propagatione,
685 2454 716 2477 ct
745 2457 803 2487 pro
834 2448 938 2477 nostri
973 2447 1070 2477 ctiam
1101 2448 1218 2487 gnber-

246 2493 393 2528 natione,
429 2493 482 2532 ηυξ
517 2501 629 2523 sumus
664 2491 810 2521 membra
840 2488 1022 2521 Ecclesiae.
1073 2490 1218 2521 Subinde

246 2535 295 2566 nic
319 2535 516 2575 cogitemus:
551 2535 626 2575 Ago
651 2534 707 2564 tibi
731 2534 856 2572 gratias
880 2539 1012 2563 aeterne
1032 2532 1135 2571 Deus,
1161 2533 1219 2564 Ρη-

245 2582 296 2609 tet·
325 2577 455 2608 Domini
485 2579 589 2609 nostri
619 2577 691 2608 lesu
716 2577 854 2613 Christi,
884 2575 1043 2606 Conditor
1073 2574 1157 2606 coeli
1188 2581 1220 2606 ot

247 2628 366 2652 terrac.
390 2627 420 2651 et
443 2619 611 2651 tim-tesim-
636 2626 721 2657 tuac,
744 2630 809 2650 una
829 2629 901 2650 cum
921 2617 986 2648 titio
1005 2625 1072 2655 tuo,
1096 2626 1128 2649 et
1147 2619 1219 2659 Spi-

247 2664 310 2695 ritu
333 2669 462 2701 sancto,
487 2664 574 2704 quod
598 2668 629 2694 tc
652 2661 849 2704 patefecisti.
872 2662 960 2703 qnod
984 2662 1099 2692 misisti
1121 2660 1219 2692 tilium

881 210 996 243 PmL.
1018 209 1119 243 MEL.
1142 209 1329 243 SCRIPTA
1350 207 1612 242 EXEGETICA.

1260 308 1350 334 tuum
1368 302 1546 335 Dominum
1563 310 1715 336 nostrum
1732 304 1839 336 lesum
1857 303 2036 344 Christum,
2060 306 2150 348 quod
2168 306 2237 339 coh

1259 344 1336 387 lig-is
1359 351 1391 377 et
1412 355 1531 377 servas
1553 345 1751 386 Ecclesiam,
1774 348 1863 390 quod
1886 359 1937 380 me
1961 349 2088 381 vocasti
2110 349 2153 380 ad
2174 348 2237 382 Ec-

1261 387 1383 420 clesiae
1404 389 1616 421 societatem:
1651 389 1775 428 Tuere,
1805 400 1900 432 rege,
1931 401 2030 422 serva
2051 390 2139 423 hunc
2162 402 2236 424 cot>

1261 438 1346 469 tum,
1367 431 1527 463 Accende
1548 432 1583 463 in
1605 433 1706 464 corde
1727 442 1801 464 meo
1823 443 1936 465 veram
1958 432 2080 472 lucem,
2101 439 2136 465 et
2157 444 2237 477 rege

1260 484 1312 506 me
1336 475 1459 516 Spiritu
1480 479 1608 506 sancto.

1347 517 1440 548 Haec
1458 517 1602 559 quotidie
1619 519 1652 549 in
1671 519 1850 561 gratiarum
1868 519 1998 550 actione
2018 529 2099 561 erga
2116 518 2236 558 Deum,

1261 565 1294 592 et
1316 560 1348 591 in
1370 561 1525 601 precibus
1548 562 1672 593 nostris
1696 564 1846 603 repetere
1868 562 2034 593 debemus.

1346 602 1455 634 Tertia
1485 613 1587 635 causa
1618 605 1795 646 discendae
1829 610 1862 635 et
1895 605 2157 636 considerandae
2189 603 2236 636 hi-

1261 645 1385 676 storiae
1407 644 1578 678 Ecclesiae
1601 653 1664 686 est,
1687 654 1722 679 ut
1745 647 1956 678 confirmetur
1978 647 2010 678 in
2034 647 2130 678 nobis
2153 646 2236 679 fides

1262 688 1302 719 de
1326 688 1521 720 certitudine
1544 690 1733 728 doctrinae,
1756 700 1852 732 quam
1874 689 2082 731 profitemur,
2104 690 2236 732 qnando

1262 731 1427 769 videmus,
1456 741 1516 773 per
1538 742 1622 774 quos
1645 734 1687 764 sit
1709 733 1859 764 doctrina
1888 738 2090 774 propagata,
2117 733 2236 774 quibus

1261 774 1457 805 testimoniis
1487 774 1607 806 sinouli
1637 776 1741 807 ornati
1772 774 1910 812 suerint,
1943 775 2032 817 quod
2066 775 2237 806 doetrinae

1261 827 1368 859 genus
1392 800 1665 857 circumtulerint,
1697 829 1793 860 quem
1823 818 1959 860 gradum
1982 818 2168 849 vocationis
2193 823 2238 849 t&

1260 861 1406 891 nuerint:
1440 861 1606 901 quomodo
1633 870 1718 902 pene
1747 862 1902 893 conttnua
1935 861 2111 892 successio
2139 859 2238 891 suerit

1262 903 1433 934 doctorum
1457 901 1642 934 Ecclesiae.

1349 945 1447 987 Apud
1477 944 1690 977 Salomonem
1718 945 1839 988 legitm·
1868 947 1901 977 in
1932 945 2097 977 Canticis:
2131 944 2237 976 Recto-

1261 987 1342 1019 sz’am
1370 988 1555 1019 ordinatum
1584 998 1668 1026 esse,
1697 992 1732 1020 ut
1761 993 1941 1020 castrorum
1971 989 2056 1019 acies
2083 988 2239 1019 ordinatu

1262 1034 1318 1062 est.
1364 1029 1452 1061 Nihil
1474 1031 1644 1073 pulchrius
1668 1038 1736 1069 est,
1758 1032 1919 1062 instructa
1941 1032 2011 1062 acic
2036 1029 2182 1068 militari,
2206 1031 2238 1062 in

1262 1083 1327 1115 qua
1351 1073 1469 1105 milites
1491 1073 1611 1117 singuli
1637 1075 1823 1106 consistunt
1845 1083 1906 1105 suo
1929 1073 2022 1104 loco:
2057 1073 2113 1105 Sic
2137 1083 2238 1115 quan·

1262 1126 1359 1158 quam
1388 1115 1540 1149 Ecclesia
1573 1116 1647 1148 aliis
1679 1123 1779 1158 atque
1805 1115 1878 1148 aliis
1905 1117 2124 1157 tempotum,
2157 1114 2238 1147 soris

1260 1159 1345 1192 alias
1367 1159 1567 1202 squalidior,
1589 1158 1672 1191 alias
1695 1161 1803 1191 minus
1826 1157 1985 1191 deformis
2007 1165 2163 1200 apparet,
2192 1164 2238 1189 ta-

1261 1212 1335 1234 men
1365 1213 1438 1234 cum
1467 1204 1719 1234 considerantur
1749 1201 1872 1233 lumina
1893 1200 2085 1239 Ecclesiae,
2114 1201 2146 1232 id
2175 1208 2240 1239 est,

1262 1246 1419 1278 doctores
1453 1246 1620 1287 praecipui
1657 1246 1800 1276 omnium
1838 1251 2037 1284 temporum,
2075 1252 2104 1275 et
2145 1245 2239 1285 qmsi

1263 1299 1384 1330 corpus
1404 1296 1507 1320 totum
1526 1287 1710 1326 Ecclesiae,
1733 1289 1810 1319 inde
1828 1297 1933 1329 usque
1953 1288 1995 1318 ab
2018 1287 2108 1318 initio
2129 1286 2240 1319 mundi

1261 1333 1305 1363 ad
1333 1338 1483 1363 nostram
1511 1337 1671 1369 aetatem,
1705 1331 1814 1362 animo
1844 1330 2032 1368 subiicitur,
2063 1339 2141 1361 vere
2167 1327 2239 1372 pul·

1262 1374 1376 1406 chrum
1400 1381 1450 1405 est
1473 1372 1709 1416 spectaculum.

1348 1416 1479 1448 Deinde
1501 1424 1536 1448 ut
1558 1417 1591 1447 in
1614 1414 1808 1457 praeliando
1831 1413 1891 1452 illi,
1913 1415 1968 1455 qui
1987 1420 2063 1445 sunt
2082 1415 2115 1445 in
2133 1414 2238 1455 prima

1262 1461 1346 1498 acie,
1369 1460 1463 1501 primi
1488 1459 1654 1491 dimicant:
1679 1468 1753 1489 cum
1772 1467 1853 1488 vero
1875 1455 1996 1497 aliquis
2019 1466 2060 1487 ex
2082 1457 2123 1487 iis
2141 1457 2241 1493 cadit,

1263 1513 1338 1534 mox
1362 1504 1393 1534 in
1417 1503 1488 1534 eius
1511 1501 1621 1533 iocum
1645 1499 1729 1532 alter
1751 1499 1918 1535 succedit,
1947 1508 1989 1530 ex
2016 1498 2165 1530 secundo
2188 1507 2241 1529 or-

1264 1547 1351 1584 dine,
1374 1545 1464 1577 velut
1486 1546 1518 1576 in
1536 1545 1644 1586 ipsum
1663 1543 1838 1585 vestigium
1855 1541 1976 1583 prioris
1994 1541 2171 1573 insistens:
2192 1541 2242 1572 sic

1263 1594 1424 1630 perpetua
1446 1593 1478 1619 et
1500 1587 1595 1630 quasi
1619 1587 1809 1618 continuata
1837 1585 1944 1616 series
1974 1591 2025 1616 est
2054 1583 2242 1616 successio-

1263 1633 1316 1663 nis
1339 1631 1511 1663 doctorum
1539 1636 1573 1662 et
1600 1630 1858 1671 gubernatorum
1881 1625 2072 1665 Ecclesiae,
2100 1626 2243 1659 subinde

1264 1675 1440 1707 submissis
1464 1679 1497 1705 et
1519 1673 1704 1704 substitutis
1727 1670 1801 1702 aliis
1823 1677 1923 1712 atque
1945 1669 2018 1701 aliis
2037 1670 2070 1701 in
2088 1668 2165 1701 loca
2182 1678 2243 1701 su

1264 1718 1406 1759 vestigia
1432 1727 1562 1754 eorum,
1593 1717 1648 1757 qui
1676 1714 1829 1746 divinitus
1861 1714 1988 1745 evocati
2017 1719 2173 1755 tanquam
2201 1712 2242 1744 de

1265 1761 1408 1793 statione
1430 1770 1492 1791 sua
1515 1759 1741 1790 decesserunt.

1351 1803 1386 1834 ln
1409 1801 1519 1834 locum
1542 1802 1636 1842 primi
1658 1799 1806 1842 parentis
1828 1798 1935 1836 Adae,
1960 1797 2104 1829 extincto
2124 1796 2243 1836 Abele,

1265 1846 1417 1879 succedit
1444 1844 1536 1882 Seth.
1581 1844 1631 1875 Ex
1660 1843 1757 1874 huius
1785 1842 1929 1883 posteris
1963 1841 2147 1873 succedunt
2178 1841 2243 1872 sit-t

1265 1890 1405 1921 invicem
1423 1887 1552 1925 Enoch,
1575 1884 1808 1923 mathusalem,
1830 1883 1938 1916 Noah.
1983 1883 2086 1916 Cuius
2109 1892 2244 1915 succe&

1265 1942 1363 1964 sores
1385 1937 1462 1972 post
1485 1929 1640 1962 dtluw'um
1662 1927 1794 1961 suerunt
1817 1928 1909 1965 Sem,
1938 1928 1992 1968 qui
2016 1933 2047 1958 et
2070 1924 2244 1958 Melchiso

1267 1974 1353 2007 deck
1376 1980 1507 2015 putatur
1528 1983 1620 2009 esse,
1645 1971 1830 2008 Abrabam,
1854 1971 1964 2007 isaac,
1986 1969 2103 2001 lncob.
2126 1969 2244 2002 deinde

1266 2024 1377 2059 putres
1400 2018 1431 2048 in
1451 2017 1618 2058 Aegypto,
1641 2022 1672 2046 et
1696 2025 1734 2045 ex
1755 2013 1806 2045 bis
1826 2012 1945 2054 loseph
1963 2014 1995 2044 in
2014 2013 2138 2054 primis,
2163 2010 2244 2044 Post

1267 2061 1361 2092 cuius
1383 2065 1534 2097 mortem,
1557 2069 1630 2090 cum
1650 2056 1821 2088 tsx-nelitae
1843 2058 1924 2088 dura
1943 2056 2102 2087 servitute
2118 2065 2244 2097 prem

1268 2109 1380 2135 rentur
1402 2103 1434 2133 in
1458 2103 1625 2143 Aegypto,
1649 2102 1813 2131 excitatur
1830 2099 1956 2130 Moses.
2003 2098 2087 2130 Huic
2110 2107 2244 2130 succe>

1270 2147 1311 2177 sit
1335 2146 1448 2182 losuc‚
1472 2143 1623 2182 Samuel,
1647 2143 1775 2180 David,
1798 2142 1902 2174 Elias.
1924 2140 2091 2177 Elisacus,
2115 2140 2245 2179 Esaia,

1269 2189 1460 2224 Hieremias,
1482 2187 1612 2225 Daniel,
1631 2186 1802 2228 AggaeuS,
1821 2183 2013 2216 malachias.
2041 2183 2155 2215 Secuti
2171 2189 2246 2215 sunt

1269 2232 1479 2268 Maccabaei,
1509 2236 1583 2271 post
1608 2240 1746 2272 quorum
1770 2235 1931 2264 aetutem,
1963 2225 2145 2258 intersectis
2167 2223 2244 2258 mu}

1269 2275 1312 2307 tis
1335 2275 1488 2306 senibus.
1521 2273 1611 2304 Deus
1640 2272 1797 2305 excitavit
1819 2271 2021 2307 Simeonem,
2051 2268 2246 2301 Zachariam

1269 2324 1394 2360 patrem
1424 2317 1610 2356 Baptistae,
1644 2323 1677 2347 et
1710 2313 1804 2346 alios.
1850 2314 1898 2345 lta
1931 2322 2079 2355 semper,
2113 2310 2183 2344 fere
2212 2312 2246 2343 in

1270 2361 1385 2392 endem
1420 2361 1561 2401 vestigia
1594 2364 1829 2390 successerunt
1863 2355 1980 2398 aliqui,
2020 2365 2160 2397 quorum
2190 2353 2246 2387 affl

1270 2404 1401 2435 inerunt
1425 2404 1454 2433 in
1479 2403 1658 2433 maioribus
1678 2399 1942 2434 difficultatibus.
1964 2397 2018 2430 ulii
2037 2397 2137 2440 paulo
2157 2404 2245 2429 tran-

1270 2445 1452 2489 quilliorem
1478 2445 1747 2486 gubernationem
1770 2448 1954 2474 tenuerunt.

1358 2489 1391 2520 ln
1411 2500 1498 2519 novo
1516 2487 1728 2519 Tosmnwmo
1743 2485 1904 2517 lohannes
1918 2485 2067 2525 Baptista
2084 2489 2136 2514 ent
2152 2492 2246 2525 pm

1271 2543 1389 2564 cursor
1413 2531 1554 2563 Domini.
1600 2530 1682 2562 Tum
1706 2529 1859 2560 (hristus
1886 2529 1955 2569 ipse
1985 2527 2116 2559 indutus
2147 2535 2246 2557 cum

1271 2575 1306 2606 iit
1331 2581 1425 2617 caput
1452 2575 1619 2605 ministerii
1648 2571 1796 2605 visibilis.
1844 2571 1905 2602 llic
1935 2571 2028 2602 mittit
2054 2571 2078 2599 A
2127 2566 2247 2605 stolon.

1271 2628 1356 2660 quos
1379 2619 1484 2648 sci-uti
1507 2623 1583 2648 sunt
1607 2615 1708 2658 longa
1730 2616 1816 2646 serie
1839 2614 1994 2645 doctores
2023 2619 2055 2644 et
2093 2611 2247 2653 'pt-eo*

1272 2661 1437 2702 ignatius,
1472 2659 1698 2701 Polycarpum,
1733 2658 1906 2694 irenaeus,
1944 2656 2129 2697 Gregorius
2161 2653 2246 2685 Neo·
