2324 2958
168 147 229 179 507

169 241 210 272 de
244 239 446 278 concordia,
484 245 516 271 et
556 238 695 272 divinae.
751 229 961 281 Experientia
994 239 1137 272 ostendit

168 283 319 314 omnibus
359 280 562 319 hominibus,
608 282 820 314 concordiam
858 281 1026 314 meliorem
1061 281 1166 312 esse²

169 325 325 357 dissidiis.
381 324 450 357 Sed
480 334 547 356 vox
580 323 690 358 divina
711 325 802 357 addit
822 325 1073 367 promissionem
1097 324 1138 355 de

167 368 353 410 praesentia
374 373 406 399 et
427 365 550 400 auxilio
571 366 646 400 Dei.

255 410 362 446 Quom
385 410 489 442 tristis
511 409 643 442 laniena
664 416 728 448 est,
751 410 884 452 quando
907 409 938 447 ii,
970 409 1024 450 qui
1046 417 1140 450 prae-

168 458 247 485 sunt
278 452 513 495 Reipublicae,
555 459 654 484 ruunt
698 454 730 485 in
764 459 908 484 mutuam
950 451 1138 492 perniciem.

168 496 256 527 Ante
278 496 412 528 biduum
441 495 574 528 suerunt
603 496 679 527 anni
704 495 805 533 1602,
840 505 913 526 cum
946 492 1138 525 interfectus

169 545 219 570 est
237 536 337 571 lulius
351 537 490 577 Caesar,
514 538 598 574 Quia
620 539 684 570 iam
707 544 758 570 est
775 547 881 569 annus
894 535 1015 568 Christi
1042 536 1140 573 15603

168 587 220 613 est
251 587 361 614 autem
394 580 547 614 Christus
579 588 677 613 natus
710 591 797 612 anno
819 579 962 621 Augusti
992 579 1057 617 42„
1093 581 1140 610 in-

170 623 322 656 choando
355 634 463 656 annos
495 635 516 656 a
544 634 626 659 nece
660 623 730 655 Iulii
764 623 928 654 Caesaris.
983 621 1056 654 Hos
1084 632 1141 653 an-

169 677 230 699 nos
254 667 319 705 42„
342 668 370 698 si
394 667 498 699 addas
521 667 687 708 praesenti
719 677 807 698 anno
830 664 970 702 Christi,
1002 665 1141 696 habebis

167 720 275 741 annos
295 709 389 742 1602.
445 709 527 741 Post
550 719 665 741 necem
698 707 766 740 lulii
796 707 904 750 qualis
933 708 1039 739 extitit
1061 717 1140 739 con-

168 751 255 785 fusio
287 752 433 785 Romae!
489 752 674 790 Antonius,
715 751 878 792 Lepidus,
912 756 945 782 et
979 750 1141 782 Octavius

169 796 407 828 coniunxerunt
439 805 478 828 se
512 800 628 828 contra
662 795 837 826 Senatumz
871 791 926 825 alii
949 799 1077 831 contra,
1106 799 1142 825 ut

167 838 315 877 Brutus,
359 838 518 877 Cassius,
564 843 798 880 oppugnarunt
832 835 915 868 illos-

168 881 285 923 inquit:

983 835 1141 867 Lucanus

296 942 367 974 Alta
384 942 499 973 sedem
517 943 619 973 cubilis
641 942 772 972 vulnera
793 940 936 971 dextrae.

168 1009 260 1042 Haec
282 1007 434 1052 intelligit
456 1015 487 1041 et
510 1009 600 1041 videt
622 1009 715 1040 ratio.
761 1008 828 1040 Sed
851 1017 917 1038 non
940 1007 1075 1048 respicit
1098 1008 1138 1039 ad

168 1051 289 1091 Deum,
321 1058 491 1084 auctorem
525 1051 736 1089 concordiae,
771 1056 804 1082 et
832 1060 944 1082 eorum
968 1051 1141 1088 bonorum,

168 1105 254 1137 quae
295 1095 504 1127 concordiam
542 1101 734 1136 sequuntur.
801 1093 879 1125 ltem
918 1103 983 1124 non
1018 1093 1141 1134 cogitat

169 1139 354 1170 discordias
388 1148 465 1170 esse
499 1147 626 1180 poenas
659 1137 799 1173 divinas,
834 1142 865 1168 et
899 1135 960 1167 has
984 1135 1141 1168 cumulari

169 1179 336 1255 Γιιῐὸτὶῧιιιε
369 1180 552 1219 hominum,
586 1181 638 1222 qui
673 1180 855 1212 immediate
889 1178 1142 1220 proficiscuntur

167 1233 187 1254 a
242 1223 317 1255 iabo
333 1234 363 1255 ο.

257 1388 295 1428 D
310 1403 331 1428 e
375 1387 669 1428 discrimine
714 1394 1050 1442 peccatorum.

253 1478 406 1512 Christus
435 1478 491 1511 hic
511 1478 628 1520 inquit:
666 1479 726 1516 Qui
750 1479 878 1511 dte-mx
903 1479 1140 1518 blawhemiam,

166 1533 230 1556 non
252 1526 432 1555 remittetur
453 1525 492 1554 ei.
525 1521 610 1554 Hinc
627 1522 786 1563 sequitur,
810 1521 1041 1562 distinguenda
1063 1530 1140 1552 esse

167 1572 314 1608 peccata.
348 1565 529 1607 Repetatur
549 1571 659 1597 autem
677 1565 814 1606 primum
831 1563 968 1606 puerilis
991 1564 1140 1596 doctriua

167 1610 208 1641 de
232 1609 419 1650 speciebus,
442 1617 502 1640 seu
525 1607 684 1650 gradibus
706 1608 847 1649 peccati.

417 1773 524 1824 Quid
557 1781 619 1815 est
651 1774 891 1828 peccatum?

256 1865 313 1897 Est
335 1866 491 1907 quidquid
514 1871 565 1897 est
589 1871 704 1896 contra
726 1863 834 1906 legem
853 1863 928 1895 Dei.

542 2030 764 2085 Distingue.

255 2121 353 2155 Aliud
389 2128 441 2155 est
475 2121 654 2164 originale,
686 2120 773 2153 aliud
808 2119 949 2152 actuale.
1017 2117 1144 2151 Deinde

168 2165 318 2199 Actualia
358 2164 424 2197 alia
461 2172 538 2197 sunt
571 2167 640 2198 Non
684 2170 796 2197 contra
827 2166 1070 2203 conscienciam,
1110 2168 1145 2194 ut

168 2208 255 2241 mala
278 2209 445 2247 interiora,
478 2207 614 2240 multum
643 2207 794 2249 caliginis
828 2214 860 2239 et
893 2206 1144 2243 dubitationum,

169 2259 308 2294 peccata
326 2251 548 2294 ignorantiae,
578 2257 611 2282 et
634 2251 835 2288 omissionis
863 2259 986 2291 pravae
1009 2247 1143 2280 inclina-

169 2297 288 2334 tiones,
311 2295 461 2328 ssammae
484 2293 660 2326 multorum
683 2293 870 2331 affectuum,
893 2293 1013 2334 quibus
1036 2298 1142 2323 tamen

168 2345 351 2380 repugnant
382 2338 488 2370 sancti
512 2338 654 2378 Spiritu,
688 2337 868 2369 retinentes
896 2336 1045 2367 timorem
1069 2333 1143 2371 Dei,

170 2382 280 2420 fidem,
304 2388 337 2413 et
358 2382 608 2414 invocationem.
651 2379 726 2413 Ana
749 2386 824 2413 sunt
847 2383 961 2412 contra
982 2381 1144 2409 conscien-

169 2429 260 2456 tiam:
285 2425 416 2466 quando
439 2422 558 2465 aliquis
582 2424 693 2456 sciens
715 2430 748 2455 et
770 2422 886 2455 volens
910 2420 1011 2453 w‘olat
1036 2419 1141 2461 legem
1169 2431 1172 2439 ·

170 2467 250 2499 Dei:
284 2474 318 2499 ut
353 2466 461 2498 David
496 2468 607 2499 sciens
641 2473 672 2498 et
707 2465 823 2498 volens
852 2465 936 2506 rapit
968 2464 1142 2504 coniugem

169 2510 317 2543 alterius.
372 2510 438 2541 Scit
471 2511 658 2542 mundatum
692 2519 787 2541 esset
821 2511 890 2542 Non
919 2507 1144 2542 mechaberis.

170 2561 200 2585 et
226 2554 289 2586 scit
308 2563 380 2585 eam
403 2563 480 2585 esse
502 2563 637 2585 uxorem
659 2551 814 2591 alterius,
848 2559 879 2584 et
913 2558 1021 2583 tumen
1056 2549 1142 2581 iubet

170 2597 211 2627 ad
231 2606 268 2628 se
291 2597 421 2633 adduci,
444 2602 477 2628 et
500 2597 625 2639 cogitat
647 2597 689 2628 de
712 2597 782 2627 viro
811 2595 882 2627 eius
904 2592 1141 2626 interficiendo.

811 142 927 178 1³11ng
947 145 1050 178 MEL.
1072 144 1256 178 SCRIPTA
1274 145 1540 182 ElOEGE'l'lCA.

2099 150 2165 185 5⁰8

1192 309 1275 352 Cur
1306 311 1583 354 discernuntur
1611 313 1673 354 isti
1703 314 1852 368 gradus
1881 316 2164 370 peccatorum?

1277 399 1363 438 Quia
1396 403 1441 436 de
1480 405 1628 445 peccatis
1667 414 1734 435 non
1773 411 1890 436 contra
1927 407 2164 440 conscientiam

1191 445 1349 486 scriptum
1371 453 1438 478 est:
1462 448 1499 479 Sa·
1519 448 1636 488 spiritu
1647 448 1877 486 mortificabit&
1894 450 2035 482 acte'moee
2044 451 2164 490 camb,

1191 487 1310 521 vivetis.
1353 490 1446 521 Item:
1474 491 1569 522 Nulla
1596 500 1680 521 ηιιιιι·
1702 491 1921 523 condemnatio
1948 496 2000 524 eet
2017 493 2083 533 lais,
2111 493 2167 534 σπη’

1191 532 1353 564 arnbulanc
1374 532 1409 564 in
1434 533 1560 565 Clari-clo
1589 535 1675 573 lesu,
1702 543 1755 572 qm
1785 543 1847 565 uon
1875 536 2046 576 secuudum
2068 535 2164 576 ιρὰ-ἰ·

1190 578 1255 606 lum
1276 574 1390 607 vivunt.

1277 615 1402 649 Contra
1425 617 1466 649 de
1478 618 1636 659 peccatis,
1656 628 1740 659 quae
1758 617 1840 649 fiunt
1857 625 1972 650 contra
1991 621 2164 653 conscien-

1192 658 1280 697 tiam,
1302 659 1441 691 dicitur:
1476 661 1513 692 Si
1532 662 1705 693 secundum
1739 671 1869 694 carnem
1892 665 2016 702 vivetis,
2049 668 2164 696 morie-

1191 705 1278 733 mini.
1321 701 1380 740 Et,
1413 705 1588 744 Manifesta
1617 709 1692 735 sunt
1713 713 1811 745 opera
1837 708 1968 737 carnis:
2007 707 2067 744 Qui
2087 709 2165 738 talia

1189 746 1326 784 faciunt,
1355 755 1488 785 regnum
1517 748 1578 777 Dei
1606 757 1671 778 non
1685 748 1903 787 possidebunt.
1949 747 2042 779 ltem:
2061 750 2166 781 Nolite

1192 796 1325 820 errare.-
1342 788 1494 822 Adultera
1518 790 1706 827 homicidae,
1729 791 1925 829 ἀίοῖοίαίναε,
1947 801 2082 831 reynum
2104 793 2167 824 Det

1192 839 1255 862 non
1273 831 1490 870 possidebunt.

1194 1003 1375 1053 Quaero,
1413 1019 1464 1045 an
1504 1005 1779 1045 universaliter
1818 1006 2061 1046 damnentur
2091 1007 2165 1045 ho-

1268 1080 1395 1121 mines
1426 1089 1589 1136 propter
1619 1088 1786 1136 peccata
1825 1089 1964 1123 contra
1995 1096 2092 1123 con-

1556 1159 1761 1199 scientiam
1784 1159 1797 1197 ?

1278 1257 1503 1299 Respondeo:
1549 1256 1647 1300 aliqui
1689 1269 1803 1290 rursus
1836 1268 1896 1300 per
1935 1259 2167 1300 poeniteutiam

1192 1301 1331 1332 redeunt
1353 1301 1396 1332 ad
1415 1301 1539 1339 Deum,
1574 1310 1606 1332 ut
1633 1302 1754 1338 Adam,
1787 1302 1912 1339 Aaron,
1946 1300 2064 1342 David,
2097 1301 2167 1333 Ma-

1193 1353 1305 1381 nasse,
1339 1351 1371 1374 et
1405 1343 1495 1375 multi
1519 1342 1582 1374 alii.
1639 1343 1679 1374 Hi
1703 1344 1857 1375 conversi
1879 1344 1921 1375 ad
1946 1342 2065 1381 Deum,
2086 1343 2167 1375 reci-

1192 1387 1324 1427 piuntur
1357 1386 1388 1417 in
1423 1386 1574 1427 gratiam.
1631 1385 1694 1416 Alii
1728 1392 1943 1427 perseverant
1964 1386 1996 1418 in
2020 1386 2168 1427 peccatis

1192 1429 1364 1467 eiusmodi,
1387 1438 1448 1461 nec
1471 1437 1574 1471 agunt
1596 1429 1839 1471 poenitentiam,
1861 1435 1893 1461 et
1911 1435 2060 1470 pereunt.

1192 1595 1445 1636 Differuntne
1504 1602 1715 1650 peccatum
1770 1601 1907 1635 contra
1960 1594 2166 1636 conscien-

1431 1672 1541 1721 tiam,
1573 1678 1613 1711 et
1652 1671 1927 1726 blasphemia?

1280 1771 1452 1803 Differunt.
1522 1771 1603 1802 Nam
1637 1777 1809 1812 peccatum
1849 1777 1964 1802 contra
1996 1770 2166 1802 conscien-

1166 1826 1169 1832 “
1194 1815 1269 1845 tiam
1293 1821 1343 1846 est
1366 1825 1490 1856 genuS,
1526 1814 1555 1844 id
1580 1821 1642 1851 est,
1673 1812 1805 1845 violatio
1829 1814 2056 1856 cuiuscunque
2076 1823 2166 1845 man·

1194 1858 1260 1889 dati
1295 1857 1406 1895 divini,
1441 1867 1525 1898 quae
1560 1856 1593 1888 fit
1628 1868 1645 1887 n
1681 1857 1806 1888 sciente
1839 1863 1870 1888 et
1904 1855 2047 1889 volente.
2098 1855 2166 1889 Sed

1195 1898 1374 1942 singularis
1397 1901 1526 1942 specics
1551 1906 1600 1930 est
1625 1898 1841 1941 blasphemia,
1895 1909 1958 1932 uae
1980 1899 2166 1931 nominatur

1195 1945 1362 1976 Peccatum
1403 1947 1435 1974 in
1470 1944 1625 1983 Spiritum
1657 1947 1809 1975 sant-mm.
1911 1953 1929 1975 e
1972 1943 2036 1975 hac
2075 1942 2167 1974 varie

1196 1987 1380 2027 disputatur
1419 1987 1460 2016 nb
1496 1986 1671 2026 aliquibus.
1734 1984 1858 2017 Verum
1901 1996 1966 2017 non
2001 1991 2053 2019 est
2082 1994 2168 2028 opus

1195 2028 1304 2072 longis
1326 2029 1611 2070 disputationibus.

1280 2072 1340 2104 Est
1383 2072 1467 2103 enini
1517 2078 1688 2112 peccatum
1735 2069 1958 2112 blasphemiae
2006 2071 2167 2104 eiusmodi

1195 2114 1309 2158 lapsus
1343 2122 1458 2146 contro
1494 2115 1746 2153 conscientiam,
1786 2115 1840 2156 qui
1879 2121 1930 2146 est
1970 2115 2166 2147 coniunctus

1195 2170 1268 2190 cum
1293 2157 1524 2200 persecutione
1547 2158 1730 2195 doctrinae,
1759 2167 1820 2189 seu
1842 2158 1991 2190 veritatis
2016 2159 2164 2200 agnitae:

1196 2201 1266 2234 Etsi
1289 2200 1487 2243 generaliter
1511 2202 1607 2233 etiam
1632 2201 1875 2233 accommodari
1908 2199 1973 2232 hoc
1996 2207 2166 2242 pecc-tum

1207 2252 1305 2276 ‚otest
1334 2245 1376 2277 nd
1400 2245 1682 2285 perseverantiam
1711 2244 1743 2275 in
1767 2243 1953 2284 Epicurneo
1976 2249 2165 2285 conte-rupta

1195 2256 1269 2321 lJei.
1287 2295 1317 2319 et
1337 2288 1380 2319 ad
1403 2288 1679 2329 desperationem,
1698 2297 1770 2319 cum
1793 2286 1974 2318 antefertur
1991 2292 2166 2328 peceat-

1196 2332 1318 2363 mcritis
1343 2330 1397 2362 filii
1422 2330 1504 2369 Dei,
1533 2331 1620 2362 sicut
1643 2330 1724 2362 Cain
1749 2330 1864 2370 inquit:
1898 2332 2002 2362 Motus
2024 2333 2075 2362 est
2093 2338 2166 2369 pee-

1169 2356 1172 2422 Ι
1194 2380 1298 2406 cattam
1322 2385 1437 2412 meum,
1460 2385 1554 2414 quam
1577 2379 1612 2406 ut
1631 2377 1751 2405 remitti
1771 2375 1848 2404 me'ltn'
1867 2377 1977 2412 possit.

1281 2417 1388 2449 David
1412 2428 1566 2459 magnum
1596 2423 1626 2449 et
1657 2415 1812 2448 horribile
1841 2414 1995 2447 delictum
2022 2415 2166 2447 admisit.

1196 2472 1268 2493 cum
1300 2473 1333 2492 rn
1348 2461 1406 2493 mit
1439 2459 1579 2493 alienam
1614 2459 1802 2501 coniugem,
1835 2465 1866 2490 et
1896 2459 2046 2490 maritum
2069 2457 2166 2490 inter-

1195 2503 1280 2536 fecit.
1369 2505 1443 2537 uius
1476 2504 1603 2546 peccati
1638 2503 1893 2545 magnitudinem
1927 2503 2024 2534 etiam
2057 2510 2168 2542 poena

1196 2548 1352 2587 ostendit,
1374 2557 1569 2590 qumquam
1593 2552 1748 2588 receptus
1770 2552 1820 2577 est
1844 2546 1875 2577 in
1940 2545 2053 2576 etiam:
2074 2544 2166 2586 puni-

1197 2597 1249 2623 tos
1273 2597 1322 2622 est
1340 2589 1541 2623 horribiliter
1565 2591 1650 2630 ipse.
1674 2594 1705 2620 et
1729 2595 1798 2620 tota
1821 2587 1896 2619 sami
1913 2589 1943 2619 'a
1970 2588 2052 2620 ciue.
2098 2585 2166 2619 Sed
