2324 2958
277 167 342 199 719

274 261 353 299 lum,
376 266 411 291 ut
434 269 514 301 grus
537 269 634 291 suum
656 263 810 289 rostrum.
845 257 1036 300 Cogebatur
1059 260 1157 300 igitur
1180 258 1249 290 vul·

274 314 334 345 pes
364 303 536 334 discedere
564 299 726 332 famelica.
771 299 863 332 Talia
896 307 973 333 sunt
1003 302 1153 333 convivia
1183 309 1248 329 non

274 344 548 387 colloquentium,
577 353 645 375 non
672 341 901 381 salutantium,
931 354 997 375 non
1025 342 1249 383 quaerentium

273 399 411 420 suavem
426 394 458 419 et
470 387 721 418 convenientem
739 387 941 427 temporibus
956 394 1153 415 sermonem.
1184 384 1249 416 De-

273 438 323 463 cet
351 429 476 472 aliquid
505 430 616 461 dicere
643 439 763 467 suave,
793 433 957 468 sumptum
988 425 1041 458 vel
1072 437 1112 457 ex
1142 427 1249 458 erudi-

272 474 378 511 tione,
408 472 463 504 vel
494 483 534 503 ex
565 470 872 503 commemoratione
900 470 1122 510 praesentium
1147 479 1249 511 nego-

273 518 402 548 tiorum.
447 514 576 546 Deinde
599 513 687 544 addit
713 512 887 543 Socrates:
917 513 984 543 Hoc·
1003 516 1038 543 tu
1057 515 1152 552 facis,
1175 516 1250 552 quia

273 560 407 591 tacendo
424 558 515 589 nobis
533 557 678 587 omnibus
695 565 731 587 es
754 557 922 586 molestus.-
945 553 980 585 σύ
1003 554 1034 585 δὲ
1057 558 1160 591 λυπεῖς
1182 555 1250 592 τούς

272 600 428 639 συμπότας
450 601 552 638 σιγῶν.
598 598 656 630 Est
693 604 800 629 autem
831 603 862 628 et
893 596 970 628 illud
1000 596 1173 639 eleganter
1203 599 1250 629 di-

272 651 360 675 ctum
391 654 410 674 a
440 640 621 674 Plutarcho
678 640 751 671 Non
784 641 904 671 debent
934 649 1011 671 esse
1042 639 1249 672 vociferatio-

271 697 332 718 nes
345 686 569 727 promiscuae,
587 682 703 725 quales
718 688 795 714 sunt
813 683 1011 714 rusticorum
1031 684 1250 723 compotatio-

270 739 347 766 nes;
375 727 476 770 aliqui
506 728 568 758 sint
594 725 747 763 vocales,
777 723 878 766 aliqui
908 725 973 756 sint
1003 733 1247 758 consonantes:

271 772 301 802 id
326 778 392 809 est,
416 771 515 812 aliqui
539 771 620 807 sint,
644 769 698 810 qui
722 769 899 809 praecipue
924 766 1121 809 loquantur;
1149 768 1249 811 aliqui

269 815 421 852 audiant,
456 820 487 845 et
518 819 627 844 tannen
656 812 718 852 ipsi
748 820 881 852 quoque
909 809 1031 852 aliquid
1060 810 1249 852 proferant3

272 868 337 889 non
367 857 433 888 sint
461 856 540 887 muti
567 854 682 896 plane,
714 852 771 885 illa
801 859 879 885 sunt
909 852 1031 885 dulcia.
1084 854 1168 890 Quid
1199 861 1250 886 est

271 901 338 932 vita
360 900 432 930 sine
456 897 718 930 conversationis
742 902 874 928 mutuae
903 897 1189 929 consideratione?
1219 899 1249 928 si

270 942 372 975 vultis
396 952 473 974 esse
496 941 663 978 homines,
690 939 791 971 vivite
822 946 857 971 ut
885 938 1046 970 homines.
1092 939 1248 971 irenaeus

268 986 330 1023 ait,
360 983 581 1026 Polycarpum
612 981 744 1014 solitum
775 983 916 1014 recitare
947 983 1049 1013 verba
1081 982 1249 1020 lobannis,

270 1031 324 1070 qui
348 1028 476 1065 dixerit,
501 1032 622 1068 quanta
645 1023 741 1057 suerit
767 1025 915 1056 suavitas
934 1025 964 1055 in
983 1035 1138 1057 sermone
1156 1025 1216 1057 Clu
1226 1027 1248 1057 i—

269 1073 310 1103 sti
335 1082 408 1103 cum
432 1070 630 1107 hominibus,
654 1074 689 1100 ut
711 1067 776 1099 hoc
799 1067 1017 1110 Evangelium
1041 1074 1092 1099 est
1115 1068 1247 1109 plenum

269 1114 459 1151 suavitatis,
490 1120 522 1144 et
544 1118 653 1143 tamen
677 1112 777 1142 mixta
800 1117 851 1141 est
874 1111 1023 1152 gravitas
1047 1112 1248 1153 obiurgatio-

269 1158 330 1188 nis.
377 1157 433 1188 Sic
455 1156 556 1198 igitur
578 1155 667 1186 dico:
693 1152 818 1185 Paulus
842 1154 896 1191 ait,
919 1155 1032 1185 Sermo
1053 1155 1174 1186 Christi
1193 1157 1249 1186 lm,

269 1202 346 1232 bite!
366 1203 400 1231 in
423 1200 524 1231 robis:
558 1198 590 1229 id
613 1203 683 1236 est,
714 1198 757 1228 sit
782 1197 878 1227 vobis
907 1195 1161 1229 familiarissime
1191 1208 1248 1229 no-

269 1251 340 1281 tu=·,
363 1248 397 1274 ut
419 1241 647 1278 cohabitator,
676 1250 743 1270 non
767 1240 917 1281 ignotus,
949 1249 1024 1270 non«
1040 1241 1248 1281 peregrinus,

269 1294 364 1316 torvo
394 1283 448 1316 vel
480 1284 608 1325 tragico
637 1288 779 1323 aspectu
811 1281 953 1322 aliquem
989 1283 1130 1314 intuens.
1177 1283 1248 1324 Ego

270 1328 386 1359 studeo
416 1336 491 1364 esse
520 1326 640 1364 comis,
674 1335 741 1355 non
771 1323 921 1355 delector
949 1323 1003 1355 illa
1032 1325 1248 1357 immanitate:

268 1371 338 1402 scio
363 1379 464 1411 saepe
486 1369 664 1406 accidisse,
688 1367 777 1409 quod
799 1377 854 1398 res
874 1377 1014 1408 magnae
1036 1368 1102 1399 siut
1122 1369 1249 1399 discus-

268 1424 327 1445 sae
355 1423 414 1454 per
442 1411 629 1444 huiusmodi
658 1410 861 1442 comitatem:
896 1410 951 1441 ubi
984 1416 1093 1441 autem
1124 1409 1249 1442 habitat

267 1466 377 1488 sermo
412 1455 536 1487 Christi
571 1455 603 1485 in
638 1454 757 1491 corde,
798 1453 840 1484 ibi
875 1451 999 1484 habitat
1033 1453 1128 1486 Deus
1165 1454 1246 1494 ipse.

268 1499 409 1535 Quando
438 1499 525 1530 serio
555 1497 719 1538 cogitatur
742 1497 879 1527 verbum
904 1495 986 1534 Dei,
1016 1507 1080 1527 non
1111 1504 1161 1528 est
1191 1497 1248 1529 du-

268 1544 368 1580 bium,
392 1543 468 1583 quin
492 1541 535 1572 ibi
558 1540 684 1572 habitet
707 1539 812 1577 Deus,
837 1545 871 1570 ut
895 1540 990 1577 dicit,
1023 1541 1184 1572 tv'euiemus
1205 1541 1250 1572 ml
1271 1514 1275 1566 l

266 1596 353 1623 cum,
382 1589 415 1617 et
442 1587 633 1616 mansionem
656 1584 745 1622 apud
765 1592 836 1614 eum
855 1581 1026 1621 faciemus.
1073 1582 1106 1614 ld
1130 1583 1247 1614 videtis

269 1629 332 1660 hoc
355 1627 443 1666 loco,
466 1627 561 1659 adest
585 1626 756 1663 Christus,
782 1635 856 1656 cum
880 1624 924 1656 illi
949 1623 1184 1668 colloquuntur
1207 1626 1249 1657 de

268 1671 428 1703 doctrina.
468 1671 534 1702 Sed
558 1670 661 1702 addit:
685 1671 856 1710 olmlmzter,
879 1671 1043 1705 πλουσίως.
1079 1668 1169 1711 Ergo
1194 1669 1248 1701 de-

270 1715 353 1746 betis
384 1723 486 1755 saepe
515 1712 646 1755 legere,
680 1712 842 1753 cogitare:
878 1719 910 1743 et.
939 1712 1069 1753 quidem
1100 1713 1130 1743 in
1160 1713 1248 1743 omni

267 1758 447 1799 sapientia,
477 1766 542 1787 non
566 1756 608 1787 ad
633 1754 871 1789 cavillandum,
900 1754 1098 1792 ludendum,
1128 1753 1248 1787 dilace-

269 1801 424 1837 randum,
454 1806 489 1831 ut
512 1799 669 1831 haeretici
699 1805 732 1830 et
755 1798 842 1838 impii
866 1797 979 1839 legunt
1002 1805 1120 1830 sacros
1144 1797 1246 1830 libros

268 1844 309 1875 ad
339 1841 572 1875 cavillandum.
619 1840 800 1873 Politianus
825 1840 1012 1872 Canonicus
1035 1840 1247 1873 Florentinus

268 1888 512 1928 interrogatus,
543 1896 583 1916 an
615 1885 710 1915 etiam
740 1883 866 1925 legeret
898 1883 1028 1915 Biblia'?
1063 1885 1247 1925 respondit:

269 1930 373 1962 Semel
403 1931 527 1969 perlem
560 1931 646 1960 illum
677 1929 807 1966 librum,
842 1932 875 1959 et
908 1937 1069 1967 uunquam
1099 1930 1248 1959 collocari

267 1973 361 2013 peius
384 1975 480 2003 ullum
504 1976 634 2011 tenipus.
681 1970 770 2008 Nos,
801 1971 855 2011 qui
880 1969 1032 2001 volumus
1056 1980 1131 2001 esse
1154 1970 1248 2002 Chri·

270 2016 385 2052 stiani,
414 2025 479 2046 non
511 2015 695 2056 cogitemus
724 2021 754 2043 ut
782 2012 981 2050 politianus,
1009 2014 1069 2044 sed
1100 2023 1246 2045 autemus

269 2058 439 2089 historiam
470 2064 500 2088 et
531 2056 706 2088 lectionem
737 2054 917 2092 Biblicam,
954 2066 1019 2087 non
1053 2057 1098 2087 ita
1132 2056 1247 2087 iocose

270 2111 418 2143 agamus·
454 2099 592 2131 Debetis
615 2107 722 2131 autem
743 2106 832 2130 recte
852 2098 1034 2139 intelligere
1048 2099 1248 2135 doctrinam;

270 2146 300 2176 id
326 2143 448 2175 Paulus
479 2150 591 2175 vocat:
621 2147 654 2174 ln
684 2143 772 2174 omm'
796 2143 975 2183 sapientia:
1006 2152 1071 2173 nou
1101 2148 1135 2173 ut
1159 2142 1247 2173 Ana-

272 2189 433 2228 baptistae
451 2185 566 2227 legunt
590 2187 633 2217 ad
654 2186 939 2225 corrumpendum.
976 2184 1168 2222 Videamus,
1193 2186 1248 2216 ubi
1273 2195 1277 2220 ι

271 2231 311 2262 de
336 2229 422 2272 lege,
445 2231 499 2261 ubi
524 2230 563 2261 de
588 2235 739 2271 peccatO,
767 2230 821 2260 ubi
847 2229 886 2259 de.
913 2226 1094 2269 Evangelio
1118 2235 1249 2270 agatur,

271 2274 354 2306 sieut
379 2272 584 2314 Epiphanius
607 2273 669 2309 ait,
698 2273 729 2303 in
753 2275 870 2315 θεωρίᾳ
898 2282 981 2311 opus
1006 2277 1055 2302 est
1081 2278 1111 2302 ct
1136 2282 1248 2302 sensu.

271 2317 447 2348 Praeterea
473 2323 501 2347 et
527 2315 592 2347 hoc
615 2315 702 2347 addit
729 2313 868 2346 Paulus:
906 2317 1021 2346 llocele
1045 2325 1111 2353 ros,
1141 2319 1171 2345 et
1194 2316 1247 2345 do-

271 2362 369 2392 crnclo
397 2361 562 2391 emendata»
586 2362 778 2395 (ιόυυειεΐιε)
808 2359 973 2390 emendate
1000 2368 1153 2388 erramus
1183 2358 1250 2397 opi-

272 2407 385 2434 mones
407 2407 524 2434 nmmo.
566 2401 614 2432 Eo
633 2402 707 2442 {pm
726 2407 834 2432 autem
854 2399 1000 2442 postulat
1020 2399 1105 2431 velle
1124 2401 1248 2431 andire.

275 2445 403 2486 ¹ilioqui
429 2446 461 2476 iit
488 2445 569 2476 hoc.
594 2445 682 2486 quod
707 2445 842 2482 dicitur,
867 2445 987 2475 Fundi!
1006 2449 1129 2475 aet-lum
1152 2454 1250 2483 snper

273 2493 409 2525 nitrum,
436 2493 489 2528 qui
510 2492 596 2519 sani!
617 2499 747 2519 earnwn
772 2489 854 2519 mulo
876 2489 976 2518 cordi.
1023 2487 1150 2517 Nitrum
1174 2487 1248 2528 quid

273 2534 346 2563 cst?
393 2534 548 2572 Salpeler,
572 2533 658 2562 unde
681 2531 851 2562 coniicitur
876 2529 983 2570 pulvis
1008 2531 1250 2561 tormentatins.

274 2575 330 2605 list
366 2574 434 2610 sal,
479 2581 509 2605 ct
545 2574 641 2605 hahet
678 2575 740 2605 vim
775 2574 947 2605 maximam
981 2573 1178 2613 dissipandit
1219 2580 1248 2604 et

274 2619 405 2659 ‹pinnulo
429 2618 593 2649 contraria
619 2629 689 2657 res,
724 2624 755 2648 ut
781 2624 922 2654 tructam,
947 2615 1137 2653 infunditur,
1173 2623 1250 2647 tttnc

910 164 1023 196 PmL.
1046 164 1149 198 MEL-
1173 165 1359 198 SCRIPTA
1382 164 1644 198 EXEGETICA.

2219 165 2283 199 ⁷20

1301 265 1356 287 res
1379 254 1435 287 illa
1459 255 1567 287 calida
1594 257 1772 288 intenditur
1802 264 1834 289 et
1864 257 2055 299 dissipatur.
2098 258 2156 291 Sic
2178 257 2282 301 hypo-

1301 299 1384 330 crita
1407 298 1483 330 odio
1507 300 1650 341 concipit
1683 298 1803 331 falsam
1832 301 2036 341 opinionem,
2071 307 2104 332 et
2137 301 2283 334 defendit

1301 351 1383 372 eam.
1429 341 1465 373 Si
1492 340 1540 373 illi
1562 342 1673 380 dicas,
1706 347 1740 373 tu
1772 352 1884 380 erras,
1917 343 2040 374 rectius
2069 343 2219 382 sacereS,
2252 345 2283 378 si

1302 384 1534 416 considerares
1558 383 1667 417 fontes
1703 384 1790 416 illius
1814 385 2003 423 doctrinae,
2038 392 2106 418 tum
2133 387 2284 420 redditur

1301 427 1449 458 insanus.
1505 427 1596 469 Ergo
1632 428 1674 459 ad
1704 429 1945 459 correctionem
1967 434 1999 459 et
2022 429 2283 462 emendationem
2318 457 2324 460 .

1301 480 1386 510 opus
1419 476 1471 501 est
1505 471 1636 509 auditu,
1666 477 1696 501 et
1733 469 1830 501 docili
1855 477 1974 502 mente.
2032 471 2096 503 Ubi
2130 481 2196 503 non
2229 478 2283 504 est

1301 513 1451 551 auditus,
1481 513 1524 543 ibi
1557 524 1621 544 non
1654 520 1704 544 est
1726 523 1848 544 sermo.
1906 513 1963 544 llla
1987 515 2216 553 considerate,
2249 521 2284 548 ut

1302 564 1342 586 eo
1371 555 1443 586 sitis
1477 555 1704 597 diligentiores
1739 556 1771 588 in
1804 554 1966 595 lectione,
2001 558 2218 599 cogitatione,
2249 563 2283 590 et

1302 596 1480 629 collatione
1504 599 1684 630 doctrinae.

1391 641 1416 672 0
1449 643 1540 673 stulti
1572 647 1604 673 et
1633 643 1722 674 tardi
1753 643 1881 680 cordell
1939 641 2093 674 Christus
2128 642 2284 685 obiurgat

1302 682 1484 724 discipulos
1517 685 1600 716 satis
1637 685 1783 723 duriter,
1817 685 1928 716 obiicit
1964 685 2012 716 eis
2046 684 2217 717 stultitiam
2250 691 2286 719 et

1301 725 1489 758 tarditatem
1523 727 1555 758 in
1590 728 1768 759 credendo.
1834 727 2016 769 Utrumque
2057 728 2282 770 reprehendit,

1301 774 1333 800 et
1355 769 1444 810 quod
1464 780 1530 801 non
1554 770 1728 802 didicerint
1751 771 1954 813 Scripturas,
1985 779 2014 802 et
2041 771 2171 806 deiude,
2193 771 2284 811 quod

1301 821 1366 842 non
1401 812 1549 843 credant.
1617 812 1690 844 Vos
1731 824 1838 855 neque
1878 814 2037 845 didicistis
2077 811 2282 853 Scripturas,

1301 854 1419 895 inquit,
1454 865 1561 896 neque
1596 856 1803 890 credidisti„
1840 858 1976 896 primum
2010 855 2131 897 arguit,
2164 861 2285 896 postea

1300 898 1396 927 etiam
1420 898 1529 928 docet.
1564 897 1647 927 Cum
1671 903 1868 938 praeceptor
1885 904 2008 929 tantum
2035 899 2137 938 virgis
2160 897 2284 937 caedit,

1300 949 1365 970 non
1390 939 1498 976 docet,
1523 950 1587 969 non
1612 939 1773 970 satisfacit
1799 950 1858 971 suo
1883 942 2018 972 muneri.
2070 940 2140 971 Etsi
2171 947 2280 972 autem

1300 982 1382 1012 dura
1411 988 1461 1013 est
1496 981 1580 1014 haec
1615 983 1818 1024 obiurgatio,
1852 990 1959 1014 tamen
1994 983 2215 1025 proficiscitur
2241 994 2282 1015 ex

1299 1025 1405 1056 amico
1436 1025 1548 1056 corde.
1613 1026 1746 1057 Vulnera
1779 1029 1874 1057 amici
1904 1031 1982 1058 sunt
2012 1028 2165 1066 dulciora,
2188 1036 2283 1066 qtmm

1299 1068 1408 1099 osenla
1431 1069 1562 1108 inimici,
1587 1068 1705 1099 dicitur
1723 1069 1809 1109 apud
1833 1067 2063 1101 Salomonem:
2094 1068 2155 1100 Est
2184 1069 2281 1102 amici

1299 1111 1478 1152 obiurgare
1512 1109 1662 1142 alterum.
1731 1111 1862 1143 Deinde
1896 1112 1928 1142 in
1964 1110 2118 1143 Ecclesia
2152 1117 2282 1154 oportet
2318 1113 2324 1119 '

1299 1154 1437 1193 primum
1460 1154 1553 1195 argui
1573 1160 1756 1194 peccatum,
1781 1161 1815 1186 ut
1837 1155 1969 1186 dicitur:
1994 1155 2136 1195 Spiritus
2151 1159 2283 1189 sanem-5

1299 1201 1413 1235 arque!
1429 1198 1580 1228 mundum
1597 1198 1638 1228 de
1657 1201 1796 1237 peccato.
1834 1197 2042 1229 praedicatio
2063 1198 2283 1239 poenitentiae

1299 1239 1463 1270 antecedit
1503 1237 1784 1278 consolationem,
1818 1240 1863 1271 ita
1901 1241 2011 1271 statim
2051 1241 2081 1271 in
2123 1240 2282 1281 paradiso

1300 1282 1403 1322 inquit
1426 1281 1588 1313 Dominus
1623 1283 1665 1313 ad
1689 1282 1850 1314 Adamum
1885 1281 2029 1324 lapsum:
2065 1284 2110 1315 Al»
2139 1285 2216 1323 quid
2229 1286 2282 1323 fe·

1299 1327 1397 1355 cisti?
1451 1324 1513 1355 Est
1535 1324 1567 1354 in
1597 1325 1693 1356 nobis
1725 1323 1865 1366 singulis
1899 1326 2009 1366 opinio
2041 1332 2216 1366 antecepta
2239 1326 2282 1357 de

1300 1367 1541 1397 controversiis
1574 1365 1764 1409 religionis,
1799 1377 1898 1408 quam
1933 1374 2063 1408 oportet
2097 1369 2215 1404 taxari,
2247 1373 2283 1398 ut

1299 1408 1409 1440 locum
1442 1409 1564 1440 habeat
1598 1411 1684 1451 apud
1718 1419 1781 1440 nos
1815 1410 1947 1441 veritas.
2010 1410 2134 1440 Omnes
2168 1407 2283 1441 volunt

1299 1452 1424 1483 habere
1448 1451 1634 1489 Christum,
1669 1453 1729 1483 sed
1753 1451 1867 1490 talem,
1902 1452 2033 1494 qualem
2057 1453 2118 1483 sibi
2143 1453 2283 1494 quisque
2318 1457 2324 1461 '

1300 1496 1451 1526 somniat.
1519 1495 1566 1527 lta
1607 1495 1716 1527 ludaei
1758 1495 1915 1527 volebant
1955 1495 2079 1527 habere
2112 1494 2283 1527 Christum

1299 1537 1510 1580 locupletem,
1533 1544 1565 1570 et
1575 1540 1773 1579 expetebant
1795 1537 1981 1580 voluptates
2004 1549 2098 1570 suas:
2121 1538 2181 1569 sed
2205 1537 2282 1580 quia

1299 1580 1395 1613 talem
1421 1592 1486 1613 non
1509 1583 1698 1620 inveniunt,
1727 1580 1903 1624 refugiunt.
1955 1581 2088 1613 Veritas
2118 1588 2170 1612 est
2193 1580 2282 1615 'alis

1299 1632 1334 1656 ut
1357 1625 1400 1655 sit
1430 1631 1526 1666 grata
1556 1625 1615 1663 iis,
1648 1626 1703 1666 qui
1728 1635 1792 1656 non
1818 1623 1931 1656 volunt
1949 1625 2054 1656 taxari
2076 1634 2157 1656 suas
2179 1623 2283 1666 phan-

1299 1669 1412 1699 tasias.
1449 1667 1484 1698 ln
1507 1668 1598 1699 initio
1616 1666 1732 1699 harum
1756 1668 2013 1709 disputationum
2033 1678 2107 1699 cum
2130 1667 2281 1699 doctrina

1299 1711 1405 1752 magis
1442 1717 1669 1752 expeteretur,
1706 1717 1737 1741 et
1772 1718 1921 1751 serperet
1957 1710 2055 1742 latius
2090 1710 2283 1752 disputatio,

1300 1754 1379 1785 dixit
1402 1753 1587 1785 Monachus
1611 1753 1741 1794 quidam
1765 1754 1796 1784 in
1819 1752 1952 1795 Belgio:
1976 1753 2046 1784 Vos
2070 1754 2150 1785 estis
2173 1753 2281 1794 cupidi

1300 1806 1408 1829 novae
1431 1797 1611 1828 doctrinae.
1646 1796 1719 1839 Ego
1742 1797 1848 1828 dicam
1874 1797 1969 1828 vohis
1993 1807 2053 1837 pro
2075 1796 2179 1838 prima
2203 1805 2282 1827 con-

1300 1840 1405 1871 cione.
1451 1839 1614 1871 Convenit
1638 1850 1759 1881 magna
1782 1838 1953 1871 inultitudo
1976 1848 2109 1880 praeter
2138 1849 2280 1871 morem:

1300 1883 1359 1914 sed
1394 1881 1449 1913 ille
1490 1881 1569 1913 nihil
1603 1881 1691 1913 aliud
1727 1893 1824 1925 quam
1858 1889 1955 1914 antea
1989 1883 2078 1913 dixit.
2134 1881 2281 1914 Tandem

1300 1925 1452 1957 subiicit:
1494 1925 1581 1956 Pene
1622 1936 1710 1956 cram
1746 1924 1883 1964 oblitus,
1922 1927 2010 1967 quod
2050 1926 2281 1967 promiseram:

1304 1969 1419 2000 Dicam
1443 1969 1543 2009 igitur
1568 1969 1662 2000 iobis
1693 1970 1871 2000 veritatem.
1928 1968 2062 2000 Veritas
2092 1965 2281 2000 estsimilis

1299 2021 1406 2053 aquae
1442 2010 1585 2042 lustrali:
1621 2012 1744 2043 Omnes
1777 2012 1982 2043 accederetis
2015 2012 2055 2042 ad
2093 2022 2210 2053 aquam
2234 2009 2282 2042 lu·

1301 2053 1447 2091 stt-alem,
1472 2055 1531 2085 sed
1555 2056 1687 2096 quando
1706 2053 1826 2096 aliquis
1847 2055 2088 2096 conspergitur,
2111 2061 2177 2086 tum
2195 2052 2282 2086 resu-

1301 2098 1390 2138 giam
1412 2104 1442 2128 ct
1464 2106 1672 2129 aversantur.
1719 2097 1896 2129 Discamns
1924 2108 2110 2140 agnoscere
2132 2103 2282 2129 nostram

1301 2139 1573 2179 imbecillitatem,
1610 2150 1640 2173 et
1661 2141 1764 2172 simus
1788 2140 1930 2173 dociles:
1965 2141 2062 2179 Quia,
2096 2141 2149 2183 qui
2185 2140 2281 2182 perti-

1301 2184 1428 2214 naciter
1451 2185 1589 2215 retinent
1614 2194 1759 2221 errores,
1782 2195 1849 2215 non
1873 2191 1947 2216 sunt
1973 2183 2102 2222 infirmi,
2126 2185 2186 2216 sed
2209 2193 2281 2225 per-

1300 2227 1434 2257 vii-aces
1458 2227 1665 2268 hypocritae:
1699 2229 1742 2259 Es
1764 2230 1814 2259 sol
1841 2228 1905 2259 ihm
1931 2231 2021 2259 ct'm’r
2042 2237 2142 2268 suffen
2165 2228 2281 2266 lunen,

1301 2270 1367 2301 mul
1389 2271 1500 2301 lmren.
1546 2269 1684 2302 Multum
1714 2271 1745 2301 in
1769 2270 1911 2311 singulis
1939 2270 2048 2302 adhuc
2073 2271 2185 2302 haeret
2210 2279 2281 2301 sor·

1301 2314 1398 2344 «liuta.
1458 2313 1550 2345 Deus
1580 2313 1679 2345 habet
1714 2314 1920 2354 patientiam,
1955 2314 1984 2344 si
2019 2320 2144 2345 tantum
2178 2313 2282 2345 simus

1302 2354 1438 2387 doz-ilos.
1496 2355 1616 2388 infirmi
1648 2363 1789 2397 possunt
1822 2367 1899 2388 esse
1924 2357 2069 2388 membra
2094 2355 2280 2394 Ecclesiae,

1301 2399 1361 2429 scd
1384 2400 1450 2429 sint
1473 2398 1608 2430 dociles.
1667 2398 1826 2440 Discipuli
1861 2398 1906 2430 illi
1935 2410 2001 2431 non
2031 2398 2160 2431 suerunt
2195 2397 2281 2430 blas—

1302 2442 1426 2483 phemi.
1455 2444 1513 2473 sod
1540 2444 1569 2473 in
1595 2443 1863 2473 consternatione
1898 2441 2044 2474 snt-runt:
2078 2441 2135 2473 suit
2169 2440 2282 2484 aliqua

1302 2484 1444 2516 scintilla
1465 2485 1556 2521 fidei:
1581 2496 1644 2517 non
1669 2485 1858 2518 defecerunt
1883 2496 1902 2517 n
1926 2486 2059 2517 stwisto
2089 2485 2282 2527 adimples:
2322 2499 2324 2516 z

1304 2527 1432 2560 fut-mut
1469 2528 1604 2566 infirmi,
1640 2529 1699 2560 scd
1735 2528 1873 2560 ‹lot-iles.
1929 2527 2028 2560 Tales
2053 2528 2201 2560 iniit-mos
2224 2528 2281 2559 do·

1304 2571 1385 2602 vila-s
1405 2571 1495 2603 Dens
1520 2579 1632 2605 sanat:
1658 2573 1820 2605 calamum
1843 2577 2028 2611 qums-mttma
2051 2581 2114 2603 mm
2134 2574 2280 2611 [banael.

1304 2620 1335 2646 (Ἰ
1363 2616 1459 2646 It'num
1488 2617 1652 2655 funtiyans
1678 2626 1740 2647 non
1773 2618 1954 2655 exstimare:
1988 2626 2020 2656 q.
2045 2615 2076 2646 d.
2101 2612 2279 2656 propheta:
