2324 2958
221 164 278 196 151
852 157 964 190 run..
985 155 1088 189 MEL.
1111 153 1299 189 semem
1319 152 1584 186 EXEGE'ncA.
2160 157 2225 191 152

220 264 271 290 est
295 259 326 289 in
349 255 513 287 communi
536 254 613 285 vita.
658 252 768 285 Prima
790 259 842 284 est
872 252 912 283 de
935 251 1123 283 discrimine
1146 249 1193 281 di·
1243 247 1364 278 Anomi
1384 245 1446 277 illi-
1467 247 1523 288 qui
1540 247 1721 290 disputant,
1744 259 1812 281 non
1835 250 2010 282 dicendum
2021 259 2110 289 esse,
2132 253 2224 293 quod

218 299 392 342 sciplinae,
414 305 446 330 et
470 297 591 329 crucis.
636 295 754 328 Altera
776 296 816 327 tle
839 305 899 326 sua
923 295 1081 335 cuiusque
1095 301 1191 323 voca·
1215 291 1220 364 Ι
1244 289 1423 320 Christiani
1456 289 1598 322 debeant
1620 291 1771 323 obedire:
1805 291 1883 324 lieni
1906 293 1962 334 qul
1990 299 2113 334 negant
2134 293 2222 327 ham}

218 345 307 374 tione
331 348 362 373 et
385 342 425 372 de
455 340 608 382 fugienda
643 338 962 382 Poly-pragmosyne,
991 335 1193 371 curiositate,
1243 331 1503 372 propositionem
1525 342 1603 365 esse
1624 344 1755 366 veram:
1778 333 1972 367 Obedientia
1993 342 2046 368 est
2067 345 2224 369 necessa-

219 392 251 417 et
273 384 460 416 invidentia.
1215 365 1220 407 l
1244 374 1319 424 ria..
1336 416 1344 424 ¹
1369 373 1540 410 Quaerunt
1558 377 1813 417 depravationes
1842 377 1960 410 horum
1983 377 2226 412 vocabulorum

1242 417 1345 490 gebin
1367 422 1400 448 et
1420 419 1646 458 necessitatis,
1664 421 1736 451 sive
1759 429 1800 452 ex
1822 420 1966 460 inscitia,
2001 421 2072 454 sive
2094 432 2136 453 ex
2158 433 2225 455 ma-

1269 465 1322 491 tia.

672 547 679 554 .
709 547 716 554 .
775 546 781 553 ·
1331 501 1436 538 Quasi
1453 513 1534 536 vero
1558 504 1712 542 debitum,
1735 511 1791 537 aut
1812 507 2000 538 necessitas
2024 506 2078 538 hic
2100 507 2226 550 signiti-

476 548 539 588 De
572 547 718 601 (lupllct
750 553 936 585 cinctura.
1246 550 1300 577 cet
1332 546 1552 586 coactionem,
1585 558 1627 579 ac
1659 558 1727 580 non
1760 550 1870 590 potius
1898 549 2046 581 ordinem
2069 551 2229 589 divinum,

1245 597 1305 628 pro
1331 595 1482 620 creatura
1500 589 1670 622 rationalis
1692 590 1841 634 obligata
1863 599 1932 631 est,
1962 599 1997 624 ut
2020 594 2229 634 obtemperet

306 641 448 672 Primum
470 639 573 680 inquit
597 637 750 670 Christus.
780 636 820 667 ad
853 635 1001 665 Petrum:
1039 632 1117 664 Cum
1150 635 1194 663 iu-
1245 630 1331 661 Deo.
1364 630 1488 662 Postea
1510 639 1621 665 tamen
1643 644 1760 666 verum
1779 641 1842 673 est,
1865 635 1931 666 hoc
1949 636 2061 667 debito
2079 645 2140 667 seu
2162 636 2227 668 hac

220 688 293 716 nior
314 693 399 723 eras,
417 684 568 722 cinoebas
589 687 620 713 le
630 685 742 721 Ipsmn,
766 680 831 711 Sed
847 688 913 709 cum
932 678 1088 715 senueris,
1111 677 1195 706 aliu-s·
1246 673 1444 705 necessitate
1466 684 1533 706 non
1555 675 1699 715 excludi,
1721 683 1756 708 ut
1769 678 1954 709 obedientia
1977 679 2020 709 sit
2031 683 2226 719 spontanea.

219 732 250 759 te
271 730 383 765 cinyee.
450 725 512 757 Hic
535 724 731 756 describitur
754 719 872 761 duplex
906 719 1068 750 cinctura:
1103 718 1195 758 prior
1246 713 1403 747 Profecto
1426 715 1603 750 dolendum
1627 726 1690 757 est,
1715 721 1846 762 impune
1870 722 1985 763 spargi
2009 722 2090 752 istas
2120 731 2227 753 voces

220 769 384 812 significat
406 767 628 809 disciplinam,
663 776 747 807 quae
765 771 816 795 est
840 762 1035 805 gubernatio
1058 761 1194 791 rationis
1246 758 1279 789 in
1302 757 1465 798 Ecclesia,
1487 761 1576 801 quod
1597 761 1772 803 disciplina
1792 774 1858 795 non
1872 765 1915 795 sit
1931 765 2137 802 necessaria,
2159 763 2228 796 Sed

220 823 286 855 qua
309 812 455 854 regimus
479 818 634 842 externos
670 817 778 839 mores
818 805 1001 837 secundum
1040 804 1194 834 mandata
1247 800 1483 833 adolescentes
1506 804 1573 835 sint
1595 806 1801 845 praemoniti,
1823 813 1859 838 ut
1881 807 1910 837 si
1927 817 2013 847 quos
2025 808 2162 838 audiunt
2182 808 2229 839 ita

221 856 349 887 divina:
368 855 461 885 Hanc
480 853 636 886 voluntas
661 851 799 882 humana
828 855 994 889 utcunque
1024 852 1195 887 praestare
1245 843 1392 876 furiosos
1417 855 1514 884 esse,
1547 853 1584 878 ut
1606 854 1767 880 conentur
1790 849 1985 887 defendere,
2021 849 2229 891 disciplinam

219 904 340 940 potest.
386 895 502 928 Altera
526 897 673 927 cinctura
696 899 747 924 est
769 902 822 923 res
845 889 947 922 multo
970 891 1085 927 maior,
1106 889 1196 920 vide·
1248 893 1281 918 et
1303 888 1392 919 bona
1414 898 1518 928 opera
1539 899 1607 921 non
1631 901 1709 923 esse
1731 893 1937 925 necessaria.
1975 902 2033 923 eos
2067 893 2155 925 serio
2177 891 2229 925 fu-

221 941 298 973 licet
318 942 503 972 subiectum
527 949 602 971 esse
626 938 726 974 cruci,
748 942 780 967 et
802 934 966 966 sustinere
985 932 1196 971 afflictiones,
1248 930 1352 972 giam,
1376 940 1416 961 ac
1440 931 1554 962 vitent.
1929 929 1933 933 ‘

222 994 291 1016 non
314 984 497 1016 accersitas
522 988 635 1013 nostra
659 978 836 1011 voluntate.
896 976 931 1007 ln
960 975 1014 1007 his
1036 980 1127 1007 recte
1149 975 1195 1007 fe·
1334 974 1489 1005 Secunda
1511 984 1613 1006 causa
1636 983 1700 1014 est,
1724 976 1918 1008 Necessitas
1943 978 2067 1009 vitandi
2090 987 2228 1019 poenas.

220 1028 346 1065 rendis,
371 1037 446 1058 cum
470 1025 577 1056 sancti
600 1028 769 1065 praestant
792 1019 1010 1057 tolerantiam,
1039 1018 1074 1050 fit
1091 1019 1123 1049 in
1147 1020 1195 1050 eis
1248 1015 1340 1047 Haec
1364 1026 1467 1048 causa
1490 1017 1704 1060 intelligatur,
1720 1023 1795 1050 ‘non
1820 1026 1943 1051 tantum
1967 1021 2010 1052 de
2031 1022 2147 1062 poenis
2160 1020 2231 1052 Ma-

221 1070 457 1106 mortiticatio‚-
470 1074 499 1099 et
523 1067 746 1098 accenduntur
770 1063 878 1095 cultus
901 1060 1103 1103 spirituales.
1249 1059 1458 1100 gistratumn,
1480 1060 1541 1090 sed
1565 1061 1606 1092 de
1620 1062 1780 1093 ·omnibus
1798 1063 1916 1102 poenis
1939 1063 2068 1094 divinis.
2135 1062 2231 1096 Multi

308 1112 401 1144 Haec
423 1111 549 1142 confert
572 1111 657 1140 inter
679 1117 717 1138 se
740 1106 904 1143 Clu-istus,
932 1110 968 1137 ut
992 1105 1112 1136 eximat
1136 1103 1196 1136 Pe·
1249 1102 1453 1140 existimant,
1487 1103 1516 1134 si
1539 1103 1671 1144 publice
1692 1115 1713 1136 a
1735 1104 1934 1147 Mag-istrata
1955 1115 2023 1137 non
2045 1107 2233 1147 puniantur,

221 1162 273 1187 tro
296 1155 502 1197 phantasiam
524 1151 623 1189 illam,
647 1161 711 1192 qua
735 1149 920 1181 somniabat
942 1158 1082 1189 regnum
1104 1146 1197 1179 Chri·
1249 1144 1331 1176 nihil
1353 1145 1524 1176 imminere
1545 1147 1609 1177 sibi
1631 1146 1782 1188 periculi,
1805 1148 2016 1189 quantumvis
2039 1149 2233 1190 indulgeant

221 1199 265 1230 sti
287 1198 359 1230 fore
382 1207 484 1229 suave
507 1196 627 1233 otium,
656 1195 689 1224 in
713 1203 776 1234 quo
801 1190 956 1232 Apostoli
980 1191 1121 1222 habituri
1145 1201 1197 1221 es·
1250 1186 1392 1219 delictis.
1460 1188 1528 1220 Sed
1561 1191 1728 1231 scriptura
1761 1196 1901 1222 revocat
1921 1201 1986 1222 nos
2008 1192 2051 1223 ad
2074 1186 2232 1224 ansonem

220 1247 295 1272 sent
316 1241 494 1282 potentiam
518 1244 549 1269 et
569 1247 663 1278 opes,
686 1241 798 1267 essent
822 1234 1035 1276 gubernaturi
1065 1234 1197 1274 provin·
1251 1231 1411 1268 divinam,
1445 1231 1532 1263 sicut
1567 1232 1625 1264 lob
1659 1234 1782 1274 inquit:
1827 1235 1961 1265 Verebar
1994 1238 2102 1266 omnia
2134 1245 2234 1275 opera

222 1285 303 1322 cias,
328 1291 359 1315 et
377 1283 503 1314 fruituri
528 1279 772 1322 tranquillitate,
795 1284 825 1309 et
839 1276 959 1309 delitiis
981 1277 1078 1308 huius
1100 1277 1197 1308 vitae.
1250 1283 1332 1311 mea,
1355 1277 1462 1305 sciens
1480 1276 1565 1314 quod
1585 1286 1649 1307 non
1667 1277 1782 1317 parcis
1803 1277 2010 1316 delinquenti.
2038 1277 2114 1310 Non
2137 1278 2236 1319 igitur

220 1327 295 1359 Hoc
318 1325 415 1358 dulce
439 1325 600 1357 somnium
623 1327 712 1354 taxat
736 1321 899 1359 Christus,
924 1326 956 1352 et
979 1319 1061 1358 vult,
1085 1325 1120 1350 ut
1138 1319 1198 1351 Pe·
1250 1316 1464 1358 cogitandum
1486 1323 1537 1349 est
1559 1317 1670 1357 aliter,
1694 1329 1792 1360 quam
1810 1320 1997 1351 certissime
2031 1330 2160 1361 poenas
2182 1330 2234 1353 se-

220 1376 292 1401 trus
315 1374 491 1411 praeparet
513 1377 550 1399 se
572 1367 614 1398 ad
638 1375 780 1403 crucem,
803 1369 835 1395 et
857 1364 942 1395 sciat
969 1362 1078 1395 Deum
1099 1362 1199 1402 velle,
1251 1366 1498 1399 emmas-esse,
1522 1363 1651 1402 quoties
1675 1360 1840 1393 violamus
1864 1361 2081 1404 disciplinam.

221 1418 257 1444 ut
279 1413 445 1444 serviatur
467 1413 516 1450 ei,
550 1420 617 1441 non
641 1414 762 1440 tantum
786 1405 977 1449 disciplina,
1009 1406 1071 1438 sed
1104 1407 1198 1438 etiam
1338 1401 1445 1438 Quam
1479 1409 1571 1435 certa
1604 1410 1657 1435 est
1690 1404 1776 1436 haec
1802 1406 2007 1447 propositio,
2037 1405 2132 1438 Deus
2162 1412 2236 1439 estz

221 1454 385 1497 spirituali
420 1455 616 1491 obedientia,
650 1452 741 1484 cuius
775 1460 853 1492 pars
888 1456 940 1481 est
969 1448 1199 1495 tolerantia-in
1252 1452 1318 1477 tam
1341 1452 1433 1476 certa
1456 1453 1511 1477 est
1531 1447 1629 1478 etiam
1651 1446 1754 1479 haec:
1787 1446 1882 1479 Deus
1906 1455 1957 1480 est
1984 1449 2092 1481 iustus
2114 1450 2236 1482 vindex

221 1498 469 1530 afflictionibus.
1252 1487 1430 1520 scelerum.
1497 1489 1599 1527 Item,
1633 1489 1726 1522 Sicut
1756 1491 1946 1523 certissima
1967 1496 2019 1523 est
2040 1492 2238 1534 propositio,

307 1540 467 1582 Repetam
490 1544 599 1570 antem
619 1547 751 1575 causaS,
775 1542 908 1577 propter
930 1545 1014 1578 quas
1026 1534 1200 1576 disciplina
1253 1531 1342 1573 Ignis
1360 1532 1443 1570 urit,
1478 1531 1533 1563 vel
1554 1532 1642 1574 ignis
1670 1531 1793 1575 fulget:
1828 1534 1878 1565 sic
1901 1535 1985 1565 ordo
2010 1535 2141 1565 divinus
2166 1541 2234 1566 est:

221 1584 425 1626 praestanda
448 1584 489 1613 sit
513 1582 556 1613 ab
577 1581 730 1612 omnibus
758 1579 964 1611 hominibus:
999 1578 1085 1614 Quia
1118 1578 1201 1610 haec
1253 1574 1391 1605 Atrocia
1413 1573 1535 1606 delicta
1557 1576 1736 1616 puniuntur
1760 1576 1931 1607 atrocibus
1960 1578 2090 1617 poenis.
2158 1575 2234 1608 lde

222 1629 290 1659 vita
311 1627 413 1658 effera
436 1632 469 1658 et
492 1624 684 1666 Cyclovtca,
708 1621 813 1665 qualis
827 1632 915 1654 nunc
939 1628 1002 1660 est,
1026 1622 1116 1664 cogit
1127 1631 1201 1659 nos,
1254 1617 1389 1649 dicitur:
1416 1619 1476 1655 Qua·
1492 1620 1637 1657 ⁸cladium
1658 1619 1828 1659 acceperit,
1847 1620 1957 1657 ,qlmlio
1975 1621 2105 1659 peribit.
2180 1619 2239 1651 Vae

224 1671 279 1713 qui
314 1670 473 1701 docemus
508 1669 539 1699 in
570 1665 707 1705 scholis,
740 1675 860 1708 urgere
893 1664 1144 1702 adolescentes,
1167 1670 1202 1696 ut
1254 1662 1310 1700 qui
1329 1661 1459 1701 spolias,
1481 1663 1559 1701 quia
1581 1663 1782 1702 spoliaberIs.
1827 1663 2032 1694 Scor-ratores
2060 1666 2093 1693 el
2113 1662 2237 1693 adulte-

223 1715 383 1756 cogitent,
407 1722 474 1744 non
498 1721 575 1742 esse
599 1721 668 1742 rem
692 1719 842 1751 parvam,
877 1710 974 1740 etiam
997 1706 1202 1748 disciplinam
1255 1714 1311 1736 ros
1332 1704 1487 1736 z'miicabic
1506 1706 1604 1737 Deus.
1649 1705 1741 1743 ltem,
1762 1707 1833 1736 Non
1855 1706 1981 1736 habebit
2012 1706 2101 1737 Deus
2131 1708 2238 1736 imm»

222 1762 402 1798 praestare.
1255 1752 1330 1784 tem,
1353 1750 1408 1787 qni
1427 1757 1543 1779 nomen
1565 1750 1629 1779 Dei
1648 1749 1787 1780 assumit
1807 1748 1841 1779 in
1863 1758 1986 1779 vanum.
2030 1747 2085 1786 Et,
2107 1749 2238 1780 Maledi-

1255 1795 1326 1822 ctus
1358 1793 1414 1830 qm·
1444 1791 1636 1822 coutumela‘a
1667 1794 1817 1831 affecerit
1848 1795 1981 1831 patrem
2013 1796 2073 1822 aue
2103 1795 2239 1822 numen

1256 1843 1356 1865 suam.

896 1918 902 1924 ι
1342 1875 1467 1907 Horum
1490 1875 1650 1908 dictorum
1675 1874 1824 1918 exempla
1847 1882 1925 1907 sunt
1947 1877 1979 1907 in
1999 1877 2164 1914 omnibus,
2185 1885 2239 1916 sa-

315 1923 379 1962 De
412 1921 539 1962 causis
570 1919 832 1975 praestandae
865 1917 1105 1972 disciplinae.
1257 1920 1322 1950 cris
1346 1925 1379 1950 et
1412 1917 1593 1961 prophanis
1618 1919 1783 1957 historiis,
1818 1930 1859 1950 ac
1894 1919 2004 1966 coegit
2037 1918 2240 1960 experientia

1257 1963 1446 2004 quotidiana
1467 1961 1566 1994 fateri
1589 1963 1686 1994 etiam
1702 1962 1873 1999 Etlinicos,
1898 1972 1965 1993 non
1988 1972 2119 2003 impune
2138 1960 2239 1993 homi·

312 2013 405 2049 Quae
429 2018 506 2044 sunt
529 2012 628 2053 igitur
646 2020 780 2047 causae,
806 2020 864 2041 cur
876 2010 1078 2050 praestanda
1091 2008 1134 2038 sit
1157 2007 1203 2038 di·
1256 2015 1317 2037 nes
1341 2003 1543 2047 delinquere.
1591 2005 1670 2037 lnde
1693 2012 1771 2037 sunt
1794 2006 1977 2037 sententiae
2001 2003 2090 2043 illae,
2126 2003 2239 2036 ἔκδικον

225 2055 366 2098 sciplina
389 2057 430 2087 ab
455 2056 607 2087 omnibus
630 2054 836 2085 hominibus?
880 2052 963 2083 Nam
982 2049 1202 2092 disciplinam,
1257 2048 1337 2088 ὄμμα
1360 2050 1422 2088 ἔχει
1440 2048 1524 2084 θεός.

225 2101 258 2131 id
282 2106 345 2137 est,
369 2097 572 2141 diligentiam
597 2096 794 2128 cohercendi
819 2102 955 2127 externa
969 2104 1084 2135 opera,
1106 2104 1204 2136 opor-

226 2149 274 2175 tet
297 2153 384 2181 essc‚
403 2148 470 2173 tum
494 2143 525 2172 in
550 2141 613 2178 his,
642 2140 697 2181 qui
721 2139 864 2170 nondum
888 2144 965 2170 sunt
984 2138 1102 2175 renati,
1137 2143 1204 2169 tum

227 2187 323 2218 etiam
347 2187 378 2217 in
400 2184 478 2223 illis,
501 2184 555 2226 qui
579 2183 701 2214 liabent.
724 2183 814 2213 initia
837 2181 1107 2224 regenerationis.

316 2229 425 2260 Prima
447 2238 549 2259 cansa
567 2232 631 2265 est,
650 2226 844 2257 necessitas
856 2224 1102 2266 obtemperandi
1117 2233 1205 2255 man·
1344 2220 1386 2252 Et
1403 2221 1490 2262 apud
1517 2220 1694 2253 Pindarum
1715 2219 1852 2263 pulchre
1871 2220 2002 2251 dicitur:
2027 2221 2152 2259 Rapitm
2173 2218 2242 2249 dul·

228 2273 305 2303 dato
328 2271 403 2303 Dei.
428 2271 519 2302 Haec
542 2276 593 2301 est
616 2279 737 2311 magna
761 2278 873 2306 causa,
897 2269 971 2310 quin
995 2268 1100 2299 omnis
1114 2275 1206 2299 crea-
1257 2265 1305 2295 cis
1328 2269 1387 2302 est,
1410 2266 1470 2296 sed
1490 2265 1587 2296 habet
1606 2268 1746 2306 τραχεῖαν
1764 2263 1907 2303 iussam,
1943 2263 1974 2293 id
1997 2269 2066 2300 est,
2096 2268 2173 2303 post
2196 2259 2242 2292 se-

228 2323 302 2347 tura
325 2316 422 2346 debet
445 2315 582 2346 obedire
606 2323 668 2344 suo
692 2313 846 2344 creatori.
915 2312 992 2343 ideo
1016 2311 1114 2342 homo
1138 2316 1206 2341 tan-
1259 2315 1346 2338 stum
1377 2318 1544 2349 asperum.
1608 2307 1643 2338 ln
1678 2307 1850 2338 Clemente
1874 2305 2099 2337 Alexandrino
2123 2305 2242 2335 ciuntur

229 2369 326 2401 quam
351 2363 503 2389 creatura
526 2354 695 2388 rationulis
718 2354 884 2397 obligatus
908 2361 970 2392 est,
1002 2360 1037 2386 ut
1059 2359 1207 2396 praestet
1260 2350 1357 2382 etiam
1382 2351 1465 2382 hacc
1498 2351 1680 2383 sententia:
1714 2351 1833 2390 βέβαιον
1865 2349 2011 2389 {stan-plor
2044 2346 2159 2383 δικαιος
2188 2345 2240 2378 ὅν.

230 2402 450 2433 obedientiam
485 2401 536 2432 his
569 2399 731 2431 mandatis
765 2399 900 2434 divinis,
935 2398 1031 2429 etiam
1055 2397 1143 2438 quod
1165 2396 1208 2427 ad
1260 2392 1358 2425 Tales
1393 2394 1574 2426 sententias
1608 2394 1797 2425 meminisse
1826 2393 1958 2429 debitis,
1993 2397 2026 2423 et
2059 2399 2242 2421 ooservnre

230 2451 399 2476 externam
423 2442 639 2485 disciplinam,
662 2444 732 2474 Non
755 2442 884 2474 habebis
906 2442 991 2472 Deos
1013 2441 1136 2472 altenos
1158 2450 1208 2472 co·
1262 2436 1410 2479 exempta
1433 2439 1465 2469 in
1490 2437 1557 2468 vita
1580 2436 1783 2479 quotidiana,
1806 2441 1838 2467 et
1861 2441 2018 2467 excutere
2048 2433 2132 2464 istas
2153 2432 2243 2507 οἳ

230 2498 302 2520 ram
327 2497 394 2519 me:
413 2489 482 2519 Νοη
506 2487 595 2519 colas
613 2490 753 2518 statim-5:
776 2487 845 2517 Non
867 2486 996 2524 afficias
1019 2493 1132 2514 nomen
1147 2485 1208 2515 Do·
1263 2480 1422 2512 tationes.
1455 2481 1575 2522 quibus
1599 2478 1689 2511 multi
1708 2480 1770 2510 sibi
1792 2477 2022 2510 blandiuntur:
2057 2475 2131 2518 Ego
2163 2485 2207 2507 vo

230 2534 311 2563 mlni
338 2533 552 2563 contumelia:
587 2531 656 2561 Non
690 2529 839 2561 occillet:
868 2529 939 2560 Non
972 2528 1210 2558 moechaberis.-
1262 2524 1494 2564 obtemperare
1527 2524 1608 2555 meis
1642 2522 1887 2563 cupiditatibus,
1918 2520 2075 2563 quamdiu
2103 2528 2243 2561 possum

231 2576 302 2607 Non
322 2577 448 2615 furtum
469 2577 584 2614 facies,
606 2577 664 2604 ecc.
1262 2566 1296 2598 id
1318 2565 1430 2600 facere
1454 2576 1512 2611 per
1533 2572 1688 2603 aetatem,
1709 2571 1742 2597 et
1764 2571 1872 2596 tamen
1895 2563 2046 2596 endan.
2091 2563 2157 2594 imo
2175 2569 2242 2592 non

319 2616 413 2649 Hanc
448 2627 583 2648 causam
616 2620 767 2647 evertunt
800 2614 980 2650 Antinum,
1014 2610 1067 2644 vel
1100 2612 1210 2653 potius
1264 2611 1401 2645 evades,
1425 2611 1511 2641 sicut
1534 2615 1624 2642 recte
1646 2609 1750 2650 inquit
1773 2606 1928 2640 Salomon
1958 2607 1991 2638 in
2020 2603 2242 2638 Ecclestnatez

1386 2110 1552 2149 Αερῐείιιη(
1573 2109 1673 2140 oculte
1695 2111 1808 2149 superi
1829 2107 1979 2140 morralt'a
1997 2108 2098 2139 tusus.

1398 2150 1471 2182 οἴοιτ’
1495 2151 1568 2194 ἀνήρ
1591 2152 1682 2193 ῥέξει,
1704 2154 1863 2188 coion-1005
1885 2150 1973 2182 αὑτὸν
1996 2150 2098 2181 ἱκάνει.
