<?xml version="1.0" encoding="UTF-8"?>
<!DOCTYPE html PUBLIC "-//W3C//DTD XHTML 1.0 Transitional//EN"
    "http://www.w3.org/TR/xhtml1/DTD/xhtml1-transitional.dtd">
<html xmlns="http://www.w3.org/1999/xhtml" xml:lang="en" lang="en">
 <head>
  <title>
</title>
<meta http-equiv="Content-Type" content="text/html;charset=utf-8" />
  <meta name='ocr-system' content='tesseract 3.04.00' />
  <meta name='ocr-capabilities' content='ocr_page ocr_carea ocr_par ocr_line ocrx_word'/>
</head>
<body>
  <div class='ocr_page' id='page_1' title='image "./operaquaesupersu24melauoft_0067.png"; bbox 0 0 2324 2958; ppageno 0'>
   <div class='ocr_carea' id='block_1_1' title="bbox 79 171 122 204">
    <p class='ocr_par' dir='ltr' id='par_1_1' title="bbox 79 171 122 204">
     <span class='ocr_line' id='line_1_1' title="bbox 79 171 122 204; baseline -0.023 0"><span class='ocrx_word' id='word_1_1' title='bbox 79 171 122 204; x_wconf 88' lang='grc'>81</span> 
     </span>
    </p>
   </div>
   <div class='ocr_carea' id='block_1_2' title="bbox 80 252 1067 1788">
    <p class='ocr_par' dir='ltr' id='par_1_2' title="bbox 80 252 1060 564">
     <span class='ocr_line' id='line_1_2' title="bbox 81 252 1058 299; baseline -0.014 -3"><span class='ocrx_word' id='word_1_2' title='bbox 81 263 232 296; x_wconf 61' lang='grc' dir='ltr'>θὴν-ἰδίω</span> <span class='ocrx_word' id='word_1_3' title='bbox 253 269 318 292; x_wconf 79' lang='lat' dir='ltr'>mm</span> <span class='ocrx_word' id='word_1_4' title='bbox 339 263 427 291; x_wconf 76' lang='lat' dir='ltr'>novit</span> <span class='ocrx_word' id='word_1_5' title='bbox 448 261 622 299; x_wconf 81' lang='lat' dir='ltr'>peccatum.</span> <span class='ocrx_word' id='word_1_6' title='bbox 657 254 718 285; x_wconf 88' lang='lat' dir='ltr'>Hic</span> <span class='ocrx_word' id='word_1_7' title='bbox 730 259 904 295; x_wconf 83' lang='lat' dir='ltr'>peccatum</span> <span class='ocrx_word' id='word_1_8' title='bbox 925 252 1058 294; x_wconf 84' lang='lat' dir='ltr'>ponitur</span> 
     </span>
     <span class='ocr_line' id='line_1_3' title="bbox 81 296 1058 349; baseline -0.014 -10"><span class='ocrx_word' id='word_1_9' title='bbox 81 317 143 349; x_wconf 84' lang='lat' dir='ltr'>pro</span> <span class='ocrx_word' id='word_1_10' title='bbox 162 305 384 338; x_wconf 84' lang='lat' dir='ltr'>fundamento.</span> <span class='ocrx_word' id='word_1_11' title='bbox 429 300 465 332; x_wconf 86' lang='lat' dir='ltr'>In</span> <span class='ocrx_word' id='word_1_12' title='bbox 477 299 612 332; x_wconf 86' lang='lat' dir='ltr'>Christo</span> <span class='ocrx_word' id='word_1_13' title='bbox 625 307 692 329; x_wconf 91' lang='lat' dir='ltr'>non</span> <span class='ocrx_word' id='word_1_14' title='bbox 708 296 769 328; x_wconf 85' lang='lat' dir='ltr'>fuit</span> <span class='ocrx_word' id='word_1_15' title='bbox 787 302 973 338; x_wconf 81' lang='lat' dir='ltr'>peccatum,</span> <span class='ocrx_word' id='word_1_16' title='bbox 990 304 1058 326; x_wconf 90' lang='lat' dir='ltr'>non</span> 
     </span>
     <span class='ocr_line' id='line_1_4' title="bbox 83 337 1056 387; baseline -0.014 -5"><span class='ocrx_word' id='word_1_17' title='bbox 83 348 246 386; x_wconf 81' lang='lat' dir='ltr'>desectus,</span> <span class='ocrx_word' id='word_1_18' title='bbox 267 356 334 387; x_wconf 81' lang='lat' dir='ltr'>non</span> <span class='ocrx_word' id='word_1_19' title='bbox 356 342 443 376; x_wconf 88' lang='lat' dir='ltr'>mala</span> <span class='ocrx_word' id='word_1_20' title='bbox 466 340 655 379; x_wconf 82' lang='lat' dir='ltr'>inclinatio,</span> <span class='ocrx_word' id='word_1_21' title='bbox 687 350 756 371; x_wconf 92' lang='lat' dir='ltr'>non</span> <span class='ocrx_word' id='word_1_22' title='bbox 778 339 890 370; x_wconf 80' lang='lat' dir='ltr'>vitium</span> <span class='ocrx_word' id='word_1_23' title='bbox 913 337 1056 380; x_wconf 79' lang='lat' dir='ltr'>aliquod,</span> 
     </span>
     <span class='ocr_line' id='line_1_5' title="bbox 82 381 1060 430; baseline -0.014 -5"><span class='ocrx_word' id='word_1_24' title='bbox 82 402 151 425; x_wconf 86' lang='lat' dir='ltr'>non</span> <span class='ocrx_word' id='word_1_25' title='bbox 173 390 260 423; x_wconf 83' lang='lat' dir='ltr'>mala</span> <span class='ocrx_word' id='word_1_26' title='bbox 281 387 393 430; x_wconf 90' lang='lat' dir='ltr'>aliqua</span> <span class='ocrx_word' id='word_1_27' title='bbox 415 387 512 418; x_wconf 88' lang='lat' dir='ltr'>actio.</span> <span class='ocrx_word' id='word_1_28' title='bbox 558 383 690 415; x_wconf 77' lang='lat' dir='ltr'>Deinde</span> <span class='ocrx_word' id='word_1_29' title='bbox 713 392 787 414; x_wconf 89' lang='lat' dir='ltr'>cum</span> <span class='ocrx_word' id='word_1_30' title='bbox 810 382 941 413; x_wconf 85' lang='lat' dir='ltr'>dicitur:</span> <span class='ocrx_word' id='word_1_31' title='bbox 965 381 1060 412; x_wconf 82' lang='lat' dir='ltr'>Hunc</span> 
     </span>
     <span class='ocr_line' id='line_1_6' title="bbox 80 425 1058 476; baseline -0.013 -9"><span class='ocrx_word' id='word_1_32' title='bbox 80 434 160 476; x_wconf 77' lang='lat' dir='ltr'>fecit</span> <span class='ocrx_word' id='word_1_33' title='bbox 187 436 368 474; x_wconf 78' lang='lat' dir='ltr'>peccatum,</span> <span class='ocrx_word' id='word_1_34' title='bbox 400 429 448 461; x_wconf 90' lang='lat' dir='ltr'>lbi</span> <span class='ocrx_word' id='word_1_35' title='bbox 474 434 647 470; x_wconf 89' lang='lat' dir='ltr'>peccatum</span> <span class='ocrx_word' id='word_1_36' title='bbox 669 426 802 468; x_wconf 89' lang='lat' dir='ltr'>ponitur</span> <span class='ocrx_word' id='word_1_37' title='bbox 823 435 883 466; x_wconf 87' lang='lat' dir='ltr'>pro</span> <span class='ocrx_word' id='word_1_38' title='bbox 907 425 1058 456; x_wconf 89' lang='lat' dir='ltr'>termino.</span> 
     </span>
     <span class='ocr_line' id='line_1_7' title="bbox 88 472 1058 510; baseline -0.014 0"><span class='ocrx_word' id='word_1_39' title='bbox 88 477 201 510; x_wconf 86' lang='lat' dir='ltr'>Voluit</span> <span class='ocrx_word' id='word_1_40' title='bbox 223 475 316 507; x_wconf 88' lang='lat' dir='ltr'>Deus</span> <span class='ocrx_word' id='word_1_41' title='bbox 347 472 514 505; x_wconf 87' lang='lat' dir='ltr'><strong>Christum</strong></span> <span class='ocrx_word' id='word_1_42' title='bbox 547 479 625 502; x_wconf 88' lang='lat' dir='ltr'>esse</span> <span class='ocrx_word' id='word_1_43' title='bbox 653 479 746 500; x_wconf 88' lang='lat' dir='ltr'>reum</span> <span class='ocrx_word' id='word_1_44' title='bbox 775 474 912 508; x_wconf 87' lang='lat' dir='ltr'>propter</span> <span class='ocrx_word' id='word_1_45' title='bbox 942 472 1058 498; x_wconf 89' lang='lat' dir='ltr'>nostra</span> 
     </span>
     <span class='ocr_line' id='line_1_8' title="bbox 84 512 924 564; baseline -0.015 -11"><span class='ocrx_word' id='word_1_46' title='bbox 84 525 235 564; x_wconf 86' lang='lat' dir='ltr'>peccata,</span> <span class='ocrx_word' id='word_1_47' title='bbox 259 516 423 558; x_wconf 88' lang='lat' dir='ltr'>cumipse</span> <span class='ocrx_word' id='word_1_48' title='bbox 445 519 537 546; x_wconf 86' lang='lat' dir='ltr'>esset</span> <span class='ocrx_word' id='word_1_49' title='bbox 558 514 674 544; x_wconf 79' lang='lat' dir='ltr'>insons</span> <span class='ocrx_word' id='word_1_50' title='bbox 698 517 731 543; x_wconf 87' lang='lat' dir='ltr'>et</span> <span class='ocrx_word' id='word_1_51' title='bbox 753 512 924 542; x_wconf 81' lang='lat' dir='ltr'><strong>innocens.</strong></span> 
     </span>
    </p>

    <p class='ocr_par' dir='ltr' id='par_1_3' title="bbox 84 552 1062 894">
     <span class='ocr_line' id='line_1_9' title="bbox 171 552 1059 597; baseline -0.012 -4"><span class='ocrx_word' id='word_1_52' title='bbox 171 561 269 597; x_wconf 87' lang='lat' dir='ltr'>Quod</span> <span class='ocrx_word' id='word_1_53' title='bbox 297 567 405 591; x_wconf 74' lang='lat' dir='ltr'>autem</span> <span class='ocrx_word' id='word_1_54' title='bbox 437 557 584 594; x_wconf 87' lang='lat' dir='ltr'>additur,</span> <span class='ocrx_word' id='word_1_55' title='bbox 624 554 667 586; x_wconf 80' lang='lat' dir='ltr'>Ut</span> <span class='ocrx_word' id='word_1_56' title='bbox 688 564 748 585; x_wconf 77' lang='lat' dir='ltr'>nos</span> <span class='ocrx_word' id='word_1_57' title='bbox 768 554 914 596; x_wconf 77' lang='lat' dir='ltr'>fieremus</span> <span class='ocrx_word' id='word_1_58' title='bbox 936 552 1059 584; x_wconf 74' lang='lat' dir='ltr'>iustitia</span> 
     </span>
     <span class='ocr_line' id='line_1_10' title="bbox 85 596 1059 644; baseline -0.013 -6"><span class='ocrx_word' id='word_1_59' title='bbox 85 606 161 643; x_wconf 71' lang='lat' dir='ltr'>Det,</span> <span class='ocrx_word' id='word_1_60' title='bbox 184 602 379 644; x_wconf 85' lang='lat' dir='ltr'>Metalepsis</span> <span class='ocrx_word' id='word_1_61' title='bbox 402 606 463 633; x_wconf 88' lang='lat' dir='ltr'>est.</span> <span class='ocrx_word' id='word_1_62' title='bbox 507 598 553 630; x_wconf 87' lang='lat' dir='ltr'>Ut</span> <span class='ocrx_word' id='word_1_63' title='bbox 575 598 692 629; x_wconf 91' lang='lat' dir='ltr'>fiamus</span> <span class='ocrx_word' id='word_1_64' title='bbox 712 597 847 634; x_wconf 86' lang='lat' dir='ltr'>iustitia,</span> <span class='ocrx_word' id='word_1_65' title='bbox 870 596 901 627; x_wconf 93' lang='lat' dir='ltr'>id</span> <span class='ocrx_word' id='word_1_66' title='bbox 927 601 994 633; x_wconf 89' lang='lat' dir='ltr'>est,</span> <span class='ocrx_word' id='word_1_67' title='bbox 1025 600 1059 626; x_wconf 91' lang='lat' dir='ltr'>ut</span> 
     </span>
     <span class='ocr_line' id='line_1_11' title="bbox 86 638 1060 684; baseline -0.012 -4"><span class='ocrx_word' id='word_1_68' title='bbox 86 649 188 680; x_wconf 89' lang='lat' dir='ltr'>simus</span> <span class='ocrx_word' id='word_1_69' title='bbox 211 646 287 678; x_wconf 87' lang='lat' dir='ltr'>iusti</span> <span class='ocrx_word' id='word_1_70' title='bbox 317 651 348 676; x_wconf 88' lang='lat' dir='ltr'>et</span> <span class='ocrx_word' id='word_1_71' title='bbox 376 643 504 684; x_wconf 87' lang='lat' dir='ltr'>accepti</span> <span class='ocrx_word' id='word_1_72' title='bbox 525 642 616 679; x_wconf 88' lang='lat' dir='ltr'>Deo,</span> <span class='ocrx_word' id='word_1_73' title='bbox 651 650 718 671; x_wconf 91' lang='lat' dir='ltr'>non</span> <span class='ocrx_word' id='word_1_74' title='bbox 748 644 862 670; x_wconf 83' lang='lat' dir='ltr'>nostra</span> <span class='ocrx_word' id='word_1_75' title='bbox 887 638 1060 680; x_wconf 79' lang='lat' dir='ltr'>dignitate:</span> 
     </span>
     <span class='ocr_line' id='line_1_12' title="bbox 86 680 1060 726; baseline -0.012 -3"><span class='ocrx_word' id='word_1_76' title='bbox 86 691 146 723; x_wconf 88' lang='lat' dir='ltr'>sed</span> <span class='ocrx_word' id='word_1_77' title='bbox 168 689 291 722; x_wconf 87' lang='lat' dir='ltr'>iustitia</span> <span class='ocrx_word' id='word_1_78' title='bbox 314 699 333 718; x_wconf 84' lang='lat' dir='ltr'>a</span> <span class='ocrx_word' id='word_1_79' title='bbox 352 686 426 718; x_wconf 88' lang='lat' dir='ltr'>Deo</span> <span class='ocrx_word' id='word_1_80' title='bbox 449 687 606 726; x_wconf 88' lang='lat' dir='ltr'>imputata</span> <span class='ocrx_word' id='word_1_81' title='bbox 629 689 764 724; x_wconf 85' lang='lat' dir='ltr'>propter</span> <span class='ocrx_word' id='word_1_82' title='bbox 794 681 913 720; x_wconf 80' lang='lat' dir='ltr'>filium,</span> <span class='ocrx_word' id='word_1_83' title='bbox 941 680 1060 712; x_wconf 85' lang='lat' dir='ltr'>habea-</span> 
     </span>
     <span class='ocr_line' id='line_1_13' title="bbox 86 724 1061 774; baseline -0.012 -9"><span class='ocrx_word' id='word_1_84' title='bbox 86 743 160 766; x_wconf 85' lang='lat' dir='ltr'>mus</span> <span class='ocrx_word' id='word_1_85' title='bbox 191 743 249 774; x_wconf 89' lang='lat' dir='ltr'>per</span> <span class='ocrx_word' id='word_1_86' title='bbox 278 731 384 773; x_wconf 88' lang='lat' dir='ltr'>ipsum</span> <span class='ocrx_word' id='word_1_87' title='bbox 407 728 636 761; x_wconf 82' lang='lat' dir='ltr'>remissionem</span> <span class='ocrx_word' id='word_1_88' title='bbox 663 731 886 767; x_wconf 85' lang='lat' dir='ltr'>peccatorum.</span> <span class='ocrx_word' id='word_1_89' title='bbox 938 724 1061 755; x_wconf 81' lang='lat' dir='ltr'>Postea</span> 
     </span>
     <span class='ocr_line' id='line_1_14' title="bbox 84 766 1062 814; baseline -0.013 -5"><span class='ocrx_word' id='word_1_90' title='bbox 84 786 149 809; x_wconf 86' lang='lat' dir='ltr'>suo</span> <span class='ocrx_word' id='word_1_91' title='bbox 173 775 288 807; x_wconf 82' lang='lat' dir='ltr'>ordine</span> <span class='ocrx_word' id='word_1_92' title='bbox 310 773 474 814; x_wconf 89' lang='lat' dir='ltr'>sequitur,</span> <span class='ocrx_word' id='word_1_93' title='bbox 508 770 606 807; x_wconf 87' lang='lat' dir='ltr'>Quod</span> <span class='ocrx_word' id='word_1_94' title='bbox 639 778 754 800; x_wconf 90' lang='lat' dir='ltr'>sumus</span> <span class='ocrx_word' id='word_1_95' title='bbox 787 777 847 809; x_wconf 84' lang='lat' dir='ltr'>per</span> <span class='ocrx_word' id='word_1_96' title='bbox 879 777 952 799; x_wconf 74' lang='lat' dir='ltr'>euin</span> <span class='ocrx_word' id='word_1_97' title='bbox 973 766 1062 804; x_wconf 86' lang='lat' dir='ltr'>iusti,</span> 
     </span>
     <span class='ocr_line' id='line_1_15' title="bbox 89 811 1061 851; baseline -0.012 0"><span class='ocrx_word' id='word_1_98' title='bbox 89 820 186 851; x_wconf 86' lang='lat' dir='ltr'>etiam</span> <span class='ocrx_word' id='word_1_99' title='bbox 208 815 419 849; x_wconf 76' lang='lat' dir='ltr'>inchoatione</span> <span class='ocrx_word' id='word_1_100' title='bbox 438 824 545 845; x_wconf 84' lang='lat' dir='ltr'>novae</span> <span class='ocrx_word' id='word_1_101' title='bbox 567 813 711 845; x_wconf 83' lang='lat' dir='ltr'>iustitiae</span> <span class='ocrx_word' id='word_1_102' title='bbox 735 812 767 842; x_wconf 92' lang='lat' dir='ltr'>in</span> <span class='ocrx_word' id='word_1_103' title='bbox 790 811 899 848; x_wconf 91' lang='lat' dir='ltr'>nobis,</span> <span class='ocrx_word' id='word_1_104' title='bbox 928 820 969 841; x_wconf 88' lang='lat' dir='ltr'>ac</span> <span class='ocrx_word' id='word_1_105' title='bbox 992 815 1061 840; x_wconf 86' lang='lat' dir='ltr'>tan-</span> 
     </span>
     <span class='ocr_line' id='line_1_16' title="bbox 89 858 479 894; baseline -0.015 0"><span class='ocrx_word' id='word_1_106' title='bbox 89 863 163 894; x_wconf 89' lang='lat' dir='ltr'>dem</span> <span class='ocrx_word' id='word_1_107' title='bbox 186 858 479 893; x_wconf 83' lang='lat' dir='ltr'>consummatione.</span> 
     </span>
    </p>

    <p class='ocr_par' dir='ltr' id='par_1_4' title="bbox 80 893 1067 1788">
     <span class='ocr_line' id='line_1_17' title="bbox 173 893 1062 936; baseline -0.009 -1"><span class='ocrx_word' id='word_1_108' title='bbox 173 903 265 935; x_wconf 81' lang='lat' dir='ltr'>Haec</span> <span class='ocrx_word' id='word_1_109' title='bbox 291 902 399 934; x_wconf 90' lang='lat' dir='ltr'>omnia</span> <span class='ocrx_word' id='word_1_110' title='bbox 432 901 530 932; x_wconf 88' lang='lat' dir='ltr'>etiam</span> <span class='ocrx_word' id='word_1_111' title='bbox 552 898 672 930; x_wconf 81' lang='lat' dir='ltr'>Esaias</span> <span class='ocrx_word' id='word_1_112' title='bbox 704 901 745 936; x_wconf 91' lang='lat' dir='ltr'>[c.</span> <span class='ocrx_word' id='word_1_113' title='bbox 772 896 838 935; x_wconf 67' lang='lat'>62]</span> <span class='ocrx_word' id='word_1_114' title='bbox 869 893 1062 936; x_wconf 80' lang='lat' dir='ltr'>complexus</span> 
     </span>
     <span class='ocr_line' id='line_1_18' title="bbox 83 937 1062 986; baseline -0.011 -7"><span class='ocrx_word' id='word_1_115' title='bbox 83 953 147 985; x_wconf 87' lang='lat' dir='ltr'>est,</span> <span class='ocrx_word' id='word_1_116' title='bbox 168 957 241 978; x_wconf 80' lang='lat' dir='ltr'>cum</span> <span class='ocrx_word' id='word_1_117' title='bbox 264 945 384 986; x_wconf 90' lang='lat' dir='ltr'>inquit:</span> <span class='ocrx_word' id='word_1_118' title='bbox 413 942 569 975; x_wconf 78' lang='lat' dir='ltr'>Gaudebo</span> <span class='ocrx_word' id='word_1_119' title='bbox 592 943 623 973; x_wconf 81' lang='grc' dir='ltr'><em>ιή</em></span> <span class='ocrx_word' id='word_1_120' title='bbox 647 941 788 972; x_wconf 75' lang='lat' dir='ltr'>Domino</span> <span class='ocrx_word' id='word_1_121' title='bbox 809 939 883 970; x_wconf 82' lang='lat' dir='ltr'>Deo</span> <span class='ocrx_word' id='word_1_122' title='bbox 908 947 994 975; x_wconf 75' lang='lat' dir='ltr'>meo,</span> <span class='ocrx_word' id='word_1_123' title='bbox 1028 937 1062 968; x_wconf 87' lang='lat' dir='ltr'>id</span> 
     </span>
     <span class='ocr_line' id='line_1_19' title="bbox 84 980 1061 1028; baseline -0.011 -7"><span class='ocrx_word' id='word_1_124' title='bbox 84 995 148 1028; x_wconf 86' lang='lat' dir='ltr'>est,</span> <span class='ocrx_word' id='word_1_125' title='bbox 171 999 237 1020; x_wconf 92' lang='lat' dir='ltr'>non</span> <span class='ocrx_word' id='word_1_126' title='bbox 260 987 411 1019; x_wconf 83' lang='lat' dir='ltr'>laetabor</span> <span class='ocrx_word' id='word_1_127' title='bbox 439 992 576 1027; x_wconf 89' lang='lat' dir='ltr'>propter</span> <span class='ocrx_word' id='word_1_128' title='bbox 603 994 708 1015; x_wconf 90' lang='lat' dir='ltr'>meam</span> <span class='ocrx_word' id='word_1_129' title='bbox 732 983 908 1019; x_wconf 82' lang='lat' dir='ltr'>iustitiam,</span> <span class='ocrx_word' id='word_1_130' title='bbox 942 980 1003 1012; x_wconf 89' lang='lat' dir='ltr'>sed</span> <span class='ocrx_word' id='word_1_131' title='bbox 1028 980 1061 1011; x_wconf 90' lang='lat' dir='ltr'>in</span> 
     </span>
     <span class='ocr_line' id='line_1_20' title="bbox 82 1024 1062 1070; baseline -0.011 -6"><span class='ocrx_word' id='word_1_132' title='bbox 82 1032 226 1064; x_wconf 88' lang='lat' dir='ltr'>Domino</span> <span class='ocrx_word' id='word_1_133' title='bbox 241 1030 404 1067; x_wconf 87' lang='lat' dir='ltr'>laetabor,</span> <span class='ocrx_word' id='word_1_134' title='bbox 429 1030 506 1070; x_wconf 73' lang='lat' dir='ltr'>quia</span> <span class='ocrx_word' id='word_1_135' title='bbox 518 1028 623 1059; x_wconf 76' lang='lat' dir='ltr'>induit</span> <span class='ocrx_word' id='word_1_136' title='bbox 645 1037 692 1057; x_wconf 84' lang='lat' dir='ltr'>me</span> <span class='ocrx_word' id='word_1_137' title='bbox 714 1026 899 1058; x_wconf 67' lang='lat' dir='ltr'>vestimento</span> <span class='ocrx_word' id='word_1_138' title='bbox 918 1024 1062 1055; x_wconf 78' lang='lat' dir='ltr'>institiae</span> 
     </span>
     <span class='ocr_line' id='line_1_21' title="bbox 83 1067 1060 1107; baseline -0.011 0"><span class='ocrx_word' id='word_1_139' title='bbox 83 1079 114 1107; x_wconf 83' lang='lat' dir='ltr'>et</span> <span class='ocrx_word' id='word_1_140' title='bbox 136 1075 261 1107; x_wconf 74' lang='lat' dir='ltr'>salutis.</span> <span class='ocrx_word' id='word_1_141' title='bbox 295 1073 405 1104; x_wconf 84' lang='lat' dir='ltr'>Vestit</span> <span class='ocrx_word' id='word_1_142' title='bbox 426 1082 489 1103; x_wconf 86' lang='lat' dir='ltr'>nos</span> <span class='ocrx_word' id='word_1_143' title='bbox 502 1070 668 1107; x_wconf 69' lang='lat' dir='ltr'>Christus,</span> <span class='ocrx_word' id='word_1_144' title='bbox 692 1069 817 1100; x_wconf 76' lang='lat' dir='ltr'>iustitia</span> <span class='ocrx_word' id='word_1_145' title='bbox 839 1077 913 1105; x_wconf 79' lang='lat' dir='ltr'>sna,</span> <span class='ocrx_word' id='word_1_146' title='bbox 941 1067 974 1098; x_wconf 91' lang='lat' dir='ltr'>id</span> <span class='ocrx_word' id='word_1_147' title='bbox 997 1072 1060 1104; x_wconf 90' lang='lat' dir='ltr'>est,</span> 
     </span>
     <span class='ocr_line' id='line_1_22' title="bbox 82 1109 1061 1160; baseline -0.01 -11"><span class='ocrx_word' id='word_1_148' title='bbox 82 1119 223 1160; x_wconf 90' lang='lat' dir='ltr'>primum</span> <span class='ocrx_word' id='word_1_149' title='bbox 246 1117 301 1148; x_wconf 89' lang='lat' dir='ltr'>dat</span> <span class='ocrx_word' id='word_1_150' title='bbox 331 1115 428 1147; x_wconf 90' lang='lat' dir='ltr'>nobis</span> <span class='ocrx_word' id='word_1_151' title='bbox 463 1114 690 1145; x_wconf 76' lang='lat' dir='ltr'>remissionem</span> <span class='ocrx_word' id='word_1_152' title='bbox 725 1116 951 1153; x_wconf 73' lang='lat' dir='ltr'>peccatorum,</span> <span class='ocrx_word' id='word_1_153' title='bbox 985 1109 1061 1151; x_wconf 90' lang='lat' dir='ltr'>quia</span> 
     </span>
     <span class='ocr_line' id='line_1_23' title="bbox 83 1152 1063 1202; baseline -0.01 -10"><span class='ocrx_word' id='word_1_154' title='bbox 83 1162 156 1202; x_wconf 90' lang='lat' dir='ltr'>ipse</span> <span class='ocrx_word' id='word_1_155' title='bbox 179 1170 238 1201; x_wconf 92' lang='lat' dir='ltr'>pro</span> <span class='ocrx_word' id='word_1_156' title='bbox 261 1159 358 1190; x_wconf 91' lang='lat' dir='ltr'>nobis</span> <span class='ocrx_word' id='word_1_157' title='bbox 386 1157 548 1199; x_wconf 81' lang='lat' dir='ltr'>praestitit</span> <span class='ocrx_word' id='word_1_158' title='bbox 569 1155 807 1193; x_wconf 76' lang='lat' dir='ltr'>obedientiam,</span> <span class='ocrx_word' id='word_1_159' title='bbox 836 1160 868 1185; x_wconf 91' lang='lat' dir='ltr'>et</span> <span class='ocrx_word' id='word_1_160' title='bbox 903 1152 1063 1184; x_wconf 70' lang='lat' dir='ltr'>derivavit</span> 
     </span>
     <span class='ocr_line' id='line_1_24' title="bbox 83 1194 1062 1239; baseline -0.009 -5"><span class='ocrx_word' id='word_1_161' title='bbox 83 1204 116 1235; x_wconf 92' lang='lat' dir='ltr'>in</span> <span class='ocrx_word' id='word_1_162' title='bbox 148 1213 185 1234; x_wconf 88' lang='lat' dir='ltr'>se</span> <span class='ocrx_word' id='word_1_163' title='bbox 214 1202 313 1239; x_wconf 87' lang='lat' dir='ltr'>iram,</span> <span class='ocrx_word' id='word_1_164' title='bbox 347 1211 388 1232; x_wconf 91' lang='lat' dir='ltr'>ac</span> <span class='ocrx_word' id='word_1_165' title='bbox 413 1198 545 1231; x_wconf 84' lang='lat' dir='ltr'>sustulit</span> <span class='ocrx_word' id='word_1_166' title='bbox 579 1198 779 1230; x_wconf 90' lang='lat' dir='ltr'>horrendum</span> <span class='ocrx_word' id='word_1_167' title='bbox 813 1196 966 1228; x_wconf 89' lang='lat' dir='ltr'>iudicium</span> <span class='ocrx_word' id='word_1_168' title='bbox 999 1194 1062 1225; x_wconf 90' lang='lat' dir='ltr'>Dei</span> 
     </span>
     <span class='ocr_line' id='line_1_25' title="bbox 81 1238 1061 1278; baseline -0.01 0"><span class='ocrx_word' id='word_1_169' title='bbox 81 1246 246 1278; x_wconf 78' lang='lat' dir='ltr'>adversus</span> <span class='ocrx_word' id='word_1_170' title='bbox 270 1253 349 1275; x_wconf 88' lang='lat' dir='ltr'>nos:</span> <span class='ocrx_word' id='word_1_171' title='bbox 381 1243 499 1274; x_wconf 86' lang='lat' dir='ltr'>deinde</span> <span class='ocrx_word' id='word_1_172' title='bbox 522 1240 623 1272; x_wconf 85' lang='lat' dir='ltr'>efficit</span> <span class='ocrx_word' id='word_1_173' title='bbox 644 1242 677 1272; x_wconf 92' lang='lat' dir='ltr'>in</span> <span class='ocrx_word' id='word_1_174' title='bbox 701 1240 800 1272; x_wconf 90' lang='lat' dir='ltr'>nobis</span> <span class='ocrx_word' id='word_1_175' title='bbox 827 1249 949 1271; x_wconf 82' lang='lat' dir='ltr'>novam</span> <span class='ocrx_word' id='word_1_176' title='bbox 972 1238 1061 1269; x_wconf 92' lang='lat' dir='ltr'>iusti—</span> 
     </span>
     <span class='ocr_line' id='line_1_26' title="bbox 83 1280 1061 1328; baseline -0.009 -8"><span class='ocrx_word' id='word_1_177' title='bbox 83 1289 181 1326; x_wconf 89' lang='lat' dir='ltr'>tiam,</span> <span class='ocrx_word' id='word_1_178' title='bbox 216 1296 300 1328; x_wconf 86' lang='lat' dir='ltr'>quae</span> <span class='ocrx_word' id='word_1_179' title='bbox 335 1286 396 1317; x_wconf 85' lang='lat' dir='ltr'>etsi</span> <span class='ocrx_word' id='word_1_180' title='bbox 419 1291 471 1317; x_wconf 85' lang='lat' dir='ltr'>est</span> <span class='ocrx_word' id='word_1_181' title='bbox 493 1284 672 1316; x_wconf 88' lang='lat' dir='ltr'>immunda:</span> <span class='ocrx_word' id='word_1_182' title='bbox 709 1289 818 1315; x_wconf 89' lang='lat' dir='ltr'>tamen</span> <span class='ocrx_word' id='word_1_183' title='bbox 836 1281 945 1324; x_wconf 80' lang='lat' dir='ltr'>placet</span> <span class='ocrx_word' id='word_1_184' title='bbox 968 1280 1061 1312; x_wconf 86' lang='lat' dir='ltr'>Deo:</span> 
     </span>
     <span class='ocr_line' id='line_1_27' title="bbox 84 1325 1063 1372; baseline -0.007 -10"><span class='ocrx_word' id='word_1_185' title='bbox 84 1330 170 1366; x_wconf 86' lang='lat' dir='ltr'>Quia</span> <span class='ocrx_word' id='word_1_186' title='bbox 193 1329 349 1372; x_wconf 85' lang='lat' dir='ltr'>quicquid</span> <span class='ocrx_word' id='word_1_187' title='bbox 372 1334 422 1360; x_wconf 91' lang='lat' dir='ltr'>est</span> <span class='ocrx_word' id='word_1_188' title='bbox 444 1327 680 1364; x_wconf 91' lang='lat' dir='ltr'>immundiciei,</span> <span class='ocrx_word' id='word_1_189' title='bbox 708 1326 740 1357; x_wconf 87' lang='lat' dir='ltr'>id</span> <span class='ocrx_word' id='word_1_190' title='bbox 763 1326 884 1368; x_wconf 83' lang='lat' dir='ltr'>tegitur</span> <span class='ocrx_word' id='word_1_191' title='bbox 905 1325 1063 1366; x_wconf 87' lang='lat' dir='ltr'>imputata</span> 
     </span>
     <span class='ocr_line' id='line_1_28' title="bbox 84 1368 1063 1411; baseline -0.007 -6"><span class='ocrx_word' id='word_1_192' title='bbox 84 1373 182 1405; x_wconf 89' lang='lat' dir='ltr'>nobis</span> <span class='ocrx_word' id='word_1_193' title='bbox 205 1372 339 1411; x_wconf 85' lang='lat' dir='ltr'>iustitia,</span> <span class='ocrx_word' id='word_1_194' title='bbox 363 1377 395 1402; x_wconf 86' lang='lat' dir='ltr'>et</span> <span class='ocrx_word' id='word_1_195' title='bbox 417 1371 604 1402; x_wconf 89' lang='lat' dir='ltr'>innocentia</span> <span class='ocrx_word' id='word_1_196' title='bbox 621 1368 755 1404; x_wconf 72' lang='lat' dir='ltr'>Christi,</span> <span class='ocrx_word' id='word_1_197' title='bbox 779 1374 936 1410; x_wconf 83' lang='lat' dir='ltr'>tanquam</span> <span class='ocrx_word' id='word_1_198' title='bbox 958 1372 1063 1399; x_wconf 86' lang='lat' dir='ltr'>veste.</span> 
     </span>
     <span class='ocr_line' id='line_1_29' title="bbox 85 1410 1064 1454; baseline -0.006 -7"><span class='ocrx_word' id='word_1_199' title='bbox 85 1414 191 1448; x_wconf 90' lang='lat' dir='ltr'>Simul</span> <span class='ocrx_word' id='word_1_200' title='bbox 203 1416 300 1447; x_wconf 87' lang='lat' dir='ltr'>etiam</span> <span class='ocrx_word' id='word_1_201' title='bbox 310 1413 411 1445; x_wconf 82' lang='lat' dir='ltr'>vestit</span> <span class='ocrx_word' id='word_1_202' title='bbox 427 1423 490 1445; x_wconf 90' lang='lat' dir='ltr'>nos</span> <span class='ocrx_word' id='word_1_203' title='bbox 503 1412 620 1451; x_wconf 88' lang='lat' dir='ltr'>salute,</span> <span class='ocrx_word' id='word_1_204' title='bbox 644 1413 730 1454; x_wconf 89' lang='lat' dir='ltr'>quia,</span> <span class='ocrx_word' id='word_1_205' title='bbox 755 1412 783 1442; x_wconf 91' lang='lat' dir='ltr'>si</span> <span class='ocrx_word' id='word_1_206' title='bbox 795 1421 909 1443; x_wconf 85' lang='lat' dir='ltr'>sumus</span> <span class='ocrx_word' id='word_1_207' title='bbox 927 1410 1064 1451; x_wconf 85' lang='lat' dir='ltr'>recepti,</span> 
     </span>
     <span class='ocr_line' id='line_1_30' title="bbox 86 1453 1064 1497; baseline -0.007 -7"><span class='ocrx_word' id='word_1_208' title='bbox 86 1459 116 1490; x_wconf 90' lang='lat' dir='ltr'>si</span> <span class='ocrx_word' id='word_1_209' title='bbox 138 1464 191 1490; x_wconf 88' lang='lat' dir='ltr'>est</span> <span class='ocrx_word' id='word_1_210' title='bbox 213 1458 337 1489; x_wconf 84' lang='lat' dir='ltr'>donata</span> <span class='ocrx_word' id='word_1_211' title='bbox 358 1456 509 1487; x_wconf 82' lang='lat' dir='ltr'>remissio</span> <span class='ocrx_word' id='word_1_212' title='bbox 531 1461 763 1497; x_wconf 85' lang='lat' dir='ltr'>peccatorum,</span> <span class='ocrx_word' id='word_1_213' title='bbox 797 1455 826 1485; x_wconf 88' lang='lat' dir='ltr'>si</span> <span class='ocrx_word' id='word_1_214' title='bbox 855 1453 983 1484; x_wconf 86' lang='lat' dir='ltr'>suntin</span> <span class='ocrx_word' id='word_1_215' title='bbox 1005 1462 1064 1484; x_wconf 84' lang='lat' dir='ltr'>no-</span> 
     </span>
     <span class='ocr_line' id='line_1_31' title="bbox 86 1497 1065 1540; baseline -0.006 -8"><span class='ocrx_word' id='word_1_216' title='bbox 86 1501 138 1533; x_wconf 88' lang='lat' dir='ltr'>bis</span> <span class='ocrx_word' id='word_1_217' title='bbox 171 1501 262 1532; x_wconf 81' lang='lat' dir='ltr'>initia</span> <span class='ocrx_word' id='word_1_218' title='bbox 296 1499 451 1530; x_wconf 83' lang='lat' dir='ltr'>novitatis</span> <span class='ocrx_word' id='word_1_219' title='bbox 489 1497 686 1540; x_wconf 85' lang='lat' dir='ltr'>spiritualis,</span> <span class='ocrx_word' id='word_1_220' title='bbox 729 1506 916 1539; x_wconf 85' lang='lat' dir='ltr'>quanquam</span> <span class='ocrx_word' id='word_1_221' title='bbox 950 1504 1065 1527; x_wconf 87' lang='lat' dir='ltr'>sumus</span> 
     </span>
     <span class='ocr_line' id='line_1_32' title="bbox 88 1540 1065 1581; baseline -0.006 -7"><span class='ocrx_word' id='word_1_222' title='bbox 88 1543 206 1575; x_wconf 89' lang='lat' dir='ltr'>infirmi</span> <span class='ocrx_word' id='word_1_223' title='bbox 229 1548 262 1574; x_wconf 89' lang='lat' dir='ltr'>et</span> <span class='ocrx_word' id='word_1_224' title='bbox 283 1541 480 1580; x_wconf 90' lang='lat' dir='ltr'>imbecilles,</span> <span class='ocrx_word' id='word_1_225' title='bbox 503 1541 722 1579; x_wconf 78' lang='lat' dir='ltr'>custodimur,</span> <span class='ocrx_word' id='word_1_226' title='bbox 756 1540 911 1581; x_wconf 87' lang='lat' dir='ltr'>regimur,</span> <span class='ocrx_word' id='word_1_227' title='bbox 935 1543 1065 1570; x_wconf 87' lang='lat' dir='ltr'>susten-</span> 
     </span>
     <span class='ocr_line' id='line_1_33' title="bbox 80 1581 1065 1627; baseline -0.007 -9"><span class='ocrx_word' id='word_1_228' title='bbox 80 1591 193 1618; x_wconf 72' lang='lat' dir='ltr'>tamur</span> <span class='ocrx_word' id='word_1_229' title='bbox 216 1594 348 1627; x_wconf 84' lang='lat' dir='ltr'>quoque</span> <span class='ocrx_word' id='word_1_230' title='bbox 367 1594 427 1625; x_wconf 88' lang='lat' dir='ltr'>per</span> <span class='ocrx_word' id='word_1_231' title='bbox 446 1585 553 1626; x_wconf 88' lang='lat' dir='ltr'>ipsum</span> <span class='ocrx_word' id='word_1_232' title='bbox 570 1585 603 1614; x_wconf 92' lang='lat' dir='ltr'>in</span> <span class='ocrx_word' id='word_1_233' title='bbox 627 1582 690 1614; x_wconf 87' lang='lat' dir='ltr'>hac</span> <span class='ocrx_word' id='word_1_234' title='bbox 713 1583 792 1621; x_wconf 78' lang='lat' dir='ltr'>vita,</span> <span class='ocrx_word' id='word_1_235' title='bbox 816 1582 902 1614; x_wconf 86' lang='lat' dir='ltr'>sicut</span> <span class='ocrx_word' id='word_1_236' title='bbox 915 1581 1065 1612; x_wconf 84' lang='lat' dir='ltr'>videmus</span> 
     </span>
     <span class='ocr_line' id='line_1_34' title="bbox 88 1623 1067 1665; baseline -0.006 -5"><span class='ocrx_word' id='word_1_237' title='bbox 88 1627 274 1661; x_wconf 85' lang='lat' dir='ltr'>Ecclesiam</span> <span class='ocrx_word' id='word_1_238' title='bbox 306 1627 434 1658; x_wconf 85' lang='lat' dir='ltr'>servari</span> <span class='ocrx_word' id='word_1_239' title='bbox 472 1625 716 1658; x_wconf 85' lang='lat' dir='ltr'>mirabilissimo</span> <span class='ocrx_word' id='word_1_240' title='bbox 750 1625 860 1656; x_wconf 86' lang='lat' dir='ltr'>modo.</span> <span class='ocrx_word' id='word_1_241' title='bbox 914 1623 1067 1665; x_wconf 89' lang='lat' dir='ltr'>Denique</span> 
     </span>
     <span class='ocr_line' id='line_1_35' title="bbox 88 1666 1067 1712; baseline -0.006 -9"><span class='ocrx_word' id='word_1_242' title='bbox 88 1671 221 1703; x_wconf 81' lang='lat' dir='ltr'>sublato</span> <span class='ocrx_word' id='word_1_243' title='bbox 244 1676 382 1712; x_wconf 80' lang='lat' dir='ltr'>peccato</span> <span class='ocrx_word' id='word_1_244' title='bbox 395 1668 531 1701; x_wconf 90' lang='lat' dir='ltr'>tolletur</span> <span class='ocrx_word' id='word_1_245' title='bbox 554 1669 685 1700; x_wconf 85' lang='lat' dir='ltr'>tandem</span> <span class='ocrx_word' id='word_1_246' title='bbox 708 1678 799 1699; x_wconf 91' lang='lat' dir='ltr'>mors</span> <span class='ocrx_word' id='word_1_247' title='bbox 823 1673 971 1705; x_wconf 89' lang='lat' dir='ltr'>aeterna,</span> <span class='ocrx_word' id='word_1_248' title='bbox 995 1666 1067 1697; x_wconf 77' lang='lat' dir='ltr'>red-</span> 
     </span>
     <span class='ocr_line' id='line_1_36' title="bbox 89 1709 1066 1752; baseline -0.006 -7"><span class='ocrx_word' id='word_1_249' title='bbox 89 1715 186 1746; x_wconf 85' lang='lat' dir='ltr'>detur</span> <span class='ocrx_word' id='word_1_250' title='bbox 207 1713 339 1750; x_wconf 76' lang='lat' dir='ltr'>iustitia,</span> <span class='ocrx_word' id='word_1_251' title='bbox 363 1719 395 1743; x_wconf 90' lang='lat' dir='ltr'>et</span> <span class='ocrx_word' id='word_1_252' title='bbox 417 1713 496 1750; x_wconf 78' lang='lat' dir='ltr'>vita,</span> <span class='ocrx_word' id='word_1_253' title='bbox 519 1717 550 1743; x_wconf 90' lang='lat' dir='ltr'>et</span> <span class='ocrx_word' id='word_1_254' title='bbox 571 1710 713 1749; x_wconf 80' lang='lat' dir='ltr'>laetitia,</span> <span class='ocrx_word' id='word_1_255' title='bbox 744 1716 776 1742; x_wconf 87' lang='lat' dir='ltr'>et</span> <span class='ocrx_word' id='word_1_256' title='bbox 798 1709 905 1752; x_wconf 83' lang='lat' dir='ltr'>gloria</span> <span class='ocrx_word' id='word_1_257' title='bbox 924 1715 1066 1741; x_wconf 84' lang='lat' dir='ltr'>aeterna.</span> 
     </span>
     <span class='ocr_line' id='line_1_37' title="bbox 90 1754 736 1788; baseline -0.006 0"><span class='ocrx_word' id='word_1_258' title='bbox 90 1757 174 1788; x_wconf 88' lang='lat' dir='ltr'>Nam</span> <span class='ocrx_word' id='word_1_259' title='bbox 196 1755 281 1787; x_wconf 87' lang='lat' dir='ltr'>haec</span> <span class='ocrx_word' id='word_1_260' title='bbox 304 1756 411 1787; x_wconf 85' lang='lat' dir='ltr'>onmia</span> <span class='ocrx_word' id='word_1_261' title='bbox 435 1756 522 1787; x_wconf 87' lang='lat' dir='ltr'>bona</span> <span class='ocrx_word' id='word_1_262' title='bbox 545 1754 736 1787; x_wconf 88' lang='lat' dir='ltr'>cohaerent.</span> 
     </span>
    </p>
   </div>
   <div class='ocr_carea' id='block_1_3' title="bbox 92 1915 1072 1991">
    <p class='ocr_par' dir='ltr' id='par_1_5' title="bbox 92 1915 1072 1991">
     <span class='ocr_line' id='line_1_38' title="bbox 92 1915 1072 1968; baseline -0.004 -18"><span class='ocrx_word' id='word_1_263' title='bbox 92 1918 152 1950; x_wconf 90' lang='lat' dir='ltr'>De</span> <span class='ocrx_word' id='word_1_264' title='bbox 182 1916 469 1960; x_wconf 86' lang='lat' dir='ltr'>applicatione</span> <span class='ocrx_word' id='word_1_265' title='bbox 503 1916 658 1968; x_wconf 65' lang='lat' dir='ltr'>Christi</span> <span class='ocrx_word' id='word_1_266' title='bbox 698 1922 737 1947; x_wconf 89' lang='lat' dir='ltr'>et</span> <span class='ocrx_word' id='word_1_267' title='bbox 771 1915 1072 1948; x_wconf 85' lang='lat' dir='ltr'>beneficiorum</span> 
     </span>
     <span class='ocr_line' id='line_1_39' title="bbox 536 1969 635 1991; baseline -0.02 0"><span class='ocrx_word' id='word_1_268' title='bbox 536 1969 635 1991; x_wconf 77' lang='lat' dir='ltr'>eius.</span> 
     </span>
    </p>
   </div>
   <div class='ocr_carea' id='block_1_4' title="bbox 84 2050 1080 2605">
    <p class='ocr_par' dir='ltr' id='par_1_6' title="bbox 84 2050 1076 2300">
     <span class='ocr_line' id='line_1_40' title="bbox 183 2050 1075 2093; baseline -0.004 -8"><span class='ocrx_word' id='word_1_269' title='bbox 183 2053 313 2086; x_wconf 83' lang='lat' dir='ltr'>Tertius</span> <span class='ocrx_word' id='word_1_270' title='bbox 336 2051 497 2085; x_wconf 86' lang='lat' dir='ltr'>articulus</span> <span class='ocrx_word' id='word_1_271' title='bbox 519 2052 616 2084; x_wconf 86' lang='lat' dir='ltr'>huius</span> <span class='ocrx_word' id='word_1_272' title='bbox 640 2053 811 2085; x_wconf 88' lang='lat' dir='ltr'>doctrinae</span> <span class='ocrx_word' id='word_1_273' title='bbox 834 2057 885 2089; x_wconf 84' lang='lat' dir='ltr'>cst</span> <span class='ocrx_word' id='word_1_274' title='bbox 908 2052 950 2083; x_wconf 91' lang='lat' dir='ltr'>de</span> <span class='ocrx_word' id='word_1_275' title='bbox 973 2050 1075 2093; x_wconf 88' lang='lat' dir='ltr'>appli-</span> 
     </span>
     <span class='ocr_line' id='line_1_41' title="bbox 99 2094 1075 2133; baseline -0.005 -4"><span class='ocrx_word' id='word_1_276' title='bbox 99 2097 241 2129; x_wconf 85' lang='lat' dir='ltr'>catione.</span> <span class='ocrx_word' id='word_1_277' title='bbox 296 2096 372 2128; x_wconf 92' lang='lat' dir='ltr'>Non</span> <span class='ocrx_word' id='word_1_278' title='bbox 395 2096 477 2127; x_wconf 89' lang='lat' dir='ltr'>satis</span> <span class='ocrx_word' id='word_1_279' title='bbox 501 2102 551 2126; x_wconf 90' lang='lat' dir='ltr'>cst</span> <span class='ocrx_word' id='word_1_280' title='bbox 585 2096 695 2127; x_wconf 88' lang='lat' dir='ltr'>dicere</span> <span class='ocrx_word' id='word_1_281' title='bbox 729 2096 770 2127; x_wconf 91' lang='lat' dir='ltr'>de</span> <span class='ocrx_word' id='word_1_282' title='bbox 794 2094 980 2133; x_wconf 89' lang='lat' dir='ltr'>beneficiis,</span> <span class='ocrx_word' id='word_1_283' title='bbox 1015 2095 1075 2125; x_wconf 87' lang='lat' dir='ltr'>sed</span> 
     </span>
     <span class='ocr_line' id='line_1_42' title="bbox 99 2136 1075 2181; baseline -0.003 -10"><span class='ocrx_word' id='word_1_284' title='bbox 99 2145 227 2181; x_wconf 78' lang='lat' dir='ltr'>oportet</span> <span class='ocrx_word' id='word_1_285' title='bbox 250 2149 313 2171; x_wconf 92' lang='lat' dir='ltr'>nos</span> <span class='ocrx_word' id='word_1_286' title='bbox 337 2138 435 2170; x_wconf 89' lang='lat' dir='ltr'>simul</span> <span class='ocrx_word' id='word_1_287' title='bbox 459 2139 621 2181; x_wconf 82' lang='lat' dir='ltr'>cogitare,</span> <span class='ocrx_word' id='word_1_288' title='bbox 649 2139 816 2181; x_wconf 89' lang='lat' dir='ltr'>quomodo</span> <span class='ocrx_word' id='word_1_289' title='bbox 846 2138 991 2180; x_wconf 83' lang='lat' dir='ltr'>ingentia</span> <span class='ocrx_word' id='word_1_290' title='bbox 1018 2136 1075 2168; x_wconf 88' lang='lat' dir='ltr'>illa</span> 
     </span>
     <span class='ocr_line' id='line_1_43' title="bbox 84 2181 1076 2224; baseline -0.004 -10"><span class='ocrx_word' id='word_1_291' title='bbox 84 2181 262 2214; x_wconf 86' lang='lat' dir='ltr'>·beneficia</span> <span class='ocrx_word' id='word_1_292' title='bbox 295 2181 376 2212; x_wconf 88' lang='lat' dir='ltr'>fiant</span> <span class='ocrx_word' id='word_1_293' title='bbox 408 2187 546 2220; x_wconf 86' lang='lat' dir='ltr'>nostra,</span> <span class='ocrx_word' id='word_1_294' title='bbox 579 2191 640 2213; x_wconf 86' lang='lat' dir='ltr'>seu</span> <span class='ocrx_word' id='word_1_295' title='bbox 673 2182 838 2224; x_wconf 89' lang='lat' dir='ltr'>quomodo</span> <span class='ocrx_word' id='word_1_296' title='bbox 873 2181 1076 2222; x_wconf 89' lang='lat' dir='ltr'>accipiantur</span> 
     </span>
     <span class='ocr_line' id='line_1_44' title="bbox 99 2223 1076 2267; baseline -0.002 -11"><span class='ocrx_word' id='word_1_297' title='bbox 99 2235 119 2256; x_wconf 89' lang='lat' dir='ltr'>a</span> <span class='ocrx_word' id='word_1_298' title='bbox 141 2225 248 2257; x_wconf 91' lang='lat' dir='ltr'>nobis.</span> <span class='ocrx_word' id='word_1_299' title='bbox 293 2223 355 2255; x_wconf 87' lang='lat' dir='ltr'>Hic</span> <span class='ocrx_word' id='word_1_300' title='bbox 377 2230 508 2265; x_wconf 89' lang='lat' dir='ltr'>oportet</span> <span class='ocrx_word' id='word_1_301' title='bbox 525 2223 662 2267; x_wconf 81' lang='lat' dir='ltr'>intelligi</span> <span class='ocrx_word' id='word_1_302' title='bbox 673 2234 879 2257; x_wconf 92' lang='lat' dir='ltr'>communem</span> <span class='ocrx_word' id='word_1_303' title='bbox 892 2224 1076 2256; x_wconf 85' lang='lat' dir='ltr'>doctrinam</span> 
     </span>
     <span class='ocr_line' id='line_1_45' title="bbox 100 2266 604 2300; baseline -0.004 0"><span class='ocrx_word' id='word_1_304' title='bbox 100 2268 143 2300; x_wconf 90' lang='lat' dir='ltr'>de</span> <span class='ocrx_word' id='word_1_305' title='bbox 166 2267 386 2299; x_wconf 80' lang='lat' dir='ltr'>conversione</span> <span class='ocrx_word' id='word_1_306' title='bbox 409 2273 442 2298; x_wconf 92' lang='lat' dir='ltr'>et</span> <span class='ocrx_word' id='word_1_307' title='bbox 464 2267 505 2299; x_wconf 92' lang='lat' dir='ltr'>de</span> <span class='ocrx_word' id='word_1_308' title='bbox 528 2266 604 2299; x_wconf 85' lang='lat' dir='ltr'>fide.</span> 
     </span>
    </p>

    <p class='ocr_par' dir='ltr' id='par_1_7' title="bbox 100 2307 1080 2605">
     <span class='ocr_line' id='line_1_46' title="bbox 186 2307 1077 2348; baseline -0.002 -7"><span class='ocrx_word' id='word_1_309' title='bbox 186 2310 262 2341; x_wconf 85' lang='lat' dir='ltr'>Non</span> <span class='ocrx_word' id='word_1_310' title='bbox 285 2315 337 2341; x_wconf 88' lang='lat' dir='ltr'>est</span> <span class='ocrx_word' id='word_1_311' title='bbox 360 2310 442 2341; x_wconf 82' lang='lat' dir='ltr'>fides</span> <span class='ocrx_word' id='word_1_312' title='bbox 463 2320 517 2341; x_wconf 88' lang='lat' dir='ltr'>res</span> <span class='ocrx_word' id='word_1_313' title='bbox 531 2310 650 2348; x_wconf 85' lang='lat' dir='ltr'>otiosa,</span> <span class='ocrx_word' id='word_1_314' title='bbox 670 2315 707 2341; x_wconf 90' lang='lat' dir='ltr'>ut</span> <span class='ocrx_word' id='word_1_315' title='bbox 729 2311 758 2341; x_wconf 86' lang='lat' dir='ltr'>si</span> <span class='ocrx_word' id='word_1_316' title='bbox 781 2311 912 2341; x_wconf 88' lang='lat' dir='ltr'>scribas</span> <span class='ocrx_word' id='word_1_317' title='bbox 936 2309 969 2340; x_wconf 91' lang='lat' dir='ltr'>in</span> <span class='ocrx_word' id='word_1_318' title='bbox 991 2307 1077 2340; x_wconf 91' lang='lat' dir='ltr'>libro</span> 
     </span>
     <span class='ocr_line' id='line_1_47' title="bbox 100 2351 1078 2394; baseline -0.002 -9"><span class='ocrx_word' id='word_1_319' title='bbox 100 2359 157 2385; x_wconf 89' lang='lat' dir='ltr'>aut</span> <span class='ocrx_word' id='word_1_320' title='bbox 177 2353 326 2394; x_wconf 79' lang='lat' dir='ltr'>pariente</span> <span class='ocrx_word' id='word_1_321' title='bbox 350 2362 467 2384; x_wconf 89' lang='lat' dir='ltr'>nomen</span> <span class='ocrx_word' id='word_1_322' title='bbox 491 2359 548 2384; x_wconf 90' lang='lat' dir='ltr'>aut</span> <span class='ocrx_word' id='word_1_323' title='bbox 576 2353 738 2394; x_wconf 84' lang='lat' dir='ltr'>picturam</span> <span class='ocrx_word' id='word_1_324' title='bbox 761 2351 899 2385; x_wconf 89' lang='lat' dir='ltr'>alieuius</span> <span class='ocrx_word' id='word_1_325' title='bbox 923 2352 989 2390; x_wconf 91' lang='lat' dir='ltr'>rei,</span> <span class='ocrx_word' id='word_1_326' title='bbox 1017 2352 1078 2383; x_wconf 86' lang='lat' dir='ltr'>sed</span> 
     </span>
     <span class='ocr_line' id='line_1_48' title="bbox 102 2395 1078 2441; baseline -0.002 -13"><span class='ocrx_word' id='word_1_327' title='bbox 102 2397 279 2441; x_wconf 84' lang='lat' dir='ltr'>coniuncta</span> <span class='ocrx_word' id='word_1_328' title='bbox 313 2401 363 2427; x_wconf 87' lang='lat' dir='ltr'>est</span> <span class='ocrx_word' id='word_1_329' title='bbox 396 2405 477 2427; x_wconf 81' lang='lat' dir='ltr'>vera</span> <span class='ocrx_word' id='word_1_330' title='bbox 511 2395 593 2426; x_wconf 83' lang='lat' dir='ltr'>fides</span> <span class='ocrx_word' id='word_1_331' title='bbox 617 2405 690 2427; x_wconf 90' lang='lat' dir='ltr'>cum</span> <span class='ocrx_word' id='word_1_332' title='bbox 712 2396 808 2434; x_wconf 81' lang='lat' dir='ltr'>viva,</span> <span class='ocrx_word' id='word_1_333' title='bbox 842 2401 874 2427; x_wconf 93' lang='lat' dir='ltr'>et</span> <span class='ocrx_word' id='word_1_334' title='bbox 896 2405 976 2427; x_wconf 83' lang='lat' dir='ltr'>vera</span> <span class='ocrx_word' id='word_1_335' title='bbox 1000 2405 1078 2426; x_wconf 91' lang='lat' dir='ltr'>con-</span> 
     </span>
     <span class='ocr_line' id='line_1_49' title="bbox 101 2437 1077 2480; baseline -0.001 -11"><span class='ocrx_word' id='word_1_336' title='bbox 101 2437 284 2476; x_wconf 88' lang='lat' dir='ltr'>solatione,</span> <span class='ocrx_word' id='word_1_337' title='bbox 314 2448 411 2480; x_wconf 89' lang='lat' dir='ltr'>quam</span> <span class='ocrx_word' id='word_1_338' title='bbox 443 2438 476 2469; x_wconf 93' lang='lat' dir='ltr'>in</span> <span class='ocrx_word' id='word_1_339' title='bbox 509 2438 704 2480; x_wconf 83' lang='lat' dir='ltr'>pavoribus,</span> <span class='ocrx_word' id='word_1_340' title='bbox 735 2444 767 2469; x_wconf 92' lang='lat' dir='ltr'>et</span> <span class='ocrx_word' id='word_1_341' title='bbox 789 2438 877 2470; x_wconf 87' lang='lat' dir='ltr'>veris</span> <span class='ocrx_word' id='word_1_342' title='bbox 905 2437 1077 2469; x_wconf 92' lang='lat' dir='ltr'>doloribus</span> 
     </span>
     <span class='ocr_line' id='line_1_50' title="bbox 102 2479 1080 2523; baseline -0.001 -11"><span class='ocrx_word' id='word_1_343' title='bbox 102 2482 249 2512; x_wconf 87' lang='lat' dir='ltr'>sentiunt</span> <span class='ocrx_word' id='word_1_344' title='bbox 270 2479 328 2520; x_wconf 88' lang='lat' dir='ltr'>ilii,</span> <span class='ocrx_word' id='word_1_345' title='bbox 351 2482 406 2523; x_wconf 89' lang='lat' dir='ltr'>qui</span> <span class='ocrx_word' id='word_1_346' title='bbox 429 2487 666 2513; x_wconf 88' lang='lat' dir='ltr'>convertuntur</span> <span class='ocrx_word' id='word_1_347' title='bbox 687 2481 730 2513; x_wconf 88' lang='lat' dir='ltr'>ad</span> <span class='ocrx_word' id='word_1_348' title='bbox 747 2480 866 2512; x_wconf 92' lang='lat' dir='ltr'>Deum.</span> <span class='ocrx_word' id='word_1_349' title='bbox 910 2480 972 2512; x_wconf 88' lang='lat' dir='ltr'>Est</span> <span class='ocrx_word' id='word_1_350' title='bbox 994 2481 1080 2512; x_wconf 85' lang='lat' dir='ltr'>enim</span> 
     </span>
     <span class='ocr_line' id='line_1_51' title="bbox 102 2522 1079 2562; baseline -0.001 -7"><span class='ocrx_word' id='word_1_351' title='bbox 102 2522 188 2555; x_wconf 82' lang='lat' dir='ltr'>fides</span> <span class='ocrx_word' id='word_1_352' title='bbox 211 2533 277 2555; x_wconf 91' lang='lat' dir='ltr'>non</span> <span class='ocrx_word' id='word_1_353' title='bbox 300 2530 426 2555; x_wconf 87' lang='lat' dir='ltr'>tantum</span> <span class='ocrx_word' id='word_1_354' title='bbox 461 2524 576 2555; x_wconf 88' lang='lat' dir='ltr'>notitia</span> <span class='ocrx_word' id='word_1_355' title='bbox 609 2524 642 2555; x_wconf 91' lang='lat' dir='ltr'>in</span> <span class='ocrx_word' id='word_1_356' title='bbox 665 2529 791 2562; x_wconf 86' lang='lat' dir='ltr'>mente,</span> <span class='ocrx_word' id='word_1_357' title='bbox 823 2524 884 2556; x_wconf 89' lang='lat' dir='ltr'>sed</span> <span class='ocrx_word' id='word_1_358' title='bbox 908 2522 1004 2555; x_wconf 86' lang='lat' dir='ltr'>simul</span> <span class='ocrx_word' id='word_1_359' title='bbox 1028 2528 1079 2555; x_wconf 90' lang='lat' dir='ltr'>est</span> 
     </span>
     <span class='ocr_line' id='line_1_52' title="bbox 103 2565 1080 2605; baseline 0 -8"><span class='ocrx_word' id='word_1_360' title='bbox 103 2565 225 2597; x_wconf 83' lang='lat' dir='ltr'>fiducia</span> <span class='ocrx_word' id='word_1_361' title='bbox 245 2567 279 2597; x_wconf 92' lang='lat' dir='ltr'>in</span> <span class='ocrx_word' id='word_1_362' title='bbox 302 2565 470 2599; x_wconf 84' lang='lat' dir='ltr'>voluntate</span> <span class='ocrx_word' id='word_1_363' title='bbox 489 2573 521 2598; x_wconf 92' lang='lat' dir='ltr'>et</span> <span class='ocrx_word' id='word_1_364' title='bbox 543 2567 655 2605; x_wconf 90' lang='lat' dir='ltr'>corde,</span> <span class='ocrx_word' id='word_1_365' title='bbox 689 2573 721 2598; x_wconf 91' lang='lat' dir='ltr'>et</span> <span class='ocrx_word' id='word_1_366' title='bbox 743 2566 794 2598; x_wconf 88' lang='lat' dir='ltr'>sic</span> <span class='ocrx_word' id='word_1_367' title='bbox 816 2565 1080 2598; x_wconf 85' lang='lat' dir='ltr'>consolationem</span> 
     </span>
    </p>
   </div>
   <div class='ocr_carea' id='block_1_5' title="bbox 767 154 1404 192">
    <p class='ocr_par' dir='ltr' id='par_1_8' title="bbox 767 154 1404 192">
     <span class='ocr_line' id='line_1_53' title="bbox 767 154 1404 192; baseline -0.011 -1"><span class='ocrx_word' id='word_1_368' title='bbox 767 157 984 192; x_wconf 88' lang='lat' dir='ltr'>POSTlLLA</span> <span class='ocrx_word' id='word_1_369' title='bbox 1006 154 1362 189; x_wconf 86' lang='lat' dir='ltr'><strong>MELANTHONIAN</strong></span> <span class='ocrx_word' id='word_1_370' title='bbox 1364 154 1404 186; x_wconf 86' lang='lat' dir='ltr'>A.</span> 
     </span>
    </p>
   </div>
   <div class='ocr_carea' id='block_1_6' title="bbox 2039 150 2084 182">
    <p class='ocr_par' dir='ltr' id='par_1_9' title="bbox 2039 150 2084 182">
     <span class='ocr_line' id='line_1_54' title="bbox 2039 150 2084 182; baseline -0.022 0"><span class='ocrx_word' id='word_1_371' title='bbox 2039 150 2084 182; x_wconf 76' lang='lat'>82</span> 
     </span>
    </p>
   </div>
   <div class='ocr_carea' id='block_1_7' title="bbox 1110 243 2089 412">
    <p class='ocr_par' dir='ltr' id='par_1_10' title="bbox 1110 243 2089 412">
     <span class='ocr_line' id='line_1_55' title="bbox 1110 243 2089 289; baseline -0.007 -7"><span class='ocrx_word' id='word_1_372' title='bbox 1110 259 1148 282; x_wconf 88' lang='lat' dir='ltr'>se</span> <span class='ocrx_word' id='word_1_373' title='bbox 1170 258 1256 281; x_wconf 81' lang='lat' dir='ltr'>voce</span> <span class='ocrx_word' id='word_1_374' title='bbox 1278 245 1464 289; x_wconf 77' lang='lat' dir='ltr'>Evangelii,</span> <span class='ocrx_word' id='word_1_375' title='bbox 1490 252 1523 277; x_wconf 91' lang='lat' dir='ltr'>et</span> <span class='ocrx_word' id='word_1_376' title='bbox 1555 246 1698 277; x_wconf 90' lang='lat' dir='ltr'>intuetur</span> <span class='ocrx_word' id='word_1_377' title='bbox 1728 244 1840 277; x_wconf 89' lang='lat' dir='ltr'>filium.</span> <span class='ocrx_word' id='word_1_378' title='bbox 1885 243 1978 276; x_wconf 88' lang='lat' dir='ltr'>Tunc</span> <span class='ocrx_word' id='word_1_379' title='bbox 2001 244 2089 275; x_wconf 88' lang='lat' dir='ltr'>enim</span> 
     </span>
     <span class='ocr_line' id='line_1_56' title="bbox 1110 286 2089 333; baseline -0.008 -8"><span class='ocrx_word' id='word_1_380' title='bbox 1110 303 1228 325; x_wconf 86' lang='lat' dir='ltr'>revera</span> <span class='ocrx_word' id='word_1_381' title='bbox 1261 290 1404 333; x_wconf 83' lang='lat' dir='ltr'>Spiritus</span> <span class='ocrx_word' id='word_1_382' title='bbox 1438 294 1575 320; x_wconf 88' lang='lat' dir='ltr'>sanctus</span> <span class='ocrx_word' id='word_1_383' title='bbox 1609 295 1659 320; x_wconf 89' lang='lat' dir='ltr'>est</span> <span class='ocrx_word' id='word_1_384' title='bbox 1688 287 1828 326; x_wconf 83' lang='lat' dir='ltr'>efficax,</span> <span class='ocrx_word' id='word_1_385' title='bbox 1863 293 1896 319; x_wconf 90' lang='lat' dir='ltr'>et</span> <span class='ocrx_word' id='word_1_386' title='bbox 1929 297 1988 318; x_wconf 90' lang='lat' dir='ltr'>cor</span> <span class='ocrx_word' id='word_1_387' title='bbox 2022 286 2089 318; x_wconf 81' lang='lat' dir='ltr'>fide</span> 
     </span>
     <span class='ocr_line' id='line_1_57' title="bbox 1110 329 2088 411; baseline -0.008 -43"><span class='ocrx_word' id='word_1_388' title='bbox 1110 336 1328 411; x_wconf 71' lang='lat' dir='ltr'>acqluiescens</span> <span class='ocrx_word' id='word_1_389' title='bbox 1351 333 1385 364; x_wconf 91' lang='lat' dir='ltr'>in</span> <span class='ocrx_word' id='word_1_390' title='bbox 1396 332 1470 364; x_wconf 90' lang='lat' dir='ltr'>Deo</span> <span class='ocrx_word' id='word_1_391' title='bbox 1488 337 1626 373; x_wconf 89' lang='lat' dir='ltr'>propter</span> <span class='ocrx_word' id='word_1_392' title='bbox 1647 329 1760 370; x_wconf 85' lang='lat' dir='ltr'>filium,</span> <span class='ocrx_word' id='word_1_393' title='bbox 1783 330 1949 371; x_wconf 79' lang='lat' dir='ltr'>experitur</span> <span class='ocrx_word' id='word_1_394' title='bbox 1970 339 2088 370; x_wconf 86' lang='lat' dir='ltr'>pacem</span> 
     </span>
     <span class='ocr_line' id='line_1_58' title="bbox 1113 384 1334 412; baseline -0.023 0"><span class='ocrx_word' id='word_1_395' title='bbox 1113 386 1145 412; x_wconf 87' lang='lat' dir='ltr'>et</span> <span class='ocrx_word' id='word_1_396' title='bbox 1180 384 1334 411; x_wconf 75' lang='lat' dir='ltr'>aetitiam.</span> 
     </span>
    </p>
   </div>
   <div class='ocr_carea' id='block_1_8' title="bbox 1111 439 2095 950">
    <p class='ocr_par' dir='ltr' id='par_1_11' title="bbox 1111 439 2095 950">
     <span class='ocr_line' id='line_1_59' title="bbox 1197 439 2090 482; baseline -0.009 -4"><span class='ocrx_word' id='word_1_397' title='bbox 1197 446 1271 478; x_wconf 85' lang='lat' dir='ltr'>Hac</span> <span class='ocrx_word' id='word_1_398' title='bbox 1292 445 1357 476; x_wconf 88' lang='lat' dir='ltr'>fide</span> <span class='ocrx_word' id='word_1_399' title='bbox 1379 453 1447 475; x_wconf 89' lang='lat' dir='ltr'>non</span> <span class='ocrx_word' id='word_1_400' title='bbox 1459 441 1554 474; x_wconf 87' lang='lat' dir='ltr'>aliter</span> <span class='ocrx_word' id='word_1_401' title='bbox 1565 441 1770 482; x_wconf 88' lang='lat' dir='ltr'>accipiuntur</span> <span class='ocrx_word' id='word_1_402' title='bbox 1781 439 1941 472; x_wconf 87' lang='lat' dir='ltr'>beneficia</span> <span class='ocrx_word' id='word_1_403' title='bbox 1953 439 2090 478; x_wconf 89' lang='lat' dir='ltr'>Christi,</span> 
     </span>
     <span class='ocr_line' id='line_1_60' title="bbox 1111 483 2091 528; baseline -0.01 -5"><span class='ocrx_word' id='word_1_404' title='bbox 1111 491 1176 522; x_wconf 91' lang='lat' dir='ltr'>imo</span> <span class='ocrx_word' id='word_1_405' title='bbox 1199 488 1352 521; x_wconf 87' lang='lat' dir='ltr'>Christus</span> <span class='ocrx_word' id='word_1_406' title='bbox 1374 487 1456 528; x_wconf 88' lang='lat' dir='ltr'>ipse.</span> <span class='ocrx_word' id='word_1_407' title='bbox 1508 485 1580 516; x_wconf 89' lang='lat' dir='ltr'>Nec</span> <span class='ocrx_word' id='word_1_408' title='bbox 1604 490 1714 515; x_wconf 88' lang='lat' dir='ltr'>tamen</span> <span class='ocrx_word' id='word_1_409' title='bbox 1741 490 1877 524; x_wconf 85' lang='lat' dir='ltr'>propter</span> <span class='ocrx_word' id='word_1_410' title='bbox 1901 483 2091 525; x_wconf 85' lang='lat' dir='ltr'>dignitatem</span> 
     </span>
     <span class='ocr_line' id='line_1_61' title="bbox 1113 526 2092 571; baseline -0.009 -6"><span class='ocrx_word' id='word_1_411' title='bbox 1113 533 1199 571; x_wconf 83' lang='lat' dir='ltr'>fidei,</span> <span class='ocrx_word' id='word_1_412' title='bbox 1221 542 1262 563; x_wconf 91' lang='lat' dir='ltr'>ac</span> <span class='ocrx_word' id='word_1_413' title='bbox 1283 529 1385 562; x_wconf 90' lang='lat' dir='ltr'>multo</span> <span class='ocrx_word' id='word_1_414' title='bbox 1398 530 1504 560; x_wconf 89' lang='lat' dir='ltr'>minus</span> <span class='ocrx_word' id='word_1_415' title='bbox 1516 532 1653 569; x_wconf 86' lang='lat' dir='ltr'>propter</span> <span class='ocrx_word' id='word_1_416' title='bbox 1671 527 1786 557; x_wconf 88' lang='lat' dir='ltr'>merita</span> <span class='ocrx_word' id='word_1_417' title='bbox 1799 526 1937 557; x_wconf 84' lang='lat' dir='ltr'>aliorum</span> <span class='ocrx_word' id='word_1_418' title='bbox 1955 535 2092 567; x_wconf 83' lang='lat' dir='ltr'>operum</span> 
     </span>
     <span class='ocr_line' id='line_1_62' title="bbox 1113 568 2092 615; baseline -0.008 -8"><span class='ocrx_word' id='word_1_419' title='bbox 1113 585 1227 607; x_wconf 88' lang='lat' dir='ltr'>sumus</span> <span class='ocrx_word' id='word_1_420' title='bbox 1251 573 1390 615; x_wconf 86' lang='lat' dir='ltr'>accepti,</span> <span class='ocrx_word' id='word_1_421' title='bbox 1412 572 1474 603; x_wconf 89' lang='lat' dir='ltr'>sed</span> <span class='ocrx_word' id='word_1_422' title='bbox 1495 576 1632 612; x_wconf 89' lang='lat' dir='ltr'>propter</span> <span class='ocrx_word' id='word_1_423' title='bbox 1654 568 1744 601; x_wconf 89' lang='lat' dir='ltr'>illum</span> <span class='ocrx_word' id='word_1_424' title='bbox 1768 570 1874 609; x_wconf 84' lang='lat' dir='ltr'>ipsum</span> <span class='ocrx_word' id='word_1_425' title='bbox 1890 568 1991 600; x_wconf 89' lang='lat' dir='ltr'>filium</span> <span class='ocrx_word' id='word_1_426' title='bbox 2007 568 2092 599; x_wconf 91' lang='lat' dir='ltr'>reci·</span> 
     </span>
     <span class='ocr_line' id='line_1_63' title="bbox 1113 611 2093 660; baseline -0.01 -10"><span class='ocrx_word' id='word_1_427' title='bbox 1113 620 1230 660; x_wconf 87' lang='lat' dir='ltr'>pimur.</span> <span class='ocrx_word' id='word_1_428' title='bbox 1275 617 1354 648; x_wconf 81' lang='lat' dir='ltr'>Ideo</span> <span class='ocrx_word' id='word_1_429' title='bbox 1377 625 1451 646; x_wconf 88' lang='lat' dir='ltr'>cum</span> <span class='ocrx_word' id='word_1_430' title='bbox 1464 614 1613 650; x_wconf 78' lang='lat' dir='ltr'>dicimus,</span> <span class='ocrx_word' id='word_1_431' title='bbox 1637 612 1708 643; x_wconf 85' lang='lat' dir='ltr'>Nos</span> <span class='ocrx_word' id='word_1_432' title='bbox 1732 611 1797 644; x_wconf 86' lang='lat' dir='ltr'>fide</span> <span class='ocrx_word' id='word_1_433' title='bbox 1819 611 2002 649; x_wconf 81' lang='lat' dir='ltr'>iustificari,</span> <span class='ocrx_word' id='word_1_434' title='bbox 2024 620 2093 642; x_wconf 88' lang='lat' dir='ltr'>non</span> 
     </span>
     <span class='ocr_line' id='line_1_64' title="bbox 1113 652 2089 700; baseline -0.009 -7"><span class='ocrx_word' id='word_1_435' title='bbox 1113 663 1178 693; x_wconf 91' lang='lat' dir='ltr'>hoc</span> <span class='ocrx_word' id='word_1_436' title='bbox 1200 659 1366 697; x_wconf 74' lang='lat' dir='ltr'>volumuS,</span> <span class='ocrx_word' id='word_1_437' title='bbox 1389 658 1477 700; x_wconf 85' lang='lat' dir='ltr'>quod</span> <span class='ocrx_word' id='word_1_438' title='bbox 1499 657 1599 688; x_wconf 89' lang='lat' dir='ltr'>homo</span> <span class='ocrx_word' id='word_1_439' title='bbox 1629 656 1672 686; x_wconf 91' lang='lat' dir='ltr'>sit</span> <span class='ocrx_word' id='word_1_440' title='bbox 1700 656 1806 687; x_wconf 82' lang='lat' dir='ltr'>iustus</span> <span class='ocrx_word' id='word_1_441' title='bbox 1829 660 1963 696; x_wconf 87' lang='lat' dir='ltr'>propter</span> <span class='ocrx_word' id='word_1_442' title='bbox 1986 652 2089 695; x_wconf 91' lang='lat' dir='ltr'>quali-</span> 
     </span>
     <span class='ocr_line' id='line_1_65' title="bbox 1113 696 2092 741; baseline -0.01 -5"><span class='ocrx_word' id='word_1_443' title='bbox 1113 710 1214 736; x_wconf 87' lang='lat' dir='ltr'>tatem</span> <span class='ocrx_word' id='word_1_444' title='bbox 1231 705 1265 735; x_wconf 91' lang='lat' dir='ltr'>in</span> <span class='ocrx_word' id='word_1_445' title='bbox 1287 703 1396 739; x_wconf 89' lang='lat' dir='ltr'>nobis,</span> <span class='ocrx_word' id='word_1_446' title='bbox 1419 701 1479 732; x_wconf 91' lang='lat' dir='ltr'>sed</span> <span class='ocrx_word' id='word_1_447' title='bbox 1502 699 1591 741; x_wconf 90' lang='lat' dir='ltr'>quod</span> <span class='ocrx_word' id='word_1_448' title='bbox 1613 698 1690 730; x_wconf 89' lang='lat' dir='ltr'>iusti</span> <span class='ocrx_word' id='word_1_449' title='bbox 1715 698 1816 729; x_wconf 84' lang='lat' dir='ltr'>simus</span> <span class='ocrx_word' id='word_1_450' title='bbox 1844 703 1978 738; x_wconf 84' lang='lat' dir='ltr'>propter</span> <span class='ocrx_word' id='word_1_451' title='bbox 2001 696 2092 727; x_wconf 85' lang='lat' dir='ltr'>Chri-</span> 
     </span>
     <span class='ocr_line' id='line_1_66' title="bbox 1115 738 2091 787; baseline -0.01 -8"><span class='ocrx_word' id='word_1_452' title='bbox 1115 754 1212 785; x_wconf 82' lang='lat' dir='ltr'>stum,</span> <span class='ocrx_word' id='word_1_453' title='bbox 1236 752 1269 778; x_wconf 88' lang='lat' dir='ltr'>et</span> <span class='ocrx_word' id='word_1_454' title='bbox 1291 745 1380 787; x_wconf 88' lang='lat' dir='ltr'>quod</span> <span class='ocrx_word' id='word_1_455' title='bbox 1402 744 1468 775; x_wconf 92' lang='lat' dir='ltr'>hoc</span> <span class='ocrx_word' id='word_1_456' title='bbox 1492 748 1642 784; x_wconf 88' lang='lat' dir='ltr'>oporteat</span> <span class='ocrx_word' id='word_1_457' title='bbox 1667 741 1731 772; x_wconf 87' lang='lat' dir='ltr'>fide</span> <span class='ocrx_word' id='word_1_458' title='bbox 1749 741 1866 781; x_wconf 88' lang='lat' dir='ltr'>accipi.</span> <span class='ocrx_word' id='word_1_459' title='bbox 1900 739 1984 770; x_wconf 87' lang='lat' dir='ltr'>Nam</span> <span class='ocrx_word' id='word_1_460' title='bbox 2007 738 2091 770; x_wconf 82' lang='lat' dir='ltr'>fides</span> 
     </span>
     <span class='ocr_line' id='line_1_67' title="bbox 1115 781 2095 823; baseline -0.01 -1"><span class='ocrx_word' id='word_1_461' title='bbox 1115 796 1240 822; x_wconf 76' lang='lat' dir='ltr'>tantum</span> <span class='ocrx_word' id='word_1_462' title='bbox 1275 794 1328 820; x_wconf 89' lang='lat' dir='ltr'>est</span> <span class='ocrx_word' id='word_1_463' title='bbox 1359 786 1500 818; x_wconf 89' lang='lat' dir='ltr'>medium</span> <span class='ocrx_word' id='word_1_464' title='bbox 1534 795 1593 816; x_wconf 90' lang='lat' dir='ltr'>seu</span> <span class='ocrx_word' id='word_1_465' title='bbox 1626 785 1900 820; x_wconf 82' lang='lat' dir='ltr'>instrumentum,</span> <span class='ocrx_word' id='word_1_466' title='bbox 1947 792 2013 823; x_wconf 92' lang='lat' dir='ltr'>quo</span> <span class='ocrx_word' id='word_1_467' title='bbox 2057 781 2095 812; x_wconf 87' lang='lat' dir='ltr'>fit</span> 
     </span>
     <span class='ocr_line' id='line_1_68' title="bbox 1115 823 2094 874; baseline -0.01 -10"><span class='ocrx_word' id='word_1_468' title='bbox 1115 831 1293 874; x_wconf 87' lang='lat' dir='ltr'>applicatio</span> <span class='ocrx_word' id='word_1_469' title='bbox 1329 829 1469 869; x_wconf 88' lang='lat' dir='ltr'>Christi,</span> <span class='ocrx_word' id='word_1_470' title='bbox 1505 834 1537 859; x_wconf 86' lang='lat' dir='ltr'>et</span> <span class='ocrx_word' id='word_1_471' title='bbox 1571 827 1808 859; x_wconf 89' lang='lat' dir='ltr'>beneficiorum</span> <span class='ocrx_word' id='word_1_472' title='bbox 1838 826 1928 863; x_wconf 86' lang='lat' dir='ltr'>eius,</span> <span class='ocrx_word' id='word_1_473' title='bbox 1963 831 1997 855; x_wconf 88' lang='lat' dir='ltr'>et</span> <span class='ocrx_word' id='word_1_474' title='bbox 2028 823 2094 855; x_wconf 89' lang='lat' dir='ltr'>hac</span> 
     </span>
     <span class='ocr_line' id='line_1_69' title="bbox 1115 871 2093 910; baseline -0.01 -2"><span class='ocrx_word' id='word_1_475' title='bbox 1115 875 1181 907; x_wconf 87' lang='lat' dir='ltr'>fide</span> <span class='ocrx_word' id='word_1_476' title='bbox 1200 879 1428 907; x_wconf 83' lang='lat' dir='ltr'>sustentantur</span> <span class='ocrx_word' id='word_1_477' title='bbox 1457 871 1559 902; x_wconf 83' lang='lat' dir='ltr'>corda</span> <span class='ocrx_word' id='word_1_478' title='bbox 1595 875 1710 901; x_wconf 87' lang='lat' dir='ltr'>contra</span> <span class='ocrx_word' id='word_1_479' title='bbox 1743 878 1888 910; x_wconf 82' lang='lat' dir='ltr'>pavores</span> <span class='ocrx_word' id='word_1_480' title='bbox 1922 873 1956 899; x_wconf 90' lang='lat' dir='ltr'>et</span> <span class='ocrx_word' id='word_1_481' title='bbox 1978 876 2093 899; x_wconf 90' lang='lat' dir='ltr'>omnes</span> 
     </span>
     <span class='ocr_line' id='line_1_70' title="bbox 1115 915 1480 950; baseline -0.014 0"><span class='ocrx_word' id='word_1_482' title='bbox 1115 919 1315 950; x_wconf 82' lang='lat' dir='ltr'>tentationes</span> <span class='ocrx_word' id='word_1_483' title='bbox 1338 915 1480 947; x_wconf 89' lang='lat' dir='ltr'>Diaboli.</span> 
     </span>
    </p>
   </div>
   <div class='ocr_carea' id='block_1_9' title="bbox 1110 961 2102 1783">
    <p class='ocr_par' dir='ltr' id='par_1_12' title="bbox 1110 961 2096 1178">
     <span class='ocr_line' id='line_1_71' title="bbox 1202 961 2094 1009; baseline -0.01 -9"><span class='ocrx_word' id='word_1_484' title='bbox 1202 968 1395 1009; x_wconf 76' lang='lat' dir='ltr'>Cogitemus</span> <span class='ocrx_word' id='word_1_485' title='bbox 1408 972 1529 1004; x_wconf 87' lang='lat' dir='ltr'>autem,</span> <span class='ocrx_word' id='word_1_486' title='bbox 1552 963 1668 1006; x_wconf 83' lang='lat' dir='ltr'>quales</span> <span class='ocrx_word' id='word_1_487' title='bbox 1680 964 1837 995; x_wconf 87' lang='lat' dir='ltr'>tenebrae</span> <span class='ocrx_word' id='word_1_488' title='bbox 1861 963 1937 999; x_wconf 84' lang='lat' dir='ltr'>sint,</span> <span class='ocrx_word' id='word_1_489' title='bbox 1961 961 2094 1003; x_wconf 90' lang='lat' dir='ltr'>quando</span> 
     </span>
     <span class='ocr_line' id='line_1_72' title="bbox 1116 1003 2094 1050; baseline -0.01 -6"><span class='ocrx_word' id='word_1_490' title='bbox 1116 1014 1285 1050; x_wconf 61' lang='lat' dir='ltr'>dix-erunt,</span> <span class='ocrx_word' id='word_1_491' title='bbox 1327 1016 1360 1042; x_wconf 88' lang='lat' dir='ltr'>et</span> <span class='ocrx_word' id='word_1_492' title='bbox 1383 1009 1493 1040; x_wconf 83' lang='lat' dir='ltr'>adhuc</span> <span class='ocrx_word' id='word_1_493' title='bbox 1520 1009 1631 1039; x_wconf 87' lang='lat' dir='ltr'>dicunt</span> <span class='ocrx_word' id='word_1_494' title='bbox 1664 1017 1704 1038; x_wconf 83' lang='lat' dir='ltr'>ac</span> <span class='ocrx_word' id='word_1_495' title='bbox 1728 1004 1908 1037; x_wconf 83' lang='lat' dir='ltr'>defendunt</span> <span class='ocrx_word' id='word_1_496' title='bbox 1925 1003 2094 1042; x_wconf 85' lang='lat' dir='ltr'>Monachi,</span> 
     </span>
     <span class='ocr_line' id='line_1_73' title="bbox 1110 1047 2096 1097; baseline -0.01 -10"><span class='ocrx_word' id='word_1_497' title='bbox 1110 1056 1205 1097; x_wconf 82' lang='lat' dir='ltr'>&#39;quod</span> <span class='ocrx_word' id='word_1_498' title='bbox 1234 1055 1334 1086; x_wconf 92' lang='lat' dir='ltr'>homo</span> <span class='ocrx_word' id='word_1_499' title='bbox 1371 1053 1490 1084; x_wconf 88' lang='lat' dir='ltr'>debeat</span> <span class='ocrx_word' id='word_1_500' title='bbox 1521 1060 1655 1082; x_wconf 84' lang='lat' dir='ltr'>manere</span> <span class='ocrx_word' id='word_1_501' title='bbox 1689 1050 1722 1080; x_wconf 87' lang='lat' dir='ltr'>in</span> <span class='ocrx_word' id='word_1_502' title='bbox 1756 1049 1982 1086; x_wconf 87' lang='lat' dir='ltr'>dubitatione,</span> <span class='ocrx_word' id='word_1_503' title='bbox 2018 1047 2096 1078; x_wconf 85' lang='lat' dir='ltr'>item</span> 
     </span>
     <span class='ocr_line' id='line_1_74' title="bbox 1116 1090 2095 1140; baseline -0.009 -11"><span class='ocrx_word' id='word_1_504' title='bbox 1116 1099 1204 1140; x_wconf 90' lang='lat' dir='ltr'>quod</span> <span class='ocrx_word' id='word_1_505' title='bbox 1227 1096 1282 1129; x_wconf 91' lang='lat' dir='ltr'>alii</span> <span class='ocrx_word' id='word_1_506' title='bbox 1303 1097 1426 1127; x_wconf 89' lang='lat' dir='ltr'>habent</span> <span class='ocrx_word' id='word_1_507' title='bbox 1450 1094 1515 1126; x_wconf 88' lang='lat' dir='ltr'>hoc</span> <span class='ocrx_word' id='word_1_508' title='bbox 1539 1093 1710 1128; x_wconf 73' lang='lat' dir='ltr'>somnium,</span> <span class='ocrx_word' id='word_1_509' title='bbox 1734 1092 1823 1133; x_wconf 89' lang='lat' dir='ltr'>quod</span> <span class='ocrx_word' id='word_1_510' title='bbox 1845 1097 1982 1132; x_wconf 84' lang='lat' dir='ltr'>propter</span> <span class='ocrx_word' id='word_1_511' title='bbox 2003 1090 2095 1121; x_wconf 66' lang='lat' dir='ltr'>novi-</span> 
     </span>
     <span class='ocr_line' id='line_1_75' title="bbox 1115 1134 1947 1178; baseline -0.01 -5"><span class='ocrx_word' id='word_1_512' title='bbox 1115 1148 1214 1173; x_wconf 84' lang='lat' dir='ltr'>tatem</span> <span class='ocrx_word' id='word_1_513' title='bbox 1237 1141 1340 1171; x_wconf 77' lang='lat' dir='ltr'>simus</span> <span class='ocrx_word' id='word_1_514' title='bbox 1363 1138 1452 1175; x_wconf 78' lang='lat' dir='ltr'>iusti,</span> <span class='ocrx_word' id='word_1_515' title='bbox 1474 1143 1511 1169; x_wconf 86' lang='lat' dir='ltr'>ut</span> <span class='ocrx_word' id='word_1_516' title='bbox 1532 1136 1677 1178; x_wconf 89' lang='lat' dir='ltr'>loquitur</span> <span class='ocrx_word' id='word_1_517' title='bbox 1699 1135 1784 1166; x_wconf 90' lang='lat' dir='ltr'>liber</span> <span class='ocrx_word' id='word_1_518' title='bbox 1806 1134 1947 1165; x_wconf 80' lang='lat' dir='ltr'>Interim.</span> 
     </span>
    </p>

    <p class='ocr_par' dir='ltr' id='par_1_13' title="bbox 1114 1176 2102 1783">
     <span class='ocr_line' id='line_1_76' title="bbox 1202 1176 2097 1220; baseline -0.008 -7"><span class='ocrx_word' id='word_1_519' title='bbox 1202 1183 1296 1215; x_wconf 89' lang='lat' dir='ltr'>Sicut</span> <span class='ocrx_word' id='word_1_520' title='bbox 1329 1188 1440 1213; x_wconf 88' lang='lat' dir='ltr'>autem</span> <span class='ocrx_word' id='word_1_521' title='bbox 1472 1180 1538 1211; x_wconf 85' lang='lat' dir='ltr'>fide</span> <span class='ocrx_word' id='word_1_522' title='bbox 1579 1179 1785 1220; x_wconf 83' lang='lat' dir='ltr'>accipiuntur</span> <span class='ocrx_word' id='word_1_523' title='bbox 1825 1176 2004 1215; x_wconf 88' lang='lat' dir='ltr'>beneficia,</span> <span class='ocrx_word' id='word_1_524' title='bbox 2046 1176 2097 1207; x_wconf 90' lang='lat' dir='ltr'>sic</span> 
     </span>
     <span class='ocr_line' id='line_1_77' title="bbox 1115 1217 2096 1269; baseline -0.01 -11"><span class='ocrx_word' id='word_1_525' title='bbox 1115 1232 1233 1269; x_wconf 79' lang='lat' dir='ltr'>postea</span> <span class='ocrx_word' id='word_1_526' title='bbox 1262 1226 1444 1257; x_wconf 86' lang='lat' dir='ltr'>retinentur</span> <span class='ocrx_word' id='word_1_527' title='bbox 1477 1223 1563 1262; x_wconf 90' lang='lat' dir='ltr'>fide,</span> <span class='ocrx_word' id='word_1_528' title='bbox 1595 1223 1629 1253; x_wconf 88' lang='lat' dir='ltr'>id</span> <span class='ocrx_word' id='word_1_529' title='bbox 1663 1227 1732 1258; x_wconf 85' lang='lat' dir='ltr'>est,</span> <span class='ocrx_word' id='word_1_530' title='bbox 1778 1221 1896 1252; x_wconf 87' lang='lat' dir='ltr'>fiducia</span> <span class='ocrx_word' id='word_1_531' title='bbox 1929 1218 1987 1251; x_wconf 88' lang='lat' dir='ltr'>filii</span> <span class='ocrx_word' id='word_1_532' title='bbox 2020 1217 2096 1249; x_wconf 90' lang='lat' dir='ltr'>Dei.</span> 
     </span>
     <span class='ocr_line' id='line_1_78' title="bbox 1114 1261 2098 1312; baseline -0.01 -10"><span class='ocrx_word' id='word_1_533' title='bbox 1114 1271 1230 1312; x_wconf 83' lang='lat' dir='ltr'>Neque</span> <span class='ocrx_word' id='word_1_534' title='bbox 1254 1274 1305 1300; x_wconf 87' lang='lat' dir='ltr'>est</span> <span class='ocrx_word' id='word_1_535' title='bbox 1328 1268 1411 1299; x_wconf 90' lang='lat' dir='ltr'>fides</span> <span class='ocrx_word' id='word_1_536' title='bbox 1429 1267 1462 1298; x_wconf 89' lang='lat' dir='ltr'>in</span> <span class='ocrx_word' id='word_1_537' title='bbox 1484 1266 1555 1304; x_wconf 85' lang='lat' dir='ltr'>his,</span> <span class='ocrx_word' id='word_1_538' title='bbox 1589 1265 1644 1307; x_wconf 89' lang='lat' dir='ltr'>qui</span> <span class='ocrx_word' id='word_1_539' title='bbox 1676 1274 1741 1295; x_wconf 88' lang='lat' dir='ltr'>non</span> <span class='ocrx_word' id='word_1_540' title='bbox 1777 1268 2032 1300; x_wconf 81' lang='lat' dir='ltr'>convertuntur,</span> <span class='ocrx_word' id='word_1_541' title='bbox 2064 1261 2098 1292; x_wconf 87' lang='lat' dir='ltr'>id</span> 
     </span>
     <span class='ocr_line' id='line_1_79' title="bbox 1117 1306 2098 1355; baseline -0.01 -10"><span class='ocrx_word' id='word_1_542' title='bbox 1117 1318 1185 1351; x_wconf 89' lang='lat' dir='ltr'>est,</span> <span class='ocrx_word' id='word_1_543' title='bbox 1213 1313 1268 1355; x_wconf 87' lang='lat' dir='ltr'>qui</span> <span class='ocrx_word' id='word_1_544' title='bbox 1297 1311 1438 1342; x_wconf 88' lang='lat' dir='ltr'>retinent</span> <span class='ocrx_word' id='word_1_545' title='bbox 1466 1314 1607 1351; x_wconf 82' lang='lat' dir='ltr'>peccata</span> <span class='ocrx_word' id='word_1_546' title='bbox 1630 1313 1746 1339; x_wconf 88' lang='lat' dir='ltr'>contra</span> <span class='ocrx_word' id='word_1_547' title='bbox 1777 1306 2030 1345; x_wconf 79' lang='lat' dir='ltr'>conscientiam,</span> <span class='ocrx_word' id='word_1_548' title='bbox 2065 1309 2098 1335; x_wconf 89' lang='lat' dir='ltr'>et</span> 
     </span>
     <span class='ocr_line' id='line_1_80' title="bbox 1115 1346 2096 1397; baseline -0.01 -9"><span class='ocrx_word' id='word_1_549' title='bbox 1115 1357 1149 1388; x_wconf 91' lang='lat' dir='ltr'>in</span> <span class='ocrx_word' id='word_1_550' title='bbox 1171 1357 1212 1387; x_wconf 89' lang='lat' dir='ltr'>iis</span> <span class='ocrx_word' id='word_1_551' title='bbox 1230 1358 1459 1397; x_wconf 79' lang='lat' dir='ltr'>perseverant.</span> <span class='ocrx_word' id='word_1_552' title='bbox 1488 1352 1564 1383; x_wconf 88' lang='lat' dir='ltr'>Non</span> <span class='ocrx_word' id='word_1_553' title='bbox 1586 1351 1766 1383; x_wconf 88' lang='lat' dir='ltr'>retinentur</span> <span class='ocrx_word' id='word_1_554' title='bbox 1788 1348 1949 1381; x_wconf 86' lang='lat' dir='ltr'>beneficia</span> <span class='ocrx_word' id='word_1_555' title='bbox 1961 1346 2096 1385; x_wconf 90' lang='lat' dir='ltr'>Christi,</span> 
     </span>
     <span class='ocr_line' id='line_1_81' title="bbox 1117 1390 2098 1441; baseline -0.01 -10"><span class='ocrx_word' id='word_1_556' title='bbox 1117 1399 1248 1441; x_wconf 90' lang='lat' dir='ltr'>quando</span> <span class='ocrx_word' id='word_1_557' title='bbox 1271 1397 1422 1429; x_wconf 87' lang='lat' dir='ltr'>homines</span> <span class='ocrx_word' id='word_1_558' title='bbox 1455 1393 1628 1436; x_wconf 82' lang='lat' dir='ltr'>indulgent</span> <span class='ocrx_word' id='word_1_559' title='bbox 1661 1391 1828 1425; x_wconf 86' lang='lat' dir='ltr'>furoribus</span> <span class='ocrx_word' id='word_1_560' title='bbox 1853 1398 1886 1423; x_wconf 89' lang='lat' dir='ltr'>et</span> <span class='ocrx_word' id='word_1_561' title='bbox 1915 1390 2098 1434; x_wconf 80' lang='lat' dir='ltr'>cupiditati-</span> 
     </span>
     <span class='ocr_line' id='line_1_82' title="bbox 1117 1433 2097 1474; baseline -0.01 0"><span class='ocrx_word' id='word_1_562' title='bbox 1117 1444 1198 1474; x_wconf 88' lang='lat' dir='ltr'>bus:</span> <span class='ocrx_word' id='word_1_563' title='bbox 1222 1441 1301 1473; x_wconf 89' lang='lat' dir='ltr'>Ideo</span> <span class='ocrx_word' id='word_1_564' title='bbox 1319 1440 1458 1472; x_wconf 84' lang='lat' dir='ltr'>dicitur:</span> <span class='ocrx_word' id='word_1_565' title='bbox 1482 1437 1594 1469; x_wconf 75' lang='lat' dir='ltr'>Nolite</span> <span class='ocrx_word' id='word_1_566' title='bbox 1615 1446 1745 1474; x_wconf 78' lang='lat' dir='ltr'>errare,</span> <span class='ocrx_word' id='word_1_567' title='bbox 1768 1438 1981 1472; x_wconf 73' lang='lat' dir='ltr'>scortatores,</span> <span class='ocrx_word' id='word_1_568' title='bbox 2005 1433 2097 1465; x_wconf 78' lang='lat' dir='ltr'>adul-</span> 
     </span>
     <span class='ocr_line' id='line_1_83' title="bbox 1117 1476 2097 1523; baseline -0.01 -6"><span class='ocrx_word' id='word_1_569' title='bbox 1117 1486 1192 1523; x_wconf 73' lang='lat' dir='ltr'>teri,</span> <span class='ocrx_word' id='word_1_570' title='bbox 1226 1483 1420 1519; x_wconf 77' lang='lat' dir='ltr'>homicidae,</span> <span class='ocrx_word' id='word_1_571' title='bbox 1454 1485 1512 1512; x_wconf 79' lang='lat' dir='ltr'>etc.</span> <span class='ocrx_word' id='word_1_572' title='bbox 1541 1489 1605 1512; x_wconf 72' lang='lat' dir='ltr'>non</span> <span class='ocrx_word' id='word_1_573' title='bbox 1638 1479 1845 1521; x_wconf 62' lang='lat' dir='ltr'>possidebunt</span> <span class='ocrx_word' id='word_1_574' title='bbox 1867 1487 1997 1519; x_wconf 68' lang='lat' dir='ltr'>requam</span> <span class='ocrx_word' id='word_1_575' title='bbox 2019 1476 2097 1513; x_wconf 81' lang='lat' dir='ltr'>Dei,</span> 
     </span>
     <span class='ocr_line' id='line_1_84' title="bbox 1118 1519 2095 1568; baseline -0.009 -9"><span class='ocrx_word' id='word_1_576' title='bbox 1118 1529 1151 1560; x_wconf 91' lang='lat' dir='ltr'>id</span> <span class='ocrx_word' id='word_1_577' title='bbox 1184 1533 1253 1565; x_wconf 81' lang='lat' dir='ltr'>est,</span> <span class='ocrx_word' id='word_1_578' title='bbox 1286 1530 1543 1568; x_wconf 87' lang='lat' dir='ltr'>perseverantes</span> <span class='ocrx_word' id='word_1_579' title='bbox 1577 1525 1611 1555; x_wconf 91' lang='lat' dir='ltr'>in</span> <span class='ocrx_word' id='word_1_580' title='bbox 1644 1523 1684 1553; x_wconf 92' lang='lat' dir='ltr'>iis</span> <span class='ocrx_word' id='word_1_581' title='bbox 1708 1528 1825 1554; x_wconf 88' lang='lat' dir='ltr'>contra</span> <span class='ocrx_word' id='word_1_582' title='bbox 1847 1519 2095 1552; x_wconf 86' lang='lat' dir='ltr'>conscientiam.</span> 
     </span>
     <span class='ocr_line' id='line_1_85' title="bbox 1118 1563 2100 1607; baseline -0.009 -5"><span class='ocrx_word' id='word_1_583' title='bbox 1118 1571 1214 1603; x_wconf 82' lang='lat' dir='ltr'>Item:</span> <span class='ocrx_word' id='word_1_584' title='bbox 1237 1569 1351 1602; x_wconf 80' lang='lat' dir='ltr'>Milita</span> <span class='ocrx_word' id='word_1_585' title='bbox 1365 1567 1648 1604; x_wconf 76' lang='lat' dir='ltr'>bonammz’litlam,</span> <span class='ocrx_word' id='word_1_586' title='bbox 1672 1567 1813 1597; x_wconf 79' lang='lat' dir='ltr'>retinens</span> <span class='ocrx_word' id='word_1_587' title='bbox 1834 1564 1928 1607; x_wconf 81' lang='lat' dir='ltr'>fidem</span> <span class='ocrx_word' id='word_1_588' title='bbox 1939 1567 1970 1595; x_wconf 84' lang='lat' dir='ltr'>et</span> <span class='ocrx_word' id='word_1_589' title='bbox 1984 1563 2100 1595; x_wconf 63' lang='lat' dir='ltr'>boram</span> 
     </span>
     <span class='ocr_line' id='line_1_86' title="bbox 1120 1609 2099 1651; baseline -0.011 -5"><span class='ocrx_word' id='word_1_590' title='bbox 1120 1616 1357 1646; x_wconf 67' lang='lat' dir='ltr'>conscientiam.</span> <span class='ocrx_word' id='word_1_591' title='bbox 1402 1613 1505 1641; x_wconf 89' lang='lat' dir='ltr'>Item:</span> <span class='ocrx_word' id='word_1_592' title='bbox 1544 1609 1625 1641; x_wconf 69' lang='lat' dir='ltr'>Vico</span> <span class='ocrx_word' id='word_1_593' title='bbox 1659 1619 1733 1651; x_wconf 71' lang='lat' dir='ltr'>eqo,</span> <span class='ocrx_word' id='word_1_594' title='bbox 1767 1609 1842 1639; x_wconf 79' lang='lat' dir='ltr'>nolo</span> <span class='ocrx_word' id='word_1_595' title='bbox 1870 1610 2003 1638; x_wconf 84' lang='lat' dir='ltr'>mortem</span> <span class='ocrx_word' id='word_1_596' title='bbox 2025 1615 2099 1647; x_wconf 78' lang='lat' dir='ltr'>pec-</span> 
     </span>
     <span class='ocr_line' id='line_1_87' title="bbox 1120 1649 2101 1694; baseline -0.01 -5"><span class='ocrx_word' id='word_1_597' title='bbox 1120 1660 1255 1694; x_wconf 75' lang='lat' dir='ltr'>catoris,</span> <span class='ocrx_word' id='word_1_598' title='bbox 1279 1656 1336 1687; x_wconf 74' lang='lat' dir='ltr'>secl</span> <span class='ocrx_word' id='word_1_599' title='bbox 1354 1658 1388 1685; x_wconf 80' lang='lat' dir='ltr'>ut</span> <span class='ocrx_word' id='word_1_600' title='bbox 1401 1657 1612 1685; x_wconf 72' lang='lat' dir='ltr'>convertatur</span> <span class='ocrx_word' id='word_1_601' title='bbox 1633 1656 1663 1683; x_wconf 82' lang='lat' dir='ltr'>et</span> <span class='ocrx_word' id='word_1_602' title='bbox 1686 1655 1786 1683; x_wconf 71' lang='lat' dir='ltr'>rit-at.</span> <span class='ocrx_word' id='word_1_603' title='bbox 1821 1649 1914 1681; x_wconf 86' lang='lat' dir='ltr'>Haec</span> <span class='ocrx_word' id='word_1_604' title='bbox 1930 1655 1982 1681; x_wconf 89' lang='lat' dir='ltr'>est</span> <span class='ocrx_word' id='word_1_605' title='bbox 2001 1658 2101 1689; x_wconf 89' lang='lat' dir='ltr'>copu-</span> 
     </span>
     <span class='ocr_line' id='line_1_88' title="bbox 1119 1693 2102 1739; baseline -0.009 -8"><span class='ocrx_word' id='word_1_606' title='bbox 1119 1699 1220 1731; x_wconf 86' lang='lat' dir='ltr'>lativa</span> <span class='ocrx_word' id='word_1_607' title='bbox 1243 1697 1438 1739; x_wconf 85' lang='lat' dir='ltr'>propositio.</span> <span class='ocrx_word' id='word_1_608' title='bbox 1484 1695 1691 1736; x_wconf 81' lang='lat' dir='ltr'>praecipitur</span> <span class='ocrx_word' id='word_1_609' title='bbox 1714 1693 1902 1731; x_wconf 78' lang='lat' dir='ltr'>conversio,</span> <span class='ocrx_word' id='word_1_610' title='bbox 1921 1698 1953 1724; x_wconf 86' lang='lat' dir='ltr'>et</span> <span class='ocrx_word' id='word_1_611' title='bbox 1975 1697 2102 1723; x_wconf 87' lang='lat' dir='ltr'>tantum</span> 
     </span>
     <span class='ocr_line' id='line_1_89' title="bbox 1119 1737 1851 1783; baseline -0.01 -9"><span class='ocrx_word' id='word_1_612' title='bbox 1119 1742 1185 1780; x_wconf 88' lang='lat' dir='ltr'>his,</span> <span class='ocrx_word' id='word_1_613' title='bbox 1208 1741 1263 1783; x_wconf 87' lang='lat' dir='ltr'>qui</span> <span class='ocrx_word' id='word_1_614' title='bbox 1286 1744 1534 1777; x_wconf 82' lang='lat' dir='ltr'>convertuntur,</span> <span class='ocrx_word' id='word_1_615' title='bbox 1552 1738 1751 1780; x_wconf 86' lang='lat' dir='ltr'>promittitur</span> <span class='ocrx_word' id='word_1_616' title='bbox 1772 1737 1851 1768; x_wconf 84' lang='lat' dir='ltr'>vita.</span> 
     </span>
    </p>
   </div>
   <div class='ocr_carea' id='block_1_10' title="bbox 1122 1789 2106 2096">
    <p class='ocr_par' dir='ltr' id='par_1_14' title="bbox 1122 1789 2106 2096">
     <span class='ocr_line' id='line_1_90' title="bbox 1207 1789 2105 1835; baseline -0.009 -7"><span class='ocrx_word' id='word_1_617' title='bbox 1207 1797 1285 1828; x_wconf 91' lang='lat' dir='ltr'>Non</span> <span class='ocrx_word' id='word_1_618' title='bbox 1319 1795 1492 1827; x_wconf 86' lang='lat' dir='ltr'>conversis</span> <span class='ocrx_word' id='word_1_619' title='bbox 1525 1804 1593 1825; x_wconf 90' lang='lat' dir='ltr'>non</span> <span class='ocrx_word' id='word_1_620' title='bbox 1625 1793 1824 1835; x_wconf 84' lang='lat' dir='ltr'>promittitur</span> <span class='ocrx_word' id='word_1_621' title='bbox 1856 1791 1943 1829; x_wconf 80' lang='lat' dir='ltr'>vita,</span> <span class='ocrx_word' id='word_1_622' title='bbox 1974 1789 2034 1821; x_wconf 92' lang='lat' dir='ltr'>sed</span> <span class='ocrx_word' id='word_1_623' title='bbox 2056 1789 2105 1820; x_wconf 92' lang='lat' dir='ltr'>in-</span> 
     </span>
     <span class='ocr_line' id='line_1_91' title="bbox 1122 1832 2105 1877; baseline -0.01 -5"><span class='ocrx_word' id='word_1_624' title='bbox 1122 1841 1237 1872; x_wconf 85' lang='lat' dir='ltr'>teritus</span> <span class='ocrx_word' id='word_1_625' title='bbox 1254 1862 1262 1877; x_wconf 84' lang='lat'>,</span> <span class='ocrx_word' id='word_1_626' title='bbox 1303 1839 1389 1870; x_wconf 84' lang='lat' dir='ltr'>sicut</span> <span class='ocrx_word' id='word_1_627' title='bbox 1422 1842 1598 1870; x_wconf 81' lang='lat' dir='ltr'>contextus</span> <span class='ocrx_word' id='word_1_628' title='bbox 1637 1837 1671 1867; x_wconf 92' lang='lat' dir='ltr'>in</span> <span class='ocrx_word' id='word_1_629' title='bbox 1711 1836 1871 1867; x_wconf 87' lang='lat' dir='ltr'>concione</span> <span class='ocrx_word' id='word_1_630' title='bbox 1910 1832 2105 1875; x_wconf 83' lang='lat' dir='ltr'>prophetica</span> 
     </span>
     <span class='ocr_line' id='line_1_92' title="bbox 1125 1877 2105 1920; baseline -0.009 -5"><span class='ocrx_word' id='word_1_631' title='bbox 1125 1883 1281 1916; x_wconf 85' lang='lat' dir='ltr'>ostendit.</span> <span class='ocrx_word' id='word_1_632' title='bbox 1327 1882 1480 1913; x_wconf 86' lang='lat' dir='ltr'>Sciamus</span> <span class='ocrx_word' id='word_1_633' title='bbox 1503 1885 1614 1912; x_wconf 88' lang='lat' dir='ltr'>autem</span> <span class='ocrx_word' id='word_1_634' title='bbox 1637 1889 1769 1920; x_wconf 90' lang='lat' dir='ltr'>semper</span> <span class='ocrx_word' id='word_1_635' title='bbox 1797 1877 2003 1920; x_wconf 86' lang='lat' dir='ltr'>propositum</span> <span class='ocrx_word' id='word_1_636' title='bbox 2026 1885 2105 1907; x_wconf 91' lang='lat' dir='ltr'>esse</span> 
     </span>
     <span class='ocr_line' id='line_1_93' title="bbox 1125 1920 2105 1967; baseline -0.009 -9"><span class='ocrx_word' id='word_1_637' title='bbox 1125 1932 1254 1967; x_wconf 89' lang='lat' dir='ltr'>tempus</span> <span class='ocrx_word' id='word_1_638' title='bbox 1280 1924 1510 1956; x_wconf 76' lang='lat' dir='ltr'>conversionis</span> <span class='ocrx_word' id='word_1_639' title='bbox 1532 1923 1565 1954; x_wconf 93' lang='lat' dir='ltr'>in</span> <span class='ocrx_word' id='word_1_640' title='bbox 1589 1922 1652 1953; x_wconf 90' lang='lat' dir='ltr'>hac</span> <span class='ocrx_word' id='word_1_641' title='bbox 1674 1922 1753 1961; x_wconf 73' lang='lat' dir='ltr'>vita,</span> <span class='ocrx_word' id='word_1_642' title='bbox 1783 1928 1815 1952; x_wconf 92' lang='lat' dir='ltr'>et</span> <span class='ocrx_word' id='word_1_643' title='bbox 1837 1920 2105 1962; x_wconf 88' lang='lat' dir='ltr'>quandocunque</span> 
     </span>
     <span class='ocr_line' id='line_1_94' title="bbox 1126 1961 2106 2009; baseline -0.01 -8"><span class='ocrx_word' id='word_1_644' title='bbox 1126 1970 1227 2001; x_wconf 88' lang='lat' dir='ltr'>homo</span> <span class='ocrx_word' id='word_1_645' title='bbox 1260 1968 1419 2009; x_wconf 84' lang='lat' dir='ltr'>resurgit,</span> <span class='ocrx_word' id='word_1_646' title='bbox 1458 1966 1553 1998; x_wconf 88' lang='lat' dir='ltr'>Deus</span> <span class='ocrx_word' id='word_1_647' title='bbox 1588 1963 1659 1996; x_wconf 59' lang='lat' dir='ltr'>vult</span> <span class='ocrx_word' id='word_1_648' title='bbox 1699 1975 1772 1997; x_wconf 89' lang='lat' dir='ltr'>eum</span> <span class='ocrx_word' id='word_1_649' title='bbox 1812 1964 1978 2003; x_wconf 83' lang='lat' dir='ltr'>recipere,</span> <span class='ocrx_word' id='word_1_650' title='bbox 2019 1961 2106 1992; x_wconf 89' lang='lat' dir='ltr'>sicut</span> 
     </span>
     <span class='ocr_line' id='line_1_95' title="bbox 1127 2003 2105 2052; baseline -0.01 -8"><span class='ocrx_word' id='word_1_651' title='bbox 1127 2011 1219 2044; x_wconf 89' lang='lat' dir='ltr'>multi</span> <span class='ocrx_word' id='word_1_652' title='bbox 1251 2021 1292 2042; x_wconf 91' lang='lat' dir='ltr'>ac</span> <span class='ocrx_word' id='word_1_653' title='bbox 1325 2011 1435 2052; x_wconf 81' lang='lat' dir='ltr'>magni</span> <span class='ocrx_word' id='word_1_654' title='bbox 1464 2009 1581 2050; x_wconf 81' lang='lat' dir='ltr'>lapsus</span> <span class='ocrx_word' id='word_1_655' title='bbox 1622 2013 1715 2046; x_wconf 81' lang='lat' dir='ltr'>sunt,</span> <span class='ocrx_word' id='word_1_656' title='bbox 1756 2018 1797 2039; x_wconf 84' lang='lat' dir='ltr'>ex</span> <span class='ocrx_word' id='word_1_657' title='bbox 1837 2007 1956 2048; x_wconf 88' lang='lat' dir='ltr'>quibus</span> <span class='ocrx_word' id='word_1_658' title='bbox 1997 2003 2105 2035; x_wconf 88' lang='lat' dir='ltr'>sancti</span> 
     </span>
     <span class='ocr_line' id='line_1_96' title="bbox 1126 2046 2023 2096; baseline -0.011 -9"><span class='ocrx_word' id='word_1_659' title='bbox 1126 2061 1317 2096; x_wconf 82' lang='lat' dir='ltr'>resurgunt,</span> <span class='ocrx_word' id='word_1_660' title='bbox 1340 2060 1376 2085; x_wconf 91' lang='lat' dir='ltr'>ut</span> <span class='ocrx_word' id='word_1_661' title='bbox 1399 2053 1520 2090; x_wconf 75' lang='lat' dir='ltr'>David,</span> <span class='ocrx_word' id='word_1_662' title='bbox 1542 2051 1672 2089; x_wconf 85' lang='lat' dir='ltr'>Petrus,</span> <span class='ocrx_word' id='word_1_663' title='bbox 1694 2050 1884 2087; x_wconf 82' lang='lat' dir='ltr'>Manasses,</span> <span class='ocrx_word' id='word_1_664' title='bbox 1903 2055 1937 2080; x_wconf 89' lang='lat' dir='ltr'>et</span> <span class='ocrx_word' id='word_1_665' title='bbox 1957 2046 2023 2079; x_wconf 79' lang='lat' dir='ltr'>alti.</span> 
     </span>
    </p>
   </div>
   <div class='ocr_carea' id='block_1_11' title="bbox 1128 2105 2111 2406">
    <p class='ocr_par' dir='ltr' id='par_1_15' title="bbox 1128 2105 2111 2406">
     <span class='ocr_line' id='line_1_97' title="bbox 1214 2105 2107 2149; baseline -0.01 -7"><span class='ocrx_word' id='word_1_666' title='bbox 1214 2110 1305 2142; x_wconf 83' lang='lat' dir='ltr'>Haec</span> <span class='ocrx_word' id='word_1_667' title='bbox 1329 2109 1437 2140; x_wconf 88' lang='lat' dir='ltr'>omnia</span> <span class='ocrx_word' id='word_1_668' title='bbox 1461 2107 1633 2149; x_wconf 88' lang='lat' dir='ltr'>diligenter</span> <span class='ocrx_word' id='word_1_669' title='bbox 1656 2105 1899 2138; x_wconf 88' lang='lat' dir='ltr'>consideranda</span> <span class='ocrx_word' id='word_1_670' title='bbox 1920 2109 2009 2141; x_wconf 81' lang='lat' dir='ltr'>sunt,</span> <span class='ocrx_word' id='word_1_671' title='bbox 2031 2112 2107 2135; x_wconf 89' lang='lat' dir='ltr'>cum</span> 
     </span>
     <span class='ocr_line' id='line_1_98' title="bbox 1129 2145 2108 2196; baseline -0.01 -11"><span class='ocrx_word' id='word_1_672' title='bbox 1129 2154 1313 2196; x_wconf 85' lang='lat' dir='ltr'>cogitamus</span> <span class='ocrx_word' id='word_1_673' title='bbox 1348 2153 1390 2183; x_wconf 88' lang='lat' dir='ltr'>de</span> <span class='ocrx_word' id='word_1_674' title='bbox 1418 2150 1657 2193; x_wconf 87' lang='lat' dir='ltr'>applicatione,</span> <span class='ocrx_word' id='word_1_675' title='bbox 1690 2155 1727 2180; x_wconf 88' lang='lat' dir='ltr'>ut</span> <span class='ocrx_word' id='word_1_676' title='bbox 1760 2149 1923 2185; x_wconf 74' lang='lat' dir='ltr'>sciamus,</span> <span class='ocrx_word' id='word_1_677' title='bbox 1956 2145 2035 2187; x_wconf 85' lang='lat' dir='ltr'>quid</span> <span class='ocrx_word' id='word_1_678' title='bbox 2064 2146 2108 2177; x_wconf 88' lang='lat' dir='ltr'>sit</span> 
     </span>
     <span class='ocr_line' id='line_1_99' title="bbox 1128 2187 2109 2237; baseline -0.009 -9"><span class='ocrx_word' id='word_1_679' title='bbox 1128 2197 1224 2235; x_wconf 84' lang='lat' dir='ltr'>fideS,</span> <span class='ocrx_word' id='word_1_680' title='bbox 1247 2202 1280 2228; x_wconf 90' lang='lat' dir='ltr'>et</span> <span class='ocrx_word' id='word_1_681' title='bbox 1303 2205 1369 2237; x_wconf 87' lang='lat' dir='ltr'>qua</span> <span class='ocrx_word' id='word_1_682' title='bbox 1391 2205 1427 2226; x_wconf 89' lang='lat' dir='ltr'>re</span> <span class='ocrx_word' id='word_1_683' title='bbox 1449 2195 1584 2231; x_wconf 86' lang='lat' dir='ltr'>nitatur,</span> <span class='ocrx_word' id='word_1_684' title='bbox 1607 2192 1648 2224; x_wconf 85' lang='lat' dir='ltr'>Et</span> <span class='ocrx_word' id='word_1_685' title='bbox 1671 2192 1759 2233; x_wconf 91' lang='lat' dir='ltr'>quod</span> <span class='ocrx_word' id='word_1_686' title='bbox 1772 2201 1839 2222; x_wconf 93' lang='lat' dir='ltr'>non</span> <span class='ocrx_word' id='word_1_687' title='bbox 1857 2191 1898 2221; x_wconf 86' lang='lat' dir='ltr'>sit</span> <span class='ocrx_word' id='word_1_688' title='bbox 1921 2187 2109 2220; x_wconf 72' lang='lat' dir='ltr'>divellenda</span> 
     </span>
     <span class='ocr_line' id='line_1_100' title="bbox 1129 2231 2107 2281; baseline -0.01 -10"><span class='ocrx_word' id='word_1_689' title='bbox 1129 2251 1150 2272; x_wconf 90' lang='lat' dir='ltr'>a</span> <span class='ocrx_word' id='word_1_690' title='bbox 1173 2239 1340 2281; x_wconf 87' lang='lat' dir='ltr'>praesenti</span> <span class='ocrx_word' id='word_1_691' title='bbox 1364 2237 1594 2269; x_wconf 75' lang='lat' dir='ltr'>conversione.</span> <span class='ocrx_word' id='word_1_692' title='bbox 1647 2234 1730 2267; x_wconf 91' lang='lat' dir='ltr'>Cum</span> <span class='ocrx_word' id='word_1_693' title='bbox 1758 2231 1892 2265; x_wconf 88' lang='lat' dir='ltr'>Psalmo</span> <span class='ocrx_word' id='word_1_694' title='bbox 1911 2233 1941 2263; x_wconf 68' lang='grc' dir='ltr'>ἱ).</span> <span class='ocrx_word' id='word_1_695' title='bbox 1971 2231 2107 2265; x_wconf 80' lang='lat' dir='ltr'>dicitur:</span> 
     </span>
     <span class='ocr_line' id='line_1_101' title="bbox 1131 2275 2110 2353; baseline -0.01 -39"><span class='ocrx_word' id='word_1_696' title='bbox 1131 2283 1230 2314; x_wconf 67' lang='lat' dir='ltr'>Beate·</span> <span class='ocrx_word' id='word_1_697' title='bbox 1251 2291 1357 2313; x_wconf 78' lang='lat' dir='ltr'>onmes</span> <span class='ocrx_word' id='word_1_698' title='bbox 1379 2285 1434 2322; x_wconf 78' lang='lat' dir='ltr'>qui</span> <span class='ocrx_word' id='word_1_699' title='bbox 1455 2279 1617 2353; x_wconf 47' lang='lat' dir='ltr'>confidunt</span> <span class='ocrx_word' id='word_1_700' title='bbox 1640 2281 1671 2310; x_wconf 79' lang='lat' dir='ltr'>in</span> <span class='ocrx_word' id='word_1_701' title='bbox 1695 2288 1742 2309; x_wconf 81' lang='lat' dir='ltr'>eo.</span> <span class='ocrx_word' id='word_1_702' title='bbox 1788 2276 1884 2308; x_wconf 80' lang='lat' dir='ltr'>Item:</span> <span class='ocrx_word' id='word_1_703' title='bbox 1909 2275 2110 2306; x_wconf 75' lang='lat' dir='ltr'>Osculamini</span> 
     </span>
     <span class='ocr_line' id='line_1_102' title="bbox 1129 2316 2111 2368; baseline -0.009 -11"><span class='ocrx_word' id='word_1_704' title='bbox 1129 2326 1237 2368; x_wconf 78' lang='lat' dir='ltr'>filium.</span> <span class='ocrx_word' id='word_1_705' title='bbox 1304 2324 1396 2356; x_wconf 86' lang='lat' dir='ltr'>Haec</span> <span class='ocrx_word' id='word_1_706' title='bbox 1442 2323 1508 2354; x_wconf 90' lang='lat' dir='ltr'>inte</span> <span class='ocrx_word' id='word_1_707' title='bbox 1523 2321 1656 2363; x_wconf 87' lang='lat' dir='ltr'>ligenda</span> <span class='ocrx_word' id='word_1_708' title='bbox 1694 2326 1771 2352; x_wconf 88' lang='lat' dir='ltr'>sunt</span> <span class='ocrx_word' id='word_1_709' title='bbox 1812 2319 1853 2350; x_wconf 86' lang='lat' dir='ltr'>de</span> <span class='ocrx_word' id='word_1_710' title='bbox 1887 2316 2111 2360; x_wconf 82' lang='lat' dir='ltr'>applicatione</span> 
     </span>
     <span class='ocr_line' id='line_1_103' title="bbox 1131 2361 1847 2406; baseline -0.011 -6"><span class='ocrx_word' id='word_1_711' title='bbox 1131 2367 1266 2405; x_wconf 85' lang='lat' dir='ltr'>Christi,</span> <span class='ocrx_word' id='word_1_712' title='bbox 1289 2373 1323 2398; x_wconf 93' lang='lat' dir='ltr'>et</span> <span class='ocrx_word' id='word_1_713' title='bbox 1344 2366 1599 2403; x_wconf 86' lang='lat' dir='ltr'>beneficiorum,</span> <span class='ocrx_word' id='word_1_714' title='bbox 1622 2373 1686 2406; x_wconf 90' lang='lat' dir='ltr'>que</span> <span class='ocrx_word' id='word_1_715' title='bbox 1713 2363 1749 2394; x_wconf 82' lang='lat' dir='ltr'>fit</span> <span class='ocrx_word' id='word_1_716' title='bbox 1771 2361 1847 2393; x_wconf 84' lang='lat' dir='ltr'>fide.</span> 
     </span>
    </p>
   </div>
   <div class='ocr_carea' id='block_1_12' title="bbox 1131 2428 2120 2606">
    <p class='ocr_par' dir='ltr' id='par_1_16' title="bbox 1131 2428 2120 2606">
     <span class='ocr_line' id='line_1_104' title="bbox 1217 2428 2112 2476; baseline -0.01 -8"><span class='ocrx_word' id='word_1_717' title='bbox 1217 2435 1271 2468; x_wconf 91' lang='lat' dir='ltr'>De</span> <span class='ocrx_word' id='word_1_718' title='bbox 1298 2435 1363 2467; x_wconf 87' lang='lat' dir='ltr'>hac</span> <span class='ocrx_word' id='word_1_719' title='bbox 1392 2433 1613 2476; x_wconf 88' lang='lat' dir='ltr'>applicatione</span> <span class='ocrx_word' id='word_1_720' title='bbox 1650 2432 1747 2464; x_wconf 85' lang='lat' dir='ltr'>etiam</span> <span class='ocrx_word' id='word_1_721' title='bbox 1779 2429 1924 2472; x_wconf 88' lang='lat' dir='ltr'>loquitur</span> <span class='ocrx_word' id='word_1_722' title='bbox 1953 2428 2112 2460; x_wconf 81' lang='lat' dir='ltr'>Ioannes:</span> 
     </span>
     <span class='ocr_line' id='line_1_105' title="bbox 1132 2472 2114 2519; baseline -0.009 -7"><span class='ocrx_word' id='word_1_723' title='bbox 1132 2479 1236 2512; x_wconf 77' lang='lat' dir='ltr'>Dedit</span> <span class='ocrx_word' id='word_1_724' title='bbox 1256 2482 1304 2510; x_wconf 75' lang='lat' dir='ltr'>eis</span> <span class='ocrx_word' id='word_1_725' title='bbox 1323 2482 1518 2519; x_wconf 76' lang='lat' dir='ltr'>potestatem</span> <span class='ocrx_word' id='word_1_726' title='bbox 1538 2479 1623 2516; x_wconf 75' lang='lat' dir='ltr'>filios</span> <span class='ocrx_word' id='word_1_727' title='bbox 1645 2477 1707 2507; x_wconf 79' lang='lat' dir='ltr'>Dei</span> <span class='ocrx_word' id='word_1_728' title='bbox 1725 2476 1817 2514; x_wconf 78' lang='lat' dir='ltr'>fieri,</span> <span class='ocrx_word' id='word_1_729' title='bbox 1851 2473 2055 2505; x_wconf 74' lang='lat' dir='ltr'>credentibus</span> <span class='ocrx_word' id='word_1_730' title='bbox 2076 2472 2114 2503; x_wconf 82' lang='lat' dir='ltr'>in</span> 
     </span>
     <span class='ocr_line' id='line_1_106' title="bbox 1131 2514 2120 2562; baseline -0.01 -7"><span class='ocrx_word' id='word_1_731' title='bbox 1131 2532 1245 2555; x_wconf 85' lang='lat' dir='ltr'>nomer</span> <span class='ocrx_word' id='word_1_732' title='bbox 1266 2522 1349 2562; x_wconf 75' lang='lat' dir='ltr'>eius,</span> <span class='ocrx_word' id='word_1_733' title='bbox 1379 2521 1413 2552; x_wconf 92' lang='lat' dir='ltr'>id</span> <span class='ocrx_word' id='word_1_734' title='bbox 1435 2527 1505 2558; x_wconf 86' lang='lat' dir='ltr'>est,</span> <span class='ocrx_word' id='word_1_735' title='bbox 1529 2520 1716 2561; x_wconf 88' lang='lat' dir='ltr'>quicunque</span> <span class='ocrx_word' id='word_1_736' title='bbox 1739 2517 1877 2549; x_wconf 88' lang='lat' dir='ltr'>credunt</span> <span class='ocrx_word' id='word_1_737' title='bbox 1899 2516 1933 2547; x_wconf 89' lang='lat' dir='ltr'>in</span> <span class='ocrx_word' id='word_1_738' title='bbox 1956 2525 2048 2553; x_wconf 89' lang='lat' dir='ltr'>eum,</span> <span class='ocrx_word' id='word_1_739' title='bbox 2078 2514 2120 2546; x_wconf 85' lang='lat' dir='ltr'>hi.</span> 
     </span>
     <span class='ocr_line' id='line_1_107' title="bbox 1132 2559 2115 2606; baseline -0.009 -9"><span class='ocrx_word' id='word_1_740' title='bbox 1132 2565 1297 2606; x_wconf 82' lang='lat' dir='ltr'>accipiunt</span> <span class='ocrx_word' id='word_1_741' title='bbox 1324 2563 1412 2595; x_wconf 89' lang='lat' dir='ltr'>hanc</span> <span class='ocrx_word' id='word_1_742' title='bbox 1445 2563 1653 2605; x_wconf 83' lang='lat' dir='ltr'>dignitatem,</span> <span class='ocrx_word' id='word_1_743' title='bbox 1687 2566 1720 2592; x_wconf 89' lang='lat' dir='ltr'>et</span> <span class='ocrx_word' id='word_1_744' title='bbox 1754 2559 2041 2601; x_wconf 81' lang='lat' dir='ltr'>praerogativam,</span> <span class='ocrx_word' id='word_1_745' title='bbox 2075 2561 2115 2600; x_wconf 82' lang='lat' dir='ltr'>ut</span> 
     </span>
    </p>
   </div>
   <div class='ocr_carea' id='block_1_13' title="bbox 105 2603 1933 2651">
    <p class='ocr_par' dir='ltr' id='par_1_17' title="bbox 105 2603 1933 2651">
     <span class='ocr_line' id='line_1_108' title="bbox 105 2603 1933 2651; baseline -0.004 -11"><span class='ocrx_word' id='word_1_746' title='bbox 105 2607 211 2647; x_wconf 84' lang='lat' dir='ltr'>affert,</span> <span class='ocrx_word' id='word_1_747' title='bbox 235 2609 367 2651; x_wconf 89' lang='lat' dir='ltr'>quando</span> <span class='ocrx_word' id='word_1_748' title='bbox 400 2609 433 2640; x_wconf 92' lang='lat' dir='ltr'>in</span> <span class='ocrx_word' id='word_1_749' title='bbox 457 2610 554 2641; x_wconf 78' lang='lat' dir='ltr'>sen&#39;is</span> <span class='ocrx_word' id='word_1_750' title='bbox 577 2610 759 2651; x_wconf 70' lang='lat' dir='ltr'>pavoribus</span> <span class='ocrx_word' id='word_1_751' title='bbox 788 2608 888 2641; x_wconf 87' lang='lat' dir='ltr'>homo</span> <span class='ocrx_word' id='word_1_752' title='bbox 915 2614 1080 2642; x_wconf 86' lang='lat' dir='ltr'>sustentat</span> <span class='ocrx_word' id='word_1_753' title='bbox 1131 2609 1196 2640; x_wconf 88' lang='lat' dir='ltr'>sint</span> <span class='ocrx_word' id='word_1_754' title='bbox 1219 2606 1276 2639; x_wconf 85' lang='lat' dir='ltr'>filii</span> <span class='ocrx_word' id='word_1_755' title='bbox 1298 2607 1362 2638; x_wconf 92' lang='lat' dir='ltr'>Dei</span> <span class='ocrx_word' id='word_1_756' title='bbox 1384 2617 1446 2648; x_wconf 91' lang='lat' dir='ltr'>per</span> <span class='ocrx_word' id='word_1_757' title='bbox 1469 2605 1607 2648; x_wconf 85' lang='lat' dir='ltr'>gratiam</span> <span class='ocrx_word' id='word_1_758' title='bbox 1630 2613 1691 2636; x_wconf 89' lang='lat' dir='ltr'>seu</span> <span class='ocrx_word' id='word_1_759' title='bbox 1712 2603 1933 2644; x_wconf 87' lang='lat' dir='ltr'>adoptionem.</span> 
     </span>
    </p>
   </div>
   <div class='ocr_carea' id='block_1_14' title="bbox 259 2676 671 2697">
    <p class='ocr_par' dir='ltr' id='par_1_18' title="bbox 259 2676 671 2697">
     <span class='ocr_line' id='line_1_109' title="bbox 259 2676 671 2697; baseline -0.005 0"><span class='ocrx_word' id='word_1_760' title='bbox 259 2676 408 2697; x_wconf 70' lang='lat' dir='ltr'>MELANTH.</span> <span class='ocrx_word' id='word_1_761' title='bbox 424 2677 504 2697; x_wconf 74' lang='lat' dir='ltr'>OPER.</span> <span class='ocrx_word' id='word_1_762' title='bbox 521 2677 584 2697; x_wconf 66' lang='lat' dir='ltr'>VOL.</span> <span class='ocrx_word' id='word_1_763' title='bbox 600 2678 671 2696; x_wconf 70' lang='lat' dir='ltr'>XXXV</span> 
     </span>
    </p>
   </div>
   <div class='ocr_carea' id='block_1_15' title="bbox 1908 2662 1922 2685">
    <p class='ocr_par' dir='ltr' id='par_1_19' title="bbox 1908 2662 1922 2685">
     <span class='ocr_line' id='line_1_110' title="bbox 1908 2662 1922 2685; baseline -0.071 0"><span class='ocrx_word' id='word_1_764' title='bbox 1908 2662 1922 2685; x_wconf 72' lang='grc' dir='ltr'>(ἶ</span> 
     </span>
    </p>
   </div>
  </div>
 </body>
</html>
