2324 2958
227 171 291 204 14⁷
853 166 967 200 PHIL.
995 166 1101 199 MEL.
1128 163 1315 198 SCRIPTA
1336 163 1600 197 EXEGETICA.
2170 165 2234 199 148

226 274 303 297 cere
325 269 453 295 mentes
475 267 610 293 nostras
642 261 685 293 ad
708 260 859 293 fiduciam
887 260 1027 298 Christi,
1056 266 1091 292 ut
1110 260 1142 291 in
1161 268 1202 290 eo

225 307 488 348 acquiescamus,
511 305 704 335 invocemus
727 314 813 343 eum,
835 313 1006 345 speremus
1025 312 1133 343 opem,
1156 299 1202 331 le-

223 351 399 386 vationem,
434 347 703 390 gubernationem
737 347 779 378 ab
807 356 859 378 eu.
924 345 1041 377 Moses
1065 343 1199 376 clamat:

221 394 295 424 Nisi
315 397 351 423 tn
368 393 589 431 praecesseris
610 399 679 423 nos,
702 399 743 421 ne
765 391 883 421 educas
894 398 953 420 nos
975 398 1016 419 ez*
1036 390 1104 418 loco
1127 389 1198 417 mo.

221 434 414 475 Respondet
446 432 625 464 Dominus:
659 433 857 464 Praecedam
889 441 952 462 vas.
998 429 1092 460 Hanc
1120 437 1199 459 con-

221 476 418 508 solationem
442 476 538 507 etiam
561 484 624 506 nos
648 481 831 506 teneamuS.
901 472 1121 514 Acquiescant
1142 480 1198 500 no-

219 520 279 551 stri
301 519 453 556 affectus,
477 523 509 549 et
532 528 591 549 cor
613 518 644 548 in
668 517 747 555 filio,
770 518 855 547 sicut
866 515 980 546 Moses
1003 512 1196 554 acquiescit.

218 561 293 593 Non
316 567 426 602 potest
450 561 533 592 haec
555 561 674 591 misera
697 560 764 590 vita
787 557 917 590 defendi
941 556 1090 588 humanis
1103 565 1197 596 prae·

218 605 321 635 sidiis.
361 603 428 635 Sed
452 602 539 634 filius
563 602 625 633 Dei
648 608 700 634 est
723 608 837 633 custos
860 598 1042 631 Ecclesiae.
1073 597 1109 628 In
1132 596 1196 628 hac

217 646 282 678 fide
305 645 460 678 facienda
483 652 534 677 est
556 645 738 682 invocatio,
768 650 801 675 et
824 641 1054 683 coniungenda
1077 646 1196 672 nostra

218 688 396 731 diligenda.

371 848 447 881 DIE
469 846 680 881 IOHANNIS
701 842 1052 878 EVANGELISTAE.

377 942 531 974 Textus
555 939 778 982 Evangelii
797 938 962 970 loliann.
988 937 1041 968 21.

302 1028 418 1061 Fuitne
451 1027 537 1059 idem
572 1025 735 1057 Iohannes
759 1023 992 1067 Evangelista‚
1023 1028 1057 1055 et
1078 1021 1196 1054 Iohan-

918 1116 1080 1149 Mathat

1235 813 1240 816 ’
1263 811 1378 842 uerint.

1219 864 1222 873 ·
1247 852 1416 895 patrueles
1442 862 1545 894 tmetyet
1574 855 1677 888 brstbet
1699 856 1812 895 tiicbtet.
1857 856 1970 890 Series
1993 855 2078 888 haec
2099 861 2174 888 est:

1255 267 1317 289 nes
1338 257 1516 298 Baptista?
1581 257 1781 300 Respondeo
1813 257 1978 290 Iohannes
2000 257 2152 299 Baptista
2171 257 2233 291 fuit

1255 310 1296 331 ex
1320 300 1407 331 tribu
1427 299 1522 339 Levi,
1545 310 1607 332 seu
1628 301 1824 342 posteritate
1846 300 2010 332 Aaronis:
2030 300 2073 332 Et
2093 299 2155 333 fuit
2172 311 2233 333 vo-

1254 348 1360 381 catus,
1393 349 1429 374 ut
1461 349 1553 375 esset
1580 353 1781 385 praecursor
1809 343 1968 382 Messiae,
2001 353 2099 385 quem
2127 344 2232 387 digito

1252 385 1350 416 etiam
1371 386 1585 418 monstravit:
1651 388 1735 419 Ecce
1756 396 1861 426 aquus
1882 387 1955 418 Dei.
2022 385 2099 418 Ideo
2123 392 2233 419 autem

1252 428 1360 460 dictus
1394 434 1445 460 est
1478 428 1650 470 Baptista,
1693 429 1769 470 quia
1810 428 1980 460 inchoavit
2011 428 2232 470 Baptismnrm

1251 469 1349 506 Quod
1380 470 1463 503 Luc.
1488 471 1520 502 7.
1538 471 1658 503 dicitur
1680 470 1804 503 factum
1827 480 1904 502 esse
1925 481 1968 503 ex
1990 470 2132 503 consilio
2154 471 2231 504 Dei.

1248 511 1414 545 Iohannes
1447 524 1528 546 vero
1562 513 1777 556 Evangelista
1805 511 1866 545 fuit
1895 514 2054 546 oriundus
2077 524 2121 546 ex
2143 514 2232 548 tribu

1247 556 1341 594 Iuda,
1374 555 1455 587 Eius
1482 562 1576 598 pater
1604 555 1664 588 fuit
1692 557 1903 588 Zebedaeus:
1940 556 2050 589 Mater
2082 556 2231 597 salome,

1249 607 1334 639 quae
1352 597 1413 630 fuit
1434 609 1534 631 soror
1552 599 1685 641 Ioseph,
1708 600 1826 640 sponsi
1848 598 1986 631 Mariae.

1333 640 1446 673 Lucas
1468 648 1623 674 recenset
1645 643 1764 674 seriem
1786 647 1927 683 patrum,
1949 652 1991 673 ex
2013 642 2134 684 quibus
2157 647 2232 675 orta

1249 688 1302 714 est
1323 681 1440 715 Maria.
1483 684 1534 715 Ea
1556 686 1676 723 series,
1698 686 1727 716 si
1746 683 1937 716 conferatur
1967 695 2042 717 cum
2065 684 2231 717 Genealo-

1249 725 1304 766 gia
1325 726 1412 766 apud
1435 725 1652 766 Matthaeum,
1685 728 1900 759 animadverti
1934 733 2063 768 potest,
2096 728 2130 759 in
2163 737 2230 770 quo

1248 768 1355 841 gradu
1390 767 1555 800 lohannes
1588 769 1807 813 Evangelista
1840 777 1873 802 et
1906 769 2062 802 Christus
2096 769 2230 813 cognati

1443 811 1528 843 Nam
1561 810 1698 845 Salome
1730 819 1763 845 et
1795 812 1903 844 Maria
1930 811 2062 845 suerunt
2092 821 2230 845 sorores

539 1172 1490 1194 f———d———Q

548 1194 611 1233 Eli,
634 1195 689 1235 qui
713 1201 745 1226 et
762 1194 908 1226 loachim
931 1194 1064 1232 dieitur,

547 1238 684 1281 maritus
707 1238 826 1269 Annae

709 1296 819 1329 Maria
842 1296 1028 1338 cleophae,

733 1340 826 1372 cuius
844 1338 932 1371 filius
954 1339 1015 1372 tuit

534 1297 642 1329 Maria

536 1346 641 1372 mater

524 1381 649 1415 Christi

540 1426 639 1470 virgo

688 1425 830 1457 Iacobus
853 1425 963 1457 Minor
974 1425 1049 1466 Epi·

689 1478 813 1509 scopus
858 1467 1048 1511 Hierosoly-

688 1511 843 1550 mitanus‚
861 1511 968 1543 dictus
981 1510 1047 1543 fra-

689 1559 739 1586 ter
762 1553 908 1586 Domini.

538 1511 633 1543 Iesus

500 1553 665 1587 Christus.

292 1667 367 1699 Fuit
388 1667 488 1708 igitur
511 1664 677 1697 Iohannes
699 1663 835 1697 Christo
865 1670 1008 1707 agnatus
1037 1665 1070 1696 in
1092 1664 1189 1697 tertio

230 1711 332 1742 radu:
355 1709 498 1741 Iacobus
521 1707 632 1740 Minor
655 1708 687 1739 in
711 1708 860 1740 secundo
883 1708 998 1750 gradu.
1023 1707 1091 1739 Sed
1114 1709 1191 1749 quia

222 1753 375 1785 ohannes
400 1758 433 1784 et
456 1752 596 1783 lacobus
620 1751 728 1782 Maior
749 1750 949 1783 videbantur
972 1750 1107 1783 Christo
1131 1761 1190 1791 pa-

204 1803 299 1829 terna
322 1795 411 1827 linea
434 1795 535 1827 iuncti
558 1805 654 1826 esse:
679 1793 756 1824 Ideo
780 1792 914 1824 Salome
943 1793 1106 1825 fascinato
1135 1803 1190 1823 so-

1376 1194 1475 1227 Iacob

1114 1276 1908 1338 W—

1156 1350 1215 1372 sus
1238 1339 1365 1371 Mariae

1188 1383 1327 1425 virginis

1474 1295 1610 1328 Salome
1633 1306 1732 1328 soror
1755 1296 1888 1339 Iosephi

1472 1345 1574 1380 nupta
1597 1339 1773 1372 Zebedaeo

1389 1467 1530 1498 Iacobus
1553 1466 1661 1498 Maior
1752 1466 1909 1499 Iohannis

1386 1507 1583 1541 interfectus
1615 1510 1658 1541 ab
1773 1509 1882 1541 Evan-

1448 1552 1593 1584 Herode.
1759 1551 1890 1594 gelista.

1255 1667 1458 1708 Historica
1489 1665 1542 1706 de
1572 1665 1658 1705 vita
1688 1665 1879 1706 Iohannis
1910 1663 2204 1719 Evangelistae.

1327 1748 1381 1781 De
1409 1747 1548 1780 historia
1580 1747 1684 1788 ipsius
1718 1745 1874 1778 Iohannis
1897 1756 2005 1788 pauca
2028 1756 2225 1780 commemo-

1242 1793 1342 1830 rabo,
1376 1797 1411 1823 ut
1433 1797 1513 1822 nota
1544 1790 1622 1821 fiant
1645 1788 1929 1821 adolescentibus.
1996 1790 2152 1822 Pervenit
2174 1789 2225 1822 Io-

204 1841 292 1872 mnio
316 1839 357 1870 de
381 1848 486 1880 regno
509 1837 655 1869 Messiae
678 1835 812 1877 politico
836 1835 1020 1874 laborabat,
1043 1842 1079 1867 ut
1102 1834 1189 1867 filios
1215 1846 1218 1874 ι
1242 1834 1370 1867 hannes
1389 1835 1433 1866 ad
1454 1832 1589 1875 longam
1603 1839 1786 1870 senectam,
1811 1832 1901 1873 quod
1913 1842 1979 1863 non
2002 1833 2125 1864 accidit
2142 1832 2225 1865 mul-

205 1893 286 1915 suos
310 1882 460 1923 proxime
483 1881 679 1922 adiungeret
703 1879 849 1917 Christo,
876 1879 963 1911 sicut
986 1879 1079 1909 scitis
1102 1877 1189 1910 illam
1215 1881 1217 1909 ὲ

204 1931 333 1967 petere,
358 1929 393 1956 ut
415 1927 499 1956 alter
511 1924 544 1955 ei
553 1925 666 1956 aeden!
687 1933 709 1953 a
727 1924 863 1959 dextris,
885 1924 969 1954 alter
990 1932 1011 1953 a
1033 1924 1189 1953 sinistris
1215 1947 1217 1950 .

203 1968 376 2000 Metuebat
399 1968 501 2004 enim,
534 1976 576 1998 ne
600 1965 707 1997 Maria
729 1963 926 1996 transferret
954 1965 1124 2006 imperium
1147 1964 1189 1996 ad

1240 1878 1283 1909 tis
1305 1877 1390 1909 aliis.
1457 1876 1573 1918 Attigit
1598 1876 1683 1907 enim
1706 1885 1826 1906 annum
1839 1875 1958 1906 aetatis
1981 1876 2113 1907 circiter
2124 1885 2224 1908 nona-

1242 1921 1413 1962 gesimum.
1459 1919 1532 1950 Fuit
1555 1928 1715 1950 annorum
1739 1918 1856 1958 viginti
1878 1917 1932 1949 vel
1956 1917 2056 1960 paulo
2070 1917 2223 1961 ampliuS‚

1241 1970 1389 2004 tempore
1411 1962 1579 2003 passionis
1603 1960 1737 1993 Christi.
1803 1960 1855 1991 Ae
1877 1961 2034 1993 scribitur
2064 1961 2225 1994 habuisse

201 2011 331 2043 sororis
356 2019 437 2042 snae
459 2009 603 2048 liberos,
637 2009 692 2050 qui
716 2014 809 2039 erant
832 2007 966 2039 Christo
991 2007 1093 2040 iuncti
1121 2017 1188 2039 ma-
1214 2011 1217 2039 ἱ
1242 2007 1374 2037 domum
1397 2003 1650 2046 Hierosoly-mi&
1673 2004 1706 2035 in
1725 2013 1791 2045 qua
1809 2003 1970 2035 habitavit
1996 2014 2071 2036 cum
2090 2014 2132 2036 eo
2154 2003 2225 2036 Ma·

201 2061 295 2086 terna
319 2053 419 2085 linea.

1214 2041 1217 2088 l
1242 2050 1290 2080 ria
1313 2055 1390 2089 post
1413 2048 1690 2080 resurrectionem
1712 2045 1862 2077 Domini:
1882 2046 1967 2082 Quia
1989 2047 2145 2079 Christus
2168 2057 2225 2089 pe·

288 2097 357 2129 Sed
381 2096 534 2127 Christus
557 2093 649 2126 molli
674 2093 810 2125 brachio
834 2094 990 2136 obiurgat
1019 2091 1187 2125 Salomen.
1214 2104 1216 2134 i
1246 2091 1416 2123 culiariter
1440 2092 1469 2122 ei
1492 2097 1630 2122 matrem
1655 2089 1963 2128 commendaverat,
1991 2090 2170 2122 moriturus
2191 2091 2225 2122 in

201 2141 292 2173 Iubet
318 2149 390 2171 eam
414 2149 488 2170 cum
513 2137 588 2169 filiis
612 2138 682 2169 suis
701 2137 851 2177 cogitare
882 2137 923 2167 de
959 2146 1078 2173 cruce,
1114 2146 1188 2167 cum
1214 2145 1216 2169 ἰ
1241 2144 1349 2167 cruce.

206 2184 299 2215 dicit:
331 2183 508 2223 potestisne
530 2184 662 2213 calicem
693 2180 808 2219 lubere,
842 2189 936 2219 quem
968 2189 1025 2218 ⁴100
1058 2179 1188 2210 bibam?

201 2226 249 2258 Ita
285 2232 421 2258 revocat
456 2235 516 2257 eos
540 2235 560 2255 a
593 2224 723 2255 somnio
747 2223 788 2254 cle
810 2232 915 2264 regno
940 2222 1075 2263 politico
1099 2221 1188 2253 Mes-

1214 2181 1216 2253 Β
1241 2219 1492 2256 llierosolwnis.

1329 2178 1409 2208 l’ost
1442 2183 1581 2208 mortem
1615 2175 1742 2207 Mariae
1775 2181 1909 2216 putatur
1947 2175 2150 2207 discessisse
2182 2186 2224 2209 ex

1539 2219 1720 2260 Praecipue
1742 2228 1824 2250 vero
1843 2218 1955 2249 docuit
1979 2217 2112 2259 Ephesi.
2152 2217 2224 2251 Sub

202 2270 284 2307 siae,
313 2275 345 2301 et.
370 2275 462 2299 taxat
486 2277 553 2299 non
576 2265 685 2298 solum
714 2266 875 2297 inscitiam
906 2271 938 2297 et
967 2265 1187 2307 ignorantiam
1214 2272 1216 2292 i
1242 2255 1432 2294 Domitiano
1467 2262 1524 2294 suit
1560 2261 1730 2304 relegatus
1765 2261 1798 2292 in
1833 2260 2019 2299 pathmum,
2054 2271 2142 2303 quae
2171 2266 2225 2293 est

201 2323 327 2349 eorum,
346 2312 405 2343 sed
419 2311 515 2342 etiam
529 2308 782 2341 aemulationem
801 2314 833 2340 et
856 2308 1078 2342 invidentiam,
1103 2318 1187 2350 quae
1213 2322 1216 2347 χ

712 2352 788 2383 Non
812 2357 937 2383 tantum
960 2352 1000 2382 de
1030 2351 1108 2382 viris
1132 2360 1187 2383 ve-
1213 2367 1215 2405 4
1265 2393 1271 2399 ι
1316 2392 1358 2422 (3

1213 2414 1215 2421 ,
1241 2403 1292 2423 nis
1328 2404 1344 2422 ›·
1361 2415 1368 2422 .

202 2356 232 2386 in
258 2362 397 2396 utroque
420 2365 503 2385 sexu
526 2359 655 2395 regnat.

202 2409 271 2429 rum
296 2408 359 2435 cst,
385 2398 471 2439 quotl
491 2396 626 2437 scripsit
650 2395 792 2426 Ennius:

304 2458 414 2490 Omnis
437 2467 516 2489 cura
540 2459 630 2494 rim,
654 2460 724 2487 uter
747 2458 833 2487 esset
861 2453 1090 2495 lndulmwlor:

1240 2317 1305 2338 una
1329 2317 1370 2337 ex
1394 2305 1608 2348 Cycladibus.
1665 2303 1875 2336 Praedicavit
1898 2304 1996 2345 igitur
2014 2310 2092 2344 post
2114 2313 2224 2337 resur-

1241 2351 1421 2381 rectionem
1446 2348 1581 2385 CIurisfi,
1606 2357 1712 2389 usque
1736 2347 1779 2378 nd
1804 2347 1889 2378 hane
1906 2345 2145 2389 relegationem
2167 2357 2225 2379 an·

1417 2391 1539 2423 Postea
1562 2390 1726 2422 Traianus
1757 2390 1926 2422 concessit
1951 2390 2091 2421 reditum
2122 2388 2225 2422 exuli-

1242 2436 1313 2466 bus.
1360 2435 1406 2465 lbi
1441 2445 1596 2466 reversus
1627 2440 1678 2465 est
1712 2433 1810 2464 etiam
1845 2431 2010 2464 Iohannes
2045 2431 2224 2473 Ephesum.

1213 2479 1216 2527 i
1241 2477 1393 2510 Mortuus
1417 2486 1467 2509 cst
1494 2488 1581 2509 nimo
1605 2477 1700 2508 tertio
1723 2474 1868 2513 Traiani,
1904 2476 1947 2507 ml
1971 2485 2067 2517 quem
2091 2473 2225 2508 suerunt

290 2527 353 2558 Sed
391 2526 486 2557 etiam
521 2525 553 2556 in
590 2522 741 2556 muliebri
764 2533 846 2556 sexu
869 2523 954 2554 haec
978 2521 1185 2554 imbecillitas
1212 2536 1215 2551 ι
1239 2522 1316 2552 nnni
1341 2522 1470 2553 circiter
1493 2522 1638 2563 quinque
1661 2529 1681 2550 a
1705 2526 1853 2559 tempore
1876 2516 2113 2560 relegationis,
2147 2517 2224 2560 quia

202 2576 266 2607 est,
290 2575 324 2600 ut
349 2568 453 2600 nolint
477 2579 514 2599 sc
537 2575 566 2599 et
593 2578 675 2599 suos
694 2565 827 2610 negligi.

204 2613 320 2645 muisis.
346 2613 491 2644 incitavit
516 2611 694 2645 Aaronem.
716 2618 751 2643 ut
775 2617 956 2652 opponeret
978 2619 1016 2641 se
1044 2608 1151 2640 Moisi.

873 2566 930 2597 Sic
961 2566 1065 2598 Maria
1089 2576 1187 2596 soror
1213 2583 1215 2597 1
1239 2564 1449 2605 sophronius
1479 2573 1638 2605 expresse
1672 2562 1806 2599 scribit,
1847 2571 1920 2592 eum
1951 2568 2115 2593 mortuum
2148 2570 2228 2593 esse

1240 2618 1327 2639 anino
1352 2609 1562 2650 sexagesimo
1586 2612 1708 2638 octavo
1731 2610 1807 2645 post
1831 2604 2109 2637 resurrectionem
2133 2602 2227 2636 Chri·
