2324 2958
118 163 160 196 33

117 255 227 288 ludaei
249 254 471 292 somniabant,
495 252 654 285 Messiam
676 251 819 284 futurum
842 251 1010 294 politicum
1033 252 1093 285 Re·
1117 256 1122 300 ff

117 309 203 340 gem.
235 297 307 328 Nos
329 297 533 328 somniamus
545 295 718 327 florentem
738 301 858 326 statum
871 295 1094 337 Imperiorum,

116 341 145 372 si
167 339 404 381 amplectamur
426 337 643 381 Evangelium
673 338 714 369 de
744 336 887 368 Christo.
932 339 1001 370 Nec
1029 337 1095 370 alia

116 381 176 415 fuit
200 382 335 414 occasio
359 382 576 424 quaestionis,
599 390 683 422 quae
705 380 759 412 hic
783 381 978 421 proponitur
999 391 1017 412 a
1036 380 1094 413 Di·

116 424 254 467 scipulis
286 425 474 466 Baptistae,
503 434 601 466 quam
635 423 723 465 quod
752 423 916 454 intuentes
939 422 1092 454 humilem

116 469 261 509 speciem
274 466 410 505 Christi,
433 477 529 508 quem
541 466 695 498 videbant
716 466 841 508 vagari,
864 472 898 497 ut
919 466 1092 504 medicum,

116 517 148 542 et
166 509 416 549 scholasticum,
436 510 665 550 disputabant,
688 515 796 540 utrum
819 509 882 539 iste
904 515 993 540 esset
1006 508 1093 539 Mes-

116 554 195 585 sias.
241 553 308 585 Sed
331 563 398 584 non
421 558 544 583 tantum
567 552 609 583 ad
633 549 824 583 refutandas
843 551 1093 593 imaginationes

114 594 268 637 politicas
290 594 376 626 illius
407 595 563 636 temporis
586 594 640 625 hic
670 600 778 625 textus
807 593 1000 626 referendus
1024 599 1092 625 est:

115 638 182 670 Sed
205 646 241 670 ut
263 636 494 670 universaliter
514 635 701 669 consolatio
725 637 766 667 sit
787 643 902 668 contra
925 646 1093 668 aerumno-

115 691 186 713 sam
209 686 241 712 et
264 679 481 712 miserabilem
505 681 649 722 speciem
669 678 854 718 Ecclesiae,
878 678 986 721 qualis
1009 689 1094 711 sem-

115 734 174 765 per
196 721 268 762 fuit,
285 729 318 755 et
340 733 429 755 nunc
452 723 545 754 etiam
569 728 632 761 cst,
655 728 687 753 et
710 723 770 753 erit
794 723 961 764 deinceps,
985 732 1093 764 quam-
1116 733 1122 780 Ι

116 767 169 798 diu
191 765 245 797 hic
266 766 408 797 mundus
431 766 541 796 stabit.
1115 785 1122 816 Ι

202 809 295 839 lnitio
317 814 426 840 temus
450 807 486 838 fit
503 808 624 839 mentio
639 806 832 839 Carceris
846 807 987 839 loannis.
1024 805 1094 838 Do-

118 858 231 884 cuerat
254 851 394 882 loannes
417 852 449 882 in
467 850 601 891 publico
635 851 833 889 ministerio,
855 851 895 882 ad
920 850 1008 891 quod
1030 851 1093 880 sin·

115 893 272 937 gulariter
293 900 433 926 vocatus
451 893 522 931 fuit,
541 895 672 925 circiter
694 894 869 925 biennium·
915 892 1093 924 Coniectus

115 943 167 970 est
189 942 297 968 autem
325 937 357 968 in
389 946 558 968 carcerem
585 942 723 977 propter
744 935 909 967 Herodem
939 935 1093 976 Antipam

113 980 363 1021 reprehensum,
386 979 475 1021 quod
487 978 598 1010 fratris.
611 977 752 1020 Philippi
767 988 902 1009 uxorem
915 978 1093 1018 rapuisset,

114 1030 147 1054 et
169 1023 296 1053 incesta
320 1022 390 1053 eius
414 1022 654 1054 consuetudine
677 1027 833 1053 uteretur.
874 1021 909 1052 ln
932 1020 998 1052 hoc
1021 1031 1093 1052 car·

115 1075 190 1097 cere
213 1064 272 1096 fuit
292 1063 491 1106 aliquamdiu
514 1065 677 1102 detentuS,
701 1070 732 1095 et
754 1069 930 1104 potuerunt
955 1063 996 1095 ad
1019 1073 1093 1095 eum

116 1108 290 1144 accedere,
309 1113 340 1139 et
363 1105 507 1148 colloqui
531 1118 606 1139 cum
629 1116 669 1138 eo
692 1104 854 1147 discipuli.

200 1150 282 1181 Nam
305 1149 516 1181 humaniores
540 1148 618 1180 clim
641 1155 758 1191 gentes
793 1159 858 1180 uon
893 1149 939 1180 ita
961 1149 1093 1180 abiicie-

116 1194 193 1224 bant
216 1193 365 1224 homines
388 1192 419 1223 in
441 1192 523 1223 imas
544 1198 664 1229 turreS,
688 1198 723 1223 ut
746 1191 782 1222 fit
804 1193 892 1232 apud
914 1202 987 1222 nos,
1011 1190 1092 1222 Tan-

114 1241 180 1266 tum
204 1235 475 1266 custodiebantur
497 1235 618 1276 captivi
638 1235 669 1265 in
691 1233 787 1272 locis,
810 1235 843 1265 in
866 1235 986 1276 quibus
1009 1234 1092 1265 adiri

136 1283 276 1309 oterant.
322 1275 410 1307 Salis
433 1275 493 1308 fuit
516 1287 630 1308 carcer
653 1275 772 1318 loseph
801 1278 833 1308 in
858 1277 1032 1319 Aegypto,
1061 1283 1091 1308 et

142 1319 206 1352 auli
229 1318 383 1361 Apostoli
402 1318 539 1350 Romae.
585 1320 749 1352 Sederunt
777 1330 842 1351 una
865 1319 967 1357 multi,
991 1318 1092 1352 collo—

115 1363 180 1395 cuti
203 1368 291 1394 sunt.
321 1362 536 1393 Accedebant
548 1368 580 1393 et
591 1361 646 1393 alii
667 1360 760 1402 foris,
784 1361 1001 1394 conferebant
1019 1373 1094 1394 cum

114 1406 253 1446 captivis
277 1414 460 1436 sermones.
484 1404 543 1435 Est
565 1406 598 1436 in
620 1404 859 1443 Demosthene,
881 1405 1094 1444 Aeschinem,

116 1458 190 1479 cum
211 1448 245 1479 in
269 1457 403 1478 carcere
426 1453 528 1485 esset,
550 1445 656 1478 fuisse
678 1458 697 1478 a
719 1446 855 1489 reliquis
879 1449 1016 1489 captivis
1040 1458 1095 1479 ex·

115 1491 401 1527 communicatum,
425 1496 459 1521 ut
484 1499 579 1520 nemo
604 1490 790 1521 comederet
820 1501 892 1521 cum
917 1501 975 1528 eo,
997 1500 1093 1521 nemo

114 1531 271 1574 lychnum
295 1532 325 1563 ei
347 1532 557 1563 accenderet.
586 1531 682 1563 Unde
705 1539 853 1573 apparet,
877 1533 973 1564 etiam
997 1533 1094 1574 capti-

114 1585 176 1606 vos
204 1573 361 1605 habuisse
391 1584 484 1605 suam
515 1575 678 1615 quandam
708 1574 856 1616 politiam
886 1576 917 1606 in
948 1585 1093 1606 carcere.

112 1619 147 1650 ln
170 1627 307 1649 summa.
332 1616 495 1648 Carceres
508 1616 585 1648 olim
599 1623 691 1648 erant
704 1623 829 1649 tantum
843 1618 1007 1655 custodia,
1032 1618 1095 1649 sic-

113 1667 147 1692 ut
181 1665 214 1691 et
249 1657 476 1691 lurisconsulti
505 1660 637 1697 dit-unt,
668 1669 838 1691 carcerem
872 1661 994 1692 debere
1019 1669 1095 1691 esse

116 1703 312 1740 custodiam,
336 1711 402 1733 non
426 1703 616 1734 cruciatum.

200 1744 324 1776 Postea
347 1751 397 1776 est
425 1745 458 1776 in
481 1750 589 1776 textu:
618 1746 784 1785 Pauperes
812 1746 1093 1784 Eranyelizantur.

114 1788 212 1825 Quod
229 1788 262 1819 in
286 1787 416 1819 Graeco
444 1787 578 1826 dicitur,
606 1790 715 1827 πτωχοὶ
734 1787 980 1827 εὐαγγελίζονται,
1009 1795 1042 1820 ut
1066 1789 1094 1819 si

113 1831 207 1863 dicas
231 1830 440 1862 Germanice:
469 1830 530 1863 mie
552 1829 658 1862 ⁵.)Irmen
682 1831 794 1863 merben
818 1832 988 1872 gentebiget.
1034 1829 1095 1862 Est

113 1879 222 1906 autem
261 1873 487 1904 Hebraismus.
538 1871 673 1904 Mollius
708 1878 817 1912 esset,
851 1875 878 1904 si
914 1874 1093 1905 diceretur:

112 1915 372 1958 Evangelizatur
389 1916 599 1957 pauperibus,
621 1915 675 1947 vel
699 1917 898 1957 pauperibus
918 1917 1094 1948 annuncia-

114 1966 166 1990 tur
188 1957 417 2000 Evangelium.

200 2001 262 2032 Est
283 2008 391 2033 autem
419 2000 618 2033 vocabulum
642 2001 815 2044 Evangelii
845 2002 1000 2034 divinitus
1029 2008 1094 2033 tra-

114 2045 231 2083 ditum,
259 2051 291 2075 ut
324 2044 500 2085 perspicua
534 2044 701 2076 distinctio
733 2051 824 2076 esset
858 2045 1027 2076 doctrinae
1061 2051 1094 2075 et

113 2087 366 2128 promissionum
396 2084 567 2128 Evangelii
595 2094 627 2118 et
653 2085 749 2129 legis.
802 2086 972 2130 Significat
1007 2089 1093 2119 enim

113 2128 332 2171 Evangelium
355 2129 499 2170 proprie,
525 2130 644 2161 bonum
667 2131 826 2169 nuntium,
850 2131 908 2162 eine
932 2136 1000 2172 gutc
1021 2130 1092 2163 *ants

114 2172 214 2210 ι’ὡαῐῖι.
262 2172 297 2203 ln
328 2171 472 2203 Homero
508 2178 686 2214 usurpatur
718 2183 778 2214 pro
808 2174 981 2211 mercede,
1006 2184 1092 2215 quae

113 2216 209 2247 datur
231 2224 291 2256 pro
315 2213 404 2247 laeto
428 2215 552 2245 nuntio.
596 2215 659 2247 Sed
689 2214 773 2248 haec
804 2222 855 2247 est
880 2216 1090 2258 Metonymia.

112 2258 210 2299 Apud
243 2257 423 2289 lsocratem
454 2255 573 2299 legitur
601 2258 754 2298 phrasis,
785 2257 969 2301 Evangelia
993 2258 1090 2290 θύειν.

113 2301 204 2333 Haec
226 2307 278 2332 est
308 2298 461 2341 Elliptica
485 2300 608 2339 oratio,
638 2303 733 2342 quasi
755 2302 868 2339 dicas,
898 2301 1091 2333 sacrificare

115 2350 252 2386 propter
275 2352 343 2374 rem
366 2341 483 2374 laetam
507 2343 702 2383 nuntiatam,
735 2350 771 2376 ut
803 2355 892 2376 nunc
926 2344 980 2383 fit,
1018 2355 1091 2376 cum

113 2387 280 2420 nuntiatur
303 2386 453 2423 victoria,
472 2385 674 2418 Convenitur
694 2387 727 2418 in
750 2386 879 2428 templis
893 2409 902 2425 ,
934 2393 966 2418 et
988 2397 1092 2429 agun-

112 2439 167 2466 tur
189 2430 314 2472 gratiae
325 2427 418 2467 Deo,
443 2434 474 2460 et
496 2429 712 2461 ostenduntur
732 2430 828 2472 signa
849 2429 1004 2461 laetitiae.
1027 2429 1091 2461 Ro-

114 2473 201 2507 mani
224 2473 384 2504 eiusmodi
406 2471 504 2510 festa,
526 2472 674 2503 instituta
690 2483 751 2513 pro
775 2474 862 2504 bono
884 2474 1009 2512 nuntio,
1033 2483 1090 2505 no-

114 2516 280 2550 minabant
303 2513 582 2557 supplicationes,
612 2513 655 2545 Ut
683 2515 714 2547 in
745 2514 906 2547 Cicerone
940 2523 970 2547 et
994 2515 1088 2548 Livio

115 2568 217 2601 saepe
240 2558 358 2590 dicitur
380 2556 578 2599 supplicatio
601 2556 674 2589 Diis
698 2558 832 2590 decreta
855 2569 949 2598 esse,
972 2559 1004 2590 id
1028 2565 1089 2597 est,

115 2604 222 2635 honor
256 2611 316 2642 pro
350 2601 505 2639 victoria,
539 2608 571 2633 et
593 2599 769 2644 gratulatio
800 2611 862 2642 pro
884 2603 931 2634 rei
950 2600 1090 2634 feliciter

274 2670 411 2689 utrumn
437 2670 516 2688 ortu.
533 2670 588 2688 vol.
612 2669 688 2688 XXIV.

794 159 1008 193 POSTILLA
1041 158 1439 192 MELANTHONIANA.

2074 163 2117 195 34

1142 259 1259 295 gestae
1292 254 1493 284 narratione.
1551 254 1683 286 Homeri
1715 254 1811 287 locus
1845 261 1895 286 est
1930 255 2054 297 odyss.
2087 261 2114 296 ξ.

1141 294 1308 335 εὐαγγέλιον
1332 295 1366 326 δέ
1395 308 1446 334 μοι
1481 298 1566 327 ἔστω.
1607 297 1648 328 Et
1678 297 1795 329 Cicero
1827 298 1868 329 ad
1897 298 2055 330 Atticum:
2085 299 2115 330 Ο

1141 348 1263 370 suaves
1291 344 1365 369 tuas
1389 337 1573 379 Epistolas,
1600 341 1718 380 quibus
1740 339 1901 383 Evangeli
1932 341 2043 372 deberi
2069 340 2115 372 sa-

1140 386 1221 413 teor.

1227 423 1381 465 Sequitur
1403 424 1435 454 in
1459 430 1566 455 textu:
1590 424 1713 457 Beatus
1731 430 1786 465 qui
1806 436 1868 457 non
1887 426 1991 463 fuerit
2012 429 2045 457 in
2067 436 2118 458 me

1140 468 1387 499 scandalizatus.
1440 466 1610 498 Sententia
1643 474 1713 505 est,
1746 468 1888 506 Beatus,
1923 478 2020 510 quem
2049 478 2117 500 non

1141 509 1312 541 offenderit
1345 510 1475 551 species
1508 519 1601 541 meae
1634 510 1828 541 infirmitatis
1863 517 1893 541 et
1915 510 2115 542 humilitatis.

1141 551 1217 583 Vox
1241 551 1438 585 Scandali
1468 558 1519 583 est
1549 552 1601 584 vel
1631 551 1651 583 a
1674 553 1783 591 σκάζω,
1805 554 1836 584 id
1861 560 1928 590 est,
1953 552 2116 592 claudicO,

1141 600 1175 625 ut
1199 606 1273 627 cum
1292 593 1409 636 aliquis
1432 595 1581 637 impingit
1602 595 1635 626 in
1658 593 1818 636 lapidem,
1841 602 1896 626 aut
1919 595 2064 637 liguum,
2085 602 2118 627 et

1141 638 1259 678 pedem
1289 635 1406 669 laedit:
1429 636 1483 669 vel
1507 637 1526 669 a
1549 638 1693 678 σκάμβον,
1718 638 1749 669 id
1773 644 1840 669 est:
1865 648 2011 669 curvum.
2055 637 2118 670 Est

1141 680 1226 711 enim
1249 680 1449 712 Scandalum
1471 681 1605 722 proprie
1635 679 1820 718 tendicula,
1847 680 1877 711 id
1902 686 1968 718 est,
1991 679 2117 722 lignum

1141 721 1222 754 illud
1246 733 1395 761 curvum,
1419 733 1480 755 seu
1494 722 1631 765 tigillum
1654 724 1687 754 in
1703 723 1874 764 decipulis,
1897 733 1962 764 quo
1987 723 2116 755 calcato

1143 763 1195 796 vel
1229 771 1318 797 moto
1351 765 1503 806 decipula
1537 765 1712 797 clauditur:
1748 766 1808 798 tet
1852 766 1940 806 {dung
1983 767 2010 797 iu
2045 768 2118 798 einer

1141 807 1245 840 {mente
1268 808 1363 845 tollen,
1389 810 1453 840 υῗει·
1477 811 1505 840 in
1525 809 1598 840 cim-r
1622 810 1728 841 aurern
1754 809 1847 845 fallen,
1867 808 1925 840 ⁵211ss
1948 816 2029 841 menn
2050 817 2117 840 metu

1141 852 1194 882 ben
1218 850 1338 889 {iudum
1362 854 1427 883 obet
1452 851 1565 893 *Rogetn
1586 852 1679 889 [tenet.
1724 851 1807 882 Nam
1830 852 1893 882 ista
1921 851 2116 882 instrumen-

1141 899 1174 924 ta
1208 894 1328 932 omnia,
1361 894 1481 935 quibus
1511 903 1639 932 mures,
1674 893 1888 935 vulpeculae,
1915 899 1971 924 aut
1994 892 2117 924 similes

1143 936 1268 967 bestiae
1302 938 1491 976 capiuntur,
1527 937 1735 967 nominantur
1762 934 1942 978 decipulae.
1989 935 2024 967 ln
2054 935 2117 974 his,

1142 979 1270 1020 quoties
1289 977 1428 1020 tigillum
1452 989 1510 1011 seu
1534 978 1656 1020 lignum
1680 990 1816 1011 curvum
1840 985 2002 1017 movetur,
2025 978 2060 1009 fit
2083 985 2118 1010 ut

1142 1022 1312 1062 capiantur
1336 1021 1497 1053 bestiolae
1520 1021 1598 1053 illae
1621 1020 1745 1054 clausis
1764 1020 1935 1063 decipulis.

1228 1063 1315 1095 ldem
1345 1063 1484 1106 tigillum
1514 1065 1700 1096 nominatur
1729 1064 1967 1106 σκανδάληθρον.
2022 1063 2118 1099 Quod

1141 1105 1342 1138 vocabulum
1364 1113 1454 1138 extat
1476 1108 1563 1149 apud
1581 1106 1853 1148 Aristophanem,
1889 1108 1944 1148 qui
1974 1107 2120 1138 nominat

1140 1149 1356 1190 σκανδάληθρα
1378 1152 1471 1188 ἐπῶν,
1494 1151 1525 1181 ld
1549 1157 1610 1187 est,
1636 1151 1769 1191 pedicas
1793 1157 1823 1181 et
1839 1148 2023 1181 tendiculas
2047 1159 2118 1180 ver·

1140 1192 1275 1230 borum,
1298 1193 1490 1234 significans
1513 1203 1571 1234 per
1594 1191 1822 1234 Metaphoram
1847 1193 1995 1234 captiosa
2017 1198 2050 1223 et
2072 1192 2119 1222 in·

1141 1234 1267 1265 sidiosa
1296 1235 1517 1275 sophismata,
1547 1236 1665 1276 quibus
1694 1236 1994 1267 circumveniuntur
2016 1233 2119 1265 homi·

1116 1287 1120 1300 ¹
1141 1287 1203 1308 nes
1222 1278 1252 1307 in
1276 1278 1423 1309 iudiciis:
1449 1279 1510 1309 etsi
1534 1277 1734 1320 generaliter
1748 1278 1962 1319 Sophismatis
1987 1279 2118 1308 demen-

1115 1309 1252 1364 {tantur
1286 1320 1451 1358 homines,
1486 1327 1519 1352 ut
1549 1328 1667 1362 postea
1697 1327 1793 1352 ruant
1823 1322 1853 1351 in
1877 1321 2040 1352 interitum
2063 1320 2118 1351 de·

1142 1363 1229 1404 cepti
1253 1364 1472 1403 opinionibus.

1228 1405 1395 1437 Hesiodus
1424 1405 1464 1437 de
1493 1407 1631 1438 murium
1655 1405 1815 1447 decipulis
1839 1415 1922 1437 usus
1946 1411 1997 1437 est
2021 1414 2118 1436 voca—

1141 1446 1220 1479 bulo
1243 1447 1396 1490 Myagra,
1428 1451 1484 1481 rinc
1507 1449 1690 1485 &Reiu‘sst’assa
1737 1449 1857 1479 Avium
1881 1447 2051 1488 decipula,
2075 1449 2119 1479 ein

1141 1491 1215 1522 stlob
1240 1493 1304 1522 obet
1329 1491 1491 1530 &minen-1,
1521 1492 1610 1523 rumix
1642 1501 1708 1523 mun
1731 1492 1774 1522 ric
1798 1492 1891 1532 ‘Bngcl
1915 1490 1995 1529 schot.
2019 1490 2118 1521 nomi-

1141 1539 1238 1563 natur
1270 1533 1365 1564 etiam
1399 1532 1466 1564 alio
1501 1532 1665 1565 vocabulo
1699 1538 1862 1574 πέταυρον,
1893 1543 1913 1564 a
1936 1537 2064 1572 πέταμαι
2087 1539 2119 1563 et

1142 1575 1231 1616 αἴρω,
1255 1585 1320 1616 (]ιιο
1343 1586 1423 1607 aves
1442 1577 1623 1607 insidentes
1647 1575 1862 1607 attrahuntur.

1206 1617 1349 1649 Hebraei
1363 1620 1446 1650 «luas
1461 1618 1583 1650 habent
1597 1629 1712 1657 voces,
1727 1620 1846 1660 quibus
1860 1619 2044 1659 exprimunt
2061 1628 2118 1648 vo-

1142 1659 1296 1691 cabulum
1336 1661 1503 1693 Scandali.
1561 1662 1703 1692 Pn’mum
1744 1662 1909 1695 Maltescli,
1952 1660 2119 1702 significat

1141 1703 1274 1744 proprie
1297 1704 1465 1744 pedicam,
1493 1706 1536 1735 ein
1560 1705 1652 1737 &ttici
1680 1706 1744 1736 obet
1768 1704 1847 1742 {mue
1875 1707 1912 1735 bu
1938 1706 2011 1735 einer
2034 1706 2119 1735 'mncn

1142 1746 1282 1785 gestingen
1311 1747 1351 1779 ist.
1404 1746 1541 1788 Legitur
1567 1746 1673 1778 Exodi
1702 1746 1753 1778 ⁶23.
1801 1746 1835 1777 Si
1858 1746 2014 1777 servieris
2045 1745 2119 1776 Diis

1142 1797 1275 1826 eorum,
1311 1789 1371 1819 erit
1399 1790 1456 1821 tibi
1490 1790 1522 1820 in
1557 1788 1767 1827 scandalum,
1804 1787 1856 1820 vel
1890 1788 2054 1831 laqueum,
2087 1794 2121 1820 et

1141 1829 1263 1862 Psalm.
1291 1831 1360 1863 106.
1406 1831 1582 1863 commixti
1611 1840 1686 1864 sunt
1710 1833 1795 1863 inter
1819 1837 1953 1874 gentes,
1983 1838 2015 1863 et
2039 1831 2119 1862 didi·

1142 1879 1257 1904 cerunt
1277 1884 1377 1914 opera
1397 1884 1527 1912 eorum,
1559 1881 1590 1906 et
1619 1875 1801 1906 servierunt
1832 1873 2041 1915 sculptilibus
2065 1884 2120 1905 eo-

1140 1926 1224 1954 rum,
1242 1922 1274 1948 et
1296 1917 1385 1948 sacta
1409 1924 1486 1949 sunt
1505 1916 1569 1949 illis
1591 1919 1623 1949 in
1654 1916 1846 1949 scandalum
1872 1927 1931 1949 seu
1953 1916 2118 1959 laqueum.

1140 1958 1181 1990 Et
1204 1959 1460 1992 Proverbiorum
1489 1960 1541 1992 22.
1588 1959 1662 1992 Noli
1688 1971 1765 1992 esse
1793 1960 1919 1991 amicus
1947 1960 2118 1997 iracundo,

1140 2011 1249 2043 neque
1279 2001 1426 2034 ambules
1456 2014 1530 2035 cum
1554 2004 1624 2035 viro
1654 2002 1797 2041 furioso,
1826 2013 1868 2034 ne
1898 2002 1984 2034 sorte
2007 2002 2118 2034 discas

1141 2045 1274 2076 semitas
1299 2048 1380 2085 eius,
1404 2052 1434 2077 et
1457 2046 1604 2087 accipias
1623 2045 1817 2079 scandalum
1840 2046 1977 2085 animae,
2001 2045 2032 2076 id
2056 2051 2118 2082 est,

1138 2085 1303 2129 laqueum.

1226 2129 1355 2162 Deinde
1379 2130 1500 2162 habent
1523 2131 1664 2163 Hebraei
1695 2130 1791 2162 aliam
1815 2141 1947 2168 vocem,
1975 2129 2118 2170 Misclzol,

1136 2172 1169 2204 id
1205 2179 1274 2212 est,
1310 2173 1561 2213 offendiculum,
1594 2175 1635 2205 ad
1669 2175 1757 2216 quod
1786 2174 1970 2215 impingens
1999 2171 2119 2214 aliquis

1141 2217 1276 2255 corruit,
1297 2223 1331 2248 ut
1357 2217 1464 2248 Levit.
1489 2216 1540 2248 19.
1587 2216 1706 2249 Coram
1736 2226 1837 2248 caeco
1869 2226 1908 2247 ne
1939 2225 2044 2256 ponas
2069 2214 2118 2247 os-

1138 2257 1352 2297 fendiculum,
1371 2266 1402 2291 et
1426 2259 1546 2291 Psalm.
1572 2259 1643 2291 119.
1688 2260 1757 2290 Pax
1782 2258 1883 2290 multa
1907 2257 2117 2299 diligentibus

1140 2303 1278 2333 verbum
1301 2309 1402 2340 tuum,
1427 2309 1458 2334 et
1482 2313 1547 2334 non
1573 2310 1622 2335 est
1647 2301 1709 2333 illis
1735 2299 1939 2334 scandalum.

1226 2344 1345 2376 Esaiae
1367 2345 1398 2377 8.
1424 2344 1571 2387 Utraque
1594 2355 1658 2377 vox
1681 2346 1837 2376 recitatur
1859 2344 1891 2374 iu
1915 2353 1980 2374 uno
2006 2353 2118 2381 versu,

1139 2386 1211 2419 Etsi
1233 2388 1353 2419 ibidem
1379 2387 1443 2420 alia
1473 2398 1605 2430 quoque
1634 2385 1795 2420 vocabula
1826 2392 1989 2428 cognatae
2017 2386 2117 2428 signi·

1139 2429 1302 2462 ficationis
1327 2437 1534 2472 usurpantur.

1223 2473 1329 2505 Latini
1347 2475 1514 2506 nominant
1548 2474 1644 2506 etiam
1665 2471 1858 2504 scandalum
1888 2472 1946 2503 eine
1969 2471 2117 2511 (Ξῴἰῐιῠςῐ,

1137 2516 1170 2547 id
1193 2523 1256 2554 est,
1278 2516 1414 2559 lignum,
1438 2528 1502 2559 quo
1527 2526 1625 2548 casae
1648 2525 1708 2547 seu
1731 2516 1849 2546 domus
1873 2520 2040 2557 teguntur.

1224 2559 1298 2591 Non
1329 2566 1378 2591 est
1408 2567 1516 2592 autem
1546 2557 1677 2589 difficile
1717 2555 1920 2600 intelligere,
1951 2556 2116 2598 quomodo

1139 2600 1297 2634 Scandali
1326 2613 1445 2634 nomen
1475 2600 1670 2633 translatum
1700 2602 1741 2632 sit
1772 2601 1803 2631 in
1827 2601 1977 2632 doctrina
1999 2597 2115 2631 Eccle-

1898 2660 1912 2683 3
