2324 2958
147 180 208 214 781
825 176 1037 212 POS'I'ILLA
1069 176 1421 210 MELANTHONIAN
1423 177 1463 210 Α.
2074 181 2135 215 782

149 274 312 312 salvabam
334 274 409 315 quia
432 282 512 304 oves
536 277 612 303 sunt
634 274 756 302 tantum
786 269 897 302 electi:
928 272 1119 313 Expectabo
1169 281 1262 311 meas,
1285 275 1318 302 et
1337 280 1394 310 eqo
1417 274 1508 302 vitam
1531 275 1691 303 aeternam
1713 274 1754 304 do
1776 274 1840 305 eis:
1870 273 1903 305 id
1933 275 2071 316 pertinet
2095 275 2135 307 ad

150 318 247 359 igitur
267 315 400 347 afflatus
425 322 457 346 et
481 318 607 356 raptuS,
632 314 736 345 donec
760 315 874 352 seiam,
906 325 946 345 an
970 316 1030 345 sim
1054 314 1119 346 ele·
1169 312 1312 345 officium
1336 313 1468 345 Christi.
1522 313 1563 344 Et
1594 314 1678 345 hanc
1706 315 1966 348 consolationem
1990 318 2065 349 inde
2083 329 2136 350 su·

150 365 235 397 ctus,
256 368 298 389 an
321 358 500 398 pertineam
523 357 563 388 ad
588 366 669 387 oves
694 355 826 387 Christi.
873 355 1024 388 Christus
1047 357 1119 398 ipse
1168 365 1257 387 mere
1280 356 1449 394 debemus,
1484 356 1570 396 quod
1603 363 1737 397 propter
1760 357 1875 389 filium
1908 359 1970 390 Dei
2001 359 2137 392 tollatur

149 401 277 442 seponit
318 399 370 431 hic
411 399 663 440 disputationem
701 396 800 429 illam.
878 398 951 429 Non
987 400 1118 431 deducit
1168 404 1340 439 peccatum
1364 404 1395 429 et
1418 398 1466 428 ira
1489 397 1562 436 Dei,
1591 404 1621 429 et
1645 399 1741 430 detur
1762 402 1858 432 nobis
1888 403 2038 433 remissio
2060 413 2136 444 pec-

149 453 212 474 nos
263 442 305 473 ad
357 441 552 473 electionem
607 450 778 473 arcanam:
834 442 893 471 sed
926 442 983 472 ait:
1029 442 1118 473 Oves
1169 446 1327 478 catorum,
1349 441 1470 472 iustitia
1488 446 1519 471 et
1536 441 1601 472 vita
1619 447 1765 480 aeterna,
1788 453 1853 474 non
1873 451 1981 475 autem
2004 451 2138 487 propter

147 495 240 517 meae
263 490 350 522 sunt,
378 495 462 526 quae
495 493 613 515 vocem
647 493 751 514 meam
773 483 918 514 audiunt.
973 484 1042 515 Nos
1066 485 1118 516 de·
1168 484 1356 525 dignitatem
1378 489 1410 514 et
1433 483 1545 513 merita
1567 489 1691 515 nostra.

147 529 263 560 bemus
286 528 432 559 iudicare
455 536 494 558 ex
517 527 618 558 verbo
648 525 807 557 revelato.
853 525 1002 557 Sciamus
1033 536 1119 558 man-
1252 524 1368 557 Altera
1401 525 1562 556 sententia
1595 531 1647 556 est
1680 525 1864 558 consolatio
1894 535 2010 560 contra
2032 537 2135 562 certa-

147 571 258 602 datum
281 570 376 601 nobis
399 579 487 607 esse,
521 575 555 599 ut
577 569 747 600 audiamus
769 569 922 606 verbum,
957 575 1119 600 sustente-
1167 568 1264 599 mina.
1308 570 1406 600 Nemo
1437 571 1544 607 rapiet
1575 578 1650 600 mffes
1682 578 1769 600 meas
1801 579 1844 601 ex·
1875 573 2020 604 manibus
2048 577 2137 605 meis.

147 623 220 644 mus
244 619 274 644 et
299 612 464 653 erigamus
488 621 550 642 nos
573 611 693 648 verbo,
725 620 792 641 non
810 609 1038 652 indulgeamus
1061 612 1119 643 du·
1168 610 1278 642 Utitur
1300 611 1402 641 verbo
1426 610 1591 651 rapiendi,
1625 616 1661 642 ut
1691 611 1855 652 significet
1881 623 2033 654 magnum
2061 625 2137 647 esse

147 655 304 686 bitationi.
360 654 453 685 Deus
487 652 557 685 vult
589 663 651 684 nos
674 652 805 684 salvare
838 654 902 686 hoc
935 655 1051 692 modo,
1085 660 1118 686 ut
1169 659 1346 690 certamen,
1381 653 1467 684 sicut
1501 654 1610 683 statim
1645 653 1734 684 initio
1765 653 1829 685 hoc
1854 661 2019 686 certamen
2043 668 2136 698 prae·

148 699 244 729 Fides
265 701 310 728 stt
328 707 367 727 esc
388 697 510 733 audien,
532 697 661 727 auditus
680 706 742 736 per
764 697 891 728 verbum
915 697 985 728 Dei.
1169 696 1289 726 dictum
1312 701 1378 726 est:
1417 697 1538 727 Ponam
1571 696 1755 727 inimicitias
1789 700 1873 728 inter
1904 704 2085 738 serpentem
2108 706 2140 732 et

232 740 307 770 Non
341 745 391 770 est
425 740 520 769 etiam
556 738 784 779 cogitandum,
820 739 916 769 homo
953 739 1050 770 habet
1080 748 1119 770 se
1168 748 1274 770 semen
1297 740 1446 769 mulieris.
1490 736 1652 769 Diabolus
1675 748 1806 779 semper
1833 740 2002 771 insidiatur
2024 741 2137 774 Eccle-

146 792 229 823 pure
257 782 406 822 passive:
439 781 528 822 Ergo
557 791 624 812 non
658 786 709 812 est
741 781 936 812 audiendum
972 782 1119 820 verbum,
1169 781 1253 817 siae,
1288 787 1319 811 et
1353 779 1493 821 singulis
1528 781 1748 812 credentibus.
1812 780 1891 813 Vult
1927 793 1988 813 nos
2029 783 2137 817 multis

146 834 214 855 nou
247 823 434 856 luctandum
468 833 540 854 cum
575 823 785 861 dubitatione,
809 830 870 854 etc.
926 826 990 854 [mo
1021 834 1118 865 quam
1169 823 1274 853 modis
1308 823 1464 863 perdere,
1503 828 1550 861 et,
1589 829 1623 854 ut
1657 822 1776 855 Petrus
1817 825 1937 865 inquit,
1981 826 2138 868 Cir-cumis,

1169 870 1320 905 tamquam
1368 867 1417 897 leo
1466 867 1598 905 rnyi'ens
1612 891 1619 904 ,
1670 875 1826 905 quaerens
1872 877 1959 907 quem
2002 870 2137 902 devoret.

1169 907 1352 949 Numquam
1401 914 1512 939 cessat
1561 909 1694 940 turbare
1743 908 1903 950 Imperia,
1943 910 2138 951 Ecclesiam,

1170 960 1392 981 oeconomias.

1256 999 1383 1041 Singuli
1419 1000 1601 1043 cogitemus
1635 1007 1768 1034 nostras
1803 1003 1962 1036 miserias,
2025 1004 2140 1038 Consi-

1170 1043 1264 1074 deret
1287 1043 1426 1084 quisque
1460 1053 1553 1075 suam
1587 1045 1704 1081 vitam,
1737 1046 1962 1085 vocationem,
1997 1058 2139 1080 cursum.

1170 1084 1290 1126 Cogita
1311 1086 1399 1126 apud
1422 1091 1453 1117 te
1470 1087 1588 1127 ipsum,
1611 1087 1667 1118 ubi
1684 1086 1848 1119 Diabolus
1871 1094 1904 1120 te
1926 1088 2140 1131 implicaverit

1169 1127 1302 1169 negotio
1336 1126 1433 1159 alicui
1466 1129 1669 1169 pernicioso,
1704 1130 1759 1161 ubi
1782 1136 1814 1161 te
1837 1131 1969 1170 vicerit,
2001 1140 2058 1165 aut
2087 1135 2140 1166 ubi

1170 1180 1283 1202 morsu
1306 1168 1414 1211 aliquo
1438 1176 1470 1201 te
1492 1170 1637 1203 laeserit.
1687 1171 1805 1214 Cogita
1832 1173 1872 1204 de
1901 1174 2052 1217 exemplo
2074 1176 2141 1209 Da·

1170 1213 1269 1244 vidis:
1304 1212 1386 1244 Huic
1419 1219 1488 1244 toto
1518 1214 1604 1245 vitae
1633 1220 1779 1255 tempore
1807 1216 1977 1248 insidiatus
2007 1224 2074 1258 est,
2107 1226 2141 1252 ut

1172 1265 1246 1287 eum
1273 1261 1446 1287 everteret.
1492 1255 1575 1288 Cum
1598 1255 1723 1298 impulit
1746 1267 1817 1288 eum
1841 1259 1883 1290 ad
1906 1258 2045 1300 lapsum,
2075 1273 2140 1294 non

146 867 202 898 diu
224 867 322 898 homo
344 877 409 897 non
434 866 557 897 resistit
580 866 788 903 dubitationi,
822 876 887 896 non
911 873 1021 906 potest
1044 867 1117 904 dici,

146 910 235 950 quod
258 910 300 940 sit
322 908 444 940 famum
467 907 566 939 ullum
592 909 713 939 initium
737 909 973 940 conversionis.
1014 908 1118 940 Nobis

145 952 245 994 igitur
266 951 332 982 hoc
353 952 395 983 sit
408 951 704 992 persuasissimum,
727 951 816 992 quod
838 951 999 982 audiendo
1011 949 1119 982 Evan-

146 993 279 1036 gelium,
303 1000 335 1025 et
357 994 570 1025 assentiendo
595 992 800 1034 applicentur
823 994 918 1024 nobis
942 993 1118 1031 beneficia3

147 1042 178 1068 et
202 1037 290 1078 quod
318 1046 377 1078 per
401 1036 496 1067 tidem
519 1035 621 1067 Filius
645 1035 707 1066 Dei
740 1037 781 1066 sit
815 1034 935 1066 efficax
957 1036 988 1066 in
1011 1036 1117 1067 nobis.

233 1078 335 1110 Plane
368 1078 473 1110 simile
507 1086 557 1110 est
593 1079 730 1110 dictum:
765 1078 803 1109 Si
833 1081 903 1117 quis
932 1079 1037 1117 duiyit
1062 1088 1119 1117 nte,

145 1131 323 1154 sermonem
346 1132 444 1153 meum
466 1122 612 1160 sert-abit,
635 1125 667 1152 el
684 1122 779 1151 Pater
801 1130 888 1151 meus
909 1121 1020 1160 diltyet
1041 1130 1118 1159 enm,

146 1168 180 1196 et
199 1167 394 1196 mansionem
415 1166 505 1204 apud
524 1174 590 1195 eum
610 1166 773 1202 faciemus.
813 1160 899 1192 Nihil
923 1169 1032 1203 potest
1055 1162 1118 1193 dici

145 1207 260 1237 maius.
295 1206 379 1241 Quid
404 1207 487 1237 enim
509 1204 647 1246 amplius
669 1210 778 1245 potest
801 1205 880 1235 dare
897 1204 1002 1243 Deus,
1021 1215 1119 1247 quam

144 1249 334 1289 seipsum?
388 1249 494 1280 Sewa
527 1249 626 1289 igitur
648 1257 845 1285 sermonem,
879 1247 966 1285 audi,
997 1246 1119 1288 ample-

1141 872 1145 888 l

1141 896 1145 911 l

145 1295 252 1329 mere,
283 1289 380 1332 dilige
403 1289 587 1328 Christum,
621 1290 720 1321 crede
751 1290 783 1320 in
812 1300 895 1321 0¹1OE-
950 1290 1023 1322 HOC
1046 1300 1119 1321 cum
1140 916 1147 1376 ι
1171 1298 1237 1329 hoc
1269 1303 1394 1329 tantum
1428 1299 1511 1340 egit,
1547 1304 1580 1329 ut
1607 1298 1714 1331 David
1748 1299 1842 1332 fieret
1873 1302 2014 1341 adulter,
2047 1310 2141 1346 rapta

143 1331 266 1371 facies,
299 1335 397 1365 Pale?
419 1335 529 1372 dilfffl'l
547 1337 591 1371 te,
624 1333 657 1363 id
680 1338 749 1369 ests
782 1338 815 1363 ¹¹¹
839 1333 904 1363 ‘3¹5⁵
926 1333 1051 1371 iustus,
1086 1338 1119 1364 θῑ
1172 1339 1278 1372 aliena
1300 1340 1448 1379 muliere,
1471 1347 1503 1372 et
1525 1347 1559 1372 ut
1581 1342 1779 1374 interficeret
1806 1342 1896 1375 illum
1919 1352 2141 1385 praestantem

144 1375 210 1407 eris
233 1374 429 1406 domicilium
454 1375 527 1412 Dei,
558 1376 618 1406 el‘lt
640 1376 672 1405 ln
694 1380 727 1406 te
749 1374 841 1406 Deus
865 1373 998 1413 efficax,
1015 1375 1119 1407 vivifi·
1171 1389 1203 1414 et
1226 1383 1380 1424 optimum
1404 1384 1509 1415 virum
1532 1383 1661 1421 Uriamg
1693 1386 1753 1416 sed
1788 1384 1874 1417 aliud
1903 1388 2006 1419 maius
2030 1388 2141 1421 molie-

145 1418 245 1455 canit,
268 1423 299 1448 et
323 1417 542 1449 sanctificabit
565 1423 606 1448 te·
1170 1426 1277 1457 batur.
1338 1424 1552 1467 Cogietabat:
1595 1433 1670 1467 post
1704 1426 1758 1459 illa
1791 1435 1930 1469 peccata
1962 1438 2142 1472 sequentur

230 1458 326 1491 Aliae
364 1461 545 1492 sententiae
590 1457 715 1490 Similes
758 1460 882 1500 passim
926 1461 1118 1499 recitantur,
1170 1477 1310 1509 poenae:
1334 1475 1453 1508 postea
1474 1479 1601 1509 poenae
1614 1480 1686 1501 eum
1699 1471 1741 1501 ad
1755 1471 2017 1512 desperationem
2039 1475 2140 1506 addu-

145 1512 230 1544 quae
254 1501 429 1544 diligenter
462 1508 539 1534 sunt
573 1502 852 1540 considerandae,
887 1508 923 1534 ut
949 1503 1117 1535 discamus
1171 1516 1263 1548 cent,
1298 1511 1383 1541 sicut
1405 1509 1527 1542 factum
1556 1517 1607 1542 est
1640 1512 1680 1544 de
1715 1512 1825 1544 Saule.
1883 1514 2028 1547 conatus
2059 1527 2140 1559 ergo

144 1544 304 1582 ordinem,
334 1555 400 1586 (11¹⁰
422 1544 514 1576 Deus
538 1545 570 1575 5¹¹
594 1545 688 1575 ”Obis
713 1544 783 1576 vult
816 1554 926 1586 agere·
982 1545 1118 1576 Univer·
1169 1559 1220 1584 est
1244 1563 1317 1584 eum
1339 1552 1506 1594 implicare
1533 1551 1661 1596 laqueis
1689 1555 1981 1589 inextricabilibus.
2025 1558 2141 1592 Texuit

142 1585 259 1617 §aliter
278 1588 467 1618 tenendum:
491 1589 567 1619 Eum
590 1596 660 1618 3⁸88
682 1589 823 1625 electum,
855 1592 907 1627 ‘1¹1²'
930 1593 1121 1628 perseverat
1168 1594 1255 1626 illam
1273 1594 1406 1637 longam
1428 1595 1543 1634 telam,
1571 1603 1605 1628 ut
1628 1604 1792 1630 everteret
1814 1599 1992 1637 Davidem3
2014 1603 2141 1634 sauciat

141 1631 176 1660 ln
201 1630 275 1668 fide.
337 1629 409 1660 Hoc
442 1635 552 1670 potest
585 1629 715 1660 ostendi
747 1640 767 1660 a
800 1631 994 1671 posteriore.
1048 1631 1115 1662 Sed

142 1672 275 1712 quando
299 1671 469 1703 definimus
493 1673 525 1703 in
548 1672 725 1713 praesenti,
748 1671 938 1713 simpliciter
965 1673 1115 1711 dicimus,

144 1711 271 1744 electos
295 1723 371 1745 esse
392 1724 462 1752 eos,
481 1715 535 1756 qui
559 1714 693 1745 audiunt
715 1715 864 1752 verbum,
888 1716 942 1756 qui
966 1716 1114 1754 credunt,

143 1760 177 1786 et
198 1753 286 1787 hunc
304 1757 449 1788 ordinem
466 1757 720 1798 praescribimus
738 1758 900 1795 omuibus,
923 1759 977 1799 qui
1001 1757 1116 1790 volunt

143 1798 324 1829 oertiwsse
347 1799 388 1829 de
410 1799 461 1830 sui
484 1798 652 1831 electione.

1168 1639 1305 1680 primum
1346 1639 1579 1670 conscientiam
1612 1640 1682 1671 eius
1715 1647 1813 1682 raptu
1845 1643 1980 1680 uxoris3
2047 1651 2142 1677 ostea

1168 1680 1307 1721 amplius
1331 1681 1458 1712 sauciat
1480 1691 1562 1713 nece
1585 1681 1699 1720 Uriae,
1729 1684 1805 1715 item
1836 1685 1938 1716 caede
1967 1697 2020 1718 mu
2036 1693 2141 1720 torum

1169 1724 1329 1754 bonorum
1353 1730 1384 1754 et
1407 1730 1597 1756 sanctorum
1618 1725 1802 1765 hominum,
1837 1728 1891 1768 qui
1923 1728 2021 1760 simul
2043 1730 2141 1761 inter-

1168 1766 1321 1796 ficiuntur
1345 1776 1418 1796 cum
1441 1765 1530 1798 Uria.
1587 1766 1765 1800 Praeterea
1798 1770 1925 1801 sauciat
1959 1771 2140 1812 scandalis,

1168 1809 1298 1849 quando
1322 1807 1423 1839 Pilius
1435 1815 1545 1840 movet
1562 1810 1766 1849 seditionem,
1791 1812 1821 1843 in
1846 1822 1909 1853 qua
1932 1813 2033 1845 multa
2053 1814 2141 1847 tacta

230 1839 297 1871 lam
321 1841 416 1872 etiam
439 1839 495 1872 illa
514 1841 708 1873 doctrinalia
736 1848 877 1882 possunt
911 1843 1003 1879 δᾶἆῖὅ
1037 1846 1115 1875 Ores
1167 1856 1243 1882 sunt
1272 1849 1449 1883 horribilia.
1495 1852 1546 1882 Ac
1568 1851 1719 1893 profecto
1753 1854 1903 1886 humanis
1927 1856 2051 1888 viribus
2074 1868 2139 1889 non

144 1891 229 1913 meae
262 1892 362 1914 rocem
396 1893 490 1915 meam
523 1885 667 1915 audiunt.
723 1884 812 1925 Ergo
845 1883 937 1916 nulla
971 1884 1034 1916 alia
1063 1892 1113 1917 est

145 1924 306 1963 doctrina,
328 1936 387 1966 per
399 1936 496 1967 quam
508 1925 659 1958 Ecclesia
672 1925 856 1968 colligatur,
878 1928 941 1958 nisi
965 1929 1113 1959 doctrina

143 1966 326 2009 Evangelii.
371 1968 433 1999 Ubi
457 1979 522 1999 non
547 1974 598 1999 est
619 1979 684 2000 vox
705 1969 776 2000 Filii
799 1969 877 2004 Dei,
906 1971 950 2001 ibi
973 1981 1039 2002 non
1062 1977 1113 2002 est

143 2007 309 2041 Ecclesia:
345 2010 582 2042 Mahometicus
619 2018 732 2042 coetus
765 2021 830 2043 non
867 2019 919 2043 est
940 2012 1111 2045 Ecclesia:

144 2058 259 2083 coetus
273 2053 434 2085 Arrianus
457 2063 522 2084 non
546 2062 596 2084 est
619 2053 785 2085 Ecclesia:
809 2060 923 2086 coetus
946 2056 1111 2087 hominum

1166 1893 1328 1933 potuisset
1360 1893 1470 1925 David
1505 1893 1564 1925 illa
1597 1896 1772 1928 sustinere.
1838 1897 1903 1929 Sed
1942 1897 2043 1931 Filius
2076 1899 2138 1932 Dei

1166 1935 1266 1967 tenuit
1289 1935 1374 1967 hanc
1401 1935 1562 1968 oviculam
1585 1947 1678 1969 suam
1701 1939 1851 1970 manibus
1874 1942 1961 1979 suis,
1995 1940 2138 1974 defendit

1166 1985 1197 2010 et
1220 1979 1362 2009 servavit
1392 1989 1465 2010 eum
1499 1985 1615 2011 contra
1643 1979 1838 2020 Diabolum,
1872 1984 1925 2025 qui
1957 1985 2139 2016 conabatur

1164 2030 1236 2052 eum
1259 2021 1407 2062 perdere.

1249 2080 1342 2111 Hanc
1367 2080 1630 2113 consolationem
1664 2089 1833 2114 teneamus
1864 2090 1895 2115 et
1929 2095 2002 2117 nos.
2058 2086 2138 2119 Insi-

1165 2122 1271 2154 diatur
1294 2121 1456 2155 Diabolus
1479 2124 1635 2166 singuliS,
1669 2132 1703 2157 ut
1726 2125 1870 2166 implicet
1903 2137 1962 2158 eos
1996 2129 2027 2159 in
2051 2130 2138 2162 mala

1164 2165 1413 2196 inextricabilia.
1469 2167 1535 2198 Sed
1564 2178 1759 2209 quamquam
1798 2178 1898 2209 saepe
1933 2169 2136 2211 implicamur

1162 2207 1372 2246 horribiliter,
1395 2214 1503 2240 tamen
1528 2208 1706 2241 clamemus
1728 2211 1769 2241 ad
1788 2209 1962 2243 Dominum
1987 2220 2134 2247 nostrum

1163 2250 1269 2282 lesum
1304 2250 1485 2282 Christum:
1530 2254 1574 2283 Tu
1602 2263 1660 2285 nos
1683 2256 1769 2293 iura,
1807 2257 1839 2284 u!
1879 2256 2061 2295 eluctemur,
2102 2262 2135 2289 tu

1158 2295 1303 2334 guberna
1326 2298 1357 2325 et
1391 2299 1533 2326 sustenta
1569 2305 1626 2326 nos
1659 2298 1744 2326 inser
1780 2300 1870 2327 tanta
1899 2301 2069 2337 pericula,
2103 2305 2134 2332 et

1134 2359 1136 2374 ,
1161 2339 1247 2367 inter
1268 2341 1332 2367 lam
1354 2340 1459 2368 astute
1480 2339 1633 2376 coyz'mtas
1655 2338 1798 2377 insidias,
1817 2342 1847 2369 et
1869 2343 1930 2370 tam
1948 2341 2134 2382 111u1a·plicee

1134 2381 1137 2414 Ι
1161 2380 1288 2418 laqueos
1309 2378 1446 2411 Diaboli.

1247 2436 1490 2469 Adolescentes
1502 2439 1645 2469 nondum
1665 2437 1849 2480 intelligunt
1861 2440 1934 2478 ista,
1958 2448 2131 2485 antequam

143 2093 384 2126 defendentium
413 2095 516 2133 idola,
552 2101 584 2126 et
618 2097 871 2137 oppugnantium
896 2097 1111 2141 Evangelium

143 2146 208 2168 non
237 2144 287 2168 est
318 2137 480 2169 Ecclesia.
539 2137 604 2169 Sed
634 2138 784 2170 Ecclesia
811 2146 861 2170 est
890 2146 1021 2179 coctus,
1057 2142 1110 2182 qui

143 2178 351 2221 amplectitur
373 2179 607 2222 Evangehum,
640 2181 671 2211 in
696 2191 760 2222 quo
783 2188 859 2213 sunt
881 2182 981 2224 aliqui
1015 2183 1111 2221 tales,

142 2221 175 2252 in
199 2223 317 2263 quibus
341 2233 483 2254 accensa
507 2230 557 2254 est
582 2232 661 2253 vera
684 2223 739 2254 lux
768 2224 859 2261 fidei,
890 2232 921 2255 et
950 2227 1003 2267 qui
1027 2225 1109 2258 tales
1135 2235 1137 2242 ·

142 2270 230 2302 sunt,
253 2263 299 2295 illi
322 2266 468 2303 audiunt,
491 2277 556 2297 non
580 2264 686 2296 solum
711 2267 844 2297 auribus
868 2270 1028 2308 corporis,
1051 2269 1110 2300 sed
1135 2290 1137 2295 -

143 2306 239 2339 etiam
262 2309 396 2339 auribus
421 2309 542 2345 cordis,
566 2318 626 2339 seu
649 2309 763 2344 animi:
786 2309 817 2339 id
841 2315 903 2348 est,
925 2313 1110 2343 assentiun-

142 2354 195 2380 tur
217 2355 249 2380 et
270 2350 511 2392 amplectamur
533 2361 646 2382 vocem
670 2350 852 2392 Evangelii.

228 2391 446 2424 observanda
469 2400 518 2424 est
542 2394 573 2423 in
598 2394 783 2424 huiusmodi
806 2394 901 2425 dictis
920 2397 1110 2427 conversio:

146 2434 226 2465 Ores
247 2445 333 2467 meae
352 2446 450 2467 rocem
474 2446 567 2467 meam
603 2438 754 2467 audiunt:
787 2438 871 2476 Eryo
892 2440 947 2476 qui
967 2440 1109 2474 audiunt,

141 2481 216 2507 eunt
243 2487 314 2508 ores
345 2478 470 2509 Christi.
530 2480 621 2509 item:
661 2480 740 2509 Ores
770 2489 857 2510 meae
886 2490 987 2511 τοι-ειη
1018 2491 1110 2512 meam
1162 2480 1302 2511 sentiant
1327 2481 1388 2511 sibi
1412 2482 1491 2511 strui
1515 2479 1599 2511 tales
1622 2479 1778 2521 laqueos;
1801 2482 1860 2513 sed
1884 2485 2015 2524 quando
2038 2493 2131 2519 aetas

141 2519 293 2550 audiunt:
322 2521 405 2559 Eryo
428 2525 534 2552 coetus·
556 2523 607 2552 ille
629 2524 683 2560 qm·
703 2523 794 2552 audit
813 2531 914 2553 rocem
938 2523 1111 2563 Ecanqem,
1161 2522 1300 2560 accedit,
1323 2529 1354 2553 et
1376 2523 1516 2564 negotiis
1529 2521 1726 2555 difficillimis
1745 2525 1921 2563 obruimur,
1945 2533 2011 2558 tum
2034 2528 2128 2561 disci-

142 2565 192 2592 αι
212 2571 288 2593 vera
307 2563 368 2593 Dm·
388 2564 541 2594 Ecclesia,
1163 2575 1246 2601 inus,
1265 2571 1419 2605 quantum
1450 2574 1532 2605 opus
1567 2566 1609 2595 sit
1631 2567 1860 2607 praecatione;
1895 2569 1936 2599 de
1969 2579 2033 2611 qua
2061 2571 2129 2604 Do-

227 2603 323 2638 Quod
356 2605 483 2636 additur
517 2615 535 2635 a
570 2603 726 2636 Christo:
766 2606 832 2644 qu
871 2615 1008 2645 agnosco
1040 2622 1112 2645 oves
1163 2607 1268 2638 minus
1293 2607 1409 2647 inquit:
1438 2608 1542 2641 Orate,
1577 2618 1617 2639 ne
1650 2612 1778 2641 intretis
1800 2613 2064 2653 intentationem,
2097 2615 2129 2646 id
