<?xml version="1.0" encoding="UTF-8"?>
<!DOCTYPE html PUBLIC "-//W3C//DTD XHTML 1.0 Transitional//EN"
    "http://www.w3.org/TR/xhtml1/DTD/xhtml1-transitional.dtd">
<html xmlns="http://www.w3.org/1999/xhtml" xml:lang="en" lang="en">
 <head>
  <title>
</title>
<meta http-equiv="Content-Type" content="text/html;charset=utf-8" />
  <meta name='ocr-system' content='tesseract 3.04.00' />
  <meta name='ocr-capabilities' content='ocr_page ocr_carea ocr_par ocr_line ocrx_word'/>
</head>
<body>
  <div class='ocr_page' id='page_1' title='image "./operaquaesupersu24melauoft_0049.png"; bbox 0 0 2324 2958; ppageno 0'>
   <div class='ocr_carea' id='block_1_1' title="bbox 107 155 150 186">
    <p class='ocr_par' dir='ltr' id='par_1_1' title="bbox 107 155 150 186">
     <span class='ocr_line' id='line_1_1' title="bbox 107 155 150 186; baseline 0 0"><span class='ocrx_word' id='word_1_1' title='bbox 107 155 150 186; x_wconf 75' lang='lat'>45</span> 
     </span>
    </p>
   </div>
   <div class='ocr_carea' id='block_1_2' title="bbox 106 242 1088 2384">
    <p class='ocr_par' dir='ltr' id='par_1_2' title="bbox 109 242 1084 451">
     <span class='ocr_line' id='line_1_2' title="bbox 109 242 1081 288; baseline -0.005 -8"><span class='ocrx_word' id='word_1_2' title='bbox 109 248 184 280; x_wconf 89' lang='lat' dir='ltr'>fidei</span> <span class='ocrx_word' id='word_1_3' title='bbox 212 257 267 279; x_wconf 86' lang='lat' dir='ltr'>res</span> <span class='ocrx_word' id='word_1_4' title='bbox 294 244 461 288; x_wconf 69' lang='lat' dir='ltr'>postulat,</span> <span class='ocrx_word' id='word_1_5' title='bbox 497 251 529 275; x_wconf 89' lang='lat' dir='ltr'>ut</span> <span class='ocrx_word' id='word_1_6' title='bbox 557 245 742 281; x_wconf 81' lang='lat' dir='ltr'>annitamur</span> <span class='ocrx_word' id='word_1_7' title='bbox 770 244 943 285; x_wconf 81' lang='lat' dir='ltr'>proficere.</span> <span class='ocrx_word' id='word_1_8' title='bbox 993 242 1081 276; x_wconf 78' lang='lat' dir='ltr'>Talis</span> 
     </span>
     <span class='ocr_line' id='line_1_3' title="bbox 109 285 1082 325; baseline -0.005 -2"><span class='ocrx_word' id='word_1_9' title='bbox 109 297 161 323; x_wconf 87' lang='lat' dir='ltr'>est</span> <span class='ocrx_word' id='word_1_10' title='bbox 193 291 278 322; x_wconf 89' lang='lat' dir='ltr'>enim</span> <span class='ocrx_word' id='word_1_11' title='bbox 310 295 426 320; x_wconf 87' lang='lat' dir='ltr'>natura</span> <span class='ocrx_word' id='word_1_12' title='bbox 459 287 625 320; x_wconf 89' lang='lat' dir='ltr'>hominum</span> <span class='ocrx_word' id='word_1_13' title='bbox 658 285 908 325; x_wconf 79' lang='lat' dir='ltr'>universaliter,</span> <span class='ocrx_word' id='word_1_14' title='bbox 948 293 984 318; x_wconf 88' lang='lat' dir='ltr'>ut</span> <span class='ocrx_word' id='word_1_15' title='bbox 1016 296 1082 319; x_wconf 90' lang='lat' dir='ltr'>non</span> 
     </span>
     <span class='ocr_line' id='line_1_4' title="bbox 110 329 1083 370; baseline -0.004 -5"><span class='ocrx_word' id='word_1_16' title='bbox 110 339 239 365; x_wconf 87' lang='lat' dir='ltr'>maneat</span> <span class='ocrx_word' id='word_1_17' title='bbox 259 333 292 363; x_wconf 89' lang='lat' dir='ltr'>in</span> <span class='ocrx_word' id='word_1_18' title='bbox 315 331 430 363; x_wconf 86' lang='lat' dir='ltr'>eodem</span> <span class='ocrx_word' id='word_1_19' title='bbox 453 337 553 368; x_wconf 86' lang='lat' dir='ltr'>statu,</span> <span class='ocrx_word' id='word_1_20' title='bbox 584 336 616 361; x_wconf 89' lang='lat' dir='ltr'>et</span> <span class='ocrx_word' id='word_1_21' title='bbox 645 330 700 362; x_wconf 89' lang='lat' dir='ltr'>ubi</span> <span class='ocrx_word' id='word_1_22' title='bbox 722 339 789 362; x_wconf 86' lang='lat' dir='ltr'>non</span> <span class='ocrx_word' id='word_1_23' title='bbox 812 329 1016 370; x_wconf 85' lang='lat' dir='ltr'>proficimus,</span> <span class='ocrx_word' id='word_1_24' title='bbox 1038 330 1083 361; x_wconf 92' lang='lat' dir='ltr'>ibi</span> 
     </span>
     <span class='ocr_line' id='line_1_5' title="bbox 110 371 1084 419; baseline -0.005 -10"><span class='ocrx_word' id='word_1_25' title='bbox 110 376 216 419; x_wconf 82' lang='lat' dir='ltr'>magis</span> <span class='ocrx_word' id='word_1_26' title='bbox 248 375 419 417; x_wconf 79' lang='lat' dir='ltr'>magisque</span> <span class='ocrx_word' id='word_1_27' title='bbox 447 373 648 414; x_wconf 76' lang='lat' dir='ltr'>experimur,</span> <span class='ocrx_word' id='word_1_28' title='bbox 683 382 746 403; x_wconf 81' lang='lat' dir='ltr'>nos</span> <span class='ocrx_word' id='word_1_29' title='bbox 781 378 815 403; x_wconf 89' lang='lat' dir='ltr'>et</span> <span class='ocrx_word' id='word_1_30' title='bbox 837 371 921 404; x_wconf 84' lang='lat' dir='ltr'>alios</span> <span class='ocrx_word' id='word_1_31' title='bbox 944 373 1084 404; x_wconf 77' lang='lat' dir='ltr'>subinde</span> 
     </span>
     <span class='ocr_line' id='line_1_6' title="bbox 111 419 265 451; baseline -0.013 0"><span class='ocrx_word' id='word_1_32' title='bbox 111 419 265 451; x_wconf 86' lang='lat' dir='ltr'>deficere.</span> 
     </span>
    </p>

    <p class='ocr_par' dir='ltr' id='par_1_3' title="bbox 108 456 1084 1185">
     <span class='ocr_line' id='line_1_7' title="bbox 195 456 1083 499; baseline -0.006 -6"><span class='ocrx_word' id='word_1_33' title='bbox 195 461 288 493; x_wconf 84' lang='lat' dir='ltr'>Haec</span> <span class='ocrx_word' id='word_1_34' title='bbox 300 456 569 492; x_wconf 82' lang='lat' dir='ltr'>commonefactio</span> <span class='ocrx_word' id='word_1_35' title='bbox 587 457 663 499; x_wconf 84' lang='lat' dir='ltr'>plus</span> <span class='ocrx_word' id='word_1_36' title='bbox 686 457 786 489; x_wconf 86' lang='lat' dir='ltr'>habet</span> <span class='ocrx_word' id='word_1_37' title='bbox 805 457 962 495; x_wconf 79' lang='lat' dir='ltr'>utilitatis,</span> <span class='ocrx_word' id='word_1_38' title='bbox 985 467 1083 498; x_wconf 87' lang='lat' dir='ltr'>quam</span> 
     </span>
     <span class='ocr_line' id='line_1_8' title="bbox 111 500 1083 543; baseline -0.006 -6"><span class='ocrx_word' id='word_1_39' title='bbox 111 505 219 537; x_wconf 86' lang='lat' dir='ltr'>otiose</span> <span class='ocrx_word' id='word_1_40' title='bbox 246 504 313 536; x_wconf 87' lang='lat' dir='ltr'>hoc</span> <span class='ocrx_word' id='word_1_41' title='bbox 335 502 411 534; x_wconf 85' lang='lat' dir='ltr'>loco</span> <span class='ocrx_word' id='word_1_42' title='bbox 435 511 614 543; x_wconf 79' lang='lat' dir='ltr'>quaerere,</span> <span class='ocrx_word' id='word_1_43' title='bbox 655 511 697 532; x_wconf 86' lang='lat' dir='ltr'>an</span> <span class='ocrx_word' id='word_1_44' title='bbox 721 500 862 532; x_wconf 87' lang='lat' dir='ltr'>loannes</span> <span class='ocrx_word' id='word_1_45' title='bbox 884 500 1083 532; x_wconf 80' lang='lat' dir='ltr'>dubitaverit</span> 
     </span>
     <span class='ocr_line' id='line_1_9' title="bbox 111 541 1083 586; baseline -0.006 -7"><span class='ocrx_word' id='word_1_46' title='bbox 111 547 153 580; x_wconf 80' lang='lat' dir='ltr'>de</span> <span class='ocrx_word' id='word_1_47' title='bbox 174 546 317 578; x_wconf 87' lang='lat' dir='ltr'>Christo.</span> <span class='ocrx_word' id='word_1_48' title='bbox 362 545 444 577; x_wconf 88' lang='lat' dir='ltr'>Nam</span> <span class='ocrx_word' id='word_1_49' title='bbox 463 544 551 586; x_wconf 86' lang='lat' dir='ltr'>quod</span> <span class='ocrx_word' id='word_1_50' title='bbox 574 542 674 585; x_wconf 80' lang='lat' dir='ltr'>aliqui</span> <span class='ocrx_word' id='word_1_51' title='bbox 697 541 898 581; x_wconf 78' lang='lat' dir='ltr'>fabulantur,</span> <span class='ocrx_word' id='word_1_52' title='bbox 927 542 1083 580; x_wconf 83' lang='lat' dir='ltr'>loannem</span> 
     </span>
     <span class='ocr_line' id='line_1_10' title="bbox 111 585 1084 630; baseline -0.004 -9"><span class='ocrx_word' id='word_1_53' title='bbox 111 588 269 627; x_wconf 86' lang='lat' dir='ltr'>scivisse,</span> <span class='ocrx_word' id='word_1_54' title='bbox 302 588 390 630; x_wconf 90' lang='lat' dir='ltr'>quod</span> <span class='ocrx_word' id='word_1_55' title='bbox 423 587 548 619; x_wconf 81' lang='lat' dir='ltr'>venerit</span> <span class='ocrx_word' id='word_1_56' title='bbox 571 586 726 624; x_wconf 59' lang='lat' dir='ltr'>Messias,</span> <span class='ocrx_word' id='word_1_57' title='bbox 760 586 819 617; x_wconf 85' lang='lat' dir='ltr'>sed</span> <span class='ocrx_word' id='word_1_58' title='bbox 853 586 998 618; x_wconf 88' lang='lat' dir='ltr'>nondum</span> <span class='ocrx_word' id='word_1_59' title='bbox 1021 585 1084 617; x_wconf 85' lang='lat' dir='ltr'>sci·</span> 
     </span>
     <span class='ocr_line' id='line_1_11' title="bbox 109 629 1082 672; baseline -0.004 -9"><span class='ocrx_word' id='word_1_60' title='bbox 109 632 211 669; x_wconf 71' lang='lat' dir='ltr'>visse,</span> <span class='ocrx_word' id='word_1_61' title='bbox 235 632 323 672; x_wconf 90' lang='lat' dir='ltr'>quod</span> <span class='ocrx_word' id='word_1_62' title='bbox 346 630 399 662; x_wconf 90' lang='lat' dir='ltr'>hic</span> <span class='ocrx_word' id='word_1_63' title='bbox 421 629 513 662; x_wconf 84' lang='lat' dir='ltr'>lesus</span> <span class='ocrx_word' id='word_1_64' title='bbox 535 629 748 667; x_wconf 83' lang='lat' dir='ltr'>Nazarenus,</span> <span class='ocrx_word' id='word_1_65' title='bbox 773 629 814 660; x_wconf 85' lang='lat' dir='ltr'>de</span> <span class='ocrx_word' id='word_1_66' title='bbox 837 639 903 670; x_wconf 91' lang='lat' dir='ltr'>quo</span> <span class='ocrx_word' id='word_1_67' title='bbox 923 629 1082 665; x_wconf 84' lang='lat' dir='ltr'>audierat,</span> 
     </span>
     <span class='ocr_line' id='line_1_12' title="bbox 108 670 1083 714; baseline -0.003 -9"><span class='ocrx_word' id='word_1_68' title='bbox 108 673 253 705; x_wconf 81' lang='lat' dir='ltr'>Messias</span> <span class='ocrx_word' id='word_1_69' title='bbox 277 679 378 711; x_wconf 79' lang='lat' dir='ltr'>esset,</span> <span class='ocrx_word' id='word_1_70' title='bbox 411 673 444 704; x_wconf 92' lang='lat' dir='ltr'>id</span> <span class='ocrx_word' id='word_1_71' title='bbox 466 682 606 714; x_wconf 84' lang='lat' dir='ltr'>prorsus</span> <span class='ocrx_word' id='word_1_72' title='bbox 629 672 754 710; x_wconf 84' lang='lat' dir='ltr'>reiicio,</span> <span class='ocrx_word' id='word_1_73' title='bbox 783 679 815 704; x_wconf 92' lang='lat' dir='ltr'>et</span> <span class='ocrx_word' id='word_1_74' title='bbox 838 670 966 703; x_wconf 86' lang='lat' dir='ltr'>affirmo</span> <span class='ocrx_word' id='word_1_75' title='bbox 991 671 1083 703; x_wconf 90' lang='lat' dir='ltr'>loan-</span> 
     </span>
     <span class='ocr_line' id='line_1_13' title="bbox 109 714 1083 757; baseline -0.004 -8"><span class='ocrx_word' id='word_1_76' title='bbox 109 727 185 749; x_wconf 87' lang='lat' dir='ltr'>nem</span> <span class='ocrx_word' id='word_1_77' title='bbox 207 727 274 748; x_wconf 85' lang='lat' dir='ltr'>nou</span> <span class='ocrx_word' id='word_1_78' title='bbox 297 716 486 754; x_wconf 80' lang='lat' dir='ltr'>dubitasse,</span> <span class='ocrx_word' id='word_1_79' title='bbox 519 725 627 756; x_wconf 88' lang='lat' dir='ltr'>neque</span> <span class='ocrx_word' id='word_1_80' title='bbox 661 716 807 757; x_wconf 86' lang='lat' dir='ltr'>ignotam</span> <span class='ocrx_word' id='word_1_81' title='bbox 830 715 859 746; x_wconf 92' lang='lat' dir='ltr'>ei</span> <span class='ocrx_word' id='word_1_82' title='bbox 882 714 986 746; x_wconf 77' lang='lat' dir='ltr'>fuisse</span> <span class='ocrx_word' id='word_1_83' title='bbox 1009 724 1083 755; x_wconf 90' lang='lat' dir='ltr'>per·</span> 
     </span>
     <span class='ocr_line' id='line_1_14' title="bbox 108 757 1082 799; baseline -0.004 -8"><span class='ocrx_word' id='word_1_84' title='bbox 108 769 226 791; x_wconf 86' lang='lat' dir='ltr'>sonam</span> <span class='ocrx_word' id='word_1_85' title='bbox 249 758 382 791; x_wconf 83' lang='lat' dir='ltr'>Christi.</span> <span class='ocrx_word' id='word_1_86' title='bbox 438 758 512 789; x_wconf 86' lang='lat' dir='ltr'>Non</span> <span class='ocrx_word' id='word_1_87' title='bbox 547 759 646 799; x_wconf 84' lang='lat' dir='ltr'>igitur</span> <span class='ocrx_word' id='word_1_88' title='bbox 669 758 755 789; x_wconf 81' lang='lat' dir='ltr'>misit</span> <span class='ocrx_word' id='word_1_89' title='bbox 778 769 858 796; x_wconf 79' lang='lat' dir='ltr'>sua,</span> <span class='ocrx_word' id='word_1_90' title='bbox 891 757 951 789; x_wconf 85' lang='lat' dir='ltr'>sed</span> <span class='ocrx_word' id='word_1_91' title='bbox 985 757 1082 797; x_wconf 77' lang='lat' dir='ltr'>disci-</span> 
     </span>
     <span class='ocr_line' id='line_1_15' title="bbox 108 799 1083 844; baseline -0.003 -11"><span class='ocrx_word' id='word_1_92' title='bbox 108 801 262 844; x_wconf 88' lang='lat' dir='ltr'>pulorum</span> <span class='ocrx_word' id='word_1_93' title='bbox 295 811 414 839; x_wconf 85' lang='lat' dir='ltr'>causa,</span> <span class='ocrx_word' id='word_1_94' title='bbox 449 801 481 832; x_wconf 93' lang='lat' dir='ltr'>in</span> <span class='ocrx_word' id='word_1_95' title='bbox 515 802 636 842; x_wconf 87' lang='lat' dir='ltr'>quibus</span> <span class='ocrx_word' id='word_1_96' title='bbox 671 801 803 832; x_wconf 74' lang='lat' dir='ltr'>videbat</span> <span class='ocrx_word' id='word_1_97' title='bbox 837 799 972 832; x_wconf 91' lang='lat' dir='ltr'>multum</span> <span class='ocrx_word' id='word_1_98' title='bbox 1006 808 1083 831; x_wconf 88' lang='lat' dir='ltr'>esse</span> 
     </span>
     <span class='ocr_line' id='line_1_16' title="bbox 108 842 1083 880; baseline -0.004 -3"><span class='ocrx_word' id='word_1_99' title='bbox 108 843 342 878; x_wconf 80' lang='lat' dir='ltr'>imbecillitatis</span> <span class='ocrx_word' id='word_1_100' title='bbox 382 852 415 876; x_wconf 81' lang='lat' dir='ltr'>et</span> <span class='ocrx_word' id='word_1_101' title='bbox 454 845 703 875; x_wconf 80' lang='lat' dir='ltr'>dubitationum.</span> <span class='ocrx_word' id='word_1_102' title='bbox 771 843 848 875; x_wconf 83' lang='lat' dir='ltr'>Ideo</span> <span class='ocrx_word' id='word_1_103' title='bbox 890 842 1009 880; x_wconf 83' lang='lat' dir='ltr'>voluit,</span> <span class='ocrx_word' id='word_1_104' title='bbox 1049 848 1083 874; x_wconf 88' lang='lat' dir='ltr'>ut</span> 
     </span>
     <span class='ocr_line' id='line_1_17' title="bbox 109 885 1083 928; baseline -0.004 -9"><span class='ocrx_word' id='word_1_105' title='bbox 109 886 276 920; x_wconf 82' lang='lat' dir='ltr'>Christum</span> <span class='ocrx_word' id='word_1_106' title='bbox 306 889 410 928; x_wconf 89' lang='lat' dir='ltr'>ipsum</span> <span class='ocrx_word' id='word_1_107' title='bbox 445 887 595 918; x_wconf 81' lang='lat' dir='ltr'>audirent</span> <span class='ocrx_word' id='word_1_108' title='bbox 630 893 661 918; x_wconf 91' lang='lat' dir='ltr'>et</span> <span class='ocrx_word' id='word_1_109' title='bbox 697 887 869 924; x_wconf 78' lang='lat' dir='ltr'>viderent,</span> <span class='ocrx_word' id='word_1_110' title='bbox 915 885 1010 921; x_wconf 84' lang='lat' dir='ltr'>Quod</span> <span class='ocrx_word' id='word_1_111' title='bbox 1051 885 1083 915; x_wconf 91' lang='lat' dir='ltr'>in</span> 
     </span>
     <span class='ocr_line' id='line_1_18' title="bbox 109 928 1083 972; baseline -0.004 -10"><span class='ocrx_word' id='word_1_112' title='bbox 109 930 261 962; x_wconf 89' lang='lat' dir='ltr'>omnibus</span> <span class='ocrx_word' id='word_1_113' title='bbox 284 932 383 961; x_wconf 91' lang='lat' dir='ltr'>rebus</span> <span class='ocrx_word' id='word_1_114' title='bbox 407 928 579 972; x_wconf 87' lang='lat' dir='ltr'>plurimum</span> <span class='ocrx_word' id='word_1_115' title='bbox 605 928 713 960; x_wconf 79' lang='lat' dir='ltr'>refert.</span> <span class='ocrx_word' id='word_1_116' title='bbox 758 929 842 961; x_wconf 88' lang='lat' dir='ltr'>Nam</span> <span class='ocrx_word' id='word_1_117' title='bbox 865 938 949 970; x_wconf 90' lang='lat' dir='ltr'>quae</span> <span class='ocrx_word' id='word_1_118' title='bbox 972 938 1083 959; x_wconf 89' lang='lat' dir='ltr'>coram</span> 
     </span>
     <span class='ocr_line' id='line_1_19' title="bbox 108 971 1082 1013; baseline -0.004 -8"><span class='ocrx_word' id='word_1_119' title='bbox 108 973 294 1011; x_wconf 86' lang='lat' dir='ltr'>audiuntur,</span> <span class='ocrx_word' id='word_1_120' title='bbox 317 971 415 1004; x_wconf 70' lang='lat' dir='ltr'>altius</span> <span class='ocrx_word' id='word_1_121' title='bbox 440 978 612 1013; x_wconf 87' lang='lat' dir='ltr'>penetrant</span> <span class='ocrx_word' id='word_1_122' title='bbox 634 978 785 1010; x_wconf 82' lang='lat' dir='ltr'>mentem,</span> <span class='ocrx_word' id='word_1_123' title='bbox 811 982 908 1013; x_wconf 89' lang='lat' dir='ltr'>quam</span> <span class='ocrx_word' id='word_1_124' title='bbox 932 981 1017 1013; x_wconf 83' lang='lat' dir='ltr'>quae</span> <span class='ocrx_word' id='word_1_125' title='bbox 1040 972 1082 1002; x_wconf 84' lang='lat' dir='ltr'>ab</span> 
     </span>
     <span class='ocr_line' id='line_1_20' title="bbox 108 1012 1083 1056; baseline -0.003 -9"><span class='ocrx_word' id='word_1_126' title='bbox 108 1014 182 1048; x_wconf 83' lang='lat' dir='ltr'>aliis</span> <span class='ocrx_word' id='word_1_127' title='bbox 205 1022 390 1047; x_wconf 85' lang='lat' dir='ltr'>narrantur.</span> <span class='ocrx_word' id='word_1_128' title='bbox 436 1016 501 1046; x_wconf 87' lang='lat' dir='ltr'>Sed</span> <span class='ocrx_word' id='word_1_129' title='bbox 531 1016 563 1046; x_wconf 90' lang='lat' dir='ltr'>in</span> <span class='ocrx_word' id='word_1_130' title='bbox 593 1015 705 1056; x_wconf 79' lang='lat' dir='ltr'>primis</span> <span class='ocrx_word' id='word_1_131' title='bbox 740 1013 828 1046; x_wconf 88' lang='lat' dir='ltr'>oculi</span> <span class='ocrx_word' id='word_1_132' title='bbox 861 1022 938 1045; x_wconf 86' lang='lat' dir='ltr'>sunt</span> <span class='ocrx_word' id='word_1_133' title='bbox 962 1012 1083 1045; x_wconf 79' lang='lat' dir='ltr'>fidelis-</span> 
     </span>
     <span class='ocr_line' id='line_1_21' title="bbox 108 1055 1081 1099; baseline -0.003 -9"><span class='ocrx_word' id='word_1_134' title='bbox 108 1059 181 1090; x_wconf 80' lang='lat' dir='ltr'>simi</span> <span class='ocrx_word' id='word_1_135' title='bbox 203 1065 318 1096; x_wconf 75' lang='lat' dir='ltr'>testes,</span> <span class='ocrx_word' id='word_1_136' title='bbox 341 1059 425 1090; x_wconf 80' lang='lat' dir='ltr'>sicut</span> <span class='ocrx_word' id='word_1_137' title='bbox 449 1058 577 1096; x_wconf 78' lang='lat' dir='ltr'>(licitur,</span> <span class='ocrx_word' id='word_1_138' title='bbox 601 1057 757 1098; x_wconf 77' lang='grc' dir='ltr'>ὀφθαλμοὶ</span> <span class='ocrx_word' id='word_1_139' title='bbox 786 1057 963 1099; x_wconf 76' lang='grc' dir='ltr'>πισταίῑεροι</span> <span class='ocrx_word' id='word_1_140' title='bbox 987 1055 1081 1088; x_wconf 73' lang='grc' dir='ltr'>αἴτιον.</span> 
     </span>
     <span class='ocr_line' id='line_1_22' title="bbox 109 1098 1083 1142; baseline -0.001 -10"><span class='ocrx_word' id='word_1_141' title='bbox 109 1101 186 1132; x_wconf 86' lang='lat' dir='ltr'>ltem</span> <span class='ocrx_word' id='word_1_142' title='bbox 231 1100 306 1142; x_wconf 79' lang='lat' dir='ltr'>plus</span> <span class='ocrx_word' id='word_1_143' title='bbox 351 1100 439 1132; x_wconf 83' lang='lat' dir='ltr'>valet</span> <span class='ocrx_word' id='word_1_144' title='bbox 474 1111 557 1132; x_wconf 89' lang='lat' dir='ltr'>unus</span> <span class='ocrx_word' id='word_1_145' title='bbox 597 1098 750 1132; x_wconf 83' lang='lat' dir='ltr'>oculatus</span> <span class='ocrx_word' id='word_1_146' title='bbox 794 1101 912 1138; x_wconf 86' lang='lat' dir='ltr'>testis,</span> <span class='ocrx_word' id='word_1_147' title='bbox 953 1101 984 1131; x_wconf 89' lang='lat' dir='ltr'>id</span> <span class='ocrx_word' id='word_1_148' title='bbox 1021 1107 1083 1138; x_wconf 90' lang='lat' dir='ltr'>est,</span> 
     </span>
     <span class='ocr_line' id='line_1_23' title="bbox 108 1143 652 1185; baseline -0.002 -10"><span class='ocrx_word' id='word_1_149' title='bbox 108 1143 269 1181; x_wconf 69' lang='grc' dir='ltr'><strong><em>αὐτόπτης,</em></strong></span> <span class='ocrx_word' id='word_1_150' title='bbox 292 1154 387 1185; x_wconf 90' lang='lat' dir='ltr'>quam</span> <span class='ocrx_word' id='word_1_151' title='bbox 411 1144 505 1175; x_wconf 81' lang='lat' dir='ltr'>auriti</span> <span class='ocrx_word' id='word_1_152' title='bbox 528 1144 652 1174; x_wconf 75' lang='lat' dir='ltr'>decem.</span> 
     </span>
    </p>

    <p class='ocr_par' dir='ltr' id='par_1_4' title="bbox 106 1185 1088 1695">
     <span class='ocr_line' id='line_1_24' title="bbox 194 1185 1082 1227; baseline -0.002 -9"><span class='ocrx_word' id='word_1_153' title='bbox 194 1185 322 1218; x_wconf 84' lang='lat' dir='ltr'>Blande</span> <span class='ocrx_word' id='word_1_154' title='bbox 345 1192 453 1218; x_wconf 87' lang='lat' dir='ltr'>autem</span> <span class='ocrx_word' id='word_1_155' title='bbox 478 1197 508 1217; x_wconf 82' lang='lat' dir='ltr'>et</span> <span class='ocrx_word' id='word_1_156' title='bbox 532 1186 668 1217; x_wconf 85' lang='lat' dir='ltr'>comiter</span> <span class='ocrx_word' id='word_1_157' title='bbox 690 1186 811 1227; x_wconf 85' lang='lat' dir='ltr'>excipit</span> <span class='ocrx_word' id='word_1_158' title='bbox 835 1196 893 1218; x_wconf 83' lang='lat' dir='ltr'>eos</span> <span class='ocrx_word' id='word_1_159' title='bbox 918 1186 1082 1217; x_wconf 84' lang='lat' dir='ltr'>Christus.</span> 
     </span>
     <span class='ocr_line' id='line_1_25' title="bbox 106 1227 1085 1271; baseline -0.001 -11"><span class='ocrx_word' id='word_1_160' title='bbox 106 1228 142 1260; x_wconf 86' lang='lat' dir='ltr'>ld</span> <span class='ocrx_word' id='word_1_161' title='bbox 176 1229 327 1271; x_wconf 83' lang='lat' dir='ltr'>congruit</span> <span class='ocrx_word' id='word_1_162' title='bbox 370 1239 443 1260; x_wconf 89' lang='lat' dir='ltr'>cum</span> <span class='ocrx_word' id='word_1_163' title='bbox 480 1229 566 1259; x_wconf 88' lang='lat' dir='ltr'>dicto</span> <span class='ocrx_word' id='word_1_164' title='bbox 600 1227 720 1260; x_wconf 89' lang='lat' dir='ltr'>Pauli:</span> <span class='ocrx_word' id='word_1_165' title='bbox 764 1228 925 1271; x_wconf 80' lang='lat' dir='ltr'>Infirmum</span> <span class='ocrx_word' id='word_1_166' title='bbox 956 1229 988 1259; x_wconf 80' lang='lat' dir='ltr'>in</span> <span class='ocrx_word' id='word_1_167' title='bbox 1021 1227 1085 1270; x_wconf 81' lang='lat' dir='ltr'>fide</span> 
     </span>
     <span class='ocr_line' id='line_1_26' title="bbox 106 1271 1084 1309; baseline -0.002 -5"><span class='ocrx_word' id='word_1_168' title='bbox 106 1273 268 1309; x_wconf 75' lang='lat' dir='ltr'>assumite,</span> <span class='ocrx_word' id='word_1_169' title='bbox 302 1281 363 1303; x_wconf 75' lang='lat' dir='ltr'>uon</span> <span class='ocrx_word' id='word_1_170' title='bbox 398 1272 443 1302; x_wconf 84' lang='lat' dir='ltr'>ud</span> <span class='ocrx_word' id='word_1_171' title='bbox 483 1271 720 1303; x_wconf 68' lang='lat' dir='ltr'>dubitationem.</span> <span class='ocrx_word' id='word_1_172' title='bbox 777 1271 859 1303; x_wconf 86' lang='lat' dir='ltr'>Sunt</span> <span class='ocrx_word' id='word_1_173' title='bbox 895 1277 1002 1303; x_wconf 85' lang='lat' dir='ltr'>autem</span> <span class='ocrx_word' id='word_1_174' title='bbox 1036 1272 1084 1302; x_wconf 91' lang='lat' dir='ltr'>in-</span> 
     </span>
     <span class='ocr_line' id='line_1_27' title="bbox 106 1313 1083 1356; baseline 0 -11"><span class='ocrx_word' id='word_1_175' title='bbox 106 1313 208 1352; x_wconf 84' lang='lat' dir='ltr'>firmi,</span> <span class='ocrx_word' id='word_1_176' title='bbox 243 1314 297 1356; x_wconf 89' lang='lat' dir='ltr'>qui</span> <span class='ocrx_word' id='word_1_177' title='bbox 321 1320 396 1346; x_wconf 86' lang='lat' dir='ltr'>suut</span> <span class='ocrx_word' id='word_1_178' title='bbox 420 1313 565 1352; x_wconf 88' lang='lat' dir='ltr'>dociles,</span> <span class='ocrx_word' id='word_1_179' title='bbox 601 1320 631 1346; x_wconf 92' lang='lat' dir='ltr'>et</span> <span class='ocrx_word' id='word_1_180' title='bbox 662 1315 715 1356; x_wconf 90' lang='lat' dir='ltr'>qui</span> <span class='ocrx_word' id='word_1_181' title='bbox 746 1316 878 1355; x_wconf 86' lang='lat' dir='ltr'>cupiunt</span> <span class='ocrx_word' id='word_1_182' title='bbox 908 1314 1083 1356; x_wconf 84' lang='lat' dir='ltr'>proficere.</span> 
     </span>
     <span class='ocr_line' id='line_1_28' title="bbox 109 1355 1085 1399; baseline -0.001 -11"><span class='ocrx_word' id='word_1_183' title='bbox 109 1355 174 1388; x_wconf 82' lang='lat' dir='ltr'>Alii</span> <span class='ocrx_word' id='word_1_184' title='bbox 198 1357 338 1398; x_wconf 89' lang='lat' dir='ltr'>quinon</span> <span class='ocrx_word' id='word_1_185' title='bbox 360 1364 435 1388; x_wconf 89' lang='lat' dir='ltr'>sunt</span> <span class='ocrx_word' id='word_1_186' title='bbox 471 1356 616 1394; x_wconf 81' lang='lat' dir='ltr'>dociles,</span> <span class='ocrx_word' id='word_1_187' title='bbox 650 1364 682 1388; x_wconf 92' lang='lat' dir='ltr'>et</span> <span class='ocrx_word' id='word_1_188' title='bbox 710 1358 765 1399; x_wconf 89' lang='lat' dir='ltr'>qui</span> <span class='ocrx_word' id='word_1_189' title='bbox 795 1358 927 1399; x_wconf 84' lang='lat' dir='ltr'>agnitae</span> <span class='ocrx_word' id='word_1_190' title='bbox 955 1357 1085 1389; x_wconf 86' lang='lat' dir='ltr'>veritati</span> 
     </span>
     <span class='ocr_line' id='line_1_29' title="bbox 110 1399 1087 1443; baseline 0.001 -13"><span class='ocrx_word' id='word_1_191' title='bbox 110 1406 311 1443; x_wconf 83' lang='lat' dir='ltr'>repugnant,</span> <span class='ocrx_word' id='word_1_192' title='bbox 342 1410 408 1431; x_wconf 90' lang='lat' dir='ltr'>non</span> <span class='ocrx_word' id='word_1_193' title='bbox 441 1406 517 1430; x_wconf 87' lang='lat' dir='ltr'>sunt</span> <span class='ocrx_word' id='word_1_194' title='bbox 547 1399 688 1431; x_wconf 87' lang='lat' dir='ltr'>habendi</span> <span class='ocrx_word' id='word_1_195' title='bbox 717 1411 776 1441; x_wconf 87' lang='lat' dir='ltr'>pro</span> <span class='ocrx_word' id='word_1_196' title='bbox 804 1400 952 1432; x_wconf 89' lang='lat' dir='ltr'>infirmis.</span> <span class='ocrx_word' id='word_1_197' title='bbox 1003 1401 1087 1432; x_wconf 83' lang='lat' dir='ltr'>Sunt</span> 
     </span>
     <span class='ocr_line' id='line_1_30' title="bbox 108 1441 1086 1483; baseline -0.001 -9"><span class='ocrx_word' id='word_1_198' title='bbox 108 1443 193 1474; x_wconf 90' lang='lat' dir='ltr'>enim</span> <span class='ocrx_word' id='word_1_199' title='bbox 216 1443 424 1483; x_wconf 81' lang='lat' dir='ltr'>pertinaces,</span> <span class='ocrx_word' id='word_1_200' title='bbox 458 1448 493 1473; x_wconf 92' lang='lat' dir='ltr'>ut</span> <span class='ocrx_word' id='word_1_201' title='bbox 514 1441 680 1483; x_wconf 85' lang='lat' dir='ltr'>pharisaei</span> <span class='ocrx_word' id='word_1_202' title='bbox 703 1441 891 1483; x_wconf 80' lang='lat' dir='ltr'>praefracti.</span> <span class='ocrx_word' id='word_1_203' title='bbox 937 1442 976 1474; x_wconf 89' lang='lat' dir='ltr'>Et</span> <span class='ocrx_word' id='word_1_204' title='bbox 1001 1441 1086 1474; x_wconf 83' lang='lat' dir='ltr'>tales</span> 
     </span>
     <span class='ocr_line' id='line_1_31' title="bbox 109 1483 1088 1526; baseline 0.001 -11"><span class='ocrx_word' id='word_1_205' title='bbox 109 1490 186 1516; x_wconf 69' lang='lat' dir='ltr'>sunt</span> <span class='ocrx_word' id='word_1_206' title='bbox 222 1483 452 1516; x_wconf 83' lang='lat' dir='ltr'>universaliter</span> <span class='ocrx_word' id='word_1_207' title='bbox 488 1486 640 1526; x_wconf 81' lang='lat' dir='ltr'>superbi,</span> <span class='ocrx_word' id='word_1_208' title='bbox 683 1486 899 1517; x_wconf 83' lang='lat' dir='ltr'>admiratores</span> <span class='ocrx_word' id='word_1_209' title='bbox 940 1485 1017 1523; x_wconf 89' lang='lat' dir='ltr'>sui,</span> <span class='ocrx_word' id='word_1_210' title='bbox 1056 1492 1088 1516; x_wconf 92' lang='lat' dir='ltr'>et</span> 
     </span>
     <span class='ocr_line' id='line_1_32' title="bbox 108 1526 1086 1569; baseline 0.001 -12"><span class='ocrx_word' id='word_1_211' title='bbox 108 1530 257 1565; x_wconf 80' lang='grc' dir='ltr'><strong><em>πιλαυιοὶ,</em></strong></span> <span class='ocrx_word' id='word_1_212' title='bbox 286 1527 388 1558; x_wconf 87' lang='lat' dir='ltr'>inflati</span> <span class='ocrx_word' id='word_1_213' title='bbox 410 1528 627 1568; x_wconf 63' lang='lat' dir='ltr'>persuasione</span> <span class='ocrx_word' id='word_1_214' title='bbox 651 1538 733 1559; x_wconf 87' lang='lat' dir='ltr'>suae</span> <span class='ocrx_word' id='word_1_215' title='bbox 757 1528 948 1568; x_wconf 76' lang='lat' dir='ltr'>sapientiae,</span> <span class='ocrx_word' id='word_1_216' title='bbox 971 1526 1086 1569; x_wconf 79' lang='lat' dir='ltr'>quales</span> 
     </span>
     <span class='ocr_line' id='line_1_33' title="bbox 110 1569 1088 1612; baseline 0.001 -11"><span class='ocrx_word' id='word_1_217' title='bbox 110 1570 142 1602; x_wconf 89' lang='lat' dir='ltr'>iu</span> <span class='ocrx_word' id='word_1_218' title='bbox 165 1571 266 1601; x_wconf 86' lang='lat' dir='ltr'>rebus</span> <span class='ocrx_word' id='word_1_219' title='bbox 300 1569 441 1610; x_wconf 81' lang='lat' dir='ltr'>politicis</span> <span class='ocrx_word' id='word_1_220' title='bbox 475 1580 606 1611; x_wconf 90' lang='lat' dir='ltr'>quoque</span> <span class='ocrx_word' id='word_1_221' title='bbox 638 1570 841 1609; x_wconf 84' lang='lat' dir='ltr'>multisunt,</span> <span class='ocrx_word' id='word_1_222' title='bbox 871 1571 926 1612; x_wconf 86' lang='lat' dir='ltr'>qui</span> <span class='ocrx_word' id='word_1_223' title='bbox 951 1569 1088 1602; x_wconf 82' lang='lat' dir='ltr'>volitant</span> 
     </span>
     <span class='ocr_line' id='line_1_34' title="bbox 111 1610 1087 1654; baseline 0.001 -11"><span class='ocrx_word' id='word_1_224' title='bbox 111 1613 143 1643; x_wconf 85' lang='lat' dir='ltr'>in</span> <span class='ocrx_word' id='word_1_225' title='bbox 177 1622 264 1654; x_wconf 88' lang='lat' dir='ltr'>equo</span> <span class='ocrx_word' id='word_1_226' title='bbox 292 1610 576 1653; x_wconf 71' lang='lat' dir='ltr'>Bellerophontis:</span> <span class='ocrx_word' id='word_1_227' title='bbox 613 1612 737 1644; x_wconf 77' lang='lat' dir='ltr'>Volunt</span> <span class='ocrx_word' id='word_1_228' title='bbox 771 1615 802 1644; x_wconf 90' lang='lat' dir='ltr'>in</span> <span class='ocrx_word' id='word_1_229' title='bbox 838 1612 966 1645; x_wconf 84' lang='lat' dir='ltr'>coelum</span> <span class='ocrx_word' id='word_1_230' title='bbox 1000 1613 1087 1651; x_wconf 85' lang='lat' dir='ltr'>vehi,</span> 
     </span>
     <span class='ocr_line' id='line_1_35' title="bbox 110 1655 908 1695; baseline 0.003 -10"><span class='ocrx_word' id='word_1_231' title='bbox 110 1655 170 1687; x_wconf 79' lang='lat' dir='ltr'>sed</span> <span class='ocrx_word' id='word_1_232' title='bbox 193 1655 348 1686; x_wconf 83' lang='lat' dir='ltr'>decidunt</span> <span class='ocrx_word' id='word_1_233' title='bbox 372 1656 513 1692; x_wconf 77' lang='lat' dir='ltr'>tandem,</span> <span class='ocrx_word' id='word_1_234' title='bbox 535 1661 567 1686; x_wconf 90' lang='lat' dir='ltr'>et</span> <span class='ocrx_word' id='word_1_235' title='bbox 587 1656 763 1695; x_wconf 86' lang='lat' dir='ltr'>puniuntur</span> <span class='ocrx_word' id='word_1_236' title='bbox 784 1667 803 1687; x_wconf 88' lang='lat' dir='ltr'>a</span> <span class='ocrx_word' id='word_1_237' title='bbox 824 1655 908 1687; x_wconf 86' lang='lat' dir='ltr'>Deo.</span> 
     </span>
    </p>

    <p class='ocr_par' dir='ltr' id='par_1_5' title="bbox 107 1696 1087 2244">
     <span class='ocr_line' id='line_1_36' title="bbox 196 1696 1087 1739; baseline 0.002 -11"><span class='ocrx_word' id='word_1_238' title='bbox 196 1697 319 1730; x_wconf 80' lang='lat' dir='ltr'>Poetae</span> <span class='ocrx_word' id='word_1_239' title='bbox 355 1699 467 1730; x_wconf 83' lang='lat' dir='ltr'>dicunt</span> <span class='ocrx_word' id='word_1_240' title='bbox 495 1696 788 1739; x_wconf 85' lang='lat' dir='ltr'>Bellerophontem</span> <span class='ocrx_word' id='word_1_241' title='bbox 824 1705 955 1730; x_wconf 72' lang='lat' dir='ltr'>vectum</span> <span class='ocrx_word' id='word_1_242' title='bbox 983 1697 1087 1730; x_wconf 81' lang='lat' dir='ltr'>fuisse</span> 
     </span>
     <span class='ocr_line' id='line_1_37' title="bbox 110 1740 1087 1783; baseline 0.001 -12"><span class='ocrx_word' id='word_1_243' title='bbox 110 1752 129 1772; x_wconf 91' lang='lat' dir='ltr'>a</span> <span class='ocrx_word' id='word_1_244' title='bbox 153 1740 304 1782; x_wconf 80' lang='lat' dir='ltr'>Pegaso,</span> <span class='ocrx_word' id='word_1_245' title='bbox 339 1751 436 1782; x_wconf 89' lang='lat' dir='ltr'>quem</span> <span class='ocrx_word' id='word_1_246' title='bbox 470 1751 543 1772; x_wconf 86' lang='lat' dir='ltr'>curn</span> <span class='ocrx_word' id='word_1_247' title='bbox 571 1751 637 1772; x_wconf 90' lang='lat' dir='ltr'>non</span> <span class='ocrx_word' id='word_1_248' title='bbox 668 1747 782 1783; x_wconf 85' lang='lat' dir='ltr'>posset</span> <span class='ocrx_word' id='word_1_249' title='bbox 811 1742 963 1779; x_wconf 88' lang='lat' dir='ltr'>domare,</span> <span class='ocrx_word' id='word_1_250' title='bbox 997 1742 1087 1773; x_wconf 83' lang='lat' dir='ltr'>dedit</span> 
     </span>
     <span class='ocr_line' id='line_1_38' title="bbox 111 1782 1086 1826; baseline 0.001 -11"><span class='ocrx_word' id='word_1_251' title='bbox 111 1784 139 1815; x_wconf 93' lang='lat' dir='ltr'>ei</span> <span class='ocrx_word' id='word_1_252' title='bbox 163 1782 276 1815; x_wconf 83' lang='lat' dir='ltr'>Pallas</span> <span class='ocrx_word' id='word_1_253' title='bbox 299 1783 426 1815; x_wconf 69' lang='lat' dir='ltr'>frenum</span> <span class='ocrx_word' id='word_1_254' title='bbox 457 1794 613 1822; x_wconf 81' lang='lat' dir='ltr'>aureum,</span> <span class='ocrx_word' id='word_1_255' title='bbox 645 1785 732 1826; x_wconf 90' lang='lat' dir='ltr'>quod</span> <span class='ocrx_word' id='word_1_256' title='bbox 761 1784 927 1826; x_wconf 85' lang='lat' dir='ltr'>significat</span> <span class='ocrx_word' id='word_1_257' title='bbox 955 1785 1086 1826; x_wconf 87' lang='lat' dir='ltr'>sapien-</span> 
     </span>
     <span class='ocr_line' id='line_1_39' title="bbox 110 1825 1086 1869; baseline 0.002 -13"><span class='ocrx_word' id='word_1_258' title='bbox 110 1828 203 1865; x_wconf 86' lang='lat' dir='ltr'>tiam,</span> <span class='ocrx_word' id='word_1_259' title='bbox 237 1833 267 1858; x_wconf 90' lang='lat' dir='ltr'>et</span> <span class='ocrx_word' id='word_1_260' title='bbox 304 1828 391 1858; x_wconf 89' lang='lat' dir='ltr'>bona</span> <span class='ocrx_word' id='word_1_261' title='bbox 425 1825 573 1858; x_wconf 84' lang='lat' dir='ltr'>consilia.</span> <span class='ocrx_word' id='word_1_262' title='bbox 620 1828 760 1868; x_wconf 86' lang='lat' dir='ltr'>Oportet</span> <span class='ocrx_word' id='word_1_263' title='bbox 784 1828 869 1858; x_wconf 89' lang='lat' dir='ltr'>enim</span> <span class='ocrx_word' id='word_1_264' title='bbox 893 1827 1086 1869; x_wconf 86' lang='lat' dir='ltr'>sapientiam</span> 
     </span>
     <span class='ocr_line' id='line_1_40' title="bbox 109 1869 1085 1902; baseline 0 -1"><span class='ocrx_word' id='word_1_265' title='bbox 109 1870 317 1901; x_wconf 73' lang='lat' dir='ltr'>coniiuictam</span> <span class='ocrx_word' id='word_1_266' title='bbox 347 1879 423 1900; x_wconf 76' lang='lat' dir='ltr'>esse</span> <span class='ocrx_word' id='word_1_267' title='bbox 457 1880 530 1901; x_wconf 90' lang='lat' dir='ltr'>cum</span> <span class='ocrx_word' id='word_1_268' title='bbox 565 1871 707 1902; x_wconf 84' lang='lat' dir='ltr'>motibus</span> <span class='ocrx_word' id='word_1_269' title='bbox 735 1870 879 1902; x_wconf 87' lang='lat' dir='ltr'>heroicis</span> <span class='ocrx_word' id='word_1_270' title='bbox 902 1876 935 1902; x_wconf 89' lang='lat' dir='ltr'>et</span> <span class='ocrx_word' id='word_1_271' title='bbox 957 1869 1085 1902; x_wconf 74' lang='lat' dir='ltr'>fortitu-</span> 
     </span>
     <span class='ocr_line' id='line_1_41' title="bbox 109 1911 1087 1955; baseline 0.001 -11"><span class='ocrx_word' id='word_1_272' title='bbox 109 1913 194 1944; x_wconf 87' lang='lat' dir='ltr'>dine.</span> <span class='ocrx_word' id='word_1_273' title='bbox 231 1912 344 1944; x_wconf 77' lang='lat' dir='ltr'>Gessit</span> <span class='ocrx_word' id='word_1_274' title='bbox 367 1913 464 1954; x_wconf 79' lang='lat' dir='ltr'>igitur</span> <span class='ocrx_word' id='word_1_275' title='bbox 476 1911 700 1955; x_wconf 86' lang='lat' dir='ltr'>Bellerophon</span> <span class='ocrx_word' id='word_1_276' title='bbox 723 1923 776 1945; x_wconf 86' lang='lat' dir='ltr'>res</span> <span class='ocrx_word' id='word_1_277' title='bbox 799 1923 950 1955; x_wconf 84' lang='lat' dir='ltr'>magnas.</span> <span class='ocrx_word' id='word_1_278' title='bbox 985 1913 1087 1945; x_wconf 86' lang='lat' dir='ltr'>lnter-</span> 
     </span>
     <span class='ocr_line' id='line_1_42' title="bbox 108 1954 1085 1998; baseline 0.001 -12"><span class='ocrx_word' id='word_1_279' title='bbox 108 1954 185 1987; x_wconf 84' lang='lat' dir='ltr'>fecit</span> <span class='ocrx_word' id='word_1_280' title='bbox 209 1955 440 1998; x_wconf 79' lang='lat' dir='ltr'>Chymaeram,</span> <span class='ocrx_word' id='word_1_281' title='bbox 465 1957 624 1996; x_wconf 78' lang='lat' dir='ltr'>repressit</span> <span class='ocrx_word' id='word_1_282' title='bbox 649 1963 810 1998; x_wconf 83' lang='lat' dir='ltr'>tyrannos</span> <span class='ocrx_word' id='word_1_283' title='bbox 832 1963 865 1988; x_wconf 88' lang='lat' dir='ltr'>et</span> <span class='ocrx_word' id='word_1_284' title='bbox 888 1957 1085 1988; x_wconf 84' lang='lat' dir='ltr'>seditiosos:</span> 
     </span>
     <span class='ocr_line' id='line_1_43' title="bbox 110 1997 1085 2040; baseline 0.001 -11"><span class='ocrx_word' id='word_1_285' title='bbox 110 1998 176 2029; x_wconf 88' lang='lat' dir='ltr'>Sed</span> <span class='ocrx_word' id='word_1_286' title='bbox 198 2006 317 2040; x_wconf 79' lang='lat' dir='ltr'>postea</span> <span class='ocrx_word' id='word_1_287' title='bbox 341 1997 450 2030; x_wconf 81' lang='lat' dir='ltr'>factus</span> <span class='ocrx_word' id='word_1_288' title='bbox 475 2005 525 2029; x_wconf 90' lang='lat' dir='ltr'>est</span> <span class='ocrx_word' id='word_1_289' title='bbox 545 1997 704 2038; x_wconf 83' lang='lat' dir='ltr'>insolens,</span> <span class='ocrx_word' id='word_1_290' title='bbox 723 1998 836 2030; x_wconf 88' lang='lat' dir='ltr'>Voluit</span> <span class='ocrx_word' id='word_1_291' title='bbox 856 1999 931 2031; x_wconf 87' lang='lat' dir='ltr'>vehi</span> <span class='ocrx_word' id='word_1_292' title='bbox 955 2000 986 2030; x_wconf 94' lang='lat' dir='ltr'>in</span> <span class='ocrx_word' id='word_1_293' title='bbox 1011 2009 1085 2031; x_wconf 90' lang='lat' dir='ltr'>coe-</span> 
     </span>
     <span class='ocr_line' id='line_1_44' title="bbox 108 2039 1085 2083; baseline 0.001 -11"><span class='ocrx_word' id='word_1_294' title='bbox 108 2039 186 2079; x_wconf 91' lang='lat' dir='ltr'>lum,</span> <span class='ocrx_word' id='word_1_295' title='bbox 210 2047 245 2072; x_wconf 90' lang='lat' dir='ltr'>ut</span> <span class='ocrx_word' id='word_1_296' title='bbox 269 2048 490 2083; x_wconf 77' lang='lat' dir='ltr'>cognosceret</span> <span class='ocrx_word' id='word_1_297' title='bbox 520 2041 656 2074; x_wconf 84' lang='lat' dir='ltr'>consilia</span> <span class='ocrx_word' id='word_1_298' title='bbox 686 2042 790 2081; x_wconf 89' lang='lat' dir='ltr'>lovis,</span> <span class='ocrx_word' id='word_1_299' title='bbox 825 2041 891 2073; x_wconf 79' lang='lat' dir='ltr'>hoc</span> <span class='ocrx_word' id='word_1_300' title='bbox 913 2048 982 2078; x_wconf 81' lang='lat' dir='ltr'>est,</span> <span class='ocrx_word' id='word_1_301' title='bbox 1016 2049 1085 2074; x_wconf 88' lang='lat' dir='ltr'>ten-</span> 
     </span>
     <span class='ocr_line' id='line_1_45' title="bbox 109 2083 1086 2127; baseline 0.002 -13"><span class='ocrx_word' id='word_1_302' title='bbox 109 2084 187 2115; x_wconf 81' lang='lat' dir='ltr'>tavit</span> <span class='ocrx_word' id='word_1_303' title='bbox 204 2083 324 2122; x_wconf 91' lang='lat' dir='ltr'>Deum,</span> <span class='ocrx_word' id='word_1_304' title='bbox 348 2085 495 2125; x_wconf 78' lang='lat' dir='ltr'>suscepit</span> <span class='ocrx_word' id='word_1_305' title='bbox 520 2095 586 2115; x_wconf 88' lang='lat' dir='ltr'>uon</span> <span class='ocrx_word' id='word_1_306' title='bbox 609 2086 773 2117; x_wconf 86' lang='lat' dir='ltr'>mandata.</span> <span class='ocrx_word' id='word_1_307' title='bbox 823 2085 900 2117; x_wconf 87' lang='lat' dir='ltr'>ldeo</span> <span class='ocrx_word' id='word_1_308' title='bbox 925 2086 1086 2127; x_wconf 79' lang='lat' dir='ltr'>praecipi-</span> 
     </span>
     <span class='ocr_line' id='line_1_46' title="bbox 108 2127 1084 2170; baseline 0.003 -14"><span class='ocrx_word' id='word_1_309' title='bbox 108 2133 195 2157; x_wconf 87' lang='lat' dir='ltr'>tatus</span> <span class='ocrx_word' id='word_1_310' title='bbox 219 2133 269 2157; x_wconf 89' lang='lat' dir='ltr'>est</span> <span class='ocrx_word' id='word_1_311' title='bbox 293 2134 404 2158; x_wconf 81' lang='lat' dir='ltr'>aestro</span> <span class='ocrx_word' id='word_1_312' title='bbox 435 2137 454 2158; x_wconf 86' lang='lat' dir='ltr'>a</span> <span class='ocrx_word' id='word_1_313' title='bbox 478 2127 554 2158; x_wconf 82' lang='lat' dir='ltr'>love</span> <span class='ocrx_word' id='word_1_314' title='bbox 582 2128 728 2160; x_wconf 85' lang='lat' dir='ltr'>immisso</span> <span class='ocrx_word' id='word_1_315' title='bbox 758 2129 790 2160; x_wconf 92' lang='lat' dir='ltr'>in</span> <span class='ocrx_word' id='word_1_316' title='bbox 815 2128 990 2170; x_wconf 79' lang='lat' dir='ltr'>Pegasum.</span> <span class='ocrx_word' id='word_1_317' title='bbox 1035 2128 1084 2159; x_wconf 71' lang='lat' dir='ltr'>Ex</span> 
     </span>
     <span class='ocr_line' id='line_1_47' title="bbox 108 2167 1085 2213; baseline 0.003 -13"><span class='ocrx_word' id='word_1_318' title='bbox 108 2179 148 2201; x_wconf 91' lang='lat' dir='ltr'>eo</span> <span class='ocrx_word' id='word_1_319' title='bbox 172 2179 252 2201; x_wconf 85' lang='lat' dir='ltr'>casu</span> <span class='ocrx_word' id='word_1_320' title='bbox 276 2167 392 2200; x_wconf 81' lang='lat' dir='ltr'>allisus</span> <span class='ocrx_word' id='word_1_321' title='bbox 416 2176 534 2207; x_wconf 77' lang='lat' dir='ltr'>terrae,</span> <span class='ocrx_word' id='word_1_322' title='bbox 558 2168 655 2213; x_wconf 75' lang='lat' dir='ltr'>fregit</span> <span class='ocrx_word' id='word_1_323' title='bbox 679 2182 768 2210; x_wconf 75' lang='lat' dir='ltr'>cruS,</span> <span class='ocrx_word' id='word_1_324' title='bbox 795 2178 828 2203; x_wconf 86' lang='lat' dir='ltr'>et</span> <span class='ocrx_word' id='word_1_325' title='bbox 847 2170 964 2203; x_wconf 88' lang='lat' dir='ltr'>dolore</span> <span class='ocrx_word' id='word_1_326' title='bbox 987 2172 1085 2203; x_wconf 86' lang='lat' dir='ltr'>animi</span> 
     </span>
     <span class='ocr_line' id='line_1_48' title="bbox 107 2213 512 2244; baseline 0.002 -1"><span class='ocrx_word' id='word_1_327' title='bbox 107 2213 239 2243; x_wconf 84' lang='lat' dir='ltr'>tandem</span> <span class='ocrx_word' id='word_1_328' title='bbox 261 2213 427 2243; x_wconf 66' lang='lat' dir='ltr'>extinctus</span> <span class='ocrx_word' id='word_1_329' title='bbox 452 2219 512 2244; x_wconf 86' lang='lat' dir='ltr'>est.</span> 
     </span>
    </p>

    <p class='ocr_par' dir='ltr' id='par_1_6' title="bbox 106 2253 1083 2384">
     <span class='ocr_line' id='line_1_49' title="bbox 192 2253 1083 2295; baseline 0.002 -9"><span class='ocrx_word' id='word_1_330' title='bbox 192 2254 276 2286; x_wconf 83' lang='lat' dir='ltr'>Huic.</span> <span class='ocrx_word' id='word_1_331' title='bbox 304 2253 557 2295; x_wconf 82' lang='lat' dir='ltr'>Bellerophonti</span> <span class='ocrx_word' id='word_1_332' title='bbox 585 2255 709 2288; x_wconf 86' lang='lat' dir='ltr'>similes</span> <span class='ocrx_word' id='word_1_333' title='bbox 739 2265 813 2288; x_wconf 83' lang='lat' dir='ltr'>sunt</span> <span class='ocrx_word' id='word_1_334' title='bbox 842 2256 952 2295; x_wconf 91' lang='lat' dir='ltr'>multi,</span> <span class='ocrx_word' id='word_1_335' title='bbox 988 2258 1083 2289; x_wconf 88' lang='lat' dir='ltr'>etiam</span> 
     </span>
     <span class='ocr_line' id='line_1_50' title="bbox 106 2296 1081 2341; baseline 0.001 -12"><span class='ocrx_word' id='word_1_336' title='bbox 106 2299 139 2329; x_wconf 87' lang='lat' dir='ltr'>in</span> <span class='ocrx_word' id='word_1_337' title='bbox 160 2296 331 2336; x_wconf 83' lang='lat' dir='ltr'>Ecclesia,</span> <span class='ocrx_word' id='word_1_338' title='bbox 363 2299 419 2339; x_wconf 92' lang='lat' dir='ltr'>qui</span> <span class='ocrx_word' id='word_1_339' title='bbox 441 2298 568 2340; x_wconf 79' lang='lat' dir='ltr'>fingunt</span> <span class='ocrx_word' id='word_1_340' title='bbox 590 2299 744 2341; x_wconf 81' lang='lat' dir='ltr'>dogmata</span> <span class='ocrx_word' id='word_1_341' title='bbox 772 2301 989 2332; x_wconf 79' lang='lat' dir='ltr'>admiratione</span> <span class='ocrx_word' id='word_1_342' title='bbox 1019 2301 1081 2338; x_wconf 84' lang='lat' dir='ltr'>sui,</span> 
     </span>
     <span class='ocr_line' id='line_1_51' title="bbox 106 2339 1082 2384; baseline 0.002 -12"><span class='ocrx_word' id='word_1_343' title='bbox 106 2340 205 2373; x_wconf 83' lang='lat' dir='ltr'>inflati</span> <span class='ocrx_word' id='word_1_344' title='bbox 230 2348 260 2372; x_wconf 83' lang='lat' dir='ltr'>ct</span> <span class='ocrx_word' id='word_1_345' title='bbox 285 2339 360 2372; x_wconf 85' lang='lat' dir='ltr'>elati</span> <span class='ocrx_word' id='word_1_346' title='bbox 384 2342 601 2383; x_wconf 47' lang='lat' dir='ltr'>persuasione</span> <span class='ocrx_word' id='word_1_347' title='bbox 624 2343 802 2384; x_wconf 87' lang='lat' dir='ltr'>sapientiae</span> <span class='ocrx_word' id='word_1_348' title='bbox 824 2353 905 2384; x_wconf 72' lang='lat' dir='ltr'>prae</span> <span class='ocrx_word' id='word_1_349' title='bbox 929 2343 1082 2375; x_wconf 80' lang='lat' dir='ltr'>caeteris.</span> 
     </span>
    </p>
   </div>
   <div class='ocr_carea' id='block_1_3' title="bbox 106 2382 1109 2428">
    <p class='ocr_par' dir='ltr' id='par_1_7' title="bbox 106 2382 1109 2428">
     <span class='ocr_line' id='line_1_52' title="bbox 106 2382 1109 2428; baseline 0.003 -14"><span class='ocrx_word' id='word_1_350' title='bbox 106 2382 145 2414; x_wconf 88' lang='lat' dir='ltr'>Et</span> <span class='ocrx_word' id='word_1_351' title='bbox 180 2384 292 2414; x_wconf 87' lang='lat' dir='ltr'>moniti</span> <span class='ocrx_word' id='word_1_352' title='bbox 328 2385 368 2415; x_wconf 88' lang='lat' dir='ltr'>de</span> <span class='ocrx_word' id='word_1_353' title='bbox 399 2384 468 2415; x_wconf 71' lang='lat' dir='ltr'>suis</span> <span class='ocrx_word' id='word_1_354' title='bbox 499 2385 667 2416; x_wconf 87' lang='lat' dir='ltr'>erroribus</span> <span class='ocrx_word' id='word_1_355' title='bbox 696 2387 907 2426; x_wconf 75' lang='lat' dir='ltr'>pertinaciter</span> <span class='ocrx_word' id='word_1_356' title='bbox 941 2393 1081 2428; x_wconf 85' lang='lat' dir='ltr'>pergunt</span> <span class='ocrx_word' id='word_1_357' title='bbox 1106 2407 1109 2416; x_wconf 87' lang='lat'>.</span> 
     </span>
    </p>
   </div>
   <div class='ocr_carea' id='block_1_4' title="bbox 104 2425 1082 2554">
    <p class='ocr_par' dir='ltr' id='par_1_8' title="bbox 104 2425 1082 2554">
     <span class='ocr_line' id='line_1_53' title="bbox 106 2425 1082 2467; baseline 0.001 -9"><span class='ocrx_word' id='word_1_358' title='bbox 106 2427 238 2459; x_wconf 82' lang='lat' dir='ltr'>turbare</span> <span class='ocrx_word' id='word_1_359' title='bbox 260 2426 454 2458; x_wconf 84' lang='lat' dir='ltr'>Ecclesiam.</span> <span class='ocrx_word' id='word_1_360' title='bbox 509 2425 609 2458; x_wconf 79' lang='lat' dir='ltr'>&#39;sales</span> <span class='ocrx_word' id='word_1_361' title='bbox 642 2438 710 2459; x_wconf 90' lang='lat' dir='ltr'>non</span> <span class='ocrx_word' id='word_1_362' title='bbox 742 2437 818 2460; x_wconf 85' lang='lat' dir='ltr'>sunt</span> <span class='ocrx_word' id='word_1_363' title='bbox 852 2429 988 2467; x_wconf 77' lang='lat' dir='ltr'>infirmi,</span> <span class='ocrx_word' id='word_1_364' title='bbox 1022 2429 1082 2460; x_wconf 88' lang='lat' dir='ltr'>sed</span> 
     </span>
     <span class='ocr_line' id='line_1_54' title="bbox 105 2469 1080 2512; baseline 0.004 -12"><span class='ocrx_word' id='word_1_365' title='bbox 105 2469 314 2510; x_wconf 86' lang='lat' dir='ltr'>pertinaces:</span> <span class='ocrx_word' id='word_1_366' title='bbox 359 2470 414 2512; x_wconf 87' lang='lat' dir='ltr'>qui</span> <span class='ocrx_word' id='word_1_367' title='bbox 443 2478 586 2511; x_wconf 81' lang='lat' dir='ltr'>aguntur</span> <span class='ocrx_word' id='word_1_368' title='bbox 613 2481 633 2501; x_wconf 89' lang='lat' dir='ltr'>a</span> <span class='ocrx_word' id='word_1_369' title='bbox 667 2469 834 2510; x_wconf 81' lang='lat' dir='ltr'>Diabolo,</span> <span class='ocrx_word' id='word_1_370' title='bbox 880 2479 912 2503; x_wconf 91' lang='lat' dir='ltr'>et</span> <span class='ocrx_word' id='word_1_371' title='bbox 951 2473 1080 2504; x_wconf 82' lang='lat' dir='ltr'>tandem</span> 
     </span>
     <span class='ocr_line' id='line_1_55' title="bbox 104 2513 508 2554; baseline 0.002 -11"><span class='ocrx_word' id='word_1_372' title='bbox 104 2513 246 2544; x_wconf 84' lang='lat' dir='ltr'>sentient</span> <span class='ocrx_word' id='word_1_373' title='bbox 268 2523 395 2554; x_wconf 83' lang='lat' dir='ltr'>poenas</span> <span class='ocrx_word' id='word_1_374' title='bbox 418 2523 508 2544; x_wconf 82' lang='lat' dir='ltr'>suas.</span> 
     </span>
    </p>
   </div>
   <div class='ocr_carea' id='block_1_5' title="bbox 189 2554 1108 2600">
    <p class='ocr_par' dir='ltr' id='par_1_9' title="bbox 189 2554 1108 2600">
     <span class='ocr_line' id='line_1_56' title="bbox 189 2554 1108 2600; baseline 0.003 -14"><span class='ocrx_word' id='word_1_375' title='bbox 189 2555 365 2587; x_wconf 84' lang='lat' dir='ltr'>Secundus</span> <span class='ocrx_word' id='word_1_376' title='bbox 389 2556 485 2588; x_wconf 89' lang='lat' dir='ltr'>locus</span> <span class='ocrx_word' id='word_1_377' title='bbox 507 2564 570 2594; x_wconf 82' lang='lat' dir='ltr'>est,</span> <span class='ocrx_word' id='word_1_378' title='bbox 595 2556 636 2586; x_wconf 90' lang='lat' dir='ltr'>de</span> <span class='ocrx_word' id='word_1_379' title='bbox 648 2554 868 2596; x_wconf 64' lang='lat' dir='ltr'>T&#39;estinioriiis,</span> <span class='ocrx_word' id='word_1_380' title='bbox 890 2568 975 2600; x_wconf 84' lang='lat' dir='ltr'>quae</span> <span class='ocrx_word' id='word_1_381' title='bbox 988 2557 1081 2590; x_wconf 83' lang='lat' dir='ltr'>Chri·</span> <span class='ocrx_word' id='word_1_382' title='bbox 1106 2577 1108 2598; x_wconf 67' lang='lat'><em>1</em></span> 
     </span>
    </p>
   </div>
   <div class='ocr_carea' id='block_1_6' title="bbox 103 2597 1080 2641">
    <p class='ocr_par' dir='ltr' id='par_1_10' title="bbox 103 2597 1080 2641">
     <span class='ocr_line' id='line_1_57' title="bbox 103 2597 1080 2641; baseline 0.005 -14"><span class='ocrx_word' id='word_1_383' title='bbox 103 2605 174 2630; x_wconf 80' lang='lat' dir='ltr'>stus</span> <span class='ocrx_word' id='word_1_384' title='bbox 198 2599 229 2629; x_wconf 89' lang='lat' dir='ltr'>in</span> <span class='ocrx_word' id='word_1_385' title='bbox 254 2600 472 2640; x_wconf 81' lang='lat' dir='ltr'>responsione</span> <span class='ocrx_word' id='word_1_386' title='bbox 495 2609 555 2632; x_wconf 87' lang='lat' dir='ltr'>sua</span> <span class='ocrx_word' id='word_1_387' title='bbox 578 2597 713 2641; x_wconf 87' lang='lat' dir='ltr'>allegat,</span> <span class='ocrx_word' id='word_1_388' title='bbox 737 2606 769 2631; x_wconf 91' lang='lat' dir='ltr'>ut</span> <span class='ocrx_word' id='word_1_389' title='bbox 789 2599 959 2633; x_wconf 86' lang='lat' dir='ltr'>confirmet</span> <span class='ocrx_word' id='word_1_390' title='bbox 983 2601 1080 2633; x_wconf 89' lang='lat' dir='ltr'>disci-</span> 
     </span>
    </p>
   </div>
   <div class='ocr_carea' id='block_1_7' title="bbox 793 149 1428 183">
    <p class='ocr_par' dir='ltr' id='par_1_11' title="bbox 793 149 1428 183">
     <span class='ocr_line' id='line_1_58' title="bbox 793 149 1428 183; baseline 0.002 -2"><span class='ocrx_word' id='word_1_391' title='bbox 793 149 1010 182; x_wconf 80' lang='lat' dir='ltr'>POSTlLLA</span> <span class='ocrx_word' id='word_1_392' title='bbox 1031 149 1428 183; x_wconf 74' lang='lat' dir='ltr'>MELANTHONJANA.</span> 
     </span>
    </p>
   </div>
   <div class='ocr_carea' id='block_1_8' title="bbox 2073 156 2117 188">
    <p class='ocr_par' dir='ltr' id='par_1_12' title="bbox 2073 156 2117 188">
     <span class='ocr_line' id='line_1_59' title="bbox 2073 156 2117 188; baseline 0 0"><span class='ocrx_word' id='word_1_393' title='bbox 2073 156 2117 188; x_wconf 78' lang='lat'>46</span> 
     </span>
    </p>
   </div>
   <div class='ocr_carea' id='block_1_9' title="bbox 1134 244 2114 500">
    <p class='ocr_par' dir='ltr' id='par_1_13' title="bbox 1134 244 2114 500">
     <span class='ocr_line' id='line_1_60' title="bbox 1134 244 2114 287; baseline 0.004 -12"><span class='ocrx_word' id='word_1_394' title='bbox 1134 244 1232 286; x_wconf 87' lang='lat' dir='ltr'>pulos</span> <span class='ocrx_word' id='word_1_395' title='bbox 1254 244 1400 276; x_wconf 81' lang='lat' dir='ltr'>loannis:</span> <span class='ocrx_word' id='word_1_396' title='bbox 1435 251 1466 276; x_wconf 90' lang='lat' dir='ltr'>et</span> <span class='ocrx_word' id='word_1_397' title='bbox 1502 247 1590 287; x_wconf 89' lang='lat' dir='ltr'>quod</span> <span class='ocrx_word' id='word_1_398' title='bbox 1625 246 1789 278; x_wconf 77' lang='lat' dir='ltr'>exhibitus</span> <span class='ocrx_word' id='word_1_399' title='bbox 1821 247 1861 278; x_wconf 91' lang='lat' dir='ltr'>sit</span> <span class='ocrx_word' id='word_1_400' title='bbox 1886 247 2048 286; x_wconf 84' lang='lat' dir='ltr'>Messias,</span> <span class='ocrx_word' id='word_1_401' title='bbox 2083 256 2114 280; x_wconf 89' lang='lat' dir='ltr'>et</span> 
     </span>
     <span class='ocr_line' id='line_1_61' title="bbox 1135 285 2113 332; baseline 0.005 -15"><span class='ocrx_word' id='word_1_402' title='bbox 1135 287 1223 328; x_wconf 82' lang='lat' dir='ltr'>quod</span> <span class='ocrx_word' id='word_1_403' title='bbox 1247 287 1254 317; x_wconf 91' lang='lat' dir='ltr'>i</span> <span class='ocrx_word' id='word_1_404' title='bbox 1280 297 1317 318; x_wconf 88' lang='lat' dir='ltr'>se</span> <span class='ocrx_word' id='word_1_405' title='bbox 1340 288 1382 318; x_wconf 91' lang='lat' dir='ltr'>sit</span> <span class='ocrx_word' id='word_1_406' title='bbox 1405 285 1472 326; x_wconf 91' lang='lat' dir='ltr'>ille,</span> <span class='ocrx_word' id='word_1_407' title='bbox 1497 288 1538 319; x_wconf 90' lang='lat' dir='ltr'>de</span> <span class='ocrx_word' id='word_1_408' title='bbox 1561 299 1626 330; x_wconf 89' lang='lat' dir='ltr'>quo</span> <span class='ocrx_word' id='word_1_409' title='bbox 1651 290 1888 330; x_wconf 83' lang='lat' dir='ltr'>promissiones</span> <span class='ocrx_word' id='word_1_410' title='bbox 1908 290 2045 321; x_wconf 80' lang='lat' dir='ltr'>traditae</span> <span class='ocrx_word' id='word_1_411' title='bbox 2057 301 2113 332; x_wconf 87' lang='lat' dir='ltr'>pa·</span> 
     </span>
     <span class='ocr_line' id='line_1_62' title="bbox 1135 330 2114 372; baseline 0.004 -12"><span class='ocrx_word' id='word_1_412' title='bbox 1135 330 1240 364; x_wconf 87' lang='lat' dir='ltr'>tribus</span> <span class='ocrx_word' id='word_1_413' title='bbox 1276 336 1455 372; x_wconf 87' lang='lat' dir='ltr'>oquuntur:</span> <span class='ocrx_word' id='word_1_414' title='bbox 1481 337 1513 361; x_wconf 90' lang='lat' dir='ltr'>et</span> <span class='ocrx_word' id='word_1_415' title='bbox 1537 332 1626 372; x_wconf 83' lang='lat' dir='ltr'>quod</span> <span class='ocrx_word' id='word_1_416' title='bbox 1648 342 1714 363; x_wconf 89' lang='lat' dir='ltr'>non</span> <span class='ocrx_word' id='word_1_417' title='bbox 1737 332 1779 363; x_wconf 90' lang='lat' dir='ltr'>sit</span> <span class='ocrx_word' id='word_1_418' title='bbox 1804 331 1889 364; x_wconf 84' lang='lat' dir='ltr'>alius</span> <span class='ocrx_word' id='word_1_419' title='bbox 1902 332 2045 364; x_wconf 84' lang='lat' dir='ltr'>Messias</span> <span class='ocrx_word' id='word_1_420' title='bbox 2058 343 2114 364; x_wconf 78' lang='lat' dir='ltr'>ex—</span> 
     </span>
     <span class='ocr_line' id='line_1_63' title="bbox 1136 371 2114 414; baseline 0.003 -11"><span class='ocrx_word' id='word_1_421' title='bbox 1136 373 1330 414; x_wconf 77' lang='lat' dir='ltr'>pectandus·</span> <span class='ocrx_word' id='word_1_422' title='bbox 1362 371 1447 404; x_wconf 81' lang='lat' dir='ltr'>Citat</span> <span class='ocrx_word' id='word_1_423' title='bbox 1470 379 1578 405; x_wconf 88' lang='lat' dir='ltr'>autem</span> <span class='ocrx_word' id='word_1_424' title='bbox 1602 375 1789 406; x_wconf 89' lang='lat' dir='ltr'>testimonia</span> <span class='ocrx_word' id='word_1_425' title='bbox 1812 375 1921 406; x_wconf 83' lang='lat' dir='ltr'>divina</span> <span class='ocrx_word' id='word_1_426' title='bbox 1942 375 2114 414; x_wconf 78' lang='lat' dir='ltr'>eiusmodi,</span> 
     </span>
     <span class='ocr_line' id='line_1_64' title="bbox 1136 415 2113 459; baseline 0.004 -13"><span class='ocrx_word' id='word_1_427' title='bbox 1136 424 1222 457; x_wconf 84' lang='lat' dir='ltr'>quae</span> <span class='ocrx_word' id='word_1_428' title='bbox 1244 415 1412 456; x_wconf 83' lang='lat' dir='ltr'>praedicta</span> <span class='ocrx_word' id='word_1_429' title='bbox 1435 423 1531 447; x_wconf 87' lang='lat' dir='ltr'>antea</span> <span class='ocrx_word' id='word_1_430' title='bbox 1555 423 1649 448; x_wconf 81' lang='lat' dir='ltr'>erant</span> <span class='ocrx_word' id='word_1_431' title='bbox 1673 418 1704 447; x_wconf 91' lang='lat' dir='ltr'>in</span> <span class='ocrx_word' id='word_1_432' title='bbox 1723 417 1904 459; x_wconf 87' lang='lat' dir='ltr'>prophetis.</span> <span class='ocrx_word' id='word_1_433' title='bbox 1930 418 2013 449; x_wconf 85' lang='lat' dir='ltr'>Nam</span> <span class='ocrx_word' id='word_1_434' title='bbox 2026 417 2113 450; x_wconf 92' lang='lat' dir='ltr'>hunc</span> 
     </span>
     <span class='ocr_line' id='line_1_65' title="bbox 1136 457 1754 500; baseline 0.003 -11"><span class='ocrx_word' id='word_1_435' title='bbox 1136 457 1366 500; x_wconf 75' lang='lat' dir='ltr'>syllogismum</span> <span class='ocrx_word' id='word_1_436' title='bbox 1390 459 1439 489; x_wconf 90' lang='lat' dir='ltr'>eis</span> <span class='ocrx_word' id='word_1_437' title='bbox 1462 457 1531 491; x_wconf 81' lang='lat' dir='ltr'>vult</span> <span class='ocrx_word' id='word_1_438' title='bbox 1553 469 1754 500; x_wconf 83' lang='lat' dir='ltr'>proponere:</span> 
     </span>
    </p>
   </div>
   <div class='ocr_carea' id='block_1_10' title="bbox 1179 544 2117 798">
    <p class='ocr_par' dir='ltr' id='par_1_14' title="bbox 1179 544 2117 670">
     <span class='ocr_line' id='line_1_66' title="bbox 1179 544 2117 586; baseline 0.003 -11"><span class='ocrx_word' id='word_1_439' title='bbox 1179 544 1383 576; x_wconf 78' lang='lat' dir='ltr'>Praedictum</span> <span class='ocrx_word' id='word_1_440' title='bbox 1406 549 1467 583; x_wconf 81' lang='lat' dir='ltr'>est,</span> <span class='ocrx_word' id='word_1_441' title='bbox 1503 546 1632 584; x_wconf 79' lang='lat' dir='ltr'>quando</span> <span class='ocrx_word' id='word_1_442' title='bbox 1654 546 1790 577; x_wconf 74' lang='lat' dir='ltr'>Messias</span> <span class='ocrx_word' id='word_1_443' title='bbox 1815 550 1950 586; x_wconf 62' lang='lat' dir='ltr'>tenerit,</span> <span class='ocrx_word' id='word_1_444' title='bbox 1982 549 2058 586; x_wconf 78' lang='lat' dir='ltr'>fore</span> <span class='ocrx_word' id='word_1_445' title='bbox 2081 552 2117 578; x_wconf 81' lang='lat' dir='ltr'>ut</span> 
     </span>
     <span class='ocr_line' id='line_1_67' title="bbox 1222 587 2113 627; baseline 0.004 -9"><span class='ocrx_word' id='word_1_446' title='bbox 1222 587 1338 618; x_wconf 70' lang='lat' dir='ltr'>talibus</span> <span class='ocrx_word' id='word_1_447' title='bbox 1371 589 1537 619; x_wconf 70' lang='lat' dir='ltr'>miraczdis</span> <span class='ocrx_word' id='word_1_448' title='bbox 1569 592 1719 619; x_wconf 82' lang='lat' dir='ltr'>ornetur:</span> <span class='ocrx_word' id='word_1_449' title='bbox 1761 589 1869 619; x_wconf 71' lang='lat' dir='ltr'>claudi</span> <span class='ocrx_word' id='word_1_450' title='bbox 1900 590 2113 627; x_wconf 79' lang='lat' dir='ltr'>ambulabunt,</span> 
     </span>
     <span class='ocr_line' id='line_1_68' title="bbox 1223 629 1907 670; baseline 0.004 -10"><span class='ocrx_word' id='word_1_451' title='bbox 1223 629 1310 661; x_wconf 77' lang='lat' dir='ltr'>coeci</span> <span class='ocrx_word' id='word_1_452' title='bbox 1331 631 1487 664; x_wconf 57' lang='lat' dir='ltr'>valebunt,</span> <span class='ocrx_word' id='word_1_453' title='bbox 1511 631 1631 662; x_wconf 80' lang='lat' dir='ltr'>mortui</span> <span class='ocrx_word' id='word_1_454' title='bbox 1651 635 1827 670; x_wconf 60' lang='lat' dir='ltr'>resument,</span> <span class='ocrx_word' id='word_1_455' title='bbox 1851 636 1907 663; x_wconf 81' lang='lat' dir='ltr'>etc-</span> 
     </span>
    </p>

    <p class='ocr_par' dir='ltr' id='par_1_15' title="bbox 1189 673 2115 747">
     <span class='ocr_line' id='line_1_69' title="bbox 1189 673 2115 706; baseline 0.003 -3"><span class='ocrx_word' id='word_1_456' title='bbox 1189 673 1302 704; x_wconf 74' lang='lat' dir='ltr'>l&#39;idelz&#39;s</span> <span class='ocrx_word' id='word_1_457' title='bbox 1325 677 1431 704; x_wconf 77' lang='lat' dir='ltr'>autem</span> <span class='ocrx_word' id='word_1_458' title='bbox 1454 674 1557 705; x_wconf 84' lang='lat' dir='ltr'>Deum</span> <span class='ocrx_word' id='word_1_459' title='bbox 1580 675 1673 704; x_wconf 75' lang='lat' dir='ltr'>Meae</span> <span class='ocrx_word' id='word_1_460' title='bbox 1696 674 1852 705; x_wconf 74' lang='lat' dir='ltr'>voc-alloni</span> <span class='ocrx_word' id='word_1_461' title='bbox 1873 675 1953 705; x_wconf 74' lang='lat' dir='ltr'>(lare</span> <span class='ocrx_word' id='word_1_462' title='bbox 1971 677 2048 706; x_wconf 82' lang='lat' dir='ltr'>talia</span> <span class='ocrx_word' id='word_1_463' title='bbox 2071 679 2115 706; x_wconf 80' lang='lat' dir='ltr'>te-</span> 
     </span>
     <span class='ocr_line' id='line_1_70' title="bbox 1221 718 1378 747; baseline 0 -1"><span class='ocrx_word' id='word_1_464' title='bbox 1221 718 1378 747; x_wconf 74' lang='lat' dir='ltr'>stimonia.</span> 
     </span>
    </p>

    <p class='ocr_par' dir='ltr' id='par_1_16' title="bbox 1179 758 2039 798">
     <span class='ocr_line' id='line_1_71' title="bbox 1179 758 2039 798; baseline 0 -9"><span class='ocrx_word' id='word_1_465' title='bbox 1179 758 1264 797; x_wconf 69' lang='lat' dir='ltr'>Erao</span> <span class='ocrx_word' id='word_1_466' title='bbox 1286 761 1399 790; x_wconf 68' lang='lat' dir='ltr'>sciam·</span> <span class='ocrx_word' id='word_1_467' title='bbox 1420 759 1505 789; x_wconf 76' lang='lat' dir='ltr'>lzunc</span> <span class='ocrx_word' id='word_1_468' title='bbox 1527 768 1599 790; x_wconf 78' lang='lat' dir='ltr'>esse</span> <span class='ocrx_word' id='word_1_469' title='bbox 1621 760 1781 798; x_wconf 74' lang='lat' dir='ltr'>Messium,</span> <span class='ocrx_word' id='word_1_470' title='bbox 1804 768 1895 798; x_wconf 81' lang='lat' dir='ltr'>quem</span> <span class='ocrx_word' id='word_1_471' title='bbox 1919 759 2039 790; x_wconf 63' lang='lat' dir='ltr'>ridetis.</span> 
     </span>
    </p>
   </div>
   <div class='ocr_carea' id='block_1_11' title="bbox 1106 841 2121 2542">
    <p class='ocr_par' dir='ltr' id='par_1_17' title="bbox 1136 841 2117 1142">
     <span class='ocr_line' id='line_1_72' title="bbox 1223 841 2114 884; baseline 0.001 -11"><span class='ocrx_word' id='word_1_472' title='bbox 1223 841 1284 874; x_wconf 86' lang='lat' dir='ltr'>Hic</span> <span class='ocrx_word' id='word_1_473' title='bbox 1309 848 1475 884; x_wconf 86' lang='lat' dir='ltr'>repetatur</span> <span class='ocrx_word' id='word_1_474' title='bbox 1495 844 1676 874; x_wconf 79' lang='lat' dir='ltr'>communis</span> <span class='ocrx_word' id='word_1_475' title='bbox 1701 843 1850 874; x_wconf 83' lang='lat' dir='ltr'>doctrina</span> <span class='ocrx_word' id='word_1_476' title='bbox 1874 844 1915 875; x_wconf 90' lang='lat' dir='ltr'>de</span> <span class='ocrx_word' id='word_1_477' title='bbox 1938 841 2114 874; x_wconf 87' lang='lat' dir='ltr'>miraculis.</span> 
     </span>
     <span class='ocr_line' id='line_1_73' title="bbox 1137 883 2116 927; baseline 0.003 -12"><span class='ocrx_word' id='word_1_478' title='bbox 1137 883 1215 916; x_wconf 76' lang='lat' dir='ltr'>Vult</span> <span class='ocrx_word' id='word_1_479' title='bbox 1239 884 1333 917; x_wconf 87' lang='lat' dir='ltr'>Deus</span> <span class='ocrx_word' id='word_1_480' title='bbox 1356 886 1494 927; x_wconf 76' lang='lat' dir='ltr'>agnosci</span> <span class='ocrx_word' id='word_1_481' title='bbox 1518 885 1550 916; x_wconf 90' lang='lat' dir='ltr'>in</span> <span class='ocrx_word' id='word_1_482' title='bbox 1573 886 1741 927; x_wconf 86' lang='lat' dir='ltr'>operibus,</span> <span class='ocrx_word' id='word_1_483' title='bbox 1766 897 1830 918; x_wconf 90' lang='lat' dir='ltr'>non</span> <span class='ocrx_word' id='word_1_484' title='bbox 1849 892 1973 917; x_wconf 88' lang='lat' dir='ltr'>tantum</span> <span class='ocrx_word' id='word_1_485' title='bbox 1986 886 2116 918; x_wconf 82' lang='lat' dir='ltr'>ordina-</span> 
     </span>
     <span class='ocr_line' id='line_1_74' title="bbox 1137 927 2117 970; baseline 0.002 -12"><span class='ocrx_word' id='word_1_486' title='bbox 1137 927 1206 966; x_wconf 90' lang='lat' dir='ltr'>riis,</span> <span class='ocrx_word' id='word_1_487' title='bbox 1239 928 1298 959; x_wconf 91' lang='lat' dir='ltr'>sed</span> <span class='ocrx_word' id='word_1_488' title='bbox 1333 928 1429 959; x_wconf 84' lang='lat' dir='ltr'>etiam</span> <span class='ocrx_word' id='word_1_489' title='bbox 1464 929 1749 960; x_wconf 78' lang='lat' dir='ltr'>extraordinariis·</span> <span class='ocrx_word' id='word_1_490' title='bbox 1807 929 1981 960; x_wconf 83' lang='lat' dir='ltr'>ordinaria</span> <span class='ocrx_word' id='word_1_491' title='bbox 2017 938 2117 970; x_wconf 80' lang='lat' dir='ltr'>opera</span> 
     </span>
     <span class='ocr_line' id='line_1_75' title="bbox 1137 969 2117 1012; baseline 0.001 -11"><span class='ocrx_word' id='word_1_492' title='bbox 1137 977 1213 1001; x_wconf 86' lang='lat' dir='ltr'>sunt</span> <span class='ocrx_word' id='word_1_493' title='bbox 1242 971 1324 1002; x_wconf 89' lang='lat' dir='ltr'>ordo</span> <span class='ocrx_word' id='word_1_494' title='bbox 1351 970 1383 1001; x_wconf 91' lang='lat' dir='ltr'>in</span> <span class='ocrx_word' id='word_1_495' title='bbox 1408 977 1477 1002; x_wconf 88' lang='lat' dir='ltr'>tota</span> <span class='ocrx_word' id='word_1_496' title='bbox 1499 977 1615 1002; x_wconf 84' lang='lat' dir='ltr'>natura</span> <span class='ocrx_word' id='word_1_497' title='bbox 1646 982 1775 1002; x_wconf 86' lang='lat' dir='ltr'>rerum:</span> <span class='ocrx_word' id='word_1_498' title='bbox 1820 972 1906 1003; x_wconf 79' lang='lat' dir='ltr'>unde</span> <span class='ocrx_word' id='word_1_499' title='bbox 1930 969 2117 1012; x_wconf 89' lang='lat' dir='ltr'>colligimus</span> 
     </span>
     <span class='ocr_line' id='line_1_76' title="bbox 1136 1013 2117 1055; baseline 0.001 -11"><span class='ocrx_word' id='word_1_500' title='bbox 1136 1013 1291 1044; x_wconf 90' lang='lat' dir='ltr'>mundum</span> <span class='ocrx_word' id='word_1_501' title='bbox 1314 1023 1380 1044; x_wconf 90' lang='lat' dir='ltr'>non</span> <span class='ocrx_word' id='word_1_502' title='bbox 1405 1024 1485 1045; x_wconf 85' lang='lat' dir='ltr'>casu</span> <span class='ocrx_word' id='word_1_503' title='bbox 1510 1014 1676 1052; x_wconf 81' lang='lat' dir='ltr'>extitisse,</span> <span class='ocrx_word' id='word_1_504' title='bbox 1712 1024 1773 1046; x_wconf 92' lang='lat' dir='ltr'>nec</span> <span class='ocrx_word' id='word_1_505' title='bbox 1808 1021 1920 1055; x_wconf 87' lang='lat' dir='ltr'>partes</span> <span class='ocrx_word' id='word_1_506' title='bbox 1946 1015 2017 1045; x_wconf 88' lang='lat' dir='ltr'>eius</span> <span class='ocrx_word' id='word_1_507' title='bbox 2041 1024 2117 1045; x_wconf 90' lang='lat' dir='ltr'>con-</span> 
     </span>
     <span class='ocr_line' id='line_1_77' title="bbox 1136 1056 2116 1089; baseline 0.001 -2"><span class='ocrx_word' id='word_1_508' title='bbox 1136 1056 1241 1087; x_wconf 83' lang='lat' dir='ltr'>fluere</span> <span class='ocrx_word' id='word_1_509' title='bbox 1264 1062 1387 1088; x_wconf 87' lang='lat' dir='ltr'>temere</span> <span class='ocrx_word' id='word_1_510' title='bbox 1411 1067 1451 1088; x_wconf 84' lang='lat' dir='ltr'>ex</span> <span class='ocrx_word' id='word_1_511' title='bbox 1475 1057 1595 1088; x_wconf 85' lang='lat' dir='ltr'>atomis</span> <span class='ocrx_word' id='word_1_512' title='bbox 1619 1056 1813 1089; x_wconf 87' lang='lat' dir='ltr'>Democriti.</span> <span class='ocrx_word' id='word_1_513' title='bbox 1860 1057 1926 1087; x_wconf 89' lang='lat' dir='ltr'>Sed</span> <span class='ocrx_word' id='word_1_514' title='bbox 1945 1063 2040 1088; x_wconf 84' lang='lat' dir='ltr'>extra</span> <span class='ocrx_word' id='word_1_515' title='bbox 2065 1066 2116 1088; x_wconf 88' lang='lat' dir='ltr'>or·</span> 
     </span>
     <span class='ocr_line' id='line_1_78' title="bbox 1137 1098 2117 1142; baseline 0.002 -13"><span class='ocrx_word' id='word_1_516' title='bbox 1137 1099 1262 1130; x_wconf 83' lang='lat' dir='ltr'>dinaria</span> <span class='ocrx_word' id='word_1_517' title='bbox 1280 1109 1384 1139; x_wconf 85' lang='lat' dir='ltr'>opera</span> <span class='ocrx_word' id='word_1_518' title='bbox 1406 1106 1483 1131; x_wconf 85' lang='lat' dir='ltr'>sunt</span> <span class='ocrx_word' id='word_1_519' title='bbox 1506 1098 1675 1137; x_wconf 87' lang='lat' dir='ltr'>miracula,</span> <span class='ocrx_word' id='word_1_520' title='bbox 1700 1110 1785 1142; x_wconf 85' lang='lat' dir='ltr'>quae</span> <span class='ocrx_word' id='word_1_521' title='bbox 1809 1101 1996 1137; x_wconf 89' lang='lat' dir='ltr'>ostendunt,</span> <span class='ocrx_word' id='word_1_522' title='bbox 2009 1098 2117 1131; x_wconf 90' lang='lat' dir='ltr'>Deum</span> 
     </span>
    </p>

    <p class='ocr_par' dir='ltr' id='par_1_18' title="bbox 1135 1140 2117 1302">
     <span class='ocr_line' id='line_1_79' title="bbox 1135 1140 2116 1184; baseline 0 -11"><span class='ocrx_word' id='word_1_523' title='bbox 1135 1152 1203 1173; x_wconf 88' lang='lat' dir='ltr'>non</span> <span class='ocrx_word' id='word_1_524' title='bbox 1238 1151 1315 1172; x_wconf 89' lang='lat' dir='ltr'>esse</span> <span class='ocrx_word' id='word_1_525' title='bbox 1349 1140 1517 1184; x_wconf 82' lang='lat' dir='ltr'>alligatum</span> <span class='ocrx_word' id='word_1_526' title='bbox 1552 1142 1662 1174; x_wconf 79' lang='lat' dir='ltr'>causis</span> <span class='ocrx_word' id='word_1_527' title='bbox 1693 1143 1865 1181; x_wconf 87' lang='lat' dir='ltr'>secundis,</span> <span class='ocrx_word' id='word_1_528' title='bbox 1902 1142 1987 1173; x_wconf 85' lang='lat' dir='ltr'>Esse</span> <span class='ocrx_word' id='word_1_529' title='bbox 2010 1151 2116 1184; x_wconf 84' lang='lat' dir='ltr'>agens</span> 
     </span>
     <span class='ocr_line' id='line_1_80' title="bbox 1136 1183 2106 1226; baseline 0.001 -11"><span class='ocrx_word' id='word_1_530' title='bbox 1136 1183 1350 1223; x_wconf 85' lang='lat' dir='ltr'>liberrimum,</span> <span class='ocrx_word' id='word_1_531' title='bbox 1373 1192 1405 1216; x_wconf 89' lang='lat' dir='ltr'>et</span> <span class='ocrx_word' id='word_1_532' title='bbox 1426 1195 1529 1226; x_wconf 80' lang='lat' dir='ltr'>posse</span> <span class='ocrx_word' id='word_1_533' title='bbox 1548 1191 1674 1217; x_wconf 84' lang='lat' dir='ltr'>mutare</span> <span class='ocrx_word' id='word_1_534' title='bbox 1696 1185 1785 1217; x_wconf 83' lang='lat' dir='ltr'>hunc</span> <span class='ocrx_word' id='word_1_535' title='bbox 1808 1192 1945 1216; x_wconf 86' lang='lat' dir='ltr'>naturae</span> <span class='ocrx_word' id='word_1_536' title='bbox 1959 1185 2106 1216; x_wconf 88' lang='lat' dir='ltr'>ordinem</span> 
     </span>
     <span class='ocr_line' id='line_1_81' title="bbox 1136 1225 2117 1270; baseline 0.003 -13"><span class='ocrx_word' id='word_1_537' title='bbox 1136 1225 1228 1258; x_wconf 89' lang='lat' dir='ltr'>Talia</span> <span class='ocrx_word' id='word_1_538' title='bbox 1263 1237 1366 1268; x_wconf 88' lang='lat' dir='ltr'>opera</span> <span class='ocrx_word' id='word_1_539' title='bbox 1403 1228 1489 1259; x_wconf 84' lang='lat' dir='ltr'>addit</span> <span class='ocrx_word' id='word_1_540' title='bbox 1514 1227 1607 1260; x_wconf 83' lang='lat' dir='ltr'>Deus</span> <span class='ocrx_word' id='word_1_541' title='bbox 1631 1229 1734 1260; x_wconf 81' lang='lat' dir='ltr'>verbo</span> <span class='ocrx_word' id='word_1_542' title='bbox 1759 1237 1834 1266; x_wconf 86' lang='lat' dir='ltr'>suo,</span> <span class='ocrx_word' id='word_1_543' title='bbox 1857 1229 1932 1270; x_wconf 91' lang='lat' dir='ltr'>quia</span> <span class='ocrx_word' id='word_1_544' title='bbox 1955 1234 2005 1259; x_wconf 91' lang='lat' dir='ltr'>est</span> <span class='ocrx_word' id='word_1_545' title='bbox 2025 1228 2117 1270; x_wconf 87' lang='lat' dir='ltr'>igno-</span> 
     </span>
     <span class='ocr_line' id='line_1_82' title="bbox 1137 1271 1356 1302; baseline 0 -2"><span class='ocrx_word' id='word_1_546' title='bbox 1137 1276 1202 1302; x_wconf 90' lang='lat' dir='ltr'>tum</span> <span class='ocrx_word' id='word_1_547' title='bbox 1227 1271 1356 1301; x_wconf 85' lang='lat' dir='ltr'>rationi.</span> 
     </span>
    </p>

    <p class='ocr_par' dir='ltr' id='par_1_19' title="bbox 1138 1311 2121 1951">
     <span class='ocr_line' id='line_1_83' title="bbox 1224 1311 2117 1355; baseline 0 -11"><span class='ocrx_word' id='word_1_548' title='bbox 1224 1312 1316 1344; x_wconf 86' lang='lat' dir='ltr'>Haec</span> <span class='ocrx_word' id='word_1_549' title='bbox 1349 1314 1448 1355; x_wconf 81' lang='lat' dir='ltr'>igitur</span> <span class='ocrx_word' id='word_1_550' title='bbox 1473 1312 1626 1345; x_wconf 87' lang='lat' dir='ltr'>Christus</span> <span class='ocrx_word' id='word_1_551' title='bbox 1656 1323 1788 1355; x_wconf 84' lang='lat' dir='ltr'>quoque</span> <span class='ocrx_word' id='word_1_552' title='bbox 1811 1313 1852 1345; x_wconf 90' lang='lat' dir='ltr'>de</span> <span class='ocrx_word' id='word_1_553' title='bbox 1875 1323 1913 1344; x_wconf 89' lang='lat' dir='ltr'>se</span> <span class='ocrx_word' id='word_1_554' title='bbox 1937 1311 2062 1355; x_wconf 84' lang='lat' dir='ltr'>allegat</span> <span class='ocrx_word' id='word_1_555' title='bbox 2086 1320 2117 1344; x_wconf 85' lang='lat' dir='ltr'>et</span> 
     </span>
     <span class='ocr_line' id='line_1_84' title="bbox 1138 1355 2118 1398; baseline 0.001 -12"><span class='ocrx_word' id='word_1_556' title='bbox 1138 1356 1296 1388; x_wconf 88' lang='lat' dir='ltr'>debemus</span> <span class='ocrx_word' id='word_1_557' title='bbox 1331 1366 1394 1387; x_wconf 91' lang='lat' dir='ltr'>nos</span> <span class='ocrx_word' id='word_1_558' title='bbox 1428 1367 1559 1398; x_wconf 89' lang='lat' dir='ltr'>quoque</span> <span class='ocrx_word' id='word_1_559' title='bbox 1585 1357 1770 1388; x_wconf 89' lang='lat' dir='ltr'>testimonia</span> <span class='ocrx_word' id='word_1_560' title='bbox 1794 1355 1851 1387; x_wconf 88' lang='lat' dir='ltr'>illa</span> <span class='ocrx_word' id='word_1_561' title='bbox 1874 1356 2009 1387; x_wconf 81' lang='lat' dir='ltr'>assidue</span> <span class='ocrx_word' id='word_1_562' title='bbox 2029 1356 2118 1397; x_wconf 80' lang='lat' dir='ltr'>cogi-</span> 
     </span>
     <span class='ocr_line' id='line_1_85' title="bbox 1138 1399 2118 1441; baseline 0 -11"><span class='ocrx_word' id='word_1_563' title='bbox 1138 1405 1220 1437; x_wconf 87' lang='lat' dir='ltr'>tare,</span> <span class='ocrx_word' id='word_1_564' title='bbox 1255 1405 1286 1430; x_wconf 85' lang='lat' dir='ltr'>et</span> <span class='ocrx_word' id='word_1_565' title='bbox 1320 1409 1507 1441; x_wconf 87' lang='lat' dir='ltr'>proponere</span> <span class='ocrx_word' id='word_1_566' title='bbox 1541 1400 1638 1430; x_wconf 85' lang='lat' dir='ltr'>nobis</span> <span class='ocrx_word' id='word_1_567' title='bbox 1674 1410 1730 1437; x_wconf 91' lang='lat' dir='ltr'>ea,</span> <span class='ocrx_word' id='word_1_568' title='bbox 1765 1408 1849 1440; x_wconf 91' lang='lat' dir='ltr'>quae</span> <span class='ocrx_word' id='word_1_569' title='bbox 1872 1399 1947 1430; x_wconf 81' lang='lat' dir='ltr'>inde</span> <span class='ocrx_word' id='word_1_570' title='bbox 1970 1409 2074 1440; x_wconf 76' lang='lat' dir='ltr'>usque</span> <span class='ocrx_word' id='word_1_571' title='bbox 2099 1408 2118 1429; x_wconf 83' lang='lat' dir='ltr'>a</span> 
     </span>
     <span class='ocr_line' id='line_1_86' title="bbox 1138 1440 2117 1483; baseline 0 -11"><span class='ocrx_word' id='word_1_572' title='bbox 1138 1441 1298 1483; x_wconf 75' lang='lat' dir='ltr'>principio</span> <span class='ocrx_word' id='word_1_573' title='bbox 1322 1441 1496 1474; x_wconf 85' lang='lat' dir='ltr'>Ecclesiae</span> <span class='ocrx_word' id='word_1_574' title='bbox 1528 1440 1617 1473; x_wconf 86' lang='lat' dir='ltr'>sacta</span> <span class='ocrx_word' id='word_1_575' title='bbox 1651 1450 1740 1479; x_wconf 70' lang='lat' dir='ltr'>sunt,</span> <span class='ocrx_word' id='word_1_576' title='bbox 1769 1448 1801 1472; x_wconf 88' lang='lat' dir='ltr'>et</span> <span class='ocrx_word' id='word_1_577' title='bbox 1836 1451 1898 1472; x_wconf 82' lang='lat' dir='ltr'>nos</span> <span class='ocrx_word' id='word_1_578' title='bbox 1923 1441 2117 1473; x_wconf 87' lang='lat' dir='ltr'>confirmare</span> 
     </span>
     <span class='ocr_line' id='line_1_87' title="bbox 1139 1483 2118 1523; baseline 0 -9"><span class='ocrx_word' id='word_1_579' title='bbox 1139 1494 1224 1515; x_wconf 86' lang='lat' dir='ltr'>voce</span> <span class='ocrx_word' id='word_1_580' title='bbox 1259 1485 1380 1523; x_wconf 78' lang='lat' dir='ltr'>divina,</span> <span class='ocrx_word' id='word_1_581' title='bbox 1416 1491 1447 1516; x_wconf 88' lang='lat' dir='ltr'>et</span> <span class='ocrx_word' id='word_1_582' title='bbox 1483 1485 1680 1516; x_wconf 89' lang='lat' dir='ltr'>testimoniis</span> <span class='ocrx_word' id='word_1_583' title='bbox 1715 1495 1734 1515; x_wconf 90' lang='lat' dir='ltr'>a</span> <span class='ocrx_word' id='word_1_584' title='bbox 1757 1483 1831 1516; x_wconf 86' lang='lat' dir='ltr'>Deo</span> <span class='ocrx_word' id='word_1_585' title='bbox 1854 1484 1986 1515; x_wconf 68' lang='lat' dir='ltr'>additis.</span> <span class='ocrx_word' id='word_1_586' title='bbox 2032 1485 2118 1515; x_wconf 89' lang='lat' dir='ltr'>Inter</span> 
     </span>
     <span class='ocr_line' id='line_1_88' title="bbox 1140 1525 2118 1568; baseline -0.001 -10"><span class='ocrx_word' id='word_1_587' title='bbox 1140 1537 1223 1568; x_wconf 87' lang='lat' dir='ltr'>quae</span> <span class='ocrx_word' id='word_1_588' title='bbox 1257 1525 1344 1558; x_wconf 88' lang='lat' dir='ltr'>haud</span> <span class='ocrx_word' id='word_1_589' title='bbox 1379 1527 1488 1565; x_wconf 89' lang='lat' dir='ltr'>dubie,</span> <span class='ocrx_word' id='word_1_590' title='bbox 1523 1528 1661 1568; x_wconf 86' lang='lat' dir='ltr'>primum</span> <span class='ocrx_word' id='word_1_591' title='bbox 1685 1533 1716 1558; x_wconf 90' lang='lat' dir='ltr'>et</span> <span class='ocrx_word' id='word_1_592' title='bbox 1740 1537 1901 1558; x_wconf 85' lang='lat' dir='ltr'>summum</span> <span class='ocrx_word' id='word_1_593' title='bbox 1925 1526 2118 1558; x_wconf 89' lang='lat' dir='ltr'>miraculum</span> 
     </span>
     <span class='ocr_line' id='line_1_89' title="bbox 1140 1568 2117 1610; baseline 0 -10"><span class='ocrx_word' id='word_1_594' title='bbox 1140 1575 1202 1607; x_wconf 75' lang='lat' dir='ltr'>est,</span> <span class='ocrx_word' id='word_1_595' title='bbox 1236 1570 1324 1610; x_wconf 90' lang='lat' dir='ltr'>quod</span> <span class='ocrx_word' id='word_1_596' title='bbox 1349 1569 1455 1600; x_wconf 81' lang='lat' dir='ltr'>Adam</span> <span class='ocrx_word' id='word_1_597' title='bbox 1489 1575 1521 1601; x_wconf 89' lang='lat' dir='ltr'>et</span> <span class='ocrx_word' id='word_1_598' title='bbox 1543 1569 1613 1601; x_wconf 80' lang='lat' dir='ltr'>Eva</span> <span class='ocrx_word' id='word_1_599' title='bbox 1649 1569 1855 1601; x_wconf 65' lang='lat' dir='ltr'>xiw&#39;ficantur</span> <span class='ocrx_word' id='word_1_600' title='bbox 1878 1576 1953 1610; x_wconf 71' lang='lat' dir='ltr'>post</span> <span class='ocrx_word' id='word_1_601' title='bbox 1976 1568 2117 1610; x_wconf 81' lang='lat' dir='ltr'>lapsum,</span> 
     </span>
     <span class='ocr_line' id='line_1_90' title="bbox 1140 1611 2119 1654; baseline 0 -11"><span class='ocrx_word' id='word_1_602' title='bbox 1140 1612 1227 1643; x_wconf 91' lang='lat' dir='ltr'>edita</span> <span class='ocrx_word' id='word_1_603' title='bbox 1252 1613 1472 1654; x_wconf 82' lang='lat' dir='ltr'>promissione</span> <span class='ocrx_word' id='word_1_604' title='bbox 1496 1613 1537 1643; x_wconf 90' lang='lat' dir='ltr'>de</span> <span class='ocrx_word' id='word_1_605' title='bbox 1549 1611 1685 1650; x_wconf 80' lang='lat' dir='ltr'>Messia,</span> <span class='ocrx_word' id='word_1_606' title='bbox 1711 1624 1782 1644; x_wconf 86' lang='lat' dir='ltr'>cum</span> <span class='ocrx_word' id='word_1_607' title='bbox 1802 1611 1849 1643; x_wconf 91' lang='lat' dir='ltr'>illi</span> <span class='ocrx_word' id='word_1_608' title='bbox 1872 1612 1935 1644; x_wconf 85' lang='lat' dir='ltr'>iam</span> <span class='ocrx_word' id='word_1_609' title='bbox 1959 1613 2119 1644; x_wconf 85' lang='lat' dir='ltr'>sentirent</span> 
     </span>
     <span class='ocr_line' id='line_1_91' title="bbox 1139 1653 2119 1687; baseline 0.001 -2"><span class='ocrx_word' id='word_1_610' title='bbox 1139 1655 1228 1686; x_wconf 88' lang='lat' dir='ltr'>initia</span> <span class='ocrx_word' id='word_1_611' title='bbox 1252 1657 1368 1686; x_wconf 89' lang='lat' dir='ltr'>mortis</span> <span class='ocrx_word' id='word_1_612' title='bbox 1391 1662 1559 1687; x_wconf 83' lang='lat' dir='ltr'>aeternae.</span> <span class='ocrx_word' id='word_1_613' title='bbox 1604 1654 1639 1686; x_wconf 91' lang='lat' dir='ltr'>ld</span> <span class='ocrx_word' id='word_1_614' title='bbox 1663 1653 1856 1687; x_wconf 87' lang='lat' dir='ltr'>miraculum</span> <span class='ocrx_word' id='word_1_615' title='bbox 1889 1653 1991 1686; x_wconf 87' lang='lat' dir='ltr'>multo</span> <span class='ocrx_word' id='word_1_616' title='bbox 2015 1655 2119 1686; x_wconf 86' lang='lat' dir='ltr'>maius</span> 
     </span>
     <span class='ocr_line' id='line_1_92' title="bbox 1139 1696 2118 1739; baseline 0.001 -11"><span class='ocrx_word' id='word_1_617' title='bbox 1139 1704 1202 1735; x_wconf 80' lang='lat' dir='ltr'>est,</span> <span class='ocrx_word' id='word_1_618' title='bbox 1226 1698 1314 1738; x_wconf 91' lang='lat' dir='ltr'>quod</span> <span class='ocrx_word' id='word_1_619' title='bbox 1338 1698 1469 1729; x_wconf 89' lang='lat' dir='ltr'>eductio</span> <span class='ocrx_word' id='word_1_620' title='bbox 1492 1696 1602 1739; x_wconf 87' lang='lat' dir='ltr'>populi</span> <span class='ocrx_word' id='word_1_621' title='bbox 1627 1708 1667 1729; x_wconf 80' lang='lat' dir='ltr'>ex</span> <span class='ocrx_word' id='word_1_622' title='bbox 1682 1698 1846 1739; x_wconf 71' lang='lat' dir='ltr'>Aegypto,</span> <span class='ocrx_word' id='word_1_623' title='bbox 1866 1704 1898 1729; x_wconf 89' lang='lat' dir='ltr'>et</span> <span class='ocrx_word' id='word_1_624' title='bbox 1921 1698 2118 1729; x_wconf 89' lang='lat' dir='ltr'>introductio</span> 
     </span>
     <span class='ocr_line' id='line_1_93' title="bbox 1139 1739 2119 1783; baseline 0.002 -13"><span class='ocrx_word' id='word_1_625' title='bbox 1139 1740 1170 1770; x_wconf 91' lang='lat' dir='ltr'>in</span> <span class='ocrx_word' id='word_1_626' title='bbox 1195 1746 1316 1771; x_wconf 89' lang='lat' dir='ltr'>terram</span> <span class='ocrx_word' id='word_1_627' title='bbox 1339 1739 1488 1778; x_wconf 86' lang='lat' dir='ltr'>Canaan,</span> <span class='ocrx_word' id='word_1_628' title='bbox 1512 1742 1588 1783; x_wconf 91' lang='lat' dir='ltr'>quia</span> <span class='ocrx_word' id='word_1_629' title='bbox 1599 1739 1672 1772; x_wconf 89' lang='lat' dir='ltr'>Deo</span> <span class='ocrx_word' id='word_1_630' title='bbox 1696 1740 1826 1772; x_wconf 83' lang='lat' dir='ltr'>facilius</span> <span class='ocrx_word' id='word_1_631' title='bbox 1850 1746 1899 1772; x_wconf 88' lang='lat' dir='ltr'>est</span> <span class='ocrx_word' id='word_1_632' title='bbox 1919 1747 2046 1772; x_wconf 86' lang='lat' dir='ltr'>mutare</span> <span class='ocrx_word' id='word_1_633' title='bbox 2068 1750 2119 1772; x_wconf 89' lang='lat' dir='ltr'>or-</span> 
     </span>
     <span class='ocr_line' id='line_1_94' title="bbox 1139 1782 2121 1825; baseline 0.002 -12"><span class='ocrx_word' id='word_1_634' title='bbox 1139 1783 1247 1813; x_wconf 87' lang='lat' dir='ltr'>dinem</span> <span class='ocrx_word' id='word_1_635' title='bbox 1271 1790 1421 1821; x_wconf 88' lang='lat' dir='ltr'>naturae,</span> <span class='ocrx_word' id='word_1_636' title='bbox 1445 1789 1476 1814; x_wconf 92' lang='lat' dir='ltr'>et</span> <span class='ocrx_word' id='word_1_637' title='bbox 1499 1794 1618 1825; x_wconf 80' lang='lat' dir='ltr'>aquam</span> <span class='ocrx_word' id='word_1_638' title='bbox 1642 1789 1697 1815; x_wconf 87' lang='lat' dir='ltr'>aut</span> <span class='ocrx_word' id='word_1_639' title='bbox 1720 1782 1827 1814; x_wconf 85' lang='lat' dir='ltr'>solem</span> <span class='ocrx_word' id='word_1_640' title='bbox 1850 1784 1989 1821; x_wconf 83' lang='lat' dir='ltr'>sistere,</span> <span class='ocrx_word' id='word_1_641' title='bbox 2023 1793 2121 1825; x_wconf 86' lang='lat' dir='ltr'>quam</span> 
     </span>
     <span class='ocr_line' id='line_1_95' title="bbox 1139 1825 2121 1868; baseline 0.001 -12"><span class='ocrx_word' id='word_1_642' title='bbox 1139 1825 1336 1867; x_wconf 78' lang='lat' dir='ltr'>dispensare</span> <span class='ocrx_word' id='word_1_643' title='bbox 1359 1827 1401 1857; x_wconf 91' lang='lat' dir='ltr'>de</span> <span class='ocrx_word' id='word_1_644' title='bbox 1424 1836 1485 1857; x_wconf 86' lang='lat' dir='ltr'>sua</span> <span class='ocrx_word' id='word_1_645' title='bbox 1515 1825 1610 1868; x_wconf 87' lang='lat' dir='ltr'>lege,</span> <span class='ocrx_word' id='word_1_646' title='bbox 1641 1827 1726 1858; x_wconf 83' lang='lat' dir='ltr'>sicut</span> <span class='ocrx_word' id='word_1_647' title='bbox 1750 1832 1828 1857; x_wconf 85' lang='lat' dir='ltr'>tunc</span> <span class='ocrx_word' id='word_1_648' title='bbox 1852 1827 2056 1867; x_wconf 77' lang='lat' dir='ltr'>dispensavit</span> <span class='ocrx_word' id='word_1_649' title='bbox 2081 1826 2121 1857; x_wconf 89' lang='lat' dir='ltr'>de</span> 
     </span>
     <span class='ocr_line' id='line_1_96' title="bbox 1139 1868 2120 1910; baseline 0.001 -10"><span class='ocrx_word' id='word_1_650' title='bbox 1139 1868 1390 1900; x_wconf 82' lang='lat' dir='ltr'>comminatione</span> <span class='ocrx_word' id='word_1_651' title='bbox 1410 1876 1485 1900; x_wconf 86' lang='lat' dir='ltr'>ante</span> <span class='ocrx_word' id='word_1_652' title='bbox 1510 1869 1643 1900; x_wconf 81' lang='lat' dir='ltr'>tradita:</span> <span class='ocrx_word' id='word_1_653' title='bbox 1672 1870 1862 1910; x_wconf 77' lang='lat' dir='ltr'>Quacunque</span> <span class='ocrx_word' id='word_1_654' title='bbox 1885 1871 1937 1901; x_wconf 78' lang='lat' dir='ltr'>die</span> <span class='ocrx_word' id='word_1_655' title='bbox 1950 1873 2120 1901; x_wconf 76' lang='lat' dir='ltr'>vescemini</span> 
     </span>
     <span class='ocr_line' id='line_1_97' title="bbox 1138 1913 1727 1951; baseline 0.002 -9"><span class='ocrx_word' id='word_1_656' title='bbox 1138 1913 1178 1942; x_wconf 83' lang='lat' dir='ltr'>de</span> <span class='ocrx_word' id='word_1_657' title='bbox 1201 1913 1254 1943; x_wconf 78' lang='lat' dir='ltr'>illo</span> <span class='ocrx_word' id='word_1_658' title='bbox 1273 1915 1395 1951; x_wconf 74' lang='lat' dir='ltr'>fructu,</span> <span class='ocrx_word' id='word_1_659' title='bbox 1419 1917 1521 1944; x_wconf 83' lang='lat' dir='ltr'>morte</span> <span class='ocrx_word' id='word_1_660' title='bbox 1539 1913 1727 1944; x_wconf 71' lang='lat' dir='ltr'>moriemini.</span> 
     </span>
    </p>

    <p class='ocr_par' dir='ltr' id='par_1_20' title="bbox 1137 1953 2120 2040">
     <span class='ocr_line' id='line_1_98' title="bbox 1225 1953 2119 1997; baseline 0.001 -12"><span class='ocrx_word' id='word_1_661' title='bbox 1225 1954 1378 1987; x_wconf 79' lang='lat' dir='ltr'>Christus</span> <span class='ocrx_word' id='word_1_662' title='bbox 1412 1955 1466 1986; x_wconf 84' lang='lat' dir='ltr'>hic</span> <span class='ocrx_word' id='word_1_663' title='bbox 1499 1961 1575 1997; x_wconf 89' lang='lat' dir='ltr'>post</span> <span class='ocrx_word' id='word_1_664' title='bbox 1601 1962 1732 1987; x_wconf 76' lang='lat' dir='ltr'>caetera</span> <span class='ocrx_word' id='word_1_665' title='bbox 1756 1953 1914 1987; x_wconf 85' lang='lat' dir='ltr'>miracula</span> <span class='ocrx_word' id='word_1_666' title='bbox 1937 1956 2119 1997; x_wconf 83' lang='lat' dir='ltr'>subiungit,</span> 
     </span>
     <span class='ocr_line' id='line_1_99' title="bbox 1137 1998 2120 2040; baseline 0 -11"><span class='ocrx_word' id='word_1_667' title='bbox 1137 1999 1222 2037; x_wconf 83' lang='lat' dir='ltr'>quod</span> <span class='ocrx_word' id='word_1_668' title='bbox 1242 1999 1512 2037; x_wconf 59' lang='lat' dir='ltr'>Ecanyeliwnzur</span> <span class='ocrx_word' id='word_1_669' title='bbox 1530 2008 1704 2039; x_wconf 74' lang='lat' dir='ltr'>pauperes.</span> <span class='ocrx_word' id='word_1_670' title='bbox 1735 1998 1904 2040; x_wconf 75' lang='lat' dir='ltr'>Significat</span> <span class='ocrx_word' id='word_1_671' title='bbox 1930 1998 2040 2040; x_wconf 69' lang='lat' dir='ltr'>igitur,</span> <span class='ocrx_word' id='word_1_672' title='bbox 2065 2009 2120 2029; x_wconf 86' lang='lat' dir='ltr'>an-</span> 
     </span>
    </p>

    <p class='ocr_par' dir='ltr' id='par_1_21' title="bbox 1106 2040 2120 2542">
     <span class='ocr_line' id='line_1_100' title="bbox 1108 2040 2120 2084; baseline 0.002 -14"><span class='ocrx_word' id='word_1_673' title='bbox 1108 2042 1113 2069; x_wconf 83' lang='lat' dir='ltr'>l</span> <span class='ocrx_word' id='word_1_674' title='bbox 1137 2040 1373 2072; x_wconf 84' lang='lat' dir='ltr'>nuntiationem</span> <span class='ocrx_word' id='word_1_675' title='bbox 1389 2040 1562 2084; x_wconf 79' lang='lat' dir='ltr'>Evangelii</span> <span class='ocrx_word' id='word_1_676' title='bbox 1586 2042 1627 2072; x_wconf 83' lang='lat' dir='ltr'>ad</span> <span class='ocrx_word' id='word_1_677' title='bbox 1651 2051 1828 2083; x_wconf 73' lang='lat' dir='ltr'>paupereS,</span> <span class='ocrx_word' id='word_1_678' title='bbox 1852 2051 1916 2072; x_wconf 90' lang='lat' dir='ltr'>non</span> <span class='ocrx_word' id='word_1_679' title='bbox 1942 2041 2038 2071; x_wconf 88' lang='lat' dir='ltr'>modo</span> <span class='ocrx_word' id='word_1_680' title='bbox 2062 2052 2120 2082; x_wconf 89' lang='lat' dir='ltr'>per</span> 
     </span>
     <span class='ocr_line' id='line_1_101' title="bbox 1107 2071 2119 2122; baseline 0.002 -8"><span class='ocrx_word' id='word_1_681' title='bbox 1107 2071 1113 2115; x_wconf 91' lang='lat' dir='ltr'>l</span> <span class='ocrx_word' id='word_1_682' title='bbox 1137 2092 1175 2114; x_wconf 89' lang='lat' dir='ltr'>se</span> <span class='ocrx_word' id='word_1_683' title='bbox 1197 2093 1274 2114; x_wconf 85' lang='lat' dir='ltr'>esse</span> <span class='ocrx_word' id='word_1_684' title='bbox 1304 2085 1481 2115; x_wconf 81' lang='lat' dir='ltr'>maximum</span> <span class='ocrx_word' id='word_1_685' title='bbox 1513 2083 1726 2122; x_wconf 89' lang='lat' dir='ltr'>miraculum,</span> <span class='ocrx_word' id='word_1_686' title='bbox 1763 2085 1823 2115; x_wconf 80' lang='lat' dir='ltr'>sed</span> <span class='ocrx_word' id='word_1_687' title='bbox 1847 2085 1942 2115; x_wconf 80' lang='lat' dir='ltr'>ctiam</span> <span class='ocrx_word' id='word_1_688' title='bbox 1966 2084 2008 2114; x_wconf 91' lang='lat' dir='ltr'>ad</span> <span class='ocrx_word' id='word_1_689' title='bbox 2033 2082 2119 2116; x_wconf 88' lang='lat' dir='ltr'>hunc</span> 
     </span>
     <span class='ocr_line' id='line_1_102' title="bbox 1138 2125 2118 2169; baseline 0.002 -13"><span class='ocrx_word' id='word_1_690' title='bbox 1138 2125 1234 2158; x_wconf 89' lang='lat' dir='ltr'>finem</span> <span class='ocrx_word' id='word_1_691' title='bbox 1259 2126 1329 2157; x_wconf 86' lang='lat' dir='ltr'>fieri</span> <span class='ocrx_word' id='word_1_692' title='bbox 1354 2126 1513 2159; x_wconf 83' lang='lat' dir='ltr'>miracula</span> <span class='ocrx_word' id='word_1_693' title='bbox 1536 2126 1676 2169; x_wconf 83' lang='lat' dir='ltr'>reliqua,</span> <span class='ocrx_word' id='word_1_694' title='bbox 1700 2133 1733 2158; x_wconf 91' lang='lat' dir='ltr'>ut</span> <span class='ocrx_word' id='word_1_695' title='bbox 1757 2126 1932 2169; x_wconf 85' lang='lat' dir='ltr'>colligatur</span> <span class='ocrx_word' id='word_1_696' title='bbox 1955 2125 2118 2164; x_wconf 86' lang='lat' dir='ltr'>Ecclesia,</span> 
     </span>
     <span class='ocr_line' id='line_1_103' title="bbox 1137 2169 2119 2210; baseline 0 -10"><span class='ocrx_word' id='word_1_697' title='bbox 1137 2175 1166 2200; x_wconf 87' lang='lat' dir='ltr'>et</span> <span class='ocrx_word' id='word_1_698' title='bbox 1204 2176 1442 2202; x_wconf 71' lang='lat' dir='ltr'>convertantur</span> <span class='ocrx_word' id='word_1_699' title='bbox 1476 2170 1626 2201; x_wconf 84' lang='lat' dir='ltr'>homines</span> <span class='ocrx_word' id='word_1_700' title='bbox 1651 2171 1691 2201; x_wconf 88' lang='lat' dir='ltr'>ad</span> <span class='ocrx_word' id='word_1_701' title='bbox 1718 2169 1834 2201; x_wconf 88' lang='lat' dir='ltr'>Deum.</span> <span class='ocrx_word' id='word_1_702' title='bbox 1881 2170 2119 2210; x_wconf 77' lang='lat' dir='ltr'>Agnoscamus</span> 
     </span>
     <span class='ocr_line' id='line_1_104' title="bbox 1136 2211 2120 2251; baseline 0 -7"><span class='ocrx_word' id='word_1_703' title='bbox 1136 2220 1243 2244; x_wconf 83' lang='lat' dir='ltr'>autem</span> <span class='ocrx_word' id='word_1_704' title='bbox 1268 2212 1354 2244; x_wconf 85' lang='lat' dir='ltr'>hanc</span> <span class='ocrx_word' id='word_1_705' title='bbox 1378 2214 1557 2245; x_wconf 89' lang='lat' dir='ltr'>bonitatem</span> <span class='ocrx_word' id='word_1_706' title='bbox 1582 2212 1656 2251; x_wconf 84' lang='lat' dir='ltr'>Dei,</span> <span class='ocrx_word' id='word_1_707' title='bbox 1680 2214 1839 2243; x_wconf 86' lang='lat' dir='ltr'>mittentis</span> <span class='ocrx_word' id='word_1_708' title='bbox 1862 2211 1963 2246; x_wconf 76' lang='lat' dir='ltr'>filium</span> <span class='ocrx_word' id='word_1_709' title='bbox 1987 2212 2028 2242; x_wconf 89' lang='lat' dir='ltr'>ad</span> <span class='ocrx_word' id='word_1_710' title='bbox 2053 2211 2120 2244; x_wconf 89' lang='lat' dir='ltr'>col-</span> 
     </span>
     <span class='ocr_line' id='line_1_105' title="bbox 1135 2253 2119 2297; baseline -0.001 -11"><span class='ocrx_word' id='word_1_711' title='bbox 1135 2253 1302 2297; x_wconf 80' lang='lat' dir='ltr'>ligendam</span> <span class='ocrx_word' id='word_1_712' title='bbox 1317 2254 1512 2288; x_wconf 87' lang='lat' dir='ltr'>Ecclesiam.</span> <span class='ocrx_word' id='word_1_713' title='bbox 1557 2256 1710 2288; x_wconf 86' lang='lat' dir='ltr'>Sciamus</span> <span class='ocrx_word' id='word_1_714' title='bbox 1734 2254 1833 2286; x_wconf 85' lang='lat' dir='ltr'>filium</span> <span class='ocrx_word' id='word_1_715' title='bbox 1845 2253 1907 2285; x_wconf 85' lang='lat' dir='ltr'>Dei</span> <span class='ocrx_word' id='word_1_716' title='bbox 1933 2264 2010 2286; x_wconf 88' lang='lat' dir='ltr'>esse</span> <span class='ocrx_word' id='word_1_717' title='bbox 2033 2255 2119 2294; x_wconf 68' lang='grc' dir='ltr'><em>λόγον</em></span> 
     </span>
     <span class='ocr_line' id='line_1_106' title="bbox 1137 2297 2119 2342; baseline 0 -13"><span class='ocrx_word' id='word_1_718' title='bbox 1137 2306 1167 2329; x_wconf 87' lang='lat' dir='ltr'>et</span> <span class='ocrx_word' id='word_1_719' title='bbox 1194 2298 1441 2338; x_wconf 74' lang='lat' dir='ltr'>vivificatorem,</span> <span class='ocrx_word' id='word_1_720' title='bbox 1477 2305 1507 2331; x_wconf 87' lang='lat' dir='ltr'>et</span> <span class='ocrx_word' id='word_1_721' title='bbox 1541 2299 1672 2342; x_wconf 80' lang='lat' dir='ltr'>penitus</span> <span class='ocrx_word' id='word_1_722' title='bbox 1704 2298 1910 2329; x_wconf 85' lang='lat' dir='ltr'>interiturum</span> <span class='ocrx_word' id='word_1_723' title='bbox 1934 2297 2040 2329; x_wconf 82' lang='lat' dir='ltr'>fuisse</span> <span class='ocrx_word' id='word_1_724' title='bbox 2087 2308 2119 2329; x_wconf 92' lang='lat' dir='ltr'>e-</span> 
     </span>
     <span class='ocr_line' id='line_1_107' title="bbox 1106 2339 2119 2403; baseline -0.001 -31"><span class='ocrx_word' id='word_1_725' title='bbox 1106 2355 1110 2403; x_wconf 65' lang='grc' dir='ltr'>Ι</span> <span class='ocrx_word' id='word_1_726' title='bbox 1136 2352 1198 2372; x_wconf 85' lang='lat' dir='ltr'>nus</span> <span class='ocrx_word' id='word_1_727' title='bbox 1223 2341 1422 2380; x_wconf 84' lang='lat' dir='ltr'>humanum,</span> <span class='ocrx_word' id='word_1_728' title='bbox 1456 2342 1518 2373; x_wconf 89' lang='lat' dir='ltr'>nisi</span> <span class='ocrx_word' id='word_1_729' title='bbox 1555 2343 1724 2373; x_wconf 80' lang='lat' dir='ltr'>decretum</span> <span class='ocrx_word' id='word_1_730' title='bbox 1745 2347 1853 2379; x_wconf 70' lang='lat' dir='ltr'>esset,</span> <span class='ocrx_word' id='word_1_731' title='bbox 1886 2347 1920 2371; x_wconf 95' lang='lat' dir='ltr'>ut</span> <span class='ocrx_word' id='word_1_732' title='bbox 1945 2339 2032 2371; x_wconf 87' lang='lat' dir='ltr'>filius</span> <span class='ocrx_word' id='word_1_733' title='bbox 2091 2341 2119 2371; x_wconf 94' lang='lat' dir='ltr'>ei</span> 
     </span>
     <span class='ocr_line' id='line_1_108' title="bbox 1135 2383 2119 2421; baseline -0.001 -6"><span class='ocrx_word' id='word_1_734' title='bbox 1135 2390 1321 2416; x_wconf 87' lang='lat' dir='ltr'>assumeret</span> <span class='ocrx_word' id='word_1_735' title='bbox 1356 2395 1500 2416; x_wconf 84' lang='lat' dir='ltr'>massam</span> <span class='ocrx_word' id='word_1_736' title='bbox 1535 2392 1672 2416; x_wconf 80' lang='lat' dir='ltr'>naturae</span> <span class='ocrx_word' id='word_1_737' title='bbox 1698 2383 1878 2421; x_wconf 89' lang='lat' dir='ltr'>humanae,</span> <span class='ocrx_word' id='word_1_738' title='bbox 1914 2389 1946 2415; x_wconf 89' lang='lat' dir='ltr'>et</span> <span class='ocrx_word' id='word_1_739' title='bbox 1970 2394 2033 2414; x_wconf 85' lang='lat' dir='ltr'>nos</span> <span class='ocrx_word' id='word_1_740' title='bbox 2058 2383 2119 2414; x_wconf 88' lang='lat' dir='ltr'>sibi</span> 
     </span>
     <span class='ocr_line' id='line_1_109' title="bbox 1646 2426 2118 2457; baseline 0 0"><span class='ocrx_word' id='word_1_741' title='bbox 1646 2426 1718 2457; x_wconf 83' lang='lat' dir='ltr'>lloc</span> <span class='ocrx_word' id='word_1_742' title='bbox 1752 2432 1860 2457; x_wconf 85' lang='lat' dir='ltr'>autem</span> <span class='ocrx_word' id='word_1_743' title='bbox 1885 2426 2054 2457; x_wconf 87' lang='lat' dir='ltr'>decretum</span> <span class='ocrx_word' id='word_1_744' title='bbox 2079 2426 2118 2457; x_wconf 88' lang='lat' dir='ltr'>de</span> 
     </span>
     <span class='ocr_line' id='line_1_110' title="bbox 1715 2469 2119 2542; baseline 0 -42"><span class='ocrx_word' id='word_1_745' title='bbox 1715 2469 1996 2542; x_wconf 84' lang='lat' dir='ltr'>praedicationem</span> <span class='ocrx_word' id='word_1_746' title='bbox 2011 2469 2119 2500; x_wconf 79' lang='lat' dir='ltr'>Evan-</span> 
     </span>
    </p>
   </div>
   <div class='ocr_carea' id='block_1_12' title="bbox 1105 2418 2117 2554">
    <p class='ocr_par' dir='ltr' id='par_1_22' title="bbox 1105 2418 2117 2554">
     <span class='ocr_line' id='line_1_111' title="bbox 1105 2418 1599 2501; baseline -0.002 -43"><span class='ocrx_word' id='word_1_747' title='bbox 1105 2418 1307 2501; x_wconf 59' lang='lat' dir='ltr'>iinsereret,</span> <span class='ocrx_word' id='word_1_748' title='bbox 1341 2434 1372 2459; x_wconf 91' lang='lat' dir='ltr'>et</span> <span class='ocrx_word' id='word_1_749' title='bbox 1408 2428 1599 2459; x_wconf 68' lang='lat' dir='ltr'>vivificare-t.</span> 
     </span>
     <span class='ocr_line' id='line_1_112' title="bbox 1106 2504 2117 2554; baseline -0.007 -6"><span class='ocrx_word' id='word_1_750' title='bbox 1106 2504 1109 2514; x_wconf 30' lang='grc' dir='ltr'><strong><em>Δ</em></strong></span> <span class='ocrx_word' id='word_1_751' title='bbox 1731 2512 1812 2550; x_wconf 85' lang='lat' dir='ltr'>esia,</span> <span class='ocrx_word' id='word_1_752' title='bbox 1832 2512 2038 2554; x_wconf 69' lang='lat' dir='ltr'>quantumvis</span> <span class='ocrx_word' id='word_1_753' title='bbox 2061 2511 2117 2542; x_wconf 90' lang='lat' dir='ltr'>ad-</span> 
     </span>
    </p>
   </div>
   <div class='ocr_carea' id='block_1_13' title="bbox 1105 2469 2116 2638">
    <p class='ocr_par' dir='ltr' id='par_1_23' title="bbox 1105 2469 2116 2638">
     <span class='ocr_line' id='line_1_113' title="bbox 1136 2469 1698 2509; baseline -0.002 -8"><span class='ocrx_word' id='word_1_754' title='bbox 1136 2469 1244 2502; x_wconf 80' lang='lat' dir='ltr'>salute</span> <span class='ocrx_word' id='word_1_755' title='bbox 1267 2476 1382 2502; x_wconf 81' lang='lat' dir='ltr'>nostra</span> <span class='ocrx_word' id='word_1_756' title='bbox 1404 2471 1615 2502; x_wconf 78' lang='lat' dir='ltr'>annuntiatur</span> <span class='ocrx_word' id='word_1_757' title='bbox 1638 2480 1698 2509; x_wconf 88' lang='lat' dir='ltr'>per</span> 
     </span>
     <span class='ocr_line' id='line_1_114' title="bbox 1106 2511 1715 2556; baseline -0.003 -11"><span class='ocrx_word' id='word_1_758' title='bbox 1106 2522 1108 2552; x_wconf 69' lang='lat' dir='ltr'>f</span> <span class='ocrx_word' id='word_1_759' title='bbox 1144 2512 1232 2556; x_wconf 85' lang='lat' dir='ltr'>gelii,</span> <span class='ocrx_word' id='word_1_760' title='bbox 1256 2523 1315 2554; x_wconf 90' lang='lat' dir='ltr'>per</span> <span class='ocrx_word' id='word_1_761' title='bbox 1338 2524 1435 2555; x_wconf 91' lang='lat' dir='ltr'>quam</span> <span class='ocrx_word' id='word_1_762' title='bbox 1459 2513 1624 2555; x_wconf 87' lang='lat' dir='ltr'>colligitur</span> <span class='ocrx_word' id='word_1_763' title='bbox 1648 2511 1715 2543; x_wconf 86' lang='lat' dir='ltr'>Ecc</span> 
     </span>
     <span class='ocr_line' id='line_1_115' title="bbox 1145 2553 2116 2598; baseline -0.004 -10"><span class='ocrx_word' id='word_1_764' title='bbox 1145 2562 1299 2588; x_wconf 81' lang='lat' dir='ltr'>versetur</span> <span class='ocrx_word' id='word_1_765' title='bbox 1321 2557 1469 2598; x_wconf 89' lang='lat' dir='ltr'>potentia</span> <span class='ocrx_word' id='word_1_766' title='bbox 1492 2556 1600 2587; x_wconf 90' lang='lat' dir='ltr'>mundi</span> <span class='ocrx_word' id='word_1_767' title='bbox 1625 2562 1655 2586; x_wconf 87' lang='lat' dir='ltr'>et</span> <span class='ocrx_word' id='word_1_768' title='bbox 1679 2553 1830 2593; x_wconf 84' lang='lat' dir='ltr'>Diaboli,</span> <span class='ocrx_word' id='word_1_769' title='bbox 1865 2565 1927 2587; x_wconf 91' lang='lat' dir='ltr'>nec</span> <span class='ocrx_word' id='word_1_770' title='bbox 1950 2553 2116 2596; x_wconf 87' lang='lat' dir='ltr'>colligitur</span> 
     </span>
     <span class='ocr_line' id='line_1_116' title="bbox 1105 2597 2115 2638; baseline -0.003 -7"><span class='ocrx_word' id='word_1_771' title='bbox 1105 2602 1108 2638; x_wconf 75' lang='grc' dir='ltr'><strong><em>ξ</em></strong></span> <span class='ocrx_word' id='word_1_772' title='bbox 1144 2598 1270 2637; x_wconf 85' lang='lat' dir='ltr'>solum,</span> <span class='ocrx_word' id='word_1_773' title='bbox 1305 2599 1364 2632; x_wconf 90' lang='lat' dir='ltr'>sed</span> <span class='ocrx_word' id='word_1_774' title='bbox 1397 2600 1494 2632; x_wconf 88' lang='lat' dir='ltr'>etiam</span> <span class='ocrx_word' id='word_1_775' title='bbox 1517 2604 1671 2630; x_wconf 83' lang='lat' dir='ltr'>servatur</span> <span class='ocrx_word' id='word_1_776' title='bbox 1694 2597 1861 2636; x_wconf 87' lang='lat' dir='ltr'>Ecclesia,</span> <span class='ocrx_word' id='word_1_777' title='bbox 1896 2597 2022 2630; x_wconf 73' lang='lat' dir='ltr'>etiamsi</span> <span class='ocrx_word' id='word_1_778' title='bbox 2050 2607 2115 2629; x_wconf 89' lang='lat' dir='ltr'>non</span> 
     </span>
    </p>
   </div>
  </div>
 </body>
</html>
