2324 2958
115 158 182 193 849

117 255 242 290 multa-j
275 251 429 282 virtutem
463 249 552 287 dicit,
586 248 720 288 δύναμιν.
787 246 943 289 lntelligit
987 252 1096 278 autem

119 295 312 327 exercitum.
357 292 419 324 Est
448 290 547 323 simul
568 291 716 333 precatio
739 296 772 321 et
795 291 997 321 vaticinium.
1042 288 1096 320 Da

118 335 336 379 Evangelium
369 333 696 377 EvangelizantibuS,
731 339 764 364 et
798 333 841 364 da
863 331 1095 375 evangelizan-

117 381 204 412 tium·
218 387 359 420 magnos
383 379 558 409 exercitus.
604 376 814 408 Describitur
838 382 964 414 autem,
998 372 1096 417 quale

118 432 256 464 regnum
280 421 461 452 constituat
482 420 538 452 hic
561 420 724 457 dominus,
748 419 976 461 quiascendit.
1020 417 1095 448 Non

117 465 296 497 constituet
329 464 500 505 imperium
533 463 732 494 mundanum
761 471 822 493 seu
845 461 1027 503 politicum,
1060 465 1096 491 ut

118 506 320 538 Alexander:
354 507 416 537 sed
440 507 615 537 constituet
638 515 776 545 regnum
801 514 860 545 per
883 505 1039 540 verbum,
1062 502 1095 534 id

116 556 180 588 est,
202 559 320 581 vocem
343 547 531 591 Evangelii:
567 548 661 579 Sicut
687 547 845 578 Eobanus
874 553 965 579 recte
988 546 1095 577 reddi-

117 593 179 624 dit:
218 593 396 625 Consmuet
427 602 528 631 regna
560 591 728 630 Evanyelii
746 592 866 621 lumine
884 592 983 630 plena
1005 598 1094 620 novo.

117 635 219 667 Sedet
241 635 283 666 ad
307 635 455 666 dextram
480 633 601 671 Patris,
621 639 652 664 et
677 639 857 664 conservat
880 632 1095 663 ministerium

115 676 302 720 Evangelii,
325 683 357 709 et
379 687 439 718 per
461 675 526 708 hoc
549 681 601 708 est
624 674 745 707 efficax
768 676 801 706 in
824 674 934 707 multis
959 675 1095 707 creden-

115 721 212 752 tibus.

803 151 1019 186 POSTILLA
1041 151 1399 184 MELANTHONIAN
1401 153 1442 185 A.

203 765 273 795 Rex
294 763 452 802 virtutum,
475 763 584 794 dilecti
603 762 723 800 dilecti}
746 761 778 792 id
792 767 853 799 est,
878 760 989 802 Reges
1003 770 1095 791 exer·
1120 755 1126 812 Ι

117 806 236 838 cituum
271 805 408 847 diligent
441 815 479 836 se
506 810 630 835 mutuo.
698 803 850 845 Apostoli
883 810 913 835 et
938 805 1094 835 doctores

115 850 281 880 sonabunt
303 858 400 879 unam
423 857 551 879 vocem.
576 853 670 878 erunt
695 847 896 884 concordes,
927 847 1093 877 coniuncti

114 891 287 922 sententiis
300 896 331 921 et
344 889 583 927 voluntatibus,
606 899 640 920 es
663 891 761 921 wzrdt
780 891 868 921 πίε-Μ
889 890 942 921 εἰη
965 891 1093 920 kae-zen-

112 935 202 975 9ebis
223 938 310 973 sein,
342 933 430 965 sicut
453 934 515 964 iam
539 939 590 963 est
611 933 836 964 consuetudo:
859 933 952 963 sedet
964 931 1094 973 aliquis,

116 983 150 1008 et
173 982 285 1017 captat
309 977 446 1007 verbum
466 974 611 1017 aliquod,
646 976 734 1017 quod
768 974 991 1016 reprehendat
1013 974 1093 1015 quo-

114 1029 181 1061 quo
203 1019 311 1050 modo.
358 1018 448 1050 Vera
471 1017 625 1050 Ecclesia
648 1024 700 1049 est
723 1023 857 1056 coetus,
888 1019 919 1048 in
942 1017 1092 1058 Evange-

113 1061 158 1093 lio
183 1062 469 1099 consentientium,
492 1067 524 1093 et
537 1062 800 1093 convenientium
813 1061 950 1101 Spiritu3
973 1061 1006 1091 id
1030 1066 1091 1097 est,

113 1110 167 1136 est
189 1110 305 1136 coetus
329 1105 528 1136 coniunctus
552 1114 721 1135 consensu
743 1114 844 1135 verae
867 1103 1038 1134 doctrinae
1061 1108 1093 1133 et

113 1146 351 1179 voluntatibus.
398 1147 433 1179 Si
456 1157 541 1189 quae
564 1153 641 1178 sunt
664 1148 810 1178 membra
833 1145 1037 1184 imbecilla„
1053 1155 1093 1176 ea

113 1197 272 1221 sanantur
293 1200 313 1221 a
337 1189 547 1227 firmioribuS,
571 1195 606 1220 ut
629 1189 720 1220 salus
744 1187 877 1230 publica
900 1193 1091 1229 quaeratur,

111 1243 178 1263 non
211 1239 246 1263 ut
281 1239 426 1263 certetur
459 1232 636 1263 ambitione
676 1238 707 1263 et
741 1230 814 1263 aliis
848 1231 1093 1272 cupiditatibus.

110 1274 208 1306 Plato
222 1281 320 1306 vocat
342 1274 485 1316 ἁρπάζειν
509 1275 623 1314 λόγους,
647 1275 755 1313 idest,
778 1284 895 1315 rapere
907 1271 1094 1311 sermones,

111 1325 247 1359 captare
270 1316 482 1356 vocabulum,
505 1328 566 1349 seu
589 1318 712 1349 dictum
734 1317 881 1358 aliquod,
915 1324 946 1348 ct
969 1327 1011 1348 ex
1034 1315 1091 1347 illo

111 1360 307 1393 calumniam
330 1366 505 1392 exstruere
528 1361 830 1392 venenatissimam.

198 1403 233 1434 Si
257 1402 487 1435 conferremus
511 1404 630 1441 studia,
665 1409 698 1434 et
720 1409 864 1434 mutuam
890 1401 1091 1433 benevolen-

110 1447 200 1484 tiam,
225 1452 315 1477 esset
338 1446 538 1477 confidentia
563 1451 675 1477 mutuo
693 1445 865 1488 loquendi3
888 1444 972 1476 alius
995 1444 1091 1475 alteri

110 1490 255 1530 aperiret
288 1496 407 1529 pectus
441 1498 550 1526 suum,
585 1488 673 1520 alius
697 1490 831 1520 doceret
856 1487 966 1525 alium,
989 1493 1021 1518 et
1044 1487 1091 1518 di-

110 1538 218 1563 ceret:
253 1531 311 1563 llla
345 1533 494 1574 indigent
523 1530 748 1573 explicatione
781 1537 813 1562 et
847 1529 1090 1562 declarationee

108 1575 169 1605 sed
192 1575 339 1606 extincta
363 1573 611 1610 benevolentia,
630 1585 696 1606 non
722 1580 832 1615 potest
855 1572 1010 1615 publicae
1029 1575 1090 1604 uti-

109 1615 191 1649 litati
215 1616 356 1648 consuli.
380 1616 536 1648 Petamus
559 1627 633 1655 nos,
657 1624 692 1648 ut
715 1616 871 1648 psalmus
895 1617 992 1658 petit,
1017 1618 1092 1648 Am·-

107 1663 208 1692 mulia
228 1665 284 1692 tua
305 1661 450 1692 habitem
470 1664 504 1691 in
527 1670 574 1700 ea,
597 1670 698 1691 sanes
710 1666 744 1691 tu
757 1659 895 1692 vulnera
908 1657 1091 1692 Ecclesiae.

109 1702 211 1734 Certe
235 1703 376 1734 debebat
395 1703 439 1734 ita
463 1712 540 1734 esse
563 1703 596 1734 in
620 1701 791 1734 Ecclesia:
826 1702 1004 1735 Debebant
1027 1704 1092 1735 sin-

110 1744 180 1788 guli
202 1746 286 1777 tueri
311 1746 544 1777 concordiam:
568 1746 709 1778 debebat
734 1756 812 1777 esse
834 1757 899 1778 una
922 1757 988 1778 vox
1001 1757 1092 1778 mon-

110 1794 221 1820 strans
244 1798 343 1819 unum
366 1788 486 1827 Deum,
509 1799 608 1820 unum
632 1789 862 1820 mediatorem:
886 1788 960 1820 Una
983 1796 1015 1821 ct
1038 1799 1092 1821 ea-

110 1832 185 1863 dem
220 1841 306 1862 voce
340 1831 508 1863 debebant
537 1842 654 1863 omnes
684 1841 807 1864 sonare
835 1833 1020 1864 doctrinam
1051 1833 1092 1864 de

109 1873 245 1905 Messia.
285 1873 371 1904 Vera
393 1875 540 1906 membra
562 1874 735 1906 Ecclesiae
758 1876 880 1906 debent
903 1877 1092 1907 consentire

109 1917 151 1948 de
183 1916 344 1955 articulis,
378 1918 432 1958 qui
468 1918 508 1947 ad
545 1916 788 1949 fundamentum
812 1919 987 1960 pertinent.
1056 1919 1092 1950 Si

109 1959 233 2002 aliquid
257 1965 308 1991 est
332 1960 589 1998 dissensionum,
614 1967 722 1993 tamen
751 1962 870 1993 eruditi
902 1962 1023 1993 debent
1045 1962 1091 1993 in-

109 2009 160 2034 ter
182 2013 220 2034 se
244 2013 429 2045 congruere
453 2003 494 2034 de
517 2002 742 2042 fundamento,
766 2010 799 2036 et
821 2005 862 2036 de
886 2005 985 2036 rebus
1004 2005 1091 2046 prin—

109 2044 283 2088 cipalibus.

195 2090 326 2129 Species
347 2090 460 2120 domus
483 2090 596 2121 dividit
615 2092 741 2129 cpolim]
775 2090 807 2120 id
832 2096 894 2129 est,
924 2089 1089 2122 Ecclesia.

107 2130 169 2163 Est
193 2132 381 2174 figuratum,
418 2133 549 2172 Species
571 2133 699 2171 dmnus;
732 2133 864 2173 ponitur
887 2144 947 2175 pro
971 2140 1089 2166 matre-

108 2174 260 2207 familias.
306 2175 342 2206 ln
362 2176 459 2206 domo
484 2173 564 2205 nihil
586 2181 638 2206 est
660 2174 831 2216 pulchrius
858 2182 1010 2208 matrona
1033 2176 1090 2209 ho-

107 2224 220 2250 nesta:
256 2219 316 2249 viri
351 2216 561 2260 pulchritudo
597 2228 663 2250 non
698 2219 804 2250 estin
828 2219 938 2257 domo,
972 2220 1088 2251 sedin

107 2262 267 2299 exercitu,
290 2266 346 2292 aut
368 2262 400 2292 in
424 2262 532 2292 curia:
556 2262 614 2292 sed
639 2260 756 2293 mulier
780 2268 831 2292 est
854 2263 1000 2303 οἴκουρος,
1035 2273 1089 2294 cu-

107 2309 180 2335 stos
204 2305 330 2336 domus,
377 2304 531 2336 Nominat
556 2302 743 2335 Ecclesiam
767 2305 869 2336 decus
882 2306 1016 2337 domus:
1039 2305 1088 2338 Ea

106 2348 270 2385 restituta,
303 2348 426 2379 dividet
458 2348 590 2388 spolia]
624 2348 656 2378 id
681 2352 744 2386 est,
779 2354 924 2386 crescet,
953 2349 1089 2380 habebit,

106 2389 227 2422 multas
252 2391 427 2427 victorias;
449 2392 596 2432 acquiret
619 2389 739 2421 multas
752 2396 884 2432 gentes3
908 2390 998 2423 multi
1021 2402 1087 2424 mo-

107 2434 271 2464 vebuntur
290 2434 426 2465 veritate
451 2434 625 2465 doctrinae
644 2432 850 2465 attrahentur
879 2444 938 2475 per
971 2445 1086 2466 vocem

105 2474 277 2517 Evangelii
301 2482 332 2507 et
356 2476 513 2517 Spiritum
536 2483 687 2507 sanctum
718 2482 753 2507 ut
785 2483 1022 2508 convertantur
1045 2478 1087 2509 ad

106 2520 307 2560 agnitionem
331 2518 403 2550 Filii
427 2519 501 2557 Dei,
525 2525 561 2551 ut
583 2519 660 2550 alibi
684 2519 817 2550 dicitur:
842 2520 946 2551 funes
967 2521 1087 2552 cecide-

105 2566 183 2593 runt
201 2562 281 2594 mihi
300 2563 333 2593 t'n
354 2563 542 2604 praeclaris
550 2574 562 2599 ;
598 2562 752 2593 Dominus
781 2563 864 2594 dors
896 2563 1088 2596 hereditatis

105 2615 207 2637 meae:
230 2603 324 2636 Deus
347 2606 402 2636 dat
425 2605 643 2637 hereditatem
656 2604 752 2636 Filio.
819 2605 989 2648 Rogemus
1013 2617 1087 2639 eum

258 2673 405 2693 nmmum.
419 2673 500 2693 OPER.
529 2673 591 2693 vul„
609 2673 688 2694 m.

1117 1053 1123 1329 ι

1116 1360 1122 1647 ι

1116 1650 1122 1916 ι

1113 1918 1121 2241 1

1111 2244 1118 2578 t

2059 155 2125 188 850

1146 254 1209 276 nos
1232 255 1376 287 quoque:
1402 244 1472 284 fac,
1501 252 1535 277 ut
1557 247 1601 278 sit
1622 246 1735 288 aliqua
1762 246 1927 279 Ecclesia.
1974 248 2122 290 Agamus

1145 289 1175 320 ei
1199 289 1335 330 gratias,
1360 288 1449 329 quod
1473 299 1535 319 nos
1559 291 1691 320 vocavit
1710 291 1752 320 ad
1776 291 1847 321 eius
1875 291 2078 322 societatem.

1232 330 1270 360 Si
1292 331 1458 360 dormiatis
1479 332 1560 361 inler-
1581 332 1703 363 medios
1725 332 1840 367 eleros,
1866 344 1989 372 pennae
2012 335 2122 364 colum-

1147 373 1203 403 bae
1225 373 1264 403 de
1287 377 1480 413 aryentatae.
1503 378 1533 403 et
1545 377 1725 413 posteriora
1743 375 1839 404 dorsa
1862 378 1927 405 eius
1949 378 1981 405 in
1999 377 2124 415 pallore

1147 418 1242 455 uui-12]
1309 417 1384 447 Non
1419 416 1516 448 debet
1539 427 1627 448 esse.
1683 417 1866 448 Dormiatis
1890 420 1973 449 inter
2001 418 2123 459 cleros,

1147 460 1208 491 sed
1231 459 1401 497 cubabitis,
1424 460 1587 497 iacebitis,
1622 459 1785 490 habebitis
1811 467 1921 492 castra
1944 462 2029 492 inter
2051 472 2124 494 sor-

1148 509 1209 534 tes.
1256 503 1371 544 Κλῆροι
1393 507 1471 534 sunt
1494 508 1604 533 castra
1630 509 1722 532 sorte
1753 503 1936 534 distributa.
1981 504 2043 535 Est
2064 506 2124 547 igi-

1147 551 1200 576 tur
1223 544 1467 586 simplicissima
1489 546 1664 576 sententia.
1688 544 1860 576 Exercitus
1884 545 2124 588 Evangelizan-

1148 591 1226 619 tium
1248 589 1372 629 passim
1396 589 1563 619 cubabunt
1586 594 1677 619 sorte
1701 588 1884 619 distributis
1902 587 1996 619 locis.
2041 591 2125 621 Pau-

1147 630 1202 663 lus
1225 631 1430 672 praedicabit
1460 631 1491 661 in
1521 631 1614 668 Asia,
1643 630 1796 668 Graecia,
1824 630 1959 662 Romae.
2004 632 2124 664 Petrus

1147 674 1356 711 Antiochiae,
1380 673 1614 715 lerosfflymae,
1637 673 1771 704 Marcus
1789 671 2021 712 Alexandriae,
2046 675 2125 706 Cre-

1148 727 1247 748 scens
1272 718 1303 748 in
1328 716 1457 754 Gallia,
1492 722 1525 748 et
1547 717 1596 748 sic
1621 716 1662 747 de
1685 715 1769 746 aliis.
1814 715 1939 747 Dicunt
1962 717 2125 750 Lazarum

1148 760 1381 791 resuscitatum
1403 770 1424 790 a
1445 765 1562 797 morte,
1586 759 1799 800 praedicasse
1823 758 2005 791 Massiliae.
2029 760 2122 793 Sicut

1121 813 1124 821 ’
1148 814 1236 834 nunc
1259 808 1414 844 pastores
1444 803 1524 834 certi
1549 803 1681 839 docent,
1712 801 1834 843 singuli
1857 803 1888 832 in
1913 803 1982 833 suis
2006 801 2124 835 Eccle-

1148 847 1217 876 siis.
1247 846 1319 876 Hoc
1342 855 1422 887 ergo
1446 846 1525 876 dicit
1547 844 1720 876 Psalmus:
1744 845 1847 875 Erunt
1869 850 1943 876 tmzc
1965 847 2124 878 eoem-citus

1148 889 1232 919 inter
1255 889 1373 919 clm·0s=
1398 888 1430 919 id
1454 895 1516 926 est,
1540 888 1626 919 inter
1649 888 1773 919 divisas
1798 893 1918 919 sortes.

1233 931 1356 962 Postea
1380 937 1549 972 comparat
1573 930 1636 961 hos
1649 931 1805 962 doctores
1819 931 1980 969 columbis,
2004 936 2035 963 et
2056 933 2124 973 qui-

1146 975 1216 1005 dem
1234 973 1364 1015 fulgori
1383 974 1605 1005 columbatum.
1671 973 1814 1008 Quando
1843 975 2007 1005 exercitus
2030 981 2126 1007 erunt

1146 1017 1178 1047 in
1202 1017 1335 1055 finibus,
1358 1018 1472 1059 inquit,
1494 1016 1702 1057 splendebunt
1714 1017 1797 1047 sicut
1810 1017 1994 1048 columbae:
2017 1017 2049 1048 id
2063 1024 2125 1057 cst,

1146 1065 1241 1090 erunt
1264 1061 1371 1091 ornati
1403 1061 1503 1090 variis
1537 1061 1644 1097 donis,
1679 1065 1712 1090 et
1733 1058 1857 1090 similes
1881 1059 2124 1092 columbarum.

1145 1103 1255 1134 Utitur
1284 1101 1349 1133 hac
1382 1102 1594 1133 similitudine
1618 1103 1713 1140 etiam
1747 1101 1920 1141 Cin-istus,
1955 1103 2125 1144 inquiens:

1146 1146 1255 1178 Estote
1277 1146 1439 1185 sapientes
1461 1147 1544 1177 sicut
1566 1149 1742 1185 serpentes,
1765 1149 1794 1176 et
1817 1147 1950 1184 innoxii,
1974 1148 2055 1177 sicut
2074 1157 2125 1178 co-

1143 1189 1276 1220 tumbae.
1287 1188 1343 1220 Sic
1355 1187 1431 1219 alibi
1445 1199 1546 1229 saepe
1553 1187 1704 1219 Ecclesia
1714 1195 1924 1229 comparatur
1937 1188 2121 1221 columbae.

1146 1231 1309 1264 Columba
1322 1237 1373 1262 est
1385 1231 1561 1269 sineselle3
1583 1230 1736 1263 Ecclesia
1751 1239 1799 1262 est
1815 1232 1886 1262 sine
1898 1231 2125 1271 amarulentia,

1145 1276 1218 1306 sine
1242 1275 1337 1312 odiis,
1360 1274 1424 1306 imo
1448 1275 1546 1306 etiam
1569 1276 1642 1305 sine
1664 1275 1778 1305 armis:
1803 1281 1831 1305 et
1845 1280 1953 1306 tamen
1967 1281 2016 1306 est
2030 1285 2124 1316 prae-

1145 1319 1207 1350 dac
1230 1318 1457 1359 accipitribuS‚
1481 1316 1679 1354 vulturibus,
1704 1316 1828 1355 milvis,
1851 1318 2014 1349 adversus
2038 1328 2124 1360 quos

1144 1372 1210 1393 non
1234 1367 1342 1402 potest
1367 1370 1405 1391 se
1428 1361 1522 1392 tueri.
1590 1360 1768 1391 Praeterea
1798 1359 1952 1391 columba
1977 1367 2029 1392 est
2051 1362 2124 1392 avis

1144 1402 1260 1445 pulcra
1283 1410 1315 1434 et
1336 1403 1520 1441 foecunda,
1550 1409 1583 1434 et
1614 1409 1789 1444 propterca
1813 1402 1935 1434 Veneri
1958 1410 2009 1434 est
2032 1405 2123 1435 attri-

1144 1448 1221 1478 buta
1245 1453 1382 1488 propter
1404 1446 1675 1484 foecunditatem,
1705 1453 1736 1477 et
1761 1452 1895 1486 propter
1918 1447 2124 1478 suavitatem.

1231 1488 1348 1520 Omnia
1373 1488 1429 1520 illa
1452 1496 1529 1520 sunt
1552 1490 1705 1528 opposita
1734 1489 1957 1531 imaginationi
1992 1490 2034 1520 de
2066 1490 2124 1521 im·-

1143 1533 1246 1573 perio.

1144 1576 1290 1606 membra
1303 1573 1476 1606 Ecclesiae
1495 1581 1665 1605 nonerunt
1680 1569 1805 1611 leones,
1829 1573 1908 1615 lupi,
1931 1576 2011 1613 ursi,
2034 1576 2125 1616 aqui-

1143 1617 1208 1654 lae,
1244 1618 1330 1649 sicut
1353 1618 1487 1658 imperia
1511 1618 1706 1658 pinguntur;
1738 1617 1798 1647 sed
1822 1624 1919 1648 erunt
1949 1617 2124 1650 columbae

1145 1661 1217 1692 sine
1240 1661 1427 1702 praesidiiS,
1450 1667 1546 1691 erunt
1569 1660 1712 1695 praedae
1734 1660 1907 1701 Tyrannis.
1940 1660 1974 1690 ln
1987 1671 2125 1699 sumnia,

1144 1713 1212 1734 non
1231 1704 1291 1735 erit
1312 1703 1460 1745 potentia
1481 1703 1703 1743 imperiorum,
1725 1703 1786 1734 sed
1809 1704 1976 1734 exercitus
2000 1702 2125 1736 colum·

1146 1748 1272 1778 barum.

1230 1789 1400 1821 Fortassis
1423 1787 1539 1820 alludit
1563 1789 1660 1820 etiam
1683 1789 1727 1819 ad
1751 1789 2008 1829 descriptionem
2020 1800 2123 1822 arma-

1145 1840 1249 1864 turae.
1295 1831 1435 1863 Veteres
1458 1831 1643 1863 habuerunt
1665 1830 1820 1862 thoraces
1844 1833 2018 1863 distinctos
2042 1843 2124 1864 auro

1145 1882 1175 1907 et
1198 1881 1351 1917 argento,
1372 1881 1407 1906 ut
1430 1875 1586 1906 Sidonius
1599 1873 1824 1915 Appollinaris
1845 1874 1955 1905 laudat
1971 1875 2123 1918 Burgun-

1145 1919 1218 1956 dos,
1240 1928 1324 1960 quos
1350 1919 1427 1949 vidit
1449 1919 1480 1948 in
1505 1916 1660 1959 panoplia
1690 1916 1823 1948 saltare.
1868 1916 2049 1950 Pulchrum
2073 1925 2124 1950 est

1143 1962 1256 1993 videre
1281 1960 1541 2002 cataphractum.

1230 2005 1317 2035 Dum
1341 2005 1497 2035 discernit
1519 2005 1664 2035 coelestis
1686 2013 1779 2044 reyes
1801 2013 1951 2044 superne,
1975 2005 2046 2034 πίω
2068 2004 2121 2035 ‹Ie-

1144 2047 1340 2079 albabuutm·
1362 2049 1395 2078 in
1417 2048 1568 2085 &elmoni
1636 2046 1839 2078 Discernere
1864 2056 1973 2088 regeS,
2002 2053 2053 2077 est
2076 2047 2122 2078 di-

1143 2092 1308 2123 stribuere
1343 2089 1523 2121 Doctores.
1568 2090 1689 2121 Lucem
1725 2096 1896 2130 comparat
1919 2091 2003 2120 nive.
2050 2088 2122 2120 Sel-

1142 2144 1219 2165 mon
1253 2141 1331 2165 sunt
1353 2134 1521 2165 tenebrae.
1589 2133 1730 2169 Quando
1754 2133 1845 2163 Deus
1870 2133 1925 2163 dat
1954 2131 2121 2163 Doctores

1143 2178 1262 2215 bonos,
1297 2175 1420 2219 caligo,
1455 2183 1487 2207 et
1509 2177 1668 2207 tenebrae
1698 2175 1872 2211 tolluntur;
1909 2176 2040 2216 quando
2065 2175 2120 2206 dat

1142 2219 1250 2252 lucem
1284 2218 1468 2261 Evangelii,
1502 2219 1715 2257 agnoscimus
1739 2229 1812 2249 eum
1836 2228 1928 2249 vere:
1959 2219 2120 2256 videmus,

1140 2264 1173 2294 in
1197 2264 1330 2305 quantis
1353 2263 1500 2295 tenebris
1519 2254 1695 2298 fuerimus3
1728 2268 1773 2298 ut,
1798 2271 1871 2292 cum
1894 2261 1981 2301 apud
2006 2259 2117 2292 Ethni·

1141 2317 1201 2338 cos
1215 2306 1366 2338 homines
1379 2306 1526 2338 furentes
1537 2305 1746 2337 celebrabant
1762 2302 1997 2335 Bacchanalia.
2029 2303 2120 2342 ltem,

1140 2360 1213 2381 cum
1248 2349 1409 2387 homines,
1444 2349 1669 2389 superioribus
1700 2345 1844 2378 saeculis
1875 2347 2053 2377 currebant
2076 2347 2119 2377 ad

1138 2391 1239 2431 idola,
1263 2399 1297 2424 ut
1320 2394 1426 2424 bruta.
1471 2391 1668 2432 Ubicunque
1691 2400 1812 2421 novum
1835 2388 1960 2420 idolum
1983 2389 2120 2430 recipie-

1139 2436 1248 2475 batur,
1284 2435 1381 2467 fiebat
1416 2444 1601 2467 concursus
1631 2434 1674 2464 ad
1704 2431 1792 2463 illam
1812 2443 1933 2463 novam
1956 2437 2117 2463 statuam:

1139 2485 1209 2510 erat
1233 2479 1355 2520 opinio,
1380 2478 1468 2519 quod
1491 2478 1534 2508 ibi
1558 2483 1647 2507 esset
1670 2474 1849 2517 singularis
1863 2474 2025 2506 efficacia.
2051 2474 2118 2506 To-

1140 2528 1192 2553 tus
1215 2521 1458 2557 monachatus,
1504 2519 1581 2561 quid
1605 2525 1672 2557 est,
1707 2519 1767 2549 nisi
1802 2519 2004 2549 merissimae
2028 2525 2119 2549 tene-

1139 2565 1241 2596 brae?
1307 2564 1468 2594 Vixerunt
1498 2563 1529 2593 in
1553 2562 1682 2603 magnis
1705 2561 1966 2602 turpitudinibus,
2033 2560 2107 2592 Non

1139 2612 1346 2650 agnoverunt
1369 2616 1481 2637 veram
1504 2605 1686 2636 doctrinam
1709 2605 1750 2636 de
1773 2604 1846 2636 Deo
1873 2610 1905 2635 et
1919 2604 2101 2635 Mediatore

1869 2666 1904 2689 54

1291 1531 1445 1563 Ecclesia
1468 1542 1534 1563 non
1558 1532 1618 1562 erit
1640 1533 1809 1572 Imperium
1834 1533 2048 1569 mundanum3
2072 1533 2126 1573 pia
2162 1532 2168 1541 '

2134 1578 2147 1590 1
