2324 2958
49 195 113 229 529

730 183 946 217 POSTILLA
969 178 1361 214 MELANTHONIANA,

1980 176 2044 209 530

49 287 248 323 incolumem
279 289 391 317 servet
423 279 544 314 multos
572 288 697 316 annm,
730 283 763 309 et
792 278 820 309 ei
849 276 1022 309 confirmet
1044 280 1049 314 1
1071 284 1138 306 non
1160 279 1211 305 est
1233 273 1383 304 ordinata
1405 271 1625 310 Oeconomia,
1647 281 1714 303 non
1736 271 1820 303 ratio
1845 275 1935 303 certe
1957 280 2045 302 sum-

51 332 140 365 vires
163 328 312 370 corporis
334 332 366 359 et
387 326 529 361 animae,
552 329 584 355 et
606 326 718 363 optate
741 322 771 352 ei
794 331 866 352 meo
889 328 1022 362 quoque

52 374 182 407 nomine
210 371 354 403 faustum
384 378 514 400 annum.
569 364 706 405 Accipio
734 368 843 395 autem
865 361 930 394 hoc
954 372 1021 393 mu·
1046 393 1048 410 Ι

52 427 116 450 nus
149 425 222 448 cum
254 413 365 445 debita
396 408 600 446 reverentia,
633 413 665 438 et
695 405 833 444 faciam,
866 404 941 436 Deo
975 405 1048 436 ἰιι-7

53 465 170 496 vante,
203 465 288 499 quae
321 454 398 486 mihi
430 452 599 495 praecipit.
655 448 799 480 Assidue
828 449 930 479 orabo
961 457 1021 488 pro

52 503 124 535 eius
155 498 393 535 incolumitate,
427 502 458 528 et
485 494 658 536 diligenter
684 492 869 523 incumbam
892 491 1021 522 studiis.

53 545 121 578 {sta
142 541 256 586 pulcre
283 540 379 577 dixit,
407 545 442 571 ut
470 537 530 569 fuit
552 534 792 568 maximilianus
814 539 932 565 natura
955 544 1022 564 non

53 593 178 620 tantum
196 583 372 621 facundus,
389 582 448 613 sed
467 581 565 613 etiam
586 577 757 620 eloquens.
802 577 925 608 Postea
949 587 1024 608 cum

52 634 165 662 essent
197 627 242 659 ibi
276 624 440 657 collocata
468 624 572 659 dona,
606 621 747 661 inspexit
779 620 967 661 pecuniam,
990 625 1023 650 et

51 673 136 704 inter
147 667 382 702 commilitones
400 666 529 704 abiecit,
546 671 578 696 et
596 665 689 695 dixit:
713 664 777 694 ista
801 663 954 693 dividatis
977 662 1023 693 in-

52 722 103 747 ter
123 723 204 751 vos,
227 712 287 744 sed
310 721 407 753 poma
429 708 529 740 nolite
550 708 723 749 attingere.
777 705 849 748 Ego
873 705 948 736 mihi
972 714 1024 735 as-

50 757 178 789 servari
201 766 239 787 ea
261 753 347 786 volo.

53 844 117 880 tio,
151 842 205 884 qui
234 846 369 883 gestus,
403 844 438 869 ut
468 836 577 868 solent
606 843 718 877 patres
741 836 782 866 de
805 835 955 866 omuibus
978 833 1024 864 in-

54 886 194 928 quirere.
248 881 297 913 llli
326 881 508 913 recitabant
538 880 718 910 orationem
749 877 805 908 tilii
828 878 912 908 bene
936 886 1024 907 com-

52 927 212 969 positam,
242 931 273 956 et
295 925 489 961 narrabant,
518 933 583 964 quo
607 922 704 952 modo
726 930 846 952 aureos
869 918 1026 950 abiecerit

53 972 139 1002 inter
159 969 284 1007 socios,
302 978 400 1009 poma
423 967 486 997 sibi
510 965 660 996 servarit.
705 964 752 994 lbi
776 968 869 1004 pater
887 962 969 998 risit,
992 966 1025 991 et

52 1012 149 1044 dixit:
193 1011 221 1042 E
248 1021 266 1042 o
299 1012 382 1041 bene
411 1009 481 1040 scio
512 1019 545 1040 es
574 1008 668 1038 wirdt
690 1008 740 1037 ein
762 1010 862 1037 straw
881 1004 1026 1046 qtultlein

53 1055 190 1087 noer-dm.
248 1054 303 1085 'rit
326 1053 501 1095 prodiguS,
524 1061 589 1082 non
613 1050 756 1082 studebit
779 1047 1008 1089 parsimoniae.

56 1220 137 1262 Sed
165 1227 210 1259 tu
239 1218 335 1272 quid
363 1217 512 1257 iudicas
534 1216 584 1255 de
610 1215 716 1255 facto
739 1210 1027 1254 Maximiliani‘?

139 1308 201 1341 Est
222 1307 393 1350 pulchrum
426 1306 567 1342 factum3
600 1306 678 1347 quia
709 1305 877 1347 principes
908 1303 1029 1335 debent

56 1362 132 1385 esse
154 1350 311 1383 liberales
335 1351 367 1381 in
391 1350 546 1391 pecunia,
576 1349 605 1379 si
631 1349 772 1384 habent3
803 1348 863 1378 sed
893 1347 925 1378 in
954 1344 1027 1376 aliis

55 1396 169 1433 rebus,
187 1404 272 1436 quae
291 1393 412 1424 habent
430 1390 611 1423 naturalem
630 1391 838 1427 suaw'tatem‚
856 1389 1029 1430 pulchrum

56 1444 109 1470 est
131 1438 238 1478 magis
260 1445 395 1477 parcum
418 1444 510 1472 esse,
539 1440 574 1464 ut
601 1434 655 1464 hic
677 1431 917 1464 maximilianus
941 1430 1028 1462 fecit.

56 1480 157 1512 Pater
179 1480 219 1510 ad
243 1489 311 1510 rem
334 1479 439 1509 mavis
462 1483 619 1514 attentus,
639 1486 703 1507 non
724 1475 892 1517 cogitavit,
909 1475 941 1505 in
965 1484 1030 1515 qua

57 1533 95 1555 re
117 1522 251 1554 deceret
274 1520 375 1552 filium
389 1503 591 1551 ‘liberalitas
636 1518 684 1549 Ita
703 1528 784 1561 ergo
803 1518 881 1549 dicit
899 1518 1030 1559 quidam

56 1570 159 1638 pater,
173 1565 215 1595 ad
238 1562 337 1595 filium
361 1573 454 1595 suum
474 1563 505 1593 in
525 1561 738 1604 Epicharmo:
761 1561 848 1592 νόσον
866 1561 943 1600 ἔχεις
964 1563 1030 1600 χαί-

56 1618 119 1649 ρεις
160 1606 250 1642 ιδοός.

59 1789 146 1829 Iam
175 1802 340 1842 quaem,
369 1793 603 1842 pugnantne
633 1787 708 1827 ista
738 1787 841 1826 inter
871 1800 924 1836 se,
954 1785 1031 1825 Hi-

91 1866 215 1906 larem
245 1865 427 1904 datorem
459 1864 585 1918 diligit
613 1863 742 1903 Deus:
773 1869 815 1903 et
843 1863 1007 1902 morbus

337 1948 397 1980 est
426 1941 564 1981 laetari
598 1940 762 1981 dando?

145 2031 220 2063 Non
243 2039 401 2073 pugnant.
446 2030 578 2063 Dictum
606 2030 699 2062 Pauli
728 2030 872 2072 loquitur
896 2031 936 2062 de
960 2029 1030 2062 offi-

61 2076 124 2107 cio.
169 2075 257 2107 Deus
284 2077 388 2115 diligas!
414 2076 559 2106 datorem
581 2075 729 2113 hilarem,
763 2075 795 2105 id
819 2081 886 2112 cst,
907 2072 1030 2105 laetan-

62 2124 126 2150 tem
149 2115 276 2156 officio,
299 2127 365 2149 non
389 2116 563 2148 laetantem
587 2117 783 2157 perditione:
814 2124 847 2148 ut
872 2117 899 2148 si
924 2118 1031 2148 veniat

61 2161 103 2192 ad
130 2166 163 2192 te
193 2161 299 2192 bonus
328 2162 471 2197 amicus,
501 2165 531 2190 et
556 2160 656 2191 dicat:
702 2159 760 2190 Est
784 2159 859 2191 mihi
884 2170 966 2200 opus
990 2160 1033 2190 ⁶20

62 2201 215 2235 thaleris:
245 2202 362 2245 Rogo,
390 2203 448 2233 des
480 2201 555 2233 mihi
585 2209 696 2233 mutuo
719 2208 751 2233 et
773 2208 808 2234 tu
831 2203 890 2233 des
913 2204 942 2234 ei
966 2213 1033 2234 mu·

61 2251 135 2284 tuo,
169 2252 201 2277 et
222 2244 363 2278 libenter
392 2246 423 2277 id
448 2244 551 2281 sacis,
586 2251 617 2275 et
647 2245 804 2283 candide,
839 2252 869 2276 et
893 2246 1033 2283 sineere,

63 2298 138 2321 cum
165 2287 290 2327 habes,
324 2295 354 2320 et
384 2287 505 2329 alioqui
532 2297 597 2318 non
627 2286 799 2319 delectaris
823 2287 1032 2329 profusione3

61 2337 129 2363 tum
151 2332 303 2374 congruit
327 2333 368 2363 ad
393 2338 424 2362 te
447 2332 566 2361 dictum
592 2329 695 2361 Pauli.

148 2373 216 2405 Sed
240 2375 360 2406 dictum
384 2374 571 2415 Epicharmi
594 2371 736 2414 loquitur
759 2374 799 2404 de
819 2383 871 2411 eo,
890 2375 943 2415 qui
963 2373 1033 2406 vlae-

63 2422 150 2448 tatur
171 2417 353 2458 perditione
380 2416 433 2448 vel
461 2415 668 2458 profusione,
700 2423 732 2446 ut
761 2415 795 2447 fit
819 2416 850 2447 in
874 2417 937 2448 ista
960 2418 1033 2448 bar-

63 2458 172 2496 barie,
206 2461 260 2490 ubi
290 2458 415 2491 serrula
442 2459 552 2499 plura,
587 2469 683 2500 quam
711 2459 754 2489 20
780 2465 834 2490 aut
865 2458 908 2490 30
930 2458 1033 2491 semel

64 2507 270 2542 apponuntur
292 2509 420 2543 sumptu
442 2501 554 2539 inutili,
573 2508 603 2532 ct
622 2499 811 2533 valetudine
830 2502 1032 2542 pernicioso:

63 2544 149 2575 sicut
184 2554 283 2585 saepe
317 2545 410 2577 soleo
447 2546 570 2576 dicere:
611 2545 669 2574 vrit·
698 2542 827 2583 fressen
860 2555 919 2576 uns
953 2555 1033 2584 arm,

63 2586 197 2625 ham-k,
215 2589 281 2619 uml
297 2589 331 2619 in
355 2589 406 2619 dic
423 2588 510 2618 lwllr.
555 2586 654 2618 Tales
678 2588 806 2629 prodigi
829 2594 905 2619 sunt
927 2587 1032 2619 multi:

63 2629 248 2661 econtrario
281 2630 393 2672 plures
428 2638 521 2668 sunt,
556 2631 609 2671 qui
638 2630 757 2661 misere
783 2630 913 2667 vivum,
948 2630 1033 2666 Quia

217 2689 352 2708 RELAU'HI

377 2691 449 2708 wrm:
474 2691 509 2708 Vn·
552 2689 627 2707 XMV.

1058 2358 1059 2371 ¹
1084 2330 1280 2361 nutriuntur.

1071 323 1201 359 ptuum,
1235 325 1302 347 non
1331 315 1511 356 sapientia,
1545 325 1612 346 non
1635 315 1729 346 ordo.
1773 314 1848 346 Non
1871 323 2044 345 servamus

1071 358 1238 401 regulam,
1267 368 1365 400 quam
1387 356 1540 389 Christus
1569 358 1622 389 hic
1646 358 1757 388 tradit:
1805 355 1959 397 Colligite
1980 354 2044 388 fra-

1074 409 1218 446 gmenta.

1159 444 1218 476 Est
1246 449 1357 475 autem
1386 442 1470 474 haec
1500 441 1638 483 pulchra
1660 442 1868 484 significatio.
1925 441 1959 473 ln
1983 441 2046 473 Ec-

1075 485 1177 519 clesia
1200 482 1357 518 debemus
1377 495 1581 517 conservare
1599 485 1786 516 testimonia
1806 485 1988 522 doctrinae,
2011 490 2047 515 ut

1075 530 1229 562 Irenaeus
1259 530 1336 561 citat
1364 529 1452 560 dicta
1480 527 1673 569 Polycarpi‚
1707 528 1760 569 qui
1785 528 1908 558 audivit.
1930 527 2046 558 lohan-

1074 583 1149 605 nem
1171 570 1427 614 Evangelistam.
1472 569 1618 602 Basilius
1642 571 1718 601 citat
1743 570 1938 611 Gregorium
1961 569 2046 602 Neo-

1047 614 1334 654 }caesariensem,
1372 614 1515 646 vicinum
1553 613 1756 654 temporibus
1798 612 2046 653 Apostolorum.

1075 658 1206 689 Utinam
1229 668 1317 690 nunc
1335 657 1431 688 etiam
1451 655 1592 688 fideliter
1610 665 1844 697 quaereremus
1863 656 2047 687 testimonia

1048 703 1049 708 ’
1075 701 1294 742 antiquitatis,
1317 701 1361 732 ita
1382 699 1488 742 magis
1511 700 1737 730 innotesceret
1759 699 1892 729 veritas.

394 752 542 783 Redeunt
564 749 610 781 illi
633 750 674 780 ad
697 756 838 790 patrem:
862 754 956 789 pater
979 748 1024 778 in·
1048 772 1051 783 .

53 804 215 842 terrogat,
240 798 315 840 quid
341 794 426 827 filius
450 800 544 836 agat.
575 791 680 835 qualis
704 792 800 823 suerit
823 791 927 832 ipsius
951 800 1024 821 ora·
1048 790 1051 801 ·’

1075 866 1276 920 Excerpta
1304 881 1358 906 ex
1380 865 1619 920 Rhapsodiis
1651 864 1817 904 aliorum
1843 878 2047 904 annorum.

1163 957 1235 989 Hoc
1252 955 1445 989 miraculum
1465 962 1517 988 est
1535 954 1674 997 pulchra
1691 956 1801 996 imago
1821 960 1853 985 et
1865 953 2048 996 exemplum

1076 998 1203 1031 illarum
1227 1000 1501 1041 promissionum,
1534 1008 1619 1040 quae
1642 998 1819 1029 ostendunt
1842 998 1874 1028 in
1897 998 1961 1028 hac
1984 998 2049 1028 vita

1076 1041 1262 1074 Ecclesiam
1295 1043 1550 1080 defendendam,
1585 1041 1868 1078 conservandam,
1901 1039 2051 1072 alendam

1078 1095 1163 1117 esse.
1220 1085 1413 1117 Recitantur
1440 1092 1549 1116 autem
1579 1084 1735 1116 historiae
1759 1081 1899 1114 similes:
1934 1084 1996 1114 iam
2018 1083 2050 1114 in

1078 1138 1173 1166 vere,
1208 1135 1240 1159 et
1269 1128 1397 1160 demum
1425 1134 1501 1168 post
1530 1137 1683 1158 messem.
1740 1126 1932 1167 Cogitemus
1955 1126 2052 1168 igitur

1078 1170 1201 1213 aliquid
1224 1171 1265 1202 de
1288 1170 1430 1203 consilio
1453 1171 1606 1209 istorum,
1639 1170 1693 1211 qui
1717 1168 1877 1201 lectiones
1900 1170 1981 1201 istas
2005 1169 2052 1200 sic

1079 1214 1324 1245 distribuerunt.
1371 1213 1406 1245 ln
1429 1223 1507 1245 vere
1530 1219 1581 1245 est
1603 1213 1794 1254 petendum,
1822 1218 1856 1243 ut
1879 1211 1972 1243 Deus
1996 1213 2050 1243 be·

1079 1257 1210 1288 nedicat
1238 1258 1339 1289 rebus
1367 1256 1592 1288 nascentibus.
1644 1255 1743 1287 Scitis
1771 1253 1935 1286 fabellam.
1980 1254 2050 1286 Fuit

1080 1300 1223 1332 rusticus
1246 1300 1395 1342 quidam,
1419 1300 1473 1342 qui
1495 1299 1625 1341 petivit,
1660 1304 1696 1330 ut
1718 1298 1811 1329 Deus
1840 1303 2052 1338 tempestates

1080 1349 1209 1385 regeret
1239 1354 1298 1384 pro
1327 1344 1430 1384 ipsius
1459 1349 1537 1374 voto
1567 1348 1599 1374 et
1622 1342 1774 1373 arbitrio:
1809 1340 1902 1372 Deus
1926 1340 1955 1371 ei
1978 1351 2052 1382 pro-

1079 1387 1183 1423 misit3
1217 1385 1357 1421 Quando
1381 1385 1483 1417 voluit
1504 1384 1602 1417 homo
1625 1383 1770 1426 plttviaS,
1803 1390 1881 1415 tunc
1904 1384 1988 1415 dedit
2012 1383 2053 1421 ei,

1080 1429 1211 1470 quando
1235 1429 1462 1466 serenitatem,
1493 1434 1525 1459 et
1554 1428 1659 1469 ipsam
1682 1427 1779 1458 dedit.
1824 1426 2051 1467 Tempestates

1081 1477 1175 1503 erant
1198 1481 1239 1502 ex
1263 1472 1423 1503 sententia
1445 1471 1566 1512 ipsius:
1591 1470 1650 1501 sed
1674 1480 1747 1501 cum
1770 1470 1833 1500 iam
1857 1475 1948 1501 esset
1969 1478 2052 1500 mes-

1081 1515 1145 1552 sis,
1169 1513 1248 1545 nihil
1271 1520 1340 1545 erat
1363 1515 1394 1545 in
1417 1515 1538 1545 aristis.
1583 1513 1655 1544 Hoc
1678 1511 1898 1555 significatum
1922 1518 1985 1550 est,
2007 1512 2053 1543 ni·

1081 1556 1126 1588 hil
1156 1567 1326 1595 crescere,
1360 1557 1423 1588 nisi
1450 1557 1582 1588 iuvante
1609 1555 1694 1587 Deo.
1750 1555 1786 1586 In
1809 1555 1898 1586 Osca
1922 1555 2052 1587 dicitur:

1081 1600 1292 1638 Nascz'ebant,
1325 1601 1410 1640 quod
1443 1610 1500 1641 eyo
1525 1597 1719 1639 fmmentnm
1742 1598 1907 1629 dedissem.
1963 1597 2053 1640 Ergo

1081 1644 1171 1674 initio
1196 1643 1282 1674 veris
1305 1643 1462 1674 debemus
1486 1652 1582 1673 orare
1600 1642 1719 1679 Deum,
1737 1648 1906 1672 aeternum
1924 1640 2054 1672 Patrem

1081 1685 1213 1717 Domini
1236 1686 1340 1716 nostri
1363 1685 1438 1717 lesu
1462 1684 1597 1723 Christi,
1615 1690 1805 1725 pascentem
1825 1693 1939 1715 omnes
1965 1693 2054 1714 crea-

1082 1735 1173 1759 turas
1204 1729 1255 1768 (ut
1283 1728 1415 1760 dicitur:
1450 1728 1561 1759 Dante
1583 1731 1624 1765 tv,
1648 1727 1810 1767 collr'ytmt.
1857 1726 1951 1758 item:
1985 1726 2055 1758 Dat

1081 1781 1185 1802 escam
1208 1772 1309 1811 pullis
1337 1780 1507 1802 coro-orum
1535 1770 1756 1802 invocantibus
1784 1779 1865 1802 eum)
1896 1775 1931 1801 ut
1956 1760 2058 1800 ben&

1082 1815 1168 1846 dicat
1187 1815 1337 1852 sementi,
1357 1820 1392 1845 ut
1411 1815 1531 1845 tribuat
1549 1819 1656 1844 terrae
1680 1812 1830 1844 foecundi
1850 1818 1945 1850 atem,
1967 1812 2054 1843 sinat

1083 1867 1236 1889 crescere
1266 1863 1432 1899 segetem,
1467 1857 1627 1888 custodiat
1658 1866 1748 1894 eam,
1784 1864 1813 1886 et
1846 1855 1959 1886 reddat
1988 1865 2054 1886 ma-

1081 1906 1196 1932 turam.

1132 2065 1215 2107 Cur
1244 2066 1285 2106 in
1316 2066 1475 2106 Psalmo
1508 2065 1555 2105 fit
1583 2080 1794 2105 corvorum
1825 2064 2006 2106 mentio?

1170 2157 1271 2189 Corvi
1304 2156 1449 2189 exclusis
1485 2155 1583 2199 pullis
1619 2156 1763 2189 avolant.
1821 2155 1881 2187 Est
1914 2154 2056 2196 ἄστοργος

1084 2207 1202 2232 natura
1225 2201 1354 2232 corvis:
1384 2211 1468 2241 quae
1495 2206 1546 2230 est
1569 2200 1676 2241 imago
1701 2199 1852 2240 ἀστοργῶν
1875 2206 2055 2239 parentum.

1088 2243 1170 2275 Pulli
1199 2242 1301 2275 relicti
1331 2244 1362 2274 in
1393 2244 1469 2274 nido
1499 2241 1655 2274 clamant:
1689 2242 1782 2274 Deus
1805 2240 1925 2279 efficit,
1961 2247 1993 2272 ut
2016 2252 2055 2272 ex

1085 2287 1239 2318 sordibus
1262 2285 1388 2318 relictis
1411 2287 1441 2317 in
1466 2286 1541 2317 nido
1566 2292 1718 2316 crescant
1740 2284 1918 2321 vermiculi,
1938 2285 2057 2325 quibus

1337 2329 1392 2360 Sic
1426 2328 1586 2360 Dominus
1621 2326 1875 2359 innumerabiles
1907 2327 2057 2358 homines

1085 2374 1238 2404 desertos
1261 2382 1280 2403 a
1304 2373 1384 2410 suis,
1404 2378 1435 2403 et
1458 2372 1625 2412 orphanos
1645 2372 1760 2412 pascit.
1806 2370 1983 2411 Orphanus
2008 2377 2058 2401 est

1084 2417 1125 2447 ab
1149 2415 1302 2447 Hebraeo
1327 2415 1453 2456 ample.-
1475 2414 1639 2457 significat
1664 2415 1841 2445 desertum.
1876 2417 1879 2419 ’

1170 2458 1242 2490 Hoc
1272 2466 1418 2499 tempore
1447 2458 1605 2488 debemus
1635 2457 1730 2487 etiam
1755 2456 1903 2497 cogitare
1926 2456 1967 2487 de
1991 2462 2058 2486 tota

1085 2508 1212 2533 aestate
1234 2507 1406 2537 secutura3
1436 2501 1510 2541 quia
1540 2497 1639 2530 multa
1669 2505 1843 2530 moventur
1866 2502 1896 2529 in
1921 2504 2057 2535 aestate,

1085 2555 1170 2586 quae
1204 2554 1270 2575 non
1304 2550 1444 2584 possunt
1479 2543 1602 2573 moveri
1642 2543 1674 2572 in
1709 2541 1824 2572 hieme.
1887 2541 2056 2572 Debemus

1084 2586 1178 2618 etiam
1215 2587 1359 2628 cogitare
1395 2587 1435 2617 de
1469 2583 1689 2625 pulcherrimo
1723 2585 1838 2615 ordine
1868 2585 1898 2615 in
1932 2590 2057 2615 natura.

1083 2628 1178 2661 Deus
1201 2628 1421 2671 pulcherrime
1444 2627 1605 2659 ordinavit
1629 2634 1721 2659 ortus
1745 2626 1913 2658 stellarum
1939 2637 2058 2658 eonte-

1720 2687 1755 2712 ³4
