2324 2958
209 209 273 241 239

296 303 348 333 Ad
378 301 440 332 hos
471 306 656 331 conventus
689 297 828 340 alligant
862 308 942 335 nos,
977 299 1075 329 etiam
1110 294 1186 327 illae

208 345 464 388 promissiones:
504 343 544 373 Su·
571 343 636 374 duo
663 345 720 373 aut
751 346 818 373 tres
847 341 1038 382 conyreyuti
1060 337 1185 378 silwim

207 391 239 420 in
264 398 330 419 meo
352 389 486 417 nontine.
530 384 572 416 Et
599 385 688 426 quod
717 385 906 416 nominatim
936 384 976 414 ‹le
999 382 1112 414 Coena
1140 381 1186 411 in-

209 432 275 473 quit
305 428 446 461 Paulus:
482 428 616 466 Quoties
645 428 866 459 convertentis.
912 426 1007 463 item,
1044 424 1185 455 Mortem

211 474 341 505 Donn'ni
362 471 612 509 annuntiabitis,
643 471 743 502 donec
765 471 881 501 evniat.
928 468 991 499 Ubi
1015 465 1112 498 simul
1134 472 1186 497 est

208 516 403 558 promissio,
431 515 521 556 quod
550 523 682 556 semper
710 513 803 544 Deus
832 518 1026 544 servaturus
1055 509 1098 540 sit
1127 508 1186 540 ali-

208 570 291 602 quas
315 558 606 600 congregationes,
629 566 689 588 seu
712 562 837 587 coetus,
880 554 949 584 Nec
972 551 1060 583 aliud
1080 552 1186 583 maius

208 601 427 634 testimonium
466 601 508 631 de
547 599 801 632 conservatione
834 595 1009 628 Ecclesiae
1045 593 1187 635 proferri

209 651 336 687 potest,
367 649 423 675 aut
446 641 630 675 consolatio
655 640 797 674 dulcior,
833 650 929 679 quam
959 639 992 669 in
1015 636 1080 668 illis
1103 638 1186 680 ipsis

208 689 319 719 verbis
343 685 585 728 comprehensa
607 691 673 722 est,
697 694 782 725 quae
804 681 986 719 affirmant,
1015 691 1121 722 usque
1143 681 1184 712 ad

207 738 408 773 postremum
432 730 609 760 adventum
638 726 693 758 filii
716 726 778 758 Dei
809 734 996 756 mansuram
1024 733 1101 756 esse
1124 723 1186 755 Ec-

207 773 355 811 clesiam,
380 780 409 804 et
434 772 542 804 Deum
565 777 773 801 servaturum
797 777 873 799 esse
897 772 1014 799 coetus
1036 765 1185 808 aliquos:

207 818 289 849 sicut
317 815 465 847 videmus
489 812 678 845 mirabiliter
703 812 862 842 hactenus
886 816 1040 842 servatos
1063 820 1152 842 esse.

294 860 414 891 Servat
443 865 551 889 autem
576 855 669 887 Deus
702 853 785 885 tales
814 859 950 891 coetus,
979 853 1035 885 ubi
1065 853 1186 894 petitur

208 910 239 934 et
264 908 458 943 expectatur
481 897 646 931 auxilium.
680 896 757 928 Ideo
781 903 813 927 et
836 896 961 938 gratias
980 896 1008 927 ei
1032 906 1186 939 agamuS,

207 946 294 987 quod
314 950 438 982 servat,
462 950 493 974 et
512 951 683 983 speremus
702 950 775 971 eum
795 945 1003 971 servaturum
1023 948 1098 970 esse
1117 939 1187 970 diu·

207 990 283 1026 tius,
307 994 338 1019 et
362 993 524 1028 potarum,
547 990 581 1015 ut
604 985 688 1014 inter
711 992 773 1013 nos
796 988 918 1014 servet.

293 1030 320 1061 T
322 1041 401 1061 urca
425 1027 500 1059 facit
526 1027 762 1068 dissipationes
781 1033 814 1058 et
832 1025 1037 1057 vastationes
1055 1026 1087 1056 in
1108 1023 1188 1056 mul-

207 1075 250 1106 tis
274 1073 366 1105 locis.
413 1072 501 1103 idem
524 1076 627 1101 tentat
646 1067 811 1101 Diabolus
834 1069 936 1100 variis
959 1068 1066 1099 modis
1090 1068 1188 1099 etiam

208 1117 295 1149 alibi.
343 1115 464 1156 Magna
488 1119 539 1145 est
566 1118 674 1144 autem
702 1112 852 1149 miseria,
883 1122 957 1143 cum
986 1111 1189 1152 dissipantur

208 1167 333 1192 coetus.
380 1157 476 1193 Quod
501 1167 574 1188 cum
598 1154 650 1193 fit,
678 1156 828 1196 sequitur
850 1153 992 1186 Ethnica
1017 1154 1187 1186 barbaries

207 1210 237 1234 et
263 1202 412 1237 vastitas,
436 1200 523 1231 sicut
541 1197 663 1230 Daniel
685 1198 832 1230 nominat
850 1198 1116 1229 abominationem
1134 1197 1188 1228 de-

206 1246 386 1281 solationis,
409 1244 441 1274 id
466 1248 528 1281 est,
551 1239 806 1273 abominabilem
829 1241 1031 1277 vastitatem,
1056 1239 1110 1271 vel
1134 1250 1187 1270 so-

206 1288 387 1320 litudinem:
424 1285 465 1317 Ut
486 1284 584 1316 bodie
605 1283 763 1326 templum
782 1282 1118 1326 Hierosolymitanum
1136 1289 1189 1315 est

207 1342 283 1362 vere
307 1327 537 1361 abominabilis
562 1328 714 1366 vastitas,
737 1334 769 1359 et
792 1337 903 1359 merae
926 1327 1095 1358 tenebrae.

293 1373 356 1404 ista
380 1372 642 1409 consideremus,
663 1376 699 1402 ut
723 1371 910 1412 cogitantes
935 1369 1088 1411 exempla
1111 1380 1188 1411 poe-

206 1428 338 1454 narum,
362 1425 449 1457 quae
472 1415 570 1446 nobis
593 1419 671 1446 sunt
693 1414 884 1455 proposita,
913 1422 1189 1454 expavescamus,

205 1469 344 1504 agamus
368 1458 614 1500 poenitentiam,
638 1463 671 1489 et
695 1457 798 1488 simus
821 1456 1056 1494 modestiores»,
1079 1465 1119 1487 ac
1142 1456 1188 1487 ‹li-

206 1503 400 1545 ligentiores
433 1502 466 1532 in
501 1501 601 1532 rebus
635 1500 805 1531 omnibus:
842 1499 921 1531 ltem
957 1504 991 1530 ut
1019 1498 1189 1530 ardentius

204 1548 397 1578 invocemus
432 1543 558 1581 Deum,
593 1554 653 1585 pro
689 1543 943 1574 conservatione
978 1540 1189 1583 reliquiarum

204 1588 388 1622 Ecclesiae.

292 1632 359 1663 Sed
385 1631 485 1662 redeo
509 1631 551 1661 ad
576 1639 656 1660 usus
680 1629 867 1671 signorum:
904 1627 991 1659 luter
1015 1637 1099 1669 quos
1123 1626 1188 1657 dixi

205 1676 292 1708 hunc
317 1685 394 1706 esse
417 1672 650 1715 principalem:
679 1678 715 1703 ut
738 1672 804 1702 sint
827 1671 1016 1702 testimonia
1038 1668 1190 1702 volunta·

206 1721 248 1751 tis
271 1718 333 1749 Dei
362 1727 442 1759 erga
472 1726 549 1747 nos:
586 1716 669 1747 sicut
702 1714 870 1746 Abrabam
901 1713 1016 1745 habuit
1044 1713 1188 1744 testimo-

206 1763 293 1794 nium
320 1759 495 1792 voluntatis
520 1759 668 1796 divinae,
697 1758 855 1798 scriptum
887 1758 918 1788 in
949 1767 1012 1788 suo
1036 1766 1189 1797 corpore,

207 1805 296 1847 quod
320 1809 409 1835 esset
435 1808 600 1844 receptus·
646 1801 687 1832 Et
710 1801 842 1842 quidem
865 1801 897 1831 in
921 1798 979 1831 illa
1003 1805 1096 1841 parte
1117 1809 1188 1831 cor-

207 1848 311 1890 poriS,
331 1857 416 1888 quae
434 1853 485 1877 est
506 1855 665 1887 organum
686 1844 920 1886 generationis,
940 1850 973 1875 ut
994 1848 1085 1874 esset
1101 1852 1189 1873 eom·

205 1889 405 1922 monefactio
435 1889 475 1919 de
498 1895 636 1919 venturo
667 1887 808 1921 semine,
845 1888 884 1918 dc
916 1887 1129 1927 propitiatore
1157 1891 1189 1917 et

206 1934 399 1971 mediatore,
423 1942 481 1973 per
504 1942 599 1973 quern
625 1931 838 1971 reciperetur,
863 1929 946 1964 Quia
967 1929 1060 1961 Deus
1086 1927 1187 1960 voluit

207 1977 386 2009 convenire
413 1976 510 2016 signa
540 1984 614 2005 cum
645 1973 930 2014 promissionibus.
977 1973 1034 2004 Sic
1067 1979 1097 2003 et
1127 1982 1188 2002 nos

207 2021 368 2052 habemus
398 2018 583 2050 testimonia
609 2017 786 2048 voluntatis
812 2016 893 2049 Dci.
926 2017 956 2047 in
990 2016 1093 2055 signis
1125 2013 1189 2046 illis

207 2074 268 2095 seu
295 2062 508 2099 ceremoniis,
544 2060 730 2101 Baptismo,
760 2066 791 2091 et
822 2059 935 2090 (loona
964 2058 1106 2089 honuni.
1154 2058 1188 2089 ln

207 2107 378 2147 Baptismo
403 2111 542 2136 testatur
565 2103 674 2135 Deus.
705 2103 792 2144 quod
825 2108 856 2133 te
886 2101 996 2134 abluat
1027 2102 1189 2142 sauguine

208 2149 274 2181 lilii.
322 2149 354 2180 ln
379 2149 492 2179 Cocna
515 2146 646 2177 Domini
675 2152 816 2177 testatur
840 2145 1007 2181 (filu-istus,
1039 2141 1127 2186 quod
1157 2151 1189 2175 te

208 2194 270 2224 sibi
294 2193 450 2233 adiungat
477 2198 631 2232 tanquam
661 2191 851 2220 membrum.
900 2190 1021 2219 Postea
1046 2198 1188 2229 sequun-

208 2244 260 2267 tur
285 2236 404 2266 caeteri
429 2243 521 2265 usus-
566 2235 781 2264 Sacramenta
805 2238 881 2262 sunt
905 2232 1001 2262 etiam
1026 2233 1120 2273 signa
1145 2232 1190 2261 di-

208 2280 373 2316 stinctiva,
392 2284 466 2308 sum
488 2277 579 2307 ncrvi
600 2276 882 2317 congregationis,
903 2281 977 2306 sunt
999 2277 1094 2314 signa
1115 2285 1188 2304 con-

209 2322 374 2354 svssionis.
422 2318 500 2351 Vult
524 2319 618 2351 Deus
643 2320 821 2350 convenire
846 2318 995 2349 homines⁴
1023 2319 1063 2349 ad
1095 2328 1189 2348 usur-

210 2366 374 2407 pationem
404 2365 537 2395 Coenae
567 2363 716 2395 Domini.
751 2368 785 2393 ut
816 2362 967 2393 audiatur
997 2360 1093 2391 simut
1126 2371 1189 2391 vox

209 2409 394 2443 doctrinae,
419 2414 448 2439 et
475 2407 699 2448 conspiciatur
719 2403 880 2436 Ecclcsia.
918 2405 991 2435 Non
1014 2403 1081 2435 vult
1106 2404 1189 2434 cuim

209 2451 393 2483 Ecclesiam
423 2451 566 2481 abditam
597 2460 673 2480 esse
701 2450 732 2480 in
763 2447 907 2479 latebris.
955 2448 1125 2479 Accedunt
1149 2446 1190 2477 ad

209 2495 272 2526 lios
296 2495 379 2526 fines
403 2497 708 2530 Sacramentorum,
732 2493 830 2523 etiam
854 2492 991 2522 umbrae
1014 2497 1043 2521 ct
1069 2490 1190 2531 signiti-

211 2539 359 2569 cationes
383 2536 519 2568 multae:
554 2538 640 2568 luter
665 2546 748 2577 quas
773 2533 964 2576 principalis
992 2534 1191 2576 significatio

211 2582 361 2621 congruit
389 2592 460 2611 cum
486 2580 719 2621 promissione.
745 2585 776 2609 et
795 2579 836 2609 ad
856 2579 994 2619 primum
1016 2579 1113 2607 tinem
1133 2576 1192 2607 sn-

212 2621 453 2655 oruintuitorum
473 2621 590 2654 rcscrri
612 2624 727 2653 debet:
751 2628 785 2653 ut
805 2621 885 2657 dixi,
908 2620 1191 2653 circumcisionem

212 2666 315 2699 fuisse
339 2668 369 2698 in
394 2666 450 2698 illa
474 2676 597 2698 arcana
620 2672 713 2707 parte
732 2665 897 2707 corporis,
920 2669 955 2695 ut
973 2669 1063 2695 esset
1080 2664 1193 2694 admo-

845 204 955 236 pun..
981 203 1084 236 MEL.
1107 202 1295 237 SCRIPTA
1317 200 1580 234 EXEGETICA.

2152 205 2217 239 248

1238 295 1318 326 nitio
1342 295 1383 326 de
1406 301 1547 328 venturo
1572 296 1713 328 semine:
1747 295 1789 327 Et
1811 296 2002 338 Baptismus
2031 299 2217 342 principali-

1237 343 1287 369 ter
1313 336 1479 380 significat
1501 347 1563 370 nos
1593 339 1696 381 mergi
1729 339 1762 370 in
1793 341 1988 381 sauguinem
2010 340 2151 382 Christi,
2185 351 2218 376 et

1237 378 1326 412 ablui
1354 390 1374 411 a
1401 382 1560 421 peccatis.
1605 381 1721 413 Coena
1744 381 1876 413 Domini
1906 382 2073 426 significat
2099 386 2218 426 prinei-

1237 422 1371 464 paliter‚
1403 434 1466 456 nos
1495 434 1573 456 esse
1603 425 1750 456 membra
1780 423 1921 463 Christi,
1954 432 1987 458 et
2017 427 2120 459 inseri
2147 430 2218 462 eius

1239 466 1383 507 corpori,
1406 472 1439 498 et
1461 477 1524 498 nos
1543 466 1677 499 ablutos
1701 477 1779 499 esse
1797 468 1901 509 ipsius
1920 470 2092 512 sanguine.
2125 471 2219 504 Haec

1237 515 1425 550 congruunt
1448 520 1522 542 cum
1545 509 1719 552 principali
1743 509 1818 542 fine·

1324 550 1429 584 Simul
1451 560 1562 584 autem
1583 552 1707 584 multae
1731 559 1807 584 sunt
1830 553 2090 595 significationes
2115 555 2217 590 aliae:

1237 601 1273 626 ut
1301 595 1509 627 circumcisio
1539 595 1748 638 significabat
1782 597 1814 628 in
1848 598 2063 638 generatione
2093 599 2218 632 carnali

1237 639 1330 669 nasci
1353 646 1506 670 naturam
1527 639 1695 670 hominum
1714 649 1817 677 ream,
1841 640 2051 680 immundam,
2074 648 2106 674 et
2124 653 2220 684 prae-

1238 681 1426 718 cidendam,
1457 680 1522 712 hoe
1545 686 1613 719 est,
1642 682 1736 713 morti
1761 682 1934 713 addictam.
1980 685 2058 715 Item
2081 695 2220 727 genera-

1238 723 1359 754 tionem
1383 725 1481 755 istam
1504 725 1692 756 mutandam
1715 734 1809 762 esse,
1843 726 1908 757 boc
1932 732 2000 764 est,
2031 734 2220 769 corruptam

1238 771 1270 797 et
1293 766 1508 807 depravatam
1525 777 1682 805 massam,
1705 778 1791 809 opus
1811 767 1936 800 babere
1955 772 2218 811 regeneratione.

1238 809 1336 847 Item,
1364 807 1543 840 tollendam
1572 816 1605 841 et
1627 811 1862 842 eradicandam
1885 820 1963 843 esse
1986 814 2220 855 concupiscen-

1239 853 1332 889 tiam,
1356 859 1388 883 et
1411 852 1594 883 sanandam
1617 853 1860 886 immundiciem
1883 856 2013 893 cordis,
2036 862 2071 888 ut
2094 856 2220 890 Moises

1238 895 1358 936 inquit:
1393 894 1621 927 Ca'rcmncidite
1642 897 1747 928 corda
1768 901 1890 928 vestra.

1325 937 1405 969 item
1434 937 1687 979 significabatur
1713 939 1780 970 hoe
1808 950 1958 982 quoque:
1996 941 2093 977 Quod
2121 953 2220 985 gene-

1239 981 1322 1012 ratio
1346 982 1387 1012 sit
1410 990 1466 1011 res
1490 981 1617 1019 divina,
1642 987 1675 1013 et
1698 982 1786 1023 quod
1808 981 1902 1014 Deus
1926 983 2006 1016 velit
2029 993 2221 1019 reverenter

1240 1024 1285 1055 uti
1308 1023 1460 1055 homines
1483 1025 1709 1065 generatione,
1733 1031 1766 1056 et
1788 1026 1924 1058 semine.

1325 1066 1517 1108 Baptismus
1536 1072 1587 1098 est
1606 1067 1728 1110 imago,
1747 1077 1832 1109 quae
1849 1069 2018 1111 significat
2035 1081 2098 1103 nos
2117 1073 2222 1116 mergi

1239 1111 1271 1140 in
1284 1115 1423 1141 mortem
1437 1109 1572 1147 Christi,
1587 1110 1628 1141 ad
1642 1110 1903 1143 mortificandam
1916 1122 2049 1145 carnem
2062 1120 2222 1146 nostram.

1240 1153 1407 1184 Admonet
1434 1162 1496 1183 nos
1531 1153 1626 1184 etiam
1662 1154 1703 1184 de
1733 1155 1907 1195 patientia,
1943 1155 2027 1191 Quia
2056 1157 2223 1200 significat

1240 1195 1424 1227 Ecclesiam
1447 1196 1550 1237 mergi
1573 1196 1605 1226 in
1627 1195 1836 1228 afflictiones·
1883 1197 1936 1230 De
1964 1198 2029 1231 hac
2055 1200 2223 1243 signifiea-

1239 1239 1328 1270 tione
1350 1237 1425 1270 sola
1448 1239 1559 1270 dicunt
1583 1239 1833 1280 Anabaptistae.

1326 1281 1362 1313 ln
1397 1281 1510 1313 Coena
1544 1281 1676 1313 Domini
1711 1283 1921 1315 manducatio
1956 1286 2138 1317 communis
2171 1292 2225 1318 est

1241 1323 1515 1357 commonefactio
1540 1326 1580 1356 de
1603 1326 1767 1356 communi
1791 1325 1938 1364 foedere,
1963 1329 2224 1363 consociatione.

1241 1366 1481 1406 benevolentia,
1500 1368 1693 1406 concordia,
1712 1378 1797 1409 quae
1816 1369 1913 1401 debet
1931 1379 2009 1401 esse
2026 1371 2113 1402 inter
2123 1382 2223 1404 mem-

1243 1412 1303 1442 bra
1331 1410 1478 1442 eiusdem
1505 1409 1690 1442 Ecclesiae.
1735 1411 1819 1442 Nam
1849 1413 1905 1452 qui
1933 1419 2010 1444 sunt
2043 1414 2076 1444 in
2105 1415 2223 1445 eadem

1240 1463 1367 1490 mensa,
1390 1454 1511 1484 debent
1534 1463 1610 1484 esse
1634 1453 1719 1484 iuter
1737 1464 1775 1485 se
1793 1455 1897 1485 antici.
1936 1455 2075 1486 Veteres
2094 1456 2224 1488 Etbnici

1240 1541 1317 1571 ltem
1342 1537 1507 1569 faciebant
1531 1536 1665 1570 foedera
1688 1539 1720 1569 in
1744 1550 1809 1570 una
1832 1549 1964 1578 mensa,
1991 1541 2079 1572 unde
2107 1550 2139 1572 et
2166 1551 2224 1573 no-

1242 1592 1315 1613 men
1335 1581 1476 1619 otforda),
1496 1582 1527 1613 id
1548 1588 1610 1619 est,
1630 1579 1817 1619 libationes,
1841 1593 1901 1622 pro
1920 1582 2112 1615 foederibus
2130 1594 2224 1615 usur-

1241 1626 1374 1666 pabant.
1410 1624 1470 1655 Est
1488 1625 1585 1656 etiam
1603 1630 1699 1655 vetus
1719 1626 1931 1665 proverbium
1951 1626 2027 1657 binc
2045 1634 2222 1668 sumptum,

1240 1666 1298 1699 ἅλα
1320 1670 1371 1698 καὶ
1395 1667 1541 1708 τράπεζαν
1563 1667 1604 1706 μή
1628 1670 1842 1708 παραβαίνειν,
1875 1667 1949 1699 Non
1978 1669 2073 1700 debes
2101 1671 2225 1701 riolnre

1240 1712 1338 1742 salem
1369 1714 1399 1742 et
1428 1720 1581 1747 mensam,
1614 1711 1643 1741 id
1674 1719 1742 1749 est,
1773 1712 1905 1753 quando
1930 1713 2030 1743 sedes
2054 1713 2086 1743 in
2109 1723 2225 1744 mensa

1240 1765 1316 1787 cum
1338 1753 1462 1795 aliquo,
1487 1754 1590 1785 debes
1613 1755 1696 1785 tueri
1715 1755 1888 1785 amicitiam
1908 1761 1938 1785 ct
1960 1753 2224 1803 bqievolentiam

1240 1804 1394 1830 mutuam.
1441 1796 1531 1828 Haec
1555 1797 1620 1828 dixi
1643 1797 1674 1827 in
1698 1807 1822 1839 genere
1846 1798 1887 1827 de
1911 1809 1975 1829 usu
1997 1799 2169 1835 simiorum
2191 1804 2226 1830 et

1240 1843 1538 1873 Sacramentomm.
1596 1840 1739 1871 Pertinet
1781 1847 1889 1872 autem
1929 1842 1972 1872 ad
2011 1835 2225 1883 principalem

1240 1894 1336 1916 usum
1359 1883 1536 1925 praecipue
1559 1883 1710 1914 doctrina
1733 1884 1774 1914 de
1798 1883 1880 1921 fide,
1911 1884 1996 1920 Quia
2017 1885 2103 1917 sicut
2128 1895 2225 1926 opor-

1240 1934 1287 1958 tet
1310 1926 1561 1968 promissionem
1595 1926 1658 1957 tide
1681 1927 1804 1968 accipi:
1841 1927 1888 1958 lta
1917 1934 2048 1969 oportet
2077 1937 2140 1959 nos
2165 1927 2225 1960 Sa-

1242 1970 1420 2002 cramentis
1444 1970 1488 2000 uti
1511 1970 1543 2000 in
1567 1968 1641 2000 tide.

1327 2013 1398 2044 Hoc
1434 2019 1502 2050 est,
1545 2013 1632 2053 quod
1668 2023 1769 2053 saepe
1804 2013 1958 2045 dicimus:
1995 2012 2225 2046 Exercendum

1242 2067 1319 2088 esse
1350 2056 1447 2087 tidem
1477 2056 1509 2086 in
1533 2056 1768 2087 Sacramentis.
1832 2056 1906 2087 Non
1931 2057 2088 2088 debemus
2111 2057 2224 2099 imag-i·

1243 2101 1312 2131 nari
1347 2105 1516 2130 exter-mun
1541 2109 1624 2139 opus
1650 2109 1725 2129 csse
1749 2100 1962 2134 meritorium.
1991 2099 2045 2130 vel
2069 2101 2225 2141 propitia-

1242 2145 1371 2180 torium,
1407 2140 1459 2172 vel
1495 2143 1594 2182 recipi
1619 2153 1680 2173 nos
1704 2149 1841 2183 propter
1863 2144 1971 2183 signa.
2004 2143 2063 2173 sed
2094 2149 2225 2184 oportet

1242 2198 1306 2218 nos
1329 2192 1486 2217 statuere.
1511 2186 1598 2227 quod
1624 2186 1804 2217 babeamus
1825 2185 1929 2217 Deum
1947 2187 2132 2227 propitium,
2156 2194 2224 2217 tan-

1243 2237 1308 2261 tum
1333 2234 1467 2271 propter
1491 2229 1689 2270 promissum
1714 2228 1900 2262 nummum.
1925 2239 1991 2260 non
2011 2235 2147 2270 propter
2167 2238 2226 2260 no-

1242 2280 1344 2304 strum
1368 2282 1463 2313 opus.
1510 2272 1602 2302 Sicut
1628 2272 1796 2303 Abrabam
1820 2273 1913 2303 scivit
1938 2282 1976 2303 se
1994 2273 2114 2304 iustum
2138 2280 2226 2310 esse,

1244 2327 1308 2347 non
1334 2323 1470 2357 propter
1494 2315 1791 2347 circumcisionem.
1816 2317 1874 2347 sed
1898 2325 1936 2347 se
1961 2316 2060 2357 recipi
2090 2322 2227 2357 propter

1244 2366 1415 2391 venturum
1442 2357 1628 2395 Dominum,
1652 2369 1711 2389 seu
1745 2365 1872 2399 iropter
1888 2359 2087 2399 promissum
2100 2367 2225 2395 semen,

1243 2403 1330 2444 quod
1357 2401 1607 2442 significabatur
1630 2412 1689 2443 per
1713 2400 1733 2432 il
1752 2402 1793 2433 ud
1818 2409 1989 2433 externum
2018 2402 2160 2443 signum.

1332 2446 1509 2476 Audivcrat
1548 2445 1655 2485 prius:
1691 2445 1728 2476 Ιιι
1762 2449 1885 2476 sename
1917 2450 1970 2476 mo
1999 2446 2227 2476 &praedicentur

1243 2499 1353 2520 omnes
1373 2494 1491 2527 ymnus.
1537 2489 1665 2519 Sciebat
1691 2488 1789 2530 igitur
1812 2488 2082 2525 Sacramentum,
2107 2485 2161 2519 vel
2183 2487 2226 2518 si-

1245 2543 1344 2573 gnum
1370 2531 1631 2562 circumcisionis
1656 2541 1732 2562 csse
1755 2531 1990 2565 testimoninm.
2051 2531 2117 2562 uod
2147 2539 2226 2562 con-

1246 2575 1430 2606 firmaretur
1471 2576 1542 2605 eius
1582 2574 1677 2606 tides.
1745 2573 1791 2605 lta
1832 2582 1862 2605 et
1905 2575 1982 2605 novi
2050 2574 2225 2605 ammenti

1245 2619 1478 2651 Sacramenta.
1519 2616 1820 2649 commonefaciunt
1859 2627 1921 2647 nos
1962 2618 2004 2649 de
2038 2617 2120 2655 tide,
2159 2626 2225 2648 non

1245 2669 1322 2694 sunt
1354 2662 1518 2693 meritoria
1549 2670 1669 2702 opera,
1703 2671 1769 2692 non
1803 2661 1982 2693 iustificam
2016 2669 2080 2692 noa
2113 2669 2226 2691 coram
