2324 2958
102 147 169 181 9⁶23

103 249 159 276 est
180 250 320 276 mortua.
375 243 495 277 Petrus
528 250 581 276 est
607 254 690 277 usus
712 246 875 287 particula
907 259 945 278 κα
966 248 1014 288 τοὶ,
1036 259 1087 281 εε-

105 289 250 319 cundum.
310 287 360 318 Ea
405 286 566 328 particula
599 286 723 320 Paulus
767 291 864 321 etiam
901 301 983 322 usus
1022 297 1086 329 est,

106 330 240 371 quando
284 331 326 361 ad
370 329 540 362 Romanos
580 330 678 362 dicit:
729 334 902 365 secundum
944 343 1086 365 carnem.

106 373 248 407 Quando
284 373 422 404 dicimus
462 373 504 404 de
537 372 687 406 Christo:
731 377 820 407 Deus
854 381 904 407 est
933 381 1086 415 mortuus,

104 414 189 446 haec
221 416 404 456 propositio
441 422 494 448 est
527 426 626 454 vera,
672 418 970 451 communicatione
1005 418 1086 450 idio-

105 463 240 489 matum.

169 573 279 630 Quid
312 587 374 621 est
398 579 722 622 communicatio
754 582 1028 624 Idjomatum‘3

193 670 254 702 Est
272 670 378 703 forma
400 670 568 713 loquendi,
591 673 724 715 qnando
747 674 979 714 proprietates,
1003 684 1088 716 quae

106 715 307 746 conveniunt
329 713 479 746 alterutri
512 722 668 754 naturae,
709 717 894 748 tribuuntur
923 727 1088 757 personae

105 757 139 788 in
163 765 337 795 concreto,
370 764 507 799 propter
533 760 687 790 unionem
714 759 968 801 hypostaticam.
1011 760 1088 791 Non

106 798 277 841 intelligite
301 799 477 842 Physicam
512 803 858 840 communicationem,
893 806 954 835 veie
976 805 1089 835 etliclee

106 845 301 875 schendtlich
323 845 433 875 reden.

45 1017 53 1025 ·
106 998 281 1039 Valetne
312 1000 620 1054 consequentia:
657 1007 797 1039 Chris-to·
812 1011 1010 1048 promissum
1042 1014 1094 1042 est

194 1083 345 1113 regnum.-
372 1075 457 1113 Eryo
479 1084 611 1106 necesse
630 1078 697 1114 fuit
720 1076 808 1107 illum
830 1086 1005 1117 resmyeoe

501 1144 545 1165 ez·
572 1136 697 1167 morte?

193 1217 304 1249 Valet.
362 1217 505 1249 Contra:
546 1218 682 1251 Poterat
716 1229 857 1261 regnare
891 1221 989 1253 etiam
1023 1233 1090 1254 non

106 1261 336 1293 resuscitatus.
383 1260 596 1302 Respondeo.
641 1263 708 1293 Sed
736 1273 803 1293 non
827 1264 1010 1296 secundum
1034 1265 1091 1298 hu·

105 1314 235 1336 manain
262 1309 433 1335 naturam:
467 1303 535 1335 lmo
569 1305 753 1337 secundum
787 1305 963 1338 humanam
997 1313 1091 1340 natu-

105 1357 191 1378 ram:
216 1347 292 1388 quia
314 1346 422 1379 anima
444 1353 495 1378 est
517 1358 596 1388 pars
620 1348 784 1379 humanae
802 1354 951 1381 naturae.
986 1349 1089 1393 ldque

105 1389 193 1427 dico,
228 1395 263 1421 ut
285 1395 514 1431 argumentum
549 1390 699 1422 videatur
731 1401 810 1422 esse
842 1391 978 1424 firmius.
1024 1394 1090 1426 Re-

105 1432 267 1474 spondeo.
312 1431 437 1464 Textus
468 1433 545 1464 dicit
572 1434 826 1474 promissionem
855 1434 977 1467 saetam
1000 1446 1090 1476 esse,

104 1481 141 1507 ut
163 1481 262 1506 natus
286 1485 327 1506 ex
346 1473 466 1507 lumbis
479 1475 589 1507 David
609 1476 732 1509 habeat
749 1487 888 1519 regnum
907 1484 1090 1512 aeternum.

104 1517 179 1550 Hoc
202 1519 344 1559 pertinet
367 1519 409 1549 ad
433 1524 536 1550 totam
558 1518 734 1552 humanam
758 1527 920 1553 naturam.
954 1521 996 1554 Et
1019 1533 1092 1555 cor-

104 1571 169 1603 pus
192 1562 341 1593 nascitur
362 1571 404 1593 ex
427 1561 547 1594 lumbis
570 1562 692 1602 David,
715 1564 870 1606 quicquid
894 1565 937 1596 sit
959 1566 1002 1598 de
1022 1567 1092 1598 ani-

105 1613 179 1637 mae
201 1605 349 1636 traduce.
381 1604 562 1637 Promissio
586 1606 680 1638 dicit:
702 1609 846 1647 Refflmm
857 1609 984 1641 habebit
995 1615 1093 1643 natus

106 1657 150 1679 ex
172 1649 286 1680 lumbis
309 1647 467 1681 Doridis:
488 1650 574 1689 Erqo
596 1651 690 1682 lemno
711 1655 869 1691 resumet.

107 1795 217 1846 Quid
257 1804 319 1836 est
357 1797 567 1847 exaltatio,
599 1798 651 1838 de
684 1812 765 1853 qua
797 1799 942 1842 Petrus
975 1802 1089 1843 dicit:

393 1880 485 1911 Hunc
507 1883 664 1913 exaltarit
684 1881 801 1914 Deus?

194 1971 230 2003 ln
265 1971 486 2004 Scholasticis
524 1974 757 2015 scriptoribus
788 1977 922 2009 dicitur:
965 1980 1090 2020 610νίίί-

106 2019 192 2047 calio
214 2019 355 2048 continet
375 2018 659 2057 impassibilitatem
682 2024 713 2051 el
735 2023 1009 2055 immortalitatem.

363 2121 487 2163 Estne
519 2124 614 2165 satis
645 2124 833 2166 dictum?

195 2212 291 2245 Non:
332 2213 417 2249 Quia
447 2214 671 2257 unusquilibet
711 2216 811 2248 homo
846 2219 896 2249 sic
925 2217 1089 2261 glorifica-

108 2256 206 2288 bitur.
250 2255 299 2288 Tu
323 2258 372 2288 sic
395 2256 656 2299 glorificaberis,
683 2266 718 2291 ut
745 2262 977 2299 resuscitatus,
1001 2263 1090 2294 ‹lein-

109 2310 190 2341 ceps
215 2310 281 2330 non
304 2301 352 2331 sis
375 2302 546 2333 subiectus
568 2303 682 2341 morti,
715 2304 775 2335 sed
795 2303 924 2336 futurus
953 2305 1089 2344 (ἱπηθής,

109 2343 142 2374 id
161 2349 225 2381 est,
259 2344 313 2385 qui
337 2342 427 2375 nullo
451 2345 548 2376 modo
572 2343 657 2377 laedi
682 2347 800 2387 possit.
856 2347 1001 2386 moises,
1036 2349 1090 2390 qui

109 2391 161 2417 est
184 2386 214 2417 in
239 2385 346 2424 coelo,
371 2385 497 2425 Helias,
521 2394 552 2419 et
576 2387 665 2420 multi
689 2391 813 2427 sancti,
843 2391 897 2432 qui
922 2402 995 2423 curn
1020 2403 1092 2422 coi»

107 2429 245 2471 poribus
278 2431 348 2461 suis
382 2438 634 2463 resurrexerunt
668 2444 741 2465 cum
766 2432 918 2467 Christo.
952 2441 985 2465 et
1014 2441 1091 2466 sunt

107 2473 141 2503 in
176 2471 285 2511 coelo,
321 2474 370 2504 sic
394 2479 469 2505 sunt
495 2473 680 2517 glorificati.
726 2476 857 2518 Corpus
892 2477 1008 2509 Heliae
1041 2485 1092 2509 est

108 2513 366 2553 invulnerabile,
399 2527 490 2548 mors
513 2518 542 2549 ei
566 2529 631 2550 non
656 2519 857 2551 dominatur:
892 2519 982 2564 Ergo
1011 2532 1092 2552 non-

109 2558 185 2590 dum
220 2565 272 2591 est
306 2560 388 2591 satis
423 2561 565 2592 dictum:
607 2562 684 2604 quia
718 2562 833 2595 Heliae
867 2574 991 2606 corpus
1024 2575 1090 2596 non

108 2609 227 2644 regnat
249 2608 286 2634 ut
307 2601 469 2636 Christus.

744 151 857 184 PHIL.
879 151 983 186 MEL.
1006 153 1194 188 SCRIPTA
1215 152 1480 187 EXEGETICA.

2053 157 2119 191 924

1243 316 1354 368 Quid
1385 324 1448 359 est
1485 332 1582 374 ergo
1614 319 1807 360 exaltatio
1839 296 2015 361 Christi?

1225 415 1288 448 Est
1309 426 1383 449 eum
1401 425 1479 448 esse
1496 417 1713 450 Sacerdotem
1736 424 1769 451 et
1789 428 1902 462 regem
1914 425 2119 461 perpetuum.

1138 459 1206 491 Iste
1250 460 1350 491 homo
1390 458 1544 492 Christus
1560 462 1577 499 ‘,'
1628 467 1694 492 stat
1744 463 1778 493 in
1824 469 2008 504 conspectu
2058 463 2121 495 Pa·

1139 503 1218 540 tris,
1251 503 1285 534 in
1324 512 1448 534 arcano
1489 502 1629 535 consilio
1665 504 1792 543 Patris,
1828 504 2018 547 interpellat
2056 516 2118 548 pro

1139 545 1253 576 nobis:
1278 545 1356 576 item
1379 544 1509 588 colligit
1533 556 1574 577 ac
1599 545 1750 578 defendit
1771 546 1973 579 Ecclesiam.
2026 548 2120 581 Haec

1140 593 1193 619 est
1229 587 1390 619 exaltatio
1430 588 1463 619 in
1500 599 1608 632 regno
1652 595 1685 621 et
1725 590 1915 623 sacerdotio
1932 613 1942 629 ,
1983 592 2120 633 propria

1140 629 1276 661 Christi.
1331 629 1566 663 Immortalitas
1602 637 1634 663 et
1664 632 1916 674 impassibilitas
1950 644 2018 665 non
2041 639 2121 666 sunt

1139 678 1266 705 tantum
1289 671 1414 704 Christi
1442 675 1587 716 propria.
1642 675 1696 706 De
1731 674 1806 707 solo
1830 675 1969 708 Christo
1994 677 2120 709 dictum

1141 721 1208 747 est:
1240 716 1287 747 Tu
1315 725 1351 747 es
1373 717 1534 749 Sacerdos
1555 717 1590 749 in
1611 723 1788 751 aeternum.
1833 719 1932 757 Item,
1966 720 2049 752 Sede
2078 721 2124 752 ad

1138 760 1287 790 dextram
1319 768 1440 800 meam,
1473 764 1507 791 et
1535 761 1703 793 dominare
1735 765 1770 793 in
1802 763 1902 794 medio
1925 763 2122 795 inimic-omem

1140 805 1276 833 tuorum.
1321 801 1414 833 Haec
1438 811 1506 832 non
1531 802 1615 834 fiunt
1640 802 1800 846 gloriose.
1845 804 1886 836 Et
1917 815 2122 847 quamquam

1140 850 1261 885 regnat
1284 842 1440 876 Christus
1471 845 1584 876 divina
1606 847 1772 887 potentia;
1808 853 1918 879 tamen
1945 854 2066 890 regnat
2087 848 2122 879 in

1140 887 1285 919 humana
1306 892 1438 926 natura,
1460 893 1493 919 et
1514 887 1616 919 multa
1639 899 1783 931 corpore
1805 900 1866 922 suo
1890 889 1980 922 facit.
2027 890 2122 922 Haec

1141 935 1337 961 reverenter
1381 936 1460 962 sunt
1500 931 1691 972 cogitanda.
1760 932 1915 965 Sciamus
1959 935 2120 966 interces-

1142 973 1269 1004 sionem
1291 982 1354 1014 pro
1389 973 1488 1004 nobis
1511 983 1589 1004 esse
1612 980 1740 1015 partem
1768 975 1984 1008 exaltationis
2008 977 2043 1008 in
2065 986 2121 1008 sa·

1143 1015 1292 1047 cerdotio
1317 1014 1453 1054 Christi,
1476 1017 1599 1047 stantis
1628 1017 1661 1048 in
1685 1017 1827 1049 consilio
1850 1019 1977 1050 aeterni
1996 1019 2123 1058 Patris,

1143 1058 1354 1099 deprecantis
1377 1068 1438 1100 pro
1462 1059 1580 1098 nobis,
1613 1064 1647 1090 et
1675 1059 1874 1102 applicantis
1907 1071 2003 1094 suum
2026 1062 2123 1093 meri·

1143 1107 1220 1133 tum.
1265 1101 1323 1133 Sic
1346 1099 1581 1134 exaltationem
1606 1101 1729 1135 Christi
1763 1104 1797 1135 in
1832 1113 1940 1146 regno
1973 1105 2122 1137 sciamus

1144 1153 1234 1182 esse,
1258 1144 1348 1185 quod
1370 1145 1435 1175 ista
1458 1155 1605 1186 persona
1629 1144 1756 1188 colligit
1778 1145 1980 1185 Ecclesiam,
2009 1146 2123 1180 defen-

1144 1187 1190 1218 dit
1214 1196 1278 1218 nos
1298 1187 1462 1219 adversus
1474 1186 1652 1227 Diabolus,
1671 1195 1723 1220 est
1742 1196 1860 1221 noster
1881 1196 2122 1232 propugnator.

1143 1230 1216 1261 Nisi
1250 1230 1324 1271 ipse
1363 1240 1428 1262 nos
1461 1236 1607 1273 tegeret,
1647 1230 1761 1263 multis
1801 1231 1954 1264 cladibus
1988 1233 2124 1265 assidue

1143 1271 1366 1304 afficeremur.
1411 1272 1518 1308 Quam
1540 1283 1645 1315 prope
1667 1274 1792 1306 factum
1816 1281 1919 1313 esset,
1941 1282 1977 1307 ut
1999 1277 2034 1307 in
2056 1275 2124 1308 hac

1142 1321 1242 1347 nocte
1265 1313 1390 1347 multae
1425 1316 1547 1348 caedes
1578 1315 1716 1354 fierent,
1749 1317 1812 1349 nisi
1841 1316 1944 1349 Filius
1967 1317 2032 1351 Dei
2059 1328 2123 1351 nos

1143 1358 1306 1390 texisset?
1345 1358 1410 1396 (Ea
1433 1368 1514 1390 vero
1537 1359 1612 1400 ipsa
1634 1366 1735 1391 nocte
1759 1358 1955 1392 defenderat
1984 1371 2023 1392 se
2045 1361 2123 1393 Phi·

1141 1401 1252 1443 lippus
1276 1407 1395 1432 contra
1417 1400 1595 1440 Polonum,
1629 1402 1744 1435 armis,
1763 1403 1798 1433 in
1828 1412 1903 1435 eum
1930 1403 2123 1443 irruentem,

1143 1445 1198 1487 qui
1221 1449 1340 1486 postea
1361 1454 1403 1475 ex
1437 1444 1620 1476 Academia
1642 1443 1800 1477 exclusus
1830 1450 1910 1485 est.)
1968 1445 2124 1489 Cogitate

1142 1497 1206 1520 nos
1229 1485 1298 1519 filio
1322 1486 1386 1519 Dei
1408 1496 1487 1518 esse
1508 1487 1647 1527 insitos,
1676 1494 1710 1520 et
1733 1498 1812 1520 esse
1834 1489 1983 1521 membra
2004 1488 2124 1522 Eccle-

1142 1532 1224 1563 siae.
1280 1530 1357 1571 lpse
1396 1529 1544 1562 defendit
1578 1541 1662 1570 neS,
1701 1538 1885 1571 sustentat,
1926 1542 2125 1575 quamquam

1143 1574 1294 1606 miseros.
1338 1572 1501 1605 Defensio
1525 1579 1578 1606 est
1600 1574 1705 1617 regni.
1761 1575 1855 1613 Item,
1877 1575 2059 1608 Vivificare
2082 1585 2124 1608 ex

1142 1623 1260 1655 morte,
1283 1616 1363 1648 dare
1386 1617 1486 1648 vitam
1507 1623 1688 1653 aeternam,
1713 1619 1919 1650 resuscitare
1942 1628 1984 1650 ex
2002 1624 2123 1658 morte,

1144 1661 1309 1703 pertinent
1331 1659 1374 1691 ad
1397 1658 1631 1692 exaltationem
1654 1660 1687 1692 in
1711 1671 1826 1703 regno.
1879 1660 2009 1694 Discite
2041 1671 2124 1705 ergo

1144 1705 1303 1735 invocare
1337 1701 1516 1741 Christum,
1549 1713 1616 1735 non
1639 1704 1795 1743 otiosum,
1829 1705 1891 1736 sed
1925 1711 2068 1737 stantem
2091 1705 2126 1736 in

1145 1745 1287 1779 consilio
1309 1745 1433 1784 Patris,
1458 1747 1718 1779 intercedentem
1741 1758 1802 1788 pro
1826 1747 1939 1786 nobis,
1962 1746 2126 1790 colligen-

1143 1797 1208 1822 tem
1231 1788 1431 1829 Ecclesiam,
1454 1795 1656 1829 servantem,
1678 1790 1923 1829 vivificantem,
1954 1797 1987 1823 et
2012 1790 2126 1823 defen-

1142 1834 1273 1865 dentem
1291 1842 1364 1864 nos.

1187 1998 1385 2054 Exempla
1423 1998 1588 2039 visibilis
1626 1997 1878 2053 praesentiae
1910 1997 2080 2054 Spiritus

1563 2075 1702 2116 sancti.

1229 2174 1297 2206 Sed
1320 2176 1416 2207 venio
1441 2175 1482 2207 ad
1506 2174 1696 2213 historiam,
1730 2184 1818 2217 quae
1841 2181 1892 2207 est
1915 2176 2062 2208 narratio
2081 2177 2124 2210 de

1144 2216 1262 2249 visibili
1285 2218 1443 2250 missione
1466 2219 1609 2261 Spiritus
1633 2218 1749 2249 sancti.
1795 2218 1958 2251 Sci-ibitur
1980 2220 2023 2252 de
2046 2220 2125 2253 Am·

1144 2262 1270 2301 brosio,
1300 2262 1434 2304 quando
1470 2262 1607 2294 dictavit
1641 2261 1882 2293 enarrationem
1918 2261 2061 2302 Psalmi,
2090 2263 2124 2296 in

1143 2316 1210 2346 quo
1239 2311 1316 2337 sunt
1345 2306 1428 2337 haec
1459 2305 1579 2336 verba:
1610 2304 1703 2336 Sicut
1729 2315 1802 2337 ores
1829 2306 2034 2344 mortificare?
2065 2317 2126 2339 noe

1143 2353 1208 2380 tom
1229 2349 1290 2380 die.
1335 2348 1381 2379 lbi
1405 2349 1517 2380 scriba
1539 2348 1618 2379 vidit
1653 2347 1816 2380 flammam
1846 2348 1936 2380 circa
1971 2359 2010 2380 os
2042 2350 2124 2382 eius.

1145 2391 1231 2422 idem
1267 2392 1308 2423 de
1336 2391 1430 2424 Helia
1467 2392 1628 2432 scriptum
1658 2397 1726 2430 est,
1765 2391 1898 2433 quando
1936 2392 2028 2423 vitus
2071 2398 2125 2424 est

1145 2433 1325 2466 infantulus
1349 2434 1494 2467 lambere
1516 2433 1669 2475 papillas,
1692 2440 1725 2466 et
1747 2435 1851 2466 ubera
1870 2435 1997 2473 matris,
2019 2442 2125 2467 mater

1146 2483 1177 2508 et
1199 2477 1252 2509 alii
1288 2479 1438 2510 homines
1462 2478 1615 2509 viderunt
1649 2488 1724 2510 eum
1746 2488 1868 2519 capere
1891 2488 1956 2509 una
1981 2488 2054 2510 cum
2077 2476 2125 2511 la·

1146 2528 1198 2552 cte
1234 2520 1410 2554 flammam.
1473 2521 1704 2564 Significatum
1734 2526 1804 2557 est,
1839 2519 1982 2553 futurum
2016 2521 2048 2553 in
2081 2531 2123 2553 eo

1146 2564 1302 2606 Spiritum
1336 2570 1504 2602 sanctum.
1537 2571 1569 2596 et
1603 2565 1752 2597 actiones
1779 2564 1921 2605 Spiritus
1954 2564 2062 2596 sancti
2091 2565 2125 2596 in

1145 2618 1185 2639 eo
1209 2605 1338 2639 suturas
1360 2618 1437 2640 esse
1460 2608 1598 2640 eximias
1619 2614 1651 2640 et
1673 2606 1873 2652 singulares⁸
