<?xml version="1.0" encoding="UTF-8"?>
<!DOCTYPE html PUBLIC "-//W3C//DTD XHTML 1.0 Transitional//EN"
    "http://www.w3.org/TR/xhtml1/DTD/xhtml1-transitional.dtd">
<html xmlns="http://www.w3.org/1999/xhtml" xml:lang="en" lang="en">
 <head>
  <title>
</title>
<meta http-equiv="Content-Type" content="text/html;charset=utf-8" />
  <meta name='ocr-system' content='tesseract 3.04.00' />
  <meta name='ocr-capabilities' content='ocr_page ocr_carea ocr_par ocr_line ocrx_word'/>
</head>
<body>
  <div class='ocr_page' id='page_1' title='image "./operaquaesupersu24melauoft_0086.png"; bbox 0 0 2324 2958; ppageno 0'>
   <div class='ocr_carea' id='block_1_1' title="bbox 219 169 820 290">
    <p class='ocr_par' dir='ltr' id='par_1_1' title="bbox 219 169 820 290">
     <span class='ocr_line' id='line_1_1' title="bbox 219 169 280 201; baseline 0 0"><span class='ocrx_word' id='word_1_1' title='bbox 219 169 280 201; x_wconf 82' lang='lat'>119</span> 
     </span>
     <span class='ocr_line' id='line_1_2' title="bbox 592 254 820 290; baseline 0.004 -1"><span class='ocrx_word' id='word_1_2' title='bbox 592 254 820 290; x_wconf 81' lang='lat' dir='ltr'>APPENDIX</span> 
     </span>
    </p>
   </div>
   <div class='ocr_carea' id='block_1_2' title="bbox 215 354 1186 589">
    <p class='ocr_par' dir='ltr' id='par_1_2' title="bbox 215 354 1186 408">
     <span class='ocr_line' id='line_1_3' title="bbox 215 354 1186 408; baseline -0.005 -9"><span class='ocrx_word' id='word_1_3' title='bbox 215 358 453 399; x_wconf 85' lang='lat' dir='ltr'>Recitans</span> <span class='ocrx_word' id='word_1_4' title='bbox 485 354 1004 395; x_wconf 81' lang='lat' dir='ltr'>commonefactiones</span> <span class='ocrx_word' id='word_1_5' title='bbox 1044 369 1186 408; x_wconf 85' lang='lat' dir='ltr'>quas-</span> 
     </span>
    </p>

    <p class='ocr_par' dir='ltr' id='par_1_3' title="bbox 216 413 1186 470">
     <span class='ocr_line' id='line_1_4' title="bbox 216 413 1186 470; baseline -0.004 -12"><span class='ocrx_word' id='word_1_6' title='bbox 216 419 338 467; x_wconf 85' lang='lat' dir='ltr'>dam,</span> <span class='ocrx_word' id='word_1_7' title='bbox 371 416 544 456; x_wconf 81' lang='lat' dir='ltr'>eodem</span> <span class='ocrx_word' id='word_1_8' title='bbox 569 414 648 454; x_wconf 86' lang='lat' dir='ltr'>die</span> <span class='ocrx_word' id='word_1_9' title='bbox 676 414 960 455; x_wconf 77' lang='lat' dir='ltr'>nativitatis</span> <span class='ocrx_word' id='word_1_10' title='bbox 985 413 1186 470; x_wconf 61' lang='lat' dir='ltr'>Christi,</span> 
     </span>
    </p>

    <p class='ocr_par' dir='ltr' id='par_1_4' title="bbox 216 473 1186 589">
     <span class='ocr_line' id='line_1_5' title="bbox 216 473 1186 518; baseline -0.004 0"><span class='ocrx_word' id='word_1_11' title='bbox 216 476 429 518; x_wconf 84' lang='lat' dir='ltr'>diversis</span> <span class='ocrx_word' id='word_1_12' title='bbox 461 475 602 515; x_wconf 84' lang='lat' dir='ltr'>annis</span> <span class='ocrx_word' id='word_1_13' title='bbox 632 475 889 515; x_wconf 81' lang='lat' dir='ltr'>recitatas</span> <span class='ocrx_word' id='word_1_14' title='bbox 921 490 944 514; x_wconf 85' lang='lat' dir='ltr'>a</span> <span class='ocrx_word' id='word_1_15' title='bbox 976 473 1186 514; x_wconf 85' lang='lat' dir='ltr'>Domino</span> 
     </span>
     <span class='ocr_line' id='line_1_6' title="bbox 405 535 1002 589; baseline -0.003 -14"><span class='ocrx_word' id='word_1_16' title='bbox 405 535 635 589; x_wconf 87' lang='lat' dir='ltr'>Philippo</span> <span class='ocrx_word' id='word_1_17' title='bbox 667 535 1002 574; x_wconf 84' lang='lat' dir='ltr'>Melanthone.</span> 
     </span>
    </p>
   </div>
   <div class='ocr_carea' id='block_1_3' title="bbox 208 641 1190 2304">
    <p class='ocr_par' dir='ltr' id='par_1_5' title="bbox 213 641 1189 890">
     <span class='ocr_line' id='line_1_7' title="bbox 299 641 1188 679; baseline -0.004 -4"><span class='ocrx_word' id='word_1_18' title='bbox 299 645 332 675; x_wconf 93' lang='lat' dir='ltr'>ln</span> <span class='ocrx_word' id='word_1_19' title='bbox 356 642 507 674; x_wconf 88' lang='lat' dir='ltr'>doctrina</span> <span class='ocrx_word' id='word_1_20' title='bbox 530 643 571 673; x_wconf 87' lang='lat' dir='ltr'>de</span> <span class='ocrx_word' id='word_1_21' title='bbox 590 641 756 673; x_wconf 87' lang='lat' dir='ltr'>beneficiis</span> <span class='ocrx_word' id='word_1_22' title='bbox 780 641 916 679; x_wconf 80' lang='lat' dir='ltr'>Christi,</span> <span class='ocrx_word' id='word_1_23' title='bbox 944 647 977 672; x_wconf 88' lang='lat' dir='ltr'>et</span> <span class='ocrx_word' id='word_1_24' title='bbox 999 642 1041 672; x_wconf 92' lang='lat' dir='ltr'>de</span> <span class='ocrx_word' id='word_1_25' title='bbox 1065 642 1188 679; x_wconf 88' lang='lat' dir='ltr'>causis,</span> 
     </span>
     <span class='ocr_line' id='line_1_8' title="bbox 214 682 1188 728; baseline -0.001 -11"><span class='ocrx_word' id='word_1_26' title='bbox 214 692 350 728; x_wconf 85' lang='lat' dir='ltr'>propter</span> <span class='ocrx_word' id='word_1_27' title='bbox 383 695 466 727; x_wconf 88' lang='lat' dir='ltr'>quas</span> <span class='ocrx_word' id='word_1_28' title='bbox 501 685 585 716; x_wconf 83' lang='lat' dir='ltr'>duae</span> <span class='ocrx_word' id='word_1_29' title='bbox 607 691 744 716; x_wconf 87' lang='lat' dir='ltr'>naturae</span> <span class='ocrx_word' id='word_1_30' title='bbox 766 685 876 715; x_wconf 85' lang='lat' dir='ltr'>unitae</span> <span class='ocrx_word' id='word_1_31' title='bbox 898 685 963 715; x_wconf 79' lang='lat' dir='ltr'>sint</span> <span class='ocrx_word' id='word_1_32' title='bbox 987 685 1018 715; x_wconf 89' lang='lat' dir='ltr'>in</span> <span class='ocrx_word' id='word_1_33' title='bbox 1042 682 1188 722; x_wconf 87' lang='lat' dir='ltr'>Christo,</span> 
     </span>
     <span class='ocr_line' id='line_1_9' title="bbox 213 726 1188 770; baseline -0.003 -10"><span class='ocrx_word' id='word_1_34' title='bbox 213 727 292 761; x_wconf 90' lang='lat' dir='ltr'>utile</span> <span class='ocrx_word' id='word_1_35' title='bbox 315 734 367 760; x_wconf 89' lang='lat' dir='ltr'>est</span> <span class='ocrx_word' id='word_1_36' title='bbox 390 727 538 770; x_wconf 83' lang='lat' dir='ltr'>cogitare</span> <span class='ocrx_word' id='word_1_37' title='bbox 561 728 704 765; x_wconf 86' lang='lat' dir='ltr'>nomina,</span> <span class='ocrx_word' id='word_1_38' title='bbox 726 727 844 769; x_wconf 80' lang='lat' dir='ltr'>quibus</span> <span class='ocrx_word' id='word_1_39' title='bbox 868 726 921 757; x_wconf 85' lang='lat' dir='ltr'>hic</span> <span class='ocrx_word' id='word_1_40' title='bbox 943 726 1105 758; x_wconf 83' lang='lat' dir='ltr'>Dominus</span> <span class='ocrx_word' id='word_1_41' title='bbox 1130 738 1188 768; x_wconf 85' lang='lat' dir='ltr'>ap-</span> 
     </span>
     <span class='ocr_line' id='line_1_10' title="bbox 213 768 1188 813; baseline -0.002 -10"><span class='ocrx_word' id='word_1_42' title='bbox 213 770 354 813; x_wconf 87' lang='lat' dir='ltr'>pellatur</span> <span class='ocrx_word' id='word_1_43' title='bbox 386 776 542 812; x_wconf 81' lang='lat' dir='ltr'>respectu</span> <span class='ocrx_word' id='word_1_44' title='bbox 581 769 694 801; x_wconf 76' lang='lat' dir='ltr'>officii:</span> <span class='ocrx_word' id='word_1_45' title='bbox 737 768 852 805; x_wconf 77' lang='lat' dir='ltr'>Qualia</span> <span class='ocrx_word' id='word_1_46' title='bbox 892 775 983 801; x_wconf 87' lang='lat' dir='ltr'>sunt:</span> <span class='ocrx_word' id='word_1_47' title='bbox 1022 771 1188 810; x_wconf 77' lang='lat' dir='ltr'><em>Mediator,</em></span> 
     </span>
     <span class='ocr_line' id='line_1_11' title="bbox 213 812 1189 855; baseline -0.002 -8"><span class='ocrx_word' id='word_1_48' title='bbox 213 816 415 855; x_wconf 80' lang='lat' dir='ltr'><em>Redemptor,</em></span> <span class='ocrx_word' id='word_1_49' title='bbox 437 814 637 853; x_wconf 51' lang='lat' dir='ltr'>ludificator,</span> <span class='ocrx_word' id='word_1_50' title='bbox 660 814 814 852; x_wconf 77' lang='lat' dir='ltr'>Salvator,</span> <span class='ocrx_word' id='word_1_51' title='bbox 838 812 928 851; x_wconf 86' lang='lat' dir='ltr'>ltem,</span> <span class='ocrx_word' id='word_1_52' title='bbox 962 814 1036 845; x_wconf 76' lang='lat' dir='ltr'>Rea:</span> <span class='ocrx_word' id='word_1_53' title='bbox 1067 817 1099 844; x_wconf 87' lang='lat' dir='ltr'>et</span> <span class='ocrx_word' id='word_1_54' title='bbox 1131 814 1189 845; x_wconf 83' lang='lat' dir='ltr'>Sa-</span> 
     </span>
     <span class='ocr_line' id='line_1_12' title="bbox 213 859 335 890; baseline -0.025 0"><span class='ocrx_word' id='word_1_55' title='bbox 213 859 335 890; x_wconf 67' lang='lat' dir='ltr'>certios.</span> 
     </span>
    </p>

    <p class='ocr_par' dir='ltr' id='par_1_6' title="bbox 213 896 1190 1060">
     <span class='ocr_line' id='line_1_13' title="bbox 299 896 1190 941; baseline -0.001 -10"><span class='ocrx_word' id='word_1_56' title='bbox 299 897 435 941; x_wconf 84' lang='lat' dir='ltr'>Singula</span> <span class='ocrx_word' id='word_1_57' title='bbox 458 898 540 929; x_wconf 83' lang='lat' dir='ltr'>haec</span> <span class='ocrx_word' id='word_1_58' title='bbox 563 897 661 929; x_wconf 73' lang='lat' dir='ltr'>valde</span> <span class='ocrx_word' id='word_1_59' title='bbox 683 896 784 929; x_wconf 90' lang='lat' dir='ltr'>multa</span> <span class='ocrx_word' id='word_1_60' title='bbox 813 897 1103 939; x_wconf 88' lang='lat' dir='ltr'>comprehendunt.</span> <span class='ocrx_word' id='word_1_61' title='bbox 1148 897 1190 930; x_wconf 88' lang='lat' dir='ltr'>Et</span> 
     </span>
     <span class='ocr_line' id='line_1_14' title="bbox 214 939 1189 982; baseline -0.002 -7"><span class='ocrx_word' id='word_1_62' title='bbox 214 950 322 975; x_wconf 85' lang='lat' dir='ltr'>tamen</span> <span class='ocrx_word' id='word_1_63' title='bbox 347 940 467 973; x_wconf 88' lang='lat' dir='ltr'>collata</span> <span class='ocrx_word' id='word_1_64' title='bbox 491 941 644 980; x_wconf 73' lang='lat' dir='ltr'>invicem,</span> <span class='ocrx_word' id='word_1_65' title='bbox 672 941 777 982; x_wconf 85' lang='lat' dir='ltr'>magis</span> <span class='ocrx_word' id='word_1_66' title='bbox 800 939 1003 972; x_wconf 85' lang='lat' dir='ltr'>dulcescunt.</span> <span class='ocrx_word' id='word_1_67' title='bbox 1072 940 1189 973; x_wconf 87' lang='lat' dir='ltr'>Omnia</span> 
     </span>
     <span class='ocr_line' id='line_1_15' title="bbox 213 982 1188 1021; baseline -0.001 -4"><span class='ocrx_word' id='word_1_68' title='bbox 213 992 321 1017; x_wconf 91' lang='lat' dir='ltr'>autem</span> <span class='ocrx_word' id='word_1_69' title='bbox 345 983 526 1016; x_wconf 74' lang='lat' dir='ltr'>illustriora</span> <span class='ocrx_word' id='word_1_70' title='bbox 558 982 650 1021; x_wconf 82' lang='lat' dir='ltr'>fiunt,</span> <span class='ocrx_word' id='word_1_71' title='bbox 679 994 752 1015; x_wconf 91' lang='lat' dir='ltr'>cum</span> <span class='ocrx_word' id='word_1_72' title='bbox 775 985 880 1015; x_wconf 89' lang='lat' dir='ltr'>series</span> <span class='ocrx_word' id='word_1_73' title='bbox 903 990 936 1015; x_wconf 90' lang='lat' dir='ltr'>et</span> <span class='ocrx_word' id='word_1_74' title='bbox 958 984 1041 1016; x_wconf 76' lang='lat' dir='ltr'>ordo</span> <span class='ocrx_word' id='word_1_75' title='bbox 1064 984 1188 1016; x_wconf 83' lang='lat' dir='ltr'>benefi-</span> 
     </span>
     <span class='ocr_line' id='line_1_16' title="bbox 214 1026 680 1060; baseline -0.009 0"><span class='ocrx_word' id='word_1_76' title='bbox 214 1029 338 1060; x_wconf 88' lang='lat' dir='ltr'>ciorum</span> <span class='ocrx_word' id='word_1_77' title='bbox 362 1026 417 1058; x_wconf 86' lang='lat' dir='ltr'>filii</span> <span class='ocrx_word' id='word_1_78' title='bbox 441 1026 680 1057; x_wconf 81' lang='lat' dir='ltr'><strong>consideratur.</strong></span> 
     </span>
    </p>

    <p class='ocr_par' dir='ltr' id='par_1_7' title="bbox 211 1067 1186 1283">
     <span class='ocr_line' id='line_1_17' title="bbox 299 1067 1186 1112; baseline 0.001 -11"><span class='ocrx_word' id='word_1_79' title='bbox 299 1071 440 1101; x_wconf 90' lang='lat' dir='ltr'>Primum</span> <span class='ocrx_word' id='word_1_80' title='bbox 463 1069 596 1099; x_wconf 80' lang='lat' dir='ltr'>mittitur</span> <span class='ocrx_word' id='word_1_81' title='bbox 619 1067 704 1100; x_wconf 87' lang='lat' dir='ltr'>filius</span> <span class='ocrx_word' id='word_1_82' title='bbox 727 1069 769 1100; x_wconf 88' lang='lat' dir='ltr'>ad</span> <span class='ocrx_word' id='word_1_83' title='bbox 791 1068 991 1108; x_wconf 82' lang='lat' dir='ltr'>Ecclesiam,</span> <span class='ocrx_word' id='word_1_84' title='bbox 1019 1075 1055 1101; x_wconf 85' lang='lat' dir='ltr'>ut</span> <span class='ocrx_word' id='word_1_85' title='bbox 1076 1069 1186 1112; x_wconf 84' lang='lat' dir='ltr'>profe-</span> 
     </span>
     <span class='ocr_line' id='line_1_18' title="bbox 212 1111 1185 1155; baseline -0.001 -10"><span class='ocrx_word' id='word_1_86' title='bbox 212 1120 263 1145; x_wconf 86' lang='lat' dir='ltr'>rat</span> <span class='ocrx_word' id='word_1_87' title='bbox 295 1112 548 1155; x_wconf 84' lang='lat' dir='ltr'>promissionem</span> <span class='ocrx_word' id='word_1_88' title='bbox 577 1112 618 1142; x_wconf 88' lang='lat' dir='ltr'>de</span> <span class='ocrx_word' id='word_1_89' title='bbox 652 1111 761 1143; x_wconf 83' lang='lat' dir='ltr'>salute</span> <span class='ocrx_word' id='word_1_90' title='bbox 782 1113 914 1154; x_wconf 72' lang='lat' dir='ltr'>generis</span> <span class='ocrx_word' id='word_1_91' title='bbox 937 1112 1088 1151; x_wconf 86' lang='lat' dir='ltr'>humani,</span> <span class='ocrx_word' id='word_1_92' title='bbox 1121 1113 1185 1145; x_wconf 90' lang='lat' dir='ltr'>hoc</span> 
     </span>
     <span class='ocr_line' id='line_1_19' title="bbox 213 1153 1186 1197; baseline -0.001 -9"><span class='ocrx_word' id='word_1_93' title='bbox 213 1162 281 1194; x_wconf 83' lang='lat' dir='ltr'>est,</span> <span class='ocrx_word' id='word_1_94' title='bbox 314 1162 349 1187; x_wconf 90' lang='lat' dir='ltr'>ut</span> <span class='ocrx_word' id='word_1_95' title='bbox 371 1153 495 1186; x_wconf 78' lang='lat' dir='ltr'>revelet</span> <span class='ocrx_word' id='word_1_96' title='bbox 516 1153 732 1196; x_wconf 78' lang='lat' dir='ltr'>Evangelium</span> <span class='ocrx_word' id='word_1_97' title='bbox 755 1165 796 1186; x_wconf 79' lang='lat' dir='ltr'>ex</span> <span class='ocrx_word' id='word_1_98' title='bbox 819 1166 942 1187; x_wconf 88' lang='lat' dir='ltr'>arcano</span> <span class='ocrx_word' id='word_1_99' title='bbox 965 1154 1106 1188; x_wconf 90' lang='lat' dir='ltr'>consilio</span> <span class='ocrx_word' id='word_1_100' title='bbox 1128 1167 1186 1197; x_wconf 88' lang='lat' dir='ltr'>pa-</span> 
     </span>
     <span class='ocr_line' id='line_1_20' title="bbox 211 1198 1186 1239; baseline 0.001 -9"><span class='ocrx_word' id='word_1_101' title='bbox 211 1200 283 1237; x_wconf 88' lang='lat' dir='ltr'>tris,</span> <span class='ocrx_word' id='word_1_102' title='bbox 307 1205 341 1230; x_wconf 91' lang='lat' dir='ltr'>ut</span> <span class='ocrx_word' id='word_1_103' title='bbox 367 1198 496 1229; x_wconf 84' lang='lat' dir='ltr'>dicitur:</span> <span class='ocrx_word' id='word_1_104' title='bbox 526 1199 628 1229; x_wconf 82' lang='lat' dir='ltr'>Deum</span> <span class='ocrx_word' id='word_1_105' title='bbox 661 1208 753 1229; x_wconf 79' lang='lat' dir='ltr'>nemo</span> <span class='ocrx_word' id='word_1_106' title='bbox 771 1200 849 1230; x_wconf 67' lang='lat' dir='ltr'>nictit</span> <span class='ocrx_word' id='word_1_107' title='bbox 864 1209 1011 1238; x_wconf 72' lang='lat' dir='ltr'>unquam.</span> <span class='ocrx_word' id='word_1_108' title='bbox 1076 1201 1186 1239; x_wconf 74' lang='lat' dir='ltr'>Filius,</span> 
     </span>
     <span class='ocr_line' id='line_1_21' title="bbox 211 1243 1020 1283; baseline -0.004 -9"><span class='ocrx_word' id='word_1_109' title='bbox 211 1246 266 1283; x_wconf 77' lang='lat' dir='ltr'>qui</span> <span class='ocrx_word' id='word_1_110' title='bbox 286 1246 334 1273; x_wconf 80' lang='lat' dir='ltr'>est</span> <span class='ocrx_word' id='word_1_111' title='bbox 354 1245 387 1272; x_wconf 80' lang='lat' dir='ltr'>in</span> <span class='ocrx_word' id='word_1_112' title='bbox 409 1244 482 1271; x_wconf 82' lang='grc' dir='ltr'><em>,ςιήιι</em></span> <span class='ocrx_word' id='word_1_113' title='bbox 500 1243 618 1280; x_wconf 77' lang='lat' dir='ltr'>patris,</span> <span class='ocrx_word' id='word_1_114' title='bbox 642 1244 711 1281; x_wconf 74' lang='lat' dir='ltr'>ipse</span> <span class='ocrx_word' id='word_1_115' title='bbox 733 1245 901 1273; x_wconf 74' lang='lat' dir='ltr'>enarrat-ic</span> <span class='ocrx_word' id='word_1_116' title='bbox 920 1243 1020 1275; x_wconf 74' lang='lat' dir='ltr'>nobt&#39;s.</span> 
     </span>
    </p>

    <p class='ocr_par' dir='ltr' id='par_1_8' title="bbox 208 1283 1189 1576">
     <span class='ocr_line' id='line_1_22' title="bbox 296 1283 1187 1326; baseline 0.001 -11"><span class='ocrx_word' id='word_1_117' title='bbox 296 1283 370 1315; x_wconf 85' lang='lat' dir='ltr'>Hoc</span> <span class='ocrx_word' id='word_1_118' title='bbox 392 1289 548 1324; x_wconf 87' lang='lat' dir='ltr'>quantum</span> <span class='ocrx_word' id='word_1_119' title='bbox 571 1283 613 1314; x_wconf 88' lang='lat' dir='ltr'>sit</span> <span class='ocrx_word' id='word_1_120' title='bbox 645 1283 856 1323; x_wconf 82' lang='lat' dir='ltr'>beneficium,</span> <span class='ocrx_word' id='word_1_121' title='bbox 889 1285 942 1325; x_wconf 88' lang='lat' dir='ltr'>pie</span> <span class='ocrx_word' id='word_1_122' title='bbox 977 1285 1187 1326; x_wconf 79' lang='lat' dir='ltr'>cogitandum</span> 
     </span>
     <span class='ocr_line' id='line_1_23' title="bbox 211 1325 1188 1360; baseline 0.001 -1"><span class='ocrx_word' id='word_1_123' title='bbox 211 1333 275 1359; x_wconf 79' lang='lat' dir='ltr'>est.</span> <span class='ocrx_word' id='word_1_124' title='bbox 318 1326 448 1358; x_wconf 87' lang='lat' dir='ltr'>Ethnici</span> <span class='ocrx_word' id='word_1_125' title='bbox 473 1326 585 1357; x_wconf 82' lang='lat' dir='ltr'>dicunt</span> <span class='ocrx_word' id='word_1_126' title='bbox 617 1325 782 1358; x_wconf 90' lang='lat' dir='ltr'>hominem</span> <span class='ocrx_word' id='word_1_127' title='bbox 807 1328 950 1359; x_wconf 87' lang='lat' dir='ltr'>omnium</span> <span class='ocrx_word' id='word_1_128' title='bbox 976 1328 1188 1360; x_wconf 80' lang='lat' dir='ltr'>animantium</span> 
     </span>
     <span class='ocr_line' id='line_1_24' title="bbox 210 1368 1188 1406; baseline 0 -4"><span class='ocrx_word' id='word_1_129' title='bbox 210 1379 288 1402; x_wconf 89' lang='lat' dir='ltr'>esse</span> <span class='ocrx_word' id='word_1_130' title='bbox 322 1369 550 1406; x_wconf 87' lang='lat' dir='ltr'>miserrimum,</span> <span class='ocrx_word' id='word_1_131' title='bbox 585 1368 670 1405; x_wconf 85' lang='lat' dir='ltr'>Quia</span> <span class='ocrx_word' id='word_1_132' title='bbox 698 1370 812 1402; x_wconf 77' lang='lat' dir='ltr'>vident</span> <span class='ocrx_word' id='word_1_133' title='bbox 845 1380 918 1402; x_wconf 90' lang='lat' dir='ltr'>eum</span> <span class='ocrx_word' id='word_1_134' title='bbox 952 1371 985 1402; x_wconf 91' lang='lat' dir='ltr'>in</span> <span class='ocrx_word' id='word_1_135' title='bbox 1019 1371 1084 1403; x_wconf 87' lang='lat' dir='ltr'>hac</span> <span class='ocrx_word' id='word_1_136' title='bbox 1120 1372 1188 1403; x_wconf 85' lang='lat' dir='ltr'>vita</span> 
     </span>
     <span class='ocr_line' id='line_1_25' title="bbox 208 1410 1187 1456; baseline -0.001 -11"><span class='ocrx_word' id='word_1_137' title='bbox 208 1413 351 1445; x_wconf 81' lang='lat' dir='ltr'>maxime</span> <span class='ocrx_word' id='word_1_138' title='bbox 374 1410 602 1443; x_wconf 81' lang='lat' dir='ltr'>calamitosum</span> <span class='ocrx_word' id='word_1_139' title='bbox 624 1421 713 1452; x_wconf 89' lang='lat' dir='ltr'>esse,</span> <span class='ocrx_word' id='word_1_140' title='bbox 736 1418 769 1444; x_wconf 88' lang='lat' dir='ltr'>et</span> <span class='ocrx_word' id='word_1_141' title='bbox 790 1422 1036 1446; x_wconf 87' lang='lat' dir='ltr'>aerumnosum·</span> <span class='ocrx_word' id='word_1_142' title='bbox 1066 1413 1187 1456; x_wconf 73' lang='grc' dir='ltr'><strong><em>ἅνθρω-</em></strong></span> 
     </span>
     <span class='ocr_line' id='line_1_26' title="bbox 209 1453 1189 1498; baseline 0.003 -13"><span class='ocrx_word' id='word_1_143' title='bbox 209 1468 264 1486; x_wconf 86' lang='grc' dir='ltr'>πον</span> <span class='ocrx_word' id='word_1_144' title='bbox 284 1456 362 1493; x_wconf 71' lang='grc' dir='ltr'><strong><em>ὄντα,</em></strong></span> <span class='ocrx_word' id='word_1_145' title='bbox 381 1455 484 1496; x_wconf 81' lang='lat' dir='ltr'>inquit</span> <span class='ocrx_word' id='word_1_146' title='bbox 505 1453 707 1496; x_wconf 83' lang='lat' dir='ltr'>Xenophon,</span> <span class='ocrx_word' id='word_1_147' title='bbox 731 1456 826 1487; x_wconf 77' lang='grc' dir='ltr'><em>πάντα</em></span> <span class='ocrx_word' id='word_1_148' title='bbox 843 1456 891 1488; x_wconf 80' lang='grc' dir='ltr'>δεῖ</span> <span class='ocrx_word' id='word_1_149' title='bbox 905 1456 1081 1498; x_wconf 76' lang='grc' dir='ltr'><em>προσδοκᾶν.</em></span> <span class='ocrx_word' id='word_1_150' title='bbox 1146 1456 1189 1488; x_wconf 89' lang='lat' dir='ltr'>Et</span> 
     </span>
     <span class='ocr_line' id='line_1_27' title="bbox 880 1501 1189 1540; baseline 0 -9"><span class='ocrx_word' id='word_1_151' title='bbox 880 1501 945 1532; x_wconf 86' lang='lat' dir='ltr'>lloc</span> <span class='ocrx_word' id='word_1_152' title='bbox 967 1505 1074 1539; x_wconf 82' lang='lat' dir='ltr'>colum,</span> <span class='ocrx_word' id='word_1_153' title='bbox 1103 1501 1189 1540; x_wconf 82' lang='lat' dir='ltr'>quod</span> 
     </span>
     <span class='ocr_line' id='line_1_28' title="bbox 751 1542 1189 1576; baseline 0 -2"><span class='ocrx_word' id='word_1_154' title='bbox 751 1542 912 1574; x_wconf 86' lang='lat' dir='ltr'>Videmus</span> <span class='ocrx_word' id='word_1_155' title='bbox 941 1542 1134 1576; x_wconf 85' lang='lat' dir='ltr'>conculcari</span> <span class='ocrx_word' id='word_1_156' title='bbox 1157 1548 1189 1574; x_wconf 85' lang='lat' dir='ltr'>et</span> 
     </span>
    </p>

    <p class='ocr_par' dir='ltr' id='par_1_9' title="bbox 209 1585 1189 1757">
     <span class='ocr_line' id='line_1_29' title="bbox 813 1585 1189 1627; baseline 0 -10"><span class='ocrx_word' id='word_1_157' title='bbox 813 1585 901 1617; x_wconf 87' lang='lat' dir='ltr'>Nihil</span> <span class='ocrx_word' id='word_1_158' title='bbox 934 1585 1104 1627; x_wconf 82' lang='lat' dir='ltr'>pulchrius</span> <span class='ocrx_word' id='word_1_159' title='bbox 1138 1591 1189 1617; x_wconf 86' lang='lat' dir='ltr'>est</span> 
     </span>
     <span class='ocr_line' id='line_1_30' title="bbox 357 1626 1189 1669; baseline 0.002 -11"><span class='ocrx_word' id='word_1_160' title='bbox 357 1626 460 1659; x_wconf 91' lang='lat' dir='ltr'>Color</span> <span class='ocrx_word' id='word_1_161' title='bbox 482 1633 533 1658; x_wconf 85' lang='lat' dir='ltr'>est</span> <span class='ocrx_word' id='word_1_162' title='bbox 555 1629 762 1669; x_wconf 82' lang='lat' dir='ltr'>gratissimus</span> <span class='ocrx_word' id='word_1_163' title='bbox 785 1627 906 1661; x_wconf 87' lang='lat' dir='ltr'>oculis:</span> <span class='ocrx_word' id='word_1_164' title='bbox 930 1629 973 1661; x_wconf 85' lang='lat' dir='ltr'>Et</span> <span class='ocrx_word' id='word_1_165' title='bbox 995 1640 1119 1662; x_wconf 89' lang='lat' dir='ltr'>succus</span> <span class='ocrx_word' id='word_1_166' title='bbox 1134 1629 1189 1660; x_wconf 89' lang='lat' dir='ltr'>ha-</span> 
     </span>
     <span class='ocr_line' id='line_1_31' title="bbox 209 1668 1188 1704; baseline 0.001 -3"><span class='ocrx_word' id='word_1_167' title='bbox 209 1672 264 1702; x_wconf 90' lang='lat' dir='ltr'>bet</span> <span class='ocrx_word' id='word_1_168' title='bbox 289 1668 470 1702; x_wconf 81' lang='lat' dir='ltr'>efficaciam</span> <span class='ocrx_word' id='word_1_169' title='bbox 493 1671 525 1701; x_wconf 90' lang='lat' dir='ltr'>in</span> <span class='ocrx_word' id='word_1_170' title='bbox 550 1671 773 1703; x_wconf 75' lang='lat' dir='ltr'>curationibus</span> <span class='ocrx_word' id='word_1_171' title='bbox 797 1670 974 1704; x_wconf 87' lang='lat' dir='ltr'>multorum</span> <span class='ocrx_word' id='word_1_172' title='bbox 986 1674 1188 1704; x_wconf 86' lang='lat' dir='ltr'>morborum.</span> 
     </span>
     <span class='ocr_line' id='line_1_32' title="bbox 209 1712 1165 1757; baseline 0.001 -13"><span class='ocrx_word' id='word_1_173' title='bbox 209 1713 275 1745; x_wconf 86' lang='lat' dir='ltr'>Sed</span> <span class='ocrx_word' id='word_1_174' title='bbox 299 1712 453 1745; x_wconf 84' lang='lat' dir='ltr'>facillime</span> <span class='ocrx_word' id='word_1_175' title='bbox 476 1719 584 1745; x_wconf 82' lang='lat' dir='ltr'>tamen</span> <span class='ocrx_word' id='word_1_176' title='bbox 603 1714 699 1755; x_wconf 87' lang='lat' dir='ltr'>perit,</span> <span class='ocrx_word' id='word_1_177' title='bbox 718 1720 749 1745; x_wconf 86' lang='lat' dir='ltr'>et</span> <span class='ocrx_word' id='word_1_178' title='bbox 772 1714 986 1746; x_wconf 85' lang='lat' dir='ltr'>conculcatur</span> <span class='ocrx_word' id='word_1_179' title='bbox 1015 1716 1165 1757; x_wconf 88' lang='lat' dir='ltr'>pedibus.</span> 
     </span>
    </p>

    <p class='ocr_par' dir='ltr' id='par_1_10' title="bbox 208 1755 1189 2304">
     <span class='ocr_line' id='line_1_33' title="bbox 295 1755 1189 1796; baseline 0.003 -9"><span class='ocrx_word' id='word_1_180' title='bbox 295 1756 384 1787; x_wconf 83' lang='lat' dir='ltr'>Idem</span> <span class='ocrx_word' id='word_1_181' title='bbox 408 1755 443 1787; x_wconf 80' lang='lat' dir='ltr'>fit</span> <span class='ocrx_word' id='word_1_182' title='bbox 466 1756 508 1787; x_wconf 88' lang='lat' dir='ltr'>de</span> <span class='ocrx_word' id='word_1_183' title='bbox 531 1756 675 1788; x_wconf 88' lang='lat' dir='ltr'>homine.</span> <span class='ocrx_word' id='word_1_184' title='bbox 730 1756 892 1789; x_wconf 85' lang='lat' dir='ltr'>Mirantur</span> <span class='ocrx_word' id='word_1_185' title='bbox 914 1764 1023 1790; x_wconf 90' lang='lat' dir='ltr'>autem</span> <span class='ocrx_word' id='word_1_186' title='bbox 1046 1757 1189 1796; x_wconf 69' lang='lat' dir='ltr'>Eminet,</span> 
     </span>
     <span class='ocr_line' id='line_1_34' title="bbox 209 1799 1188 1842; baseline 0 -10"><span class='ocrx_word' id='word_1_187' title='bbox 209 1810 270 1832; x_wconf 90' lang='lat' dir='ltr'>cur</span> <span class='ocrx_word' id='word_1_188' title='bbox 291 1799 458 1831; x_wconf 86' lang='lat' dir='ltr'>hominum</span> <span class='ocrx_word' id='word_1_189' title='bbox 480 1806 615 1837; x_wconf 87' lang='lat' dir='ltr'>natura,</span> <span class='ocrx_word' id='word_1_190' title='bbox 649 1810 735 1842; x_wconf 88' lang='lat' dir='ltr'>quae</span> <span class='ocrx_word' id='word_1_191' title='bbox 756 1801 981 1841; x_wconf 81' lang='lat' dir='ltr'>praestantior</span> <span class='ocrx_word' id='word_1_192' title='bbox 1012 1807 1065 1833; x_wconf 88' lang='lat' dir='ltr'>est</span> <span class='ocrx_word' id='word_1_193' title='bbox 1088 1802 1188 1832; x_wconf 89' lang='lat' dir='ltr'>rebus</span> 
     </span>
     <span class='ocr_line' id='line_1_35' title="bbox 208 1841 1187 1881; baseline 0 -6"><span class='ocrx_word' id='word_1_194' title='bbox 208 1843 424 1875; x_wconf 86' lang='lat' dir='ltr'>nascentibus</span> <span class='ocrx_word' id='word_1_195' title='bbox 459 1852 498 1873; x_wconf 75' lang='lat' dir='ltr'>ex</span> <span class='ocrx_word' id='word_1_196' title='bbox 533 1849 639 1881; x_wconf 83' lang='lat' dir='ltr'>terra,</span> <span class='ocrx_word' id='word_1_197' title='bbox 672 1841 767 1874; x_wconf 82' lang='lat' dir='ltr'>simili</span> <span class='ocrx_word' id='word_1_198' title='bbox 803 1844 992 1875; x_wconf 88' lang='lat' dir='ltr'>conditione</span> <span class='ocrx_word' id='word_1_199' title='bbox 1026 1845 1085 1875; x_wconf 84' lang='lat' dir='ltr'>sit:</span> <span class='ocrx_word' id='word_1_200' title='bbox 1120 1844 1187 1876; x_wconf 90' lang='lat' dir='ltr'>lmo</span> 
     </span>
     <span class='ocr_line' id='line_1_36' title="bbox 209 1884 1188 1928; baseline 0.001 -11"><span class='ocrx_word' id='word_1_201' title='bbox 209 1885 298 1928; x_wconf 89' lang='lat' dir='ltr'>quod</span> <span class='ocrx_word' id='word_1_202' title='bbox 322 1885 420 1916; x_wconf 86' lang='lat' dir='ltr'>homo</span> <span class='ocrx_word' id='word_1_203' title='bbox 449 1886 565 1927; x_wconf 77' lang='lat' dir='ltr'>magis,</span> <span class='ocrx_word' id='word_1_204' title='bbox 600 1896 698 1927; x_wconf 86' lang='lat' dir='ltr'>quam</span> <span class='ocrx_word' id='word_1_205' title='bbox 721 1884 822 1918; x_wconf 88' lang='lat' dir='ltr'>ullum</span> <span class='ocrx_word' id='word_1_206' title='bbox 846 1885 933 1918; x_wconf 87' lang='lat' dir='ltr'>aliud</span> <span class='ocrx_word' id='word_1_207' title='bbox 955 1885 1077 1919; x_wconf 87' lang='lat' dir='ltr'>animal</span> <span class='ocrx_word' id='word_1_208' title='bbox 1100 1886 1188 1918; x_wconf 86' lang='lat' dir='ltr'>cala·</span> 
     </span>
     <span class='ocr_line' id='line_1_37' title="bbox 208 1928 1187 1972; baseline 0.001 -12"><span class='ocrx_word' id='word_1_209' title='bbox 208 1928 374 1960; x_wconf 71' lang='lat' dir='ltr'>unitatibus</span> <span class='ocrx_word' id='word_1_210' title='bbox 409 1929 452 1959; x_wconf 74' lang='lat' dir='ltr'>sit</span> <span class='ocrx_word' id='word_1_211' title='bbox 485 1929 664 1960; x_wconf 89' lang='lat' dir='ltr'>subiectus.</span> <span class='ocrx_word' id='word_1_212' title='bbox 731 1929 802 1961; x_wconf 89' lang='lat' dir='ltr'>Nec</span> <span class='ocrx_word' id='word_1_213' title='bbox 826 1936 966 1972; x_wconf 80' lang='lat' dir='ltr'>possunt</span> <span class='ocrx_word' id='word_1_214' title='bbox 988 1929 1042 1961; x_wconf 80' lang='lat' dir='ltr'>vel</span> <span class='ocrx_word' id='word_1_215' title='bbox 1067 1940 1187 1962; x_wconf 80' lang='lat' dir='ltr'>causas</span> 
     </span>
     <span class='ocr_line' id='line_1_38' title="bbox 208 1970 1186 2011; baseline 0.001 -8"><span class='ocrx_word' id='word_1_216' title='bbox 208 1980 318 2009; x_wconf 79' lang='lat' dir='ltr'>veras,</span> <span class='ocrx_word' id='word_1_217' title='bbox 342 1970 396 2002; x_wconf 80' lang='lat' dir='ltr'>vel</span> <span class='ocrx_word' id='word_1_218' title='bbox 419 1972 562 2002; x_wconf 87' lang='lat' dir='ltr'>remedia</span> <span class='ocrx_word' id='word_1_219' title='bbox 584 1977 770 2003; x_wconf 88' lang='lat' dir='ltr'>monstrare</span> <span class='ocrx_word' id='word_1_220' title='bbox 792 1979 954 2004; x_wconf 84' lang='lat' dir='ltr'>tantarum</span> <span class='ocrx_word' id='word_1_221' title='bbox 971 1973 1186 2011; x_wconf 76' lang='lat' dir='ltr'>miseriarum,</span> 
     </span>
     <span class='ocr_line' id='line_1_39' title="bbox 209 2015 1186 2057; baseline 0.002 -12"><span class='ocrx_word' id='word_1_222' title='bbox 209 2015 271 2046; x_wconf 88' lang='lat' dir='ltr'>etsi</span> <span class='ocrx_word' id='word_1_223' title='bbox 305 2015 515 2055; x_wconf 88' lang='lat' dir='ltr'>praecipuam</span> <span class='ocrx_word' id='word_1_224' title='bbox 549 2021 674 2055; x_wconf 86' lang='lat' dir='ltr'>partem</span> <span class='ocrx_word' id='word_1_225' title='bbox 708 2015 915 2057; x_wconf 79' lang='lat' dir='ltr'>eloquentiae</span> <span class='ocrx_word' id='word_1_226' title='bbox 950 2026 1031 2048; x_wconf 87' lang='lat' dir='ltr'>suae</span> <span class='ocrx_word' id='word_1_227' title='bbox 1066 2017 1097 2047; x_wconf 92' lang='lat' dir='ltr'>in</span> <span class='ocrx_word' id='word_1_228' title='bbox 1135 2015 1186 2047; x_wconf 85' lang='lat' dir='ltr'>his</span> 
     </span>
     <span class='ocr_line' id='line_1_40' title="bbox 209 2056 1186 2099; baseline 0.001 -10"><span class='ocrx_word' id='word_1_229' title='bbox 209 2056 421 2099; x_wconf 78' lang='lat' dir='ltr'>deplorandis</span> <span class='ocrx_word' id='word_1_230' title='bbox 445 2064 699 2089; x_wconf 84' lang='lat' dir='ltr'>consumserunt</span> <span class='ocrx_word' id='word_1_231' title='bbox 721 2066 840 2099; x_wconf 87' lang='lat' dir='ltr'>poetae</span> <span class='ocrx_word' id='word_1_232' title='bbox 870 2065 902 2090; x_wconf 91' lang='lat' dir='ltr'>et</span> <span class='ocrx_word' id='word_1_233' title='bbox 933 2066 1085 2091; x_wconf 88' lang='lat' dir='ltr'>oratores</span> <span class='ocrx_word' id='word_1_234' title='bbox 1109 2058 1186 2090; x_wconf 86' lang='lat' dir='ltr'>Eth-</span> 
     </span>
     <span class='ocr_line' id='line_1_41' title="bbox 208 2100 1185 2144; baseline 0.001 -12"><span class='ocrx_word' id='word_1_235' title='bbox 208 2101 283 2132; x_wconf 87' lang='lat' dir='ltr'>nici.</span> <span class='ocrx_word' id='word_1_236' title='bbox 329 2100 421 2132; x_wconf 81' lang='lat' dir='ltr'>Haec</span> <span class='ocrx_word' id='word_1_237' title='bbox 444 2110 525 2132; x_wconf 85' lang='lat' dir='ltr'>vero</span> <span class='ocrx_word' id='word_1_238' title='bbox 549 2106 674 2132; x_wconf 89' lang='lat' dir='ltr'>tantum</span> <span class='ocrx_word' id='word_1_239' title='bbox 697 2101 854 2142; x_wconf 83' lang='lat' dir='ltr'>patefiunt</span> <span class='ocrx_word' id='word_1_240' title='bbox 878 2103 909 2132; x_wconf 91' lang='lat' dir='ltr'>in</span> <span class='ocrx_word' id='word_1_241' title='bbox 933 2101 1127 2144; x_wconf 80' lang='lat' dir='ltr'>Evangelio.</span> <span class='ocrx_word' id='word_1_242' title='bbox 1151 2102 1185 2133; x_wconf 89' lang='lat' dir='ltr'>ln</span> 
     </span>
     <span class='ocr_line' id='line_1_42' title="bbox 208 2142 1186 2177; baseline 0.001 -2"><span class='ocrx_word' id='word_1_243' title='bbox 208 2143 272 2175; x_wconf 91' lang='lat' dir='ltr'>hoc</span> <span class='ocrx_word' id='word_1_244' title='bbox 296 2144 324 2175; x_wconf 91' lang='lat' dir='ltr'>si</span> <span class='ocrx_word' id='word_1_245' title='bbox 348 2154 412 2174; x_wconf 92' lang='lat' dir='ltr'>non</span> <span class='ocrx_word' id='word_1_246' title='bbox 437 2150 527 2175; x_wconf 82' lang='lat' dir='ltr'>esset</span> <span class='ocrx_word' id='word_1_247' title='bbox 551 2142 640 2175; x_wconf 85' lang='lat' dir='ltr'>sacta</span> <span class='ocrx_word' id='word_1_248' title='bbox 663 2143 823 2176; x_wconf 78' lang='lat' dir='ltr'>revelatio</span> <span class='ocrx_word' id='word_1_249' title='bbox 847 2145 887 2176; x_wconf 90' lang='lat' dir='ltr'>de</span> <span class='ocrx_word' id='word_1_250' title='bbox 911 2146 1117 2177; x_wconf 83' lang='lat' dir='ltr'>restitutione</span> <span class='ocrx_word' id='word_1_251' title='bbox 1140 2146 1186 2176; x_wconf 77' lang='lat' dir='ltr'>vi-</span> 
     </span>
     <span class='ocr_line' id='line_1_43' title="bbox 208 2187 1186 2228; baseline 0.002 -11"><span class='ocrx_word' id='word_1_252' title='bbox 208 2193 261 2218; x_wconf 83' lang='lat' dir='ltr'>tae</span> <span class='ocrx_word' id='word_1_253' title='bbox 284 2193 457 2223; x_wconf 83' lang='lat' dir='ltr'>aeternae,</span> <span class='ocrx_word' id='word_1_254' title='bbox 490 2187 531 2218; x_wconf 89' lang='lat' dir='ltr'>de</span> <span class='ocrx_word' id='word_1_255' title='bbox 554 2188 740 2228; x_wconf 84' lang='lat' dir='ltr'>praesentia</span> <span class='ocrx_word' id='word_1_256' title='bbox 763 2194 793 2219; x_wconf 89' lang='lat' dir='ltr'>et</span> <span class='ocrx_word' id='word_1_257' title='bbox 817 2187 939 2219; x_wconf 80' lang='lat' dir='ltr'>auxilio</span> <span class='ocrx_word' id='word_1_258' title='bbox 964 2187 1019 2220; x_wconf 84' lang='lat' dir='ltr'>tilii</span> <span class='ocrx_word' id='word_1_259' title='bbox 1043 2188 1106 2220; x_wconf 85' lang='lat' dir='ltr'>Dei</span> <span class='ocrx_word' id='word_1_260' title='bbox 1130 2188 1186 2219; x_wconf 81' lang='lat' dir='ltr'>lta-</span> 
     </span>
     <span class='ocr_line' id='line_1_44' title="bbox 208 2228 1186 2271; baseline 0.002 -10"><span class='ocrx_word' id='word_1_261' title='bbox 208 2230 342 2261; x_wconf 86' lang='lat' dir='ltr'>bitantis</span> <span class='ocrx_word' id='word_1_262' title='bbox 366 2230 398 2260; x_wconf 90' lang='lat' dir='ltr'>in</span> <span class='ocrx_word' id='word_1_263' title='bbox 423 2228 589 2268; x_wconf 81' lang='lat' dir='ltr'>Ecclesia,</span> <span class='ocrx_word' id='word_1_264' title='bbox 612 2236 642 2261; x_wconf 83' lang='lat' dir='ltr'>ct</span> <span class='ocrx_word' id='word_1_265' title='bbox 667 2231 829 2271; x_wconf 81' lang='lat' dir='ltr'>gestantis</span> <span class='ocrx_word' id='word_1_266' title='bbox 849 2242 933 2268; x_wconf 82' lang='lat' dir='ltr'>eain,</span> <span class='ocrx_word' id='word_1_267' title='bbox 957 2238 1023 2263; x_wconf 89' lang='lat' dir='ltr'>tum</span> <span class='ocrx_word' id='word_1_268' title='bbox 1036 2242 1118 2263; x_wconf 70' lang='lat' dir='ltr'>sane</span> <span class='ocrx_word' id='word_1_269' title='bbox 1134 2242 1186 2263; x_wconf 73' lang='lat' dir='ltr'>es-</span> 
     </span>
     <span class='ocr_line' id='line_1_45' title="bbox 208 2283 527 2304; baseline 0.003 -2"><span class='ocrx_word' id='word_1_270' title='bbox 208 2283 320 2304; x_wconf 53' lang='lat' dir='ltr'>semu&amp;</span> <span class='ocrx_word' id='word_1_271' title='bbox 343 2283 527 2304; x_wconf 60' lang='lat' dir='ltr'>miserrimi.</span> 
     </span>
    </p>
   </div>
   <div class='ocr_carea' id='block_1_4' title="bbox 208 1498 834 1659">
    <p class='ocr_par' dir='ltr' id='par_1_11' title="bbox 208 1498 834 1580">
     <span class='ocr_line' id='line_1_46' title="bbox 208 1498 834 1540; baseline 0.002 -10"><span class='ocrx_word' id='word_1_272' title='bbox 208 1498 398 1530; x_wconf 85' lang='lat' dir='ltr'>Herodotus</span> <span class='ocrx_word' id='word_1_273' title='bbox 417 1498 589 1539; x_wconf 70' lang='grc' dir='ltr'><strong><em>ἅνθρωπος</em></strong></span> <span class='ocrx_word' id='word_1_274' title='bbox 606 1500 667 1529; x_wconf 81' lang='grc' dir='ltr'>πᾶν</span> <span class='ocrx_word' id='word_1_275' title='bbox 685 1499 834 1540; x_wconf 72' lang='grc' dir='ltr'><em>συμφορά.</em></span> 
     </span>
     <span class='ocr_line' id='line_1_47' title="bbox 209 1543 685 1580; baseline -0.002 -6"><span class='ocrx_word' id='word_1_276' title='bbox 209 1547 260 1574; x_wconf 82' lang='lat' dir='ltr'>eet</span> <span class='ocrx_word' id='word_1_277' title='bbox 290 1543 397 1580; x_wconf 73' lang='lat' dir='ltr'>homo,</span> <span class='ocrx_word' id='word_1_278' title='bbox 430 1546 481 1573; x_wconf 80' lang='lat' dir='ltr'>est</span> <span class='ocrx_word' id='word_1_279' title='bbox 507 1543 685 1573; x_wconf 77' lang='lat' dir='ltr'>calamitas.</span> 
     </span>
    </p>

    <p class='ocr_par' dir='ltr' id='par_1_12' title="bbox 208 1584 742 1659">
     <span class='ocr_line' id='line_1_48' title="bbox 208 1584 742 1658; baseline -0.002 -41"><span class='ocrx_word' id='word_1_280' title='bbox 208 1585 352 1658; x_wconf 56' lang='lat' dir='ltr'>egulingui</span> <span class='ocrx_word' id='word_1_281' title='bbox 380 1584 531 1616; x_wconf 89' lang='lat' dir='ltr'>homines</span> <span class='ocrx_word' id='word_1_282' title='bbox 553 1590 589 1616; x_wconf 88' lang='lat' dir='ltr'>ut</span> <span class='ocrx_word' id='word_1_283' title='bbox 623 1584 742 1616; x_wconf 73' lang='lat' dir='ltr'>violas.</span> 
     </span>
     <span class='ocr_line' id='line_1_49' title="bbox 208 1638 308 1659; baseline -0.02 0"><span class='ocrx_word' id='word_1_284' title='bbox 208 1638 262 1659; x_wconf 75' lang='lat' dir='ltr'>vio</span> <span class='ocrx_word' id='word_1_285' title='bbox 279 1638 308 1659; x_wconf 84' lang='lat' dir='ltr'>a.</span> 
     </span>
    </p>
   </div>
   <div class='ocr_carea' id='block_1_5' title="bbox 209 2359 1183 2399">
    <p class='ocr_par' dir='ltr' id='par_1_13' title="bbox 209 2359 1183 2399">
     <span class='ocr_line' id='line_1_50' title="bbox 209 2359 1183 2399; baseline 0.003 -10"><span class='ocrx_word' id='word_1_286' title='bbox 209 2359 391 2390; x_wconf 87' lang='lat' dir='ltr'>doctrinam</span> <span class='ocrx_word' id='word_1_287' title='bbox 427 2360 626 2399; x_wconf 73' lang='lat' dir='ltr'>obsignavit.</span> <span class='ocrx_word' id='word_1_288' title='bbox 661 2367 727 2392; x_wconf 81' lang='lat' dir='ltr'>tuin</span> <span class='ocrx_word' id='word_1_289' title='bbox 761 2359 836 2391; x_wconf 70' lang='lat' dir='ltr'>aliis</span> <span class='ocrx_word' id='word_1_290' title='bbox 872 2360 981 2391; x_wconf 75' lang='lat' dir='ltr'>multis</span> <span class='ocrx_word' id='word_1_291' title='bbox 1005 2360 1183 2393; x_wconf 78' lang='lat' dir='ltr'>miraculis-</span> 
     </span>
    </p>
   </div>
   <div class='ocr_carea' id='block_1_6' title="bbox 208 2394 1248 2463">
    <p class='ocr_par' dir='ltr' id='par_1_14' title="bbox 208 2394 1248 2463">
     <span class='ocr_line' id='line_1_51' title="bbox 208 2394 1213 2462; baseline 0.004 -30"><span class='ocrx_word' id='word_1_292' title='bbox 208 2408 274 2433; x_wconf 91' lang='lat' dir='ltr'>tnm</span> <span class='ocrx_word' id='word_1_293' title='bbox 298 2403 550 2434; x_wconf 81' lang='lat' dir='ltr'>resuscitatione</span> <span class='ocrx_word' id='word_1_294' title='bbox 574 2410 787 2442; x_wconf 88' lang='lat' dir='ltr'>mortuorum,</span> <span class='ocrx_word' id='word_1_295' title='bbox 812 2409 843 2435; x_wconf 87' lang='lat' dir='ltr'>et</span> <span class='ocrx_word' id='word_1_296' title='bbox 868 2414 928 2435; x_wconf 74' lang='lat' dir='ltr'>sun</span> <span class='ocrx_word' id='word_1_297' title='bbox 953 2404 1056 2445; x_wconf 79' lang='lat' dir='ltr'>ipsius</span> <span class='ocrx_word' id='word_1_298' title='bbox 1074 2415 1184 2436; x_wconf 85' lang='lat' dir='ltr'>resur·</span> <span class='ocrx_word' id='word_1_299' title='bbox 1210 2394 1213 2462; x_wconf 55' lang='grc' dir='ltr'>ξ</span> 
     </span>
     <span class='ocr_line' id='line_1_52' title="bbox 1240 2448 1248 2463; baseline 0 0"><span class='ocrx_word' id='word_1_300' title='bbox 1240 2448 1248 2463; x_wconf 78' lang='grc' dir='ltr'>Ι</span> 
     </span>
    </p>
   </div>
   <div class='ocr_carea' id='block_1_7' title="bbox 209 2445 365 2477">
    <p class='ocr_par' dir='ltr' id='par_1_15' title="bbox 209 2445 365 2477">
     <span class='ocr_line' id='line_1_53' title="bbox 209 2445 365 2477; baseline -0.006 -2"><span class='ocrx_word' id='word_1_301' title='bbox 209 2445 365 2477; x_wconf 88' lang='lat' dir='ltr'>rectione.</span> 
     </span>
    </p>
   </div>
   <div class='ocr_carea' id='block_1_8' title="bbox 208 2487 1213 2619">
    <p class='ocr_par' dir='ltr' id='par_1_16' title="bbox 208 2487 1213 2619">
     <span class='ocr_line' id='line_1_54' title="bbox 296 2487 1213 2530; baseline 0.004 -12"><span class='ocrx_word' id='word_1_302' title='bbox 296 2487 434 2528; x_wconf 83' lang='lat' dir='ltr'>l&#39;roptcr</span> <span class='ocrx_word' id='word_1_303' title='bbox 452 2488 516 2520; x_wconf 79' lang='lat' dir='ltr'>linc</span> <span class='ocrx_word' id='word_1_304' title='bbox 541 2489 735 2521; x_wconf 82' lang='lat' dir='ltr'>beneficium</span> <span class='ocrx_word' id='word_1_305' title='bbox 757 2496 900 2522; x_wconf 73' lang='lat' dir='ltr'>vocatur</span> <span class='ocrx_word' id='word_1_306' title='bbox 924 2493 1057 2530; x_wconf 72' lang='lat' dir='ltr'>nnffl‘laets</span> <span class='ocrx_word' id='word_1_307' title='bbox 1080 2494 1188 2530; x_wconf 63' lang='lat' dir='ltr'>nmgmi</span> <span class='ocrx_word' id='word_1_308' title='bbox 1211 2519 1213 2527; x_wconf 78' lang='grc'>,</span> 
     </span>
     <span class='ocr_line' id='line_1_55' title="bbox 208 2530 1213 2574; baseline 0.003 -12"><span class='ocrx_word' id='word_1_309' title='bbox 208 2531 342 2564; x_wconf 70' lang='lat' dir='ltr'>conm&#39;lia.</span> <span class='ocrx_word' id='word_1_310' title='bbox 365 2533 436 2563; x_wconf 60' lang='lat' dir='ltr'>kls-11.</span> <span class='ocrx_word' id='word_1_311' title='bbox 457 2536 488 2564; x_wconf 80' lang='grc' dir='ltr'>Ω.</span> <span class='ocrx_word' id='word_1_312' title='bbox 512 2532 595 2568; x_wconf 85' lang='lat' dir='ltr'>Quia</span> <span class='ocrx_word' id='word_1_313' title='bbox 619 2532 772 2564; x_wconf 62' lang='lat' dir='ltr'>xiilelicet</span> <span class='ocrx_word' id='word_1_314' title='bbox 795 2534 927 2574; x_wconf 73' lang='lat' dir='ltr'>exponit</span> <span class='ocrx_word' id='word_1_315' title='bbox 956 2535 1052 2565; x_wconf 67' lang='lat' dir='ltr'>nobis</span> <span class='ocrx_word' id='word_1_316' title='bbox 1077 2535 1184 2565; x_wconf 77' lang='lat' dir='ltr'>consi-</span> <span class='ocrx_word' id='word_1_317' title='bbox 1211 2530 1213 2557; x_wconf 44' lang='lat'>¹¹</span> 
     </span>
     <span class='ocr_line' id='line_1_56' title="bbox 211 2569 1213 2619; baseline 0.003 -15"><span class='ocrx_word' id='word_1_318' title='bbox 211 2572 287 2605; x_wconf 88' lang='lat' dir='ltr'>lium</span> <span class='ocrx_word' id='word_1_319' title='bbox 324 2573 400 2605; x_wconf 86' lang='lat' dir='ltr'>illud</span> <span class='ocrx_word' id='word_1_320' title='bbox 437 2576 629 2613; x_wconf 83' lang='lat' dir='ltr'>mirandum,</span> <span class='ocrx_word' id='word_1_321' title='bbox 664 2578 705 2608; x_wconf 88' lang='lat' dir='ltr'>de</span> <span class='ocrx_word' id='word_1_322' title='bbox 728 2575 921 2608; x_wconf 74' lang='lat' dir='ltr'>liberatione</span> <span class='ocrx_word' id='word_1_323' title='bbox 945 2588 962 2608; x_wconf 84' lang='lat' dir='ltr'>a</span> <span class='ocrx_word' id='word_1_324' title='bbox 989 2584 1129 2619; x_wconf 73' lang='lat' dir='ltr'>peccato</span> <span class='ocrx_word' id='word_1_325' title='bbox 1154 2584 1183 2607; x_wconf 77' lang='lat' dir='ltr'>ot</span> <span class='ocrx_word' id='word_1_326' title='bbox 1210 2569 1213 2599; x_wconf 76' lang='grc'>1</span> 
     </span>
    </p>
   </div>
   <div class='ocr_carea' id='block_1_9' title="bbox 210 2618 1183 2659">
    <p class='ocr_par' dir='ltr' id='par_1_17' title="bbox 210 2618 1183 2659">
     <span class='ocr_line' id='line_1_57' title="bbox 210 2618 1183 2659; baseline 0.003 -11"><span class='ocrx_word' id='word_1_327' title='bbox 210 2624 325 2650; x_wconf 67' lang='lat' dir='ltr'>morte.</span> <span class='ocrx_word' id='word_1_328' title='bbox 349 2625 378 2649; x_wconf 83' lang='lat' dir='ltr'>ct</span> <span class='ocrx_word' id='word_1_329' title='bbox 405 2619 445 2649; x_wconf 78' lang='lat' dir='ltr'>ilc</span> <span class='ocrx_word' id='word_1_330' title='bbox 469 2620 609 2659; x_wconf 66' lang='lat' dir='ltr'>gratuita</span> <span class='ocrx_word' id='word_1_331' title='bbox 634 2618 901 2652; x_wconf 62' lang='lat' dir='ltr'>reconciliatione</span> <span class='ocrx_word' id='word_1_332' title='bbox 932 2631 1004 2652; x_wconf 86' lang='lat' dir='ltr'>cnm</span> <span class='ocrx_word' id='word_1_333' title='bbox 1030 2620 1120 2658; x_wconf 73' lang='lat' dir='ltr'>Deo,</span> <span class='ocrx_word' id='word_1_334' title='bbox 1155 2627 1183 2651; x_wconf 80' lang='lat' dir='ltr'>et</span> 
     </span>
    </p>
   </div>
   <div class='ocr_carea' id='block_1_10' title="bbox 850 163 1581 198">
    <p class='ocr_par' dir='ltr' id='par_1_18' title="bbox 850 163 1581 198">
     <span class='ocr_line' id='line_1_58' title="bbox 850 163 1581 198; baseline -0.001 -1"><span class='ocrx_word' id='word_1_335' title='bbox 850 165 959 198; x_wconf 84' lang='lat' dir='ltr'>PHlL.</span> <span class='ocrx_word' id='word_1_336' title='bbox 984 165 1085 197; x_wconf 78' lang='lat' dir='ltr'><strong>MEL.</strong></span> <span class='ocrx_word' id='word_1_337' title='bbox 1109 164 1296 197; x_wconf 80' lang='lat' dir='ltr'><strong>SCRIPTA</strong></span> <span class='ocrx_word' id='word_1_338' title='bbox 1317 163 1581 196; x_wconf 83' lang='lat' dir='ltr'><strong>EXEGETICA.</strong></span> 
     </span>
    </p>
   </div>
   <div class='ocr_carea' id='block_1_11' title="bbox 208 2273 1213 2358">
    <p class='ocr_par' dir='ltr' id='par_1_19' title="bbox 208 2273 1213 2358">
     <span class='ocr_line' id='line_1_59' title="bbox 586 2273 1213 2310; baseline 0.003 -6"><span class='ocrx_word' id='word_1_339' title='bbox 586 2274 652 2305; x_wconf 85' lang='lat' dir='ltr'>Sed</span> <span class='ocrx_word' id='word_1_340' title='bbox 676 2273 836 2305; x_wconf 85' lang='lat' dir='ltr'>habemus</span> <span class='ocrx_word' id='word_1_341' title='bbox 860 2273 1121 2306; x_wconf 70' lang='lat' dir='ltr'>consolationem</span> <span class='ocrx_word' id='word_1_342' title='bbox 1146 2286 1184 2306; x_wconf 81' lang='lat' dir='ltr'>ex</span> <span class='ocrx_word' id='word_1_343' title='bbox 1210 2288 1213 2310; x_wconf 71' lang='lat' dir='ltr'>t</span> 
     </span>
     <span class='ocr_line' id='line_1_60' title="bbox 208 2314 1212 2358; baseline 0.003 -12"><span class='ocrx_word' id='word_1_344' title='bbox 208 2327 291 2346; x_wconf 77' lang='lat' dir='ltr'>voce</span> <span class='ocrx_word' id='word_1_345' title='bbox 321 2314 378 2346; x_wconf 84' lang='lat' dir='ltr'>illa</span> <span class='ocrx_word' id='word_1_346' title='bbox 424 2314 553 2356; x_wconf 78' lang='lat' dir='ltr'>prolata</span> <span class='ocrx_word' id='word_1_347' title='bbox 576 2326 634 2357; x_wconf 89' lang='lat' dir='ltr'>per</span> <span class='ocrx_word' id='word_1_348' title='bbox 659 2316 760 2348; x_wconf 82' lang='lat' dir='ltr'>filium</span> <span class='ocrx_word' id='word_1_349' title='bbox 791 2316 872 2355; x_wconf 73' lang='lat' dir='ltr'>Dci,</span> <span class='ocrx_word' id='word_1_350' title='bbox 906 2318 960 2358; x_wconf 77' lang='lat' dir='ltr'>qui</span> <span class='ocrx_word' id='word_1_351' title='bbox 985 2328 1056 2349; x_wconf 86' lang='lat' dir='ltr'>cam</span> <span class='ocrx_word' id='word_1_352' title='bbox 1081 2319 1184 2358; x_wconf 57' lang='lat' dir='ltr'>ipsam</span> <span class='ocrx_word' id='word_1_353' title='bbox 1210 2314 1212 2327; x_wconf 92' lang='lat'>&#39;</span> 
     </span>
    </p>
   </div>
   <div class='ocr_carea' id='block_1_12' title="bbox 2158 168 2223 201">
    <p class='ocr_par' dir='ltr' id='par_1_20' title="bbox 2158 168 2223 201">
     <span class='ocr_line' id='line_1_61' title="bbox 2158 168 2223 201; baseline 0.015 -1"><span class='ocrx_word' id='word_1_354' title='bbox 2158 168 2223 201; x_wconf 71' lang='lat'>120</span> 
     </span>
    </p>
   </div>
   <div class='ocr_carea' id='block_1_13' title="bbox 1235 257 2227 2659">
    <p class='ocr_par' dir='ltr' id='par_1_21' title="bbox 1239 257 2220 375">
     <span class='ocr_line' id='line_1_62' title="bbox 1240 257 2220 302; baseline 0.006 -14"><span class='ocrx_word' id='word_1_355' title='bbox 1240 259 1310 299; x_wconf 88' lang='lat' dir='ltr'>ipse</span> <span class='ocrx_word' id='word_1_356' title='bbox 1332 267 1392 299; x_wconf 90' lang='lat' dir='ltr'>per</span> <span class='ocrx_word' id='word_1_357' title='bbox 1414 257 1501 290; x_wconf 88' lang='lat' dir='ltr'>hanc</span> <span class='ocrx_word' id='word_1_358' title='bbox 1524 268 1642 291; x_wconf 88' lang='lat' dir='ltr'>vocem</span> <span class='ocrx_word' id='word_1_359' title='bbox 1665 265 1718 291; x_wconf 89' lang='lat' dir='ltr'>est</span> <span class='ocrx_word' id='word_1_360' title='bbox 1739 258 1871 300; x_wconf 84' lang='lat' dir='ltr'>efficax,</span> <span class='ocrx_word' id='word_1_361' title='bbox 1893 260 1950 292; x_wconf 85' lang='lat' dir='ltr'>dat</span> <span class='ocrx_word' id='word_1_362' title='bbox 1963 260 2121 302; x_wconf 87' lang='lat' dir='ltr'>Spiritum</span> <span class='ocrx_word' id='word_1_363' title='bbox 2143 272 2220 294; x_wconf 86' lang='lat' dir='ltr'>san-</span> 
     </span>
     <span class='ocr_line' id='line_1_63' title="bbox 1239 300 2220 345; baseline 0.006 -14"><span class='ocrx_word' id='word_1_364' title='bbox 1239 306 1339 338; x_wconf 89' lang='lat' dir='ltr'>ctum,</span> <span class='ocrx_word' id='word_1_365' title='bbox 1372 301 1525 333; x_wconf 84' lang='lat' dir='ltr'>accendit</span> <span class='ocrx_word' id='word_1_366' title='bbox 1556 300 1666 341; x_wconf 87' lang='lat' dir='ltr'>fidem,</span> <span class='ocrx_word' id='word_1_367' title='bbox 1691 301 1896 341; x_wconf 86' lang='lat' dir='ltr'>consolatur,</span> <span class='ocrx_word' id='word_1_368' title='bbox 1925 304 2021 345; x_wconf 84' lang='lat' dir='ltr'>regit,</span> <span class='ocrx_word' id='word_1_369' title='bbox 2044 310 2220 344; x_wconf 87' lang='lat' dir='ltr'>sustentat,</span> 
     </span>
     <span class='ocr_line' id='line_1_64' title="bbox 1239 342 1479 375; baseline 0.004 -1"><span class='ocrx_word' id='word_1_370' title='bbox 1239 342 1385 374; x_wconf 87' lang='lat' dir='ltr'>vivificat</span> <span class='ocrx_word' id='word_1_371' title='bbox 1406 353 1479 375; x_wconf 90' lang='lat' dir='ltr'>nos.</span> 
     </span>
    </p>

    <p class='ocr_par' dir='ltr' id='par_1_22' title="bbox 1235 385 2221 858">
     <span class='ocr_line' id='line_1_65' title="bbox 1326 385 2219 426; baseline 0.007 -9"><span class='ocrx_word' id='word_1_372' title='bbox 1326 385 1482 418; x_wconf 86' lang='lat' dir='ltr'>Secundo</span> <span class='ocrx_word' id='word_1_373' title='bbox 1505 386 1609 419; x_wconf 78' lang='lat' dir='ltr'>Pilius</span> <span class='ocrx_word' id='word_1_374' title='bbox 1633 388 1787 426; x_wconf 78' lang='lat' dir='ltr'>mittitur,</span> <span class='ocrx_word' id='word_1_375' title='bbox 1821 393 1856 419; x_wconf 91' lang='lat' dir='ltr'>ut</span> <span class='ocrx_word' id='word_1_376' title='bbox 1878 387 1997 420; x_wconf 82' lang='lat' dir='ltr'>offerat</span> <span class='ocrx_word' id='word_1_377' title='bbox 2018 390 2219 423; x_wconf 86' lang='lat' dir='ltr'>sacrificium</span> 
     </span>
     <span class='ocr_line' id='line_1_66' title="bbox 1238 429 2218 472; baseline 0.007 -13"><span class='ocrx_word' id='word_1_378' title='bbox 1238 437 1300 468; x_wconf 89' lang='lat' dir='ltr'>pro</span> <span class='ocrx_word' id='word_1_379' title='bbox 1333 429 1442 460; x_wconf 81' lang='lat' dir='ltr'>nobiS.</span> <span class='ocrx_word' id='word_1_380' title='bbox 1510 429 1546 461; x_wconf 88' lang='lat' dir='ltr'>ld</span> <span class='ocrx_word' id='word_1_381' title='bbox 1583 430 1777 462; x_wconf 85' lang='lat' dir='ltr'>beneficium</span> <span class='ocrx_word' id='word_1_382' title='bbox 1811 431 2018 472; x_wconf 82' lang='lat' dir='ltr'>significatur</span> <span class='ocrx_word' id='word_1_383' title='bbox 2051 432 2218 465; x_wconf 86' lang='lat' dir='ltr'>vocabulo</span> 
     </span>
     <span class='ocr_line' id='line_1_67' title="bbox 1237 470 2218 516; baseline 0.006 -14"><span class='ocrx_word' id='word_1_384' title='bbox 1237 470 1482 513; x_wconf 87' lang='lat' dir='ltr'>Redemptoris,</span> <span class='ocrx_word' id='word_1_385' title='bbox 1514 483 1590 504; x_wconf 88' lang='lat' dir='ltr'>nam</span> <span class='ocrx_word' id='word_1_386' title='bbox 1624 472 1825 515; x_wconf 78' lang='lat' dir='ltr'>Redemptor</span> <span class='ocrx_word' id='word_1_387' title='bbox 1859 473 2025 516; x_wconf 81' lang='lat' dir='ltr'>significat</span> <span class='ocrx_word' id='word_1_388' title='bbox 2050 475 2218 508; x_wconf 85' lang='lat' dir='ltr'>Christum</span> 
     </span>
     <span class='ocr_line' id='line_1_68' title="bbox 1238 514 2220 559; baseline 0.006 -14"><span class='ocrx_word' id='word_1_389' title='bbox 1238 514 1414 554; x_wconf 73' lang='lat' dir='ltr'>patientem</span> <span class='ocrx_word' id='word_1_390' title='bbox 1446 525 1506 556; x_wconf 91' lang='lat' dir='ltr'>pro</span> <span class='ocrx_word' id='word_1_391' title='bbox 1540 516 1649 555; x_wconf 83' lang='lat' dir='ltr'>nobis,</span> <span class='ocrx_word' id='word_1_392' title='bbox 1679 522 1711 547; x_wconf 88' lang='lat' dir='ltr'>et</span> <span class='ocrx_word' id='word_1_393' title='bbox 1744 515 1928 548; x_wconf 84' lang='lat' dir='ltr'>solventem</span> <span class='ocrx_word' id='word_1_394' title='bbox 1950 517 2052 559; x_wconf 73' lang='grc' dir='ltr'><strong><em>λύτρα.</em></strong></span> <span class='ocrx_word' id='word_1_395' title='bbox 2119 517 2220 551; x_wconf 84' lang='lat' dir='ltr'>Aliud</span> 
     </span>
     <span class='ocr_line' id='line_1_69' title="bbox 1237 556 2220 603; baseline 0.007 -16"><span class='ocrx_word' id='word_1_396' title='bbox 1237 562 1347 588; x_wconf 87' lang='lat' dir='ltr'>autem</span> <span class='ocrx_word' id='word_1_397' title='bbox 1370 563 1422 588; x_wconf 87' lang='lat' dir='ltr'>est</span> <span class='ocrx_word' id='word_1_398' title='bbox 1444 556 1610 596; x_wconf 82' lang='lat' dir='ltr'>liberatio,</span> <span class='ocrx_word' id='word_1_399' title='bbox 1643 557 1732 590; x_wconf 88' lang='lat' dir='ltr'>aliud</span> <span class='ocrx_word' id='word_1_400' title='bbox 1755 560 1948 601; x_wconf 85' lang='lat' dir='ltr'>redemptio.</span> <span class='ocrx_word' id='word_1_401' title='bbox 2015 560 2220 603; x_wconf 83' lang='lat' dir='ltr'>Redemptor</span> 
     </span>
     <span class='ocr_line' id='line_1_70' title="bbox 1235 600 2221 643; baseline 0.006 -13"><span class='ocrx_word' id='word_1_402' title='bbox 1235 605 1302 637; x_wconf 86' lang='lat' dir='ltr'>est,</span> <span class='ocrx_word' id='word_1_403' title='bbox 1336 600 1391 641; x_wconf 91' lang='lat' dir='ltr'>qui</span> <span class='ocrx_word' id='word_1_404' title='bbox 1415 600 1471 631; x_wconf 87' lang='lat' dir='ltr'>dat</span> <span class='ocrx_word' id='word_1_405' title='bbox 1502 602 1641 641; x_wconf 86' lang='lat' dir='ltr'>pretium</span> <span class='ocrx_word' id='word_1_406' title='bbox 1663 612 1723 643; x_wconf 86' lang='lat' dir='ltr'>pro</span> <span class='ocrx_word' id='word_1_407' title='bbox 1754 601 1831 633; x_wconf 91' lang='lat' dir='ltr'>alio.</span> <span class='ocrx_word' id='word_1_408' title='bbox 1898 603 1947 634; x_wconf 87' lang='lat' dir='ltr'>lta</span> <span class='ocrx_word' id='word_1_409' title='bbox 1970 601 2058 636; x_wconf 86' lang='lat' dir='ltr'>filius</span> <span class='ocrx_word' id='word_1_410' title='bbox 2082 603 2146 636; x_wconf 80' lang='lat' dir='ltr'>Dei</span> <span class='ocrx_word' id='word_1_411' title='bbox 2169 611 2221 636; x_wconf 87' lang='lat' dir='ltr'>est</span> 
     </span>
     <span class='ocr_line' id='line_1_71' title="bbox 1239 641 2220 686; baseline 0.006 -14"><span class='ocrx_word' id='word_1_412' title='bbox 1239 641 1443 683; x_wconf 80' lang='lat' dir='ltr'>Redemptor</span> <span class='ocrx_word' id='word_1_413' title='bbox 1465 649 1590 683; x_wconf 86' lang='lat' dir='ltr'>noster,</span> <span class='ocrx_word' id='word_1_414' title='bbox 1613 651 1769 686; x_wconf 88' lang='lat' dir='ltr'>respectu</span> <span class='ocrx_word' id='word_1_415' title='bbox 1787 646 1902 686; x_wconf 78' lang='lat' dir='ltr'>patris,</span> <span class='ocrx_word' id='word_1_416' title='bbox 1947 644 2049 678; x_wconf 86' lang='lat' dir='ltr'>Filius</span> <span class='ocrx_word' id='word_1_417' title='bbox 2065 646 2129 679; x_wconf 87' lang='lat' dir='ltr'>Dei</span> <span class='ocrx_word' id='word_1_418' title='bbox 2151 657 2220 678; x_wconf 88' lang='lat' dir='ltr'>non</span> 
     </span>
     <span class='ocr_line' id='line_1_72' title="bbox 1239 683 2218 731; baseline 0.006 -17"><span class='ocrx_word' id='word_1_419' title='bbox 1239 685 1295 715; x_wconf 87' lang='lat' dir='ltr'>dat</span> <span class='ocrx_word' id='word_1_420' title='bbox 1317 683 1461 716; x_wconf 81' lang='lat' dir='ltr'>Diabolo</span> <span class='ocrx_word' id='word_1_421' title='bbox 1487 685 1579 727; x_wconf 78' lang='grc' dir='ltr'><strong><em>λύτρα</em></strong></span> <span class='ocrx_word' id='word_1_422' title='bbox 1602 697 1662 728; x_wconf 88' lang='lat' dir='ltr'>pro</span> <span class='ocrx_word' id='word_1_423' title='bbox 1686 689 1794 727; x_wconf 88' lang='lat' dir='ltr'>nobis,</span> <span class='ocrx_word' id='word_1_424' title='bbox 1829 689 1890 720; x_wconf 90' lang='lat' dir='ltr'>sed</span> <span class='ocrx_word' id='word_1_425' title='bbox 1924 689 2008 730; x_wconf 90' lang='lat' dir='ltr'>patri</span> <span class='ocrx_word' id='word_1_426' title='bbox 2037 699 2099 731; x_wconf 90' lang='lat' dir='ltr'>pro</span> <span class='ocrx_word' id='word_1_427' title='bbox 2121 691 2218 722; x_wconf 88' lang='lat' dir='ltr'>nobis</span> 
     </span>
     <span class='ocr_line' id='line_1_73' title="bbox 1239 725 2219 774; baseline 0.007 -17"><span class='ocrx_word' id='word_1_428' title='bbox 1239 725 1402 758; x_wconf 83' lang='lat' dir='ltr'>satisfacit</span> <span class='ocrx_word' id='word_1_429' title='bbox 1425 728 1614 760; x_wconf 88' lang='lat' dir='ltr'>obedientia</span> <span class='ocrx_word' id='word_1_430' title='bbox 1636 740 1709 769; x_wconf 84' lang='lat' dir='ltr'>sua,</span> <span class='ocrx_word' id='word_1_431' title='bbox 1732 738 1764 762; x_wconf 90' lang='lat' dir='ltr'>et</span> <span class='ocrx_word' id='word_1_432' title='bbox 1787 741 1915 772; x_wconf 89' lang='lat' dir='ltr'>poenas</span> <span class='ocrx_word' id='word_1_433' title='bbox 1941 733 2219 774; x_wconf 61' lang='lat' dir='ltr'>sustinendo⁸pr0</span> 
     </span>
     <span class='ocr_line' id='line_1_74' title="bbox 1241 768 2220 818; baseline 0.007 -18"><span class='ocrx_word' id='word_1_434' title='bbox 1241 770 1348 801; x_wconf 88' lang='lat' dir='ltr'>nobis.</span> <span class='ocrx_word' id='word_1_435' title='bbox 1393 768 1435 801; x_wconf 83' lang='lat' dir='ltr'>Et</span> <span class='ocrx_word' id='word_1_436' title='bbox 1459 769 1543 802; x_wconf 87' lang='lat' dir='ltr'>haec</span> <span class='ocrx_word' id='word_1_437' title='bbox 1565 773 1750 805; x_wconf 80' lang='lat' dir='ltr'>satisfactio</span> <span class='ocrx_word' id='word_1_438' title='bbox 1774 781 1824 806; x_wconf 85' lang='lat' dir='ltr'>est</span> <span class='ocrx_word' id='word_1_439' title='bbox 1848 780 1963 806; x_wconf 80' lang='lat' dir='ltr'>nostra</span> <span class='ocrx_word' id='word_1_440' title='bbox 1986 775 2122 814; x_wconf 88' lang='lat' dir='ltr'>iustitia,</span> <span class='ocrx_word' id='word_1_441' title='bbox 2144 786 2220 818; x_wconf 88' lang='lat' dir='ltr'>pro-</span> 
     </span>
     <span class='ocr_line' id='line_1_75' title="bbox 1239 814 2084 858; baseline 0.008 -15"><span class='ocrx_word' id='word_1_442' title='bbox 1239 818 1313 854; x_wconf 88' lang='lat' dir='ltr'>pter</span> <span class='ocrx_word' id='word_1_443' title='bbox 1335 823 1432 854; x_wconf 88' lang='lat' dir='ltr'>quam</span> <span class='ocrx_word' id='word_1_444' title='bbox 1454 822 1570 845; x_wconf 85' lang='lat' dir='ltr'>sumus</span> <span class='ocrx_word' id='word_1_445' title='bbox 1592 814 1667 847; x_wconf 89' lang='lat' dir='ltr'>Deo</span> <span class='ocrx_word' id='word_1_446' title='bbox 1691 818 1831 858; x_wconf 85' lang='lat' dir='ltr'>accepti.</span> <span class='ocrx_word' id='word_1_447' title='bbox 2080 855 2084 857; x_wconf 32' lang='grc'><strong>,</strong></span> 
     </span>
    </p>

    <p class='ocr_par' dir='ltr' id='par_1_23' title="bbox 1235 855 2225 1445">
     <span class='ocr_line' id='line_1_76' title="bbox 1326 855 2220 897; baseline 0.008 -11"><span class='ocrx_word' id='word_1_448' title='bbox 1326 855 1495 897; x_wconf 89' lang='lat' dir='ltr'>Respectu</span> <span class='ocrx_word' id='word_1_449' title='bbox 1529 855 1662 889; x_wconf 86' lang='lat' dir='ltr'>Diaboli</span> <span class='ocrx_word' id='word_1_450' title='bbox 1696 858 1784 891; x_wconf 86' lang='lat' dir='ltr'>filius</span> <span class='ocrx_word' id='word_1_451' title='bbox 1818 859 1881 891; x_wconf 82' lang='lat' dir='ltr'>Del</span> <span class='ocrx_word' id='word_1_452' title='bbox 1905 867 1954 891; x_wconf 85' lang='lat' dir='ltr'>est</span> <span class='ocrx_word' id='word_1_453' title='bbox 1979 859 2138 893; x_wconf 87' lang='lat' dir='ltr'>liberator</span> <span class='ocrx_word' id='word_1_454' title='bbox 2162 871 2220 893; x_wconf 92' lang='lat' dir='ltr'>no-</span> 
     </span>
     <span class='ocr_line' id='line_1_77' title="bbox 1240 897 2220 946; baseline 0.008 -18"><span class='ocrx_word' id='word_1_455' title='bbox 1240 904 1327 936; x_wconf 89' lang='lat' dir='ltr'>ster,</span> <span class='ocrx_word' id='word_1_456' title='bbox 1361 897 1441 929; x_wconf 87' lang='lat' dir='ltr'>nihil</span> <span class='ocrx_word' id='word_1_457' title='bbox 1465 899 1520 930; x_wconf 87' lang='lat' dir='ltr'>dat</span> <span class='ocrx_word' id='word_1_458' title='bbox 1549 898 1713 940; x_wconf 89' lang='lat' dir='ltr'>Diabolo‚</span> <span class='ocrx_word' id='word_1_459' title='bbox 1747 904 1809 945; x_wconf 75' lang='lat' dir='ltr'>sed</span> <span class='ocrx_word' id='word_1_460' title='bbox 1843 904 1934 944; x_wconf 88' lang='lat' dir='ltr'>punit</span> <span class='ocrx_word' id='word_1_461' title='bbox 1964 913 2038 935; x_wconf 88' lang='lat' dir='ltr'>eum</span> <span class='ocrx_word' id='word_1_462' title='bbox 2064 909 2220 946; x_wconf 88' lang='lat' dir='ltr'>tanquam</span> 
     </span>
     <span class='ocr_line' id='line_1_78' title="bbox 1239 940 2224 982; baseline 0.008 -11"><span class='ocrx_word' id='word_1_463' title='bbox 1239 940 1401 973; x_wconf 89' lang='lat' dir='ltr'>latronem</span> <span class='ocrx_word' id='word_1_464' title='bbox 1435 942 1524 973; x_wconf 72' lang='lat' dir='ltr'>iuxta</span> <span class='ocrx_word' id='word_1_465' title='bbox 1557 942 1695 975; x_wconf 90' lang='lat' dir='ltr'>dictum:</span> <span class='ocrx_word' id='word_1_466' title='bbox 1728 945 1839 978; x_wconf 75' lang='lat' dir='ltr'>Gratis</span> <span class='ocrx_word' id='word_1_467' title='bbox 1862 948 2038 978; x_wconf 71' lang='lat' dir='ltr'>venundati</span> <span class='ocrx_word' id='word_1_468' title='bbox 2060 950 2155 982; x_wconf 72' lang='lat' dir='ltr'>estis,</span> <span class='ocrx_word' id='word_1_469' title='bbox 2191 952 2224 979; x_wconf 80' lang='lat' dir='ltr'>et</span> 
     </span>
     <span class='ocr_line' id='line_1_79' title="bbox 1235 985 2221 1031; baseline 0.006 -15"><span class='ocrx_word' id='word_1_470' title='bbox 1235 988 1341 1024; x_wconf 65' lang='lat' dir='ltr'>gyratis</span> <span class='ocrx_word' id='word_1_471' title='bbox 1369 986 1588 1025; x_wconf 69' lang='lat' dir='ltr'>redonemt&#39;m’,</span> <span class='ocrx_word' id='word_1_472' title='bbox 1618 985 1685 1018; x_wconf 89' lang='lat' dir='ltr'>hoc</span> <span class='ocrx_word' id='word_1_473' title='bbox 1715 993 1783 1026; x_wconf 88' lang='lat' dir='ltr'>est,</span> <span class='ocrx_word' id='word_1_474' title='bbox 1816 987 1982 1020; x_wconf 88' lang='lat' dir='ltr'>Diabolus</span> <span class='ocrx_word' id='word_1_475' title='bbox 2012 991 2118 1031; x_wconf 79' lang='lat' dir='ltr'>rapuit</span> <span class='ocrx_word' id='word_1_476' title='bbox 2146 989 2221 1022; x_wconf 89' lang='lat' dir='ltr'>Deo</span> 
     </span>
     <span class='ocr_line' id='line_1_80' title="bbox 1238 1029 2222 1071; baseline 0.006 -13"><span class='ocrx_word' id='word_1_477' title='bbox 1238 1037 1332 1059; x_wconf 88' lang='lat' dir='ltr'>suam</span> <span class='ocrx_word' id='word_1_478' title='bbox 1353 1029 1617 1068; x_wconf 87' lang='lat' dir='ltr'>possessionem,</span> <span class='ocrx_word' id='word_1_479' title='bbox 1642 1035 1798 1071; x_wconf 87' lang='lat' dir='ltr'>tanquam</span> <span class='ocrx_word' id='word_1_480' title='bbox 1821 1029 1875 1062; x_wconf 88' lang='lat' dir='ltr'>fur</span> <span class='ocrx_word' id='word_1_481' title='bbox 1896 1037 1929 1062; x_wconf 87' lang='lat' dir='ltr'>et</span> <span class='ocrx_word' id='word_1_482' title='bbox 1957 1031 2052 1063; x_wconf 82' lang='lat' dir='ltr'>latro.</span> <span class='ocrx_word' id='word_1_483' title='bbox 2097 1032 2222 1064; x_wconf 89' lang='lat' dir='ltr'>Vendi-</span> 
     </span>
     <span class='ocr_line' id='line_1_81' title="bbox 1240 1070 2222 1114; baseline 0.004 -12"><span class='ocrx_word' id='word_1_484' title='bbox 1240 1070 1326 1102; x_wconf 72' lang='lat' dir='ltr'>cavit</span> <span class='ocrx_word' id='word_1_485' title='bbox 1349 1071 1423 1105; x_wconf 86' lang='lat' dir='ltr'>sibi,</span> <span class='ocrx_word' id='word_1_486' title='bbox 1447 1071 1534 1113; x_wconf 89' lang='lat' dir='ltr'>quod</span> <span class='ocrx_word' id='word_1_487' title='bbox 1554 1081 1622 1103; x_wconf 87' lang='lat' dir='ltr'>non</span> <span class='ocrx_word' id='word_1_488' title='bbox 1644 1079 1716 1104; x_wconf 89' lang='lat' dir='ltr'>erat</span> <span class='ocrx_word' id='word_1_489' title='bbox 1738 1073 1855 1114; x_wconf 90' lang='lat' dir='ltr'>ipsius,</span> <span class='ocrx_word' id='word_1_490' title='bbox 1879 1074 1939 1105; x_wconf 88' lang='lat' dir='ltr'>sed</span> <span class='ocrx_word' id='word_1_491' title='bbox 1963 1073 2037 1105; x_wconf 88' lang='lat' dir='ltr'>Dei.</span> <span class='ocrx_word' id='word_1_492' title='bbox 2092 1074 2222 1107; x_wconf 88' lang='lat' dir='ltr'>Deinde</span> 
     </span>
     <span class='ocr_line' id='line_1_82' title="bbox 1239 1113 2222 1158; baseline 0.005 -14"><span class='ocrx_word' id='word_1_493' title='bbox 1239 1123 1302 1145; x_wconf 87' lang='lat' dir='ltr'>nec</span> <span class='ocrx_word' id='word_1_494' title='bbox 1323 1113 1473 1145; x_wconf 87' lang='lat' dir='ltr'>homines</span> <span class='ocrx_word' id='word_1_495' title='bbox 1486 1114 1661 1156; x_wconf 85' lang='lat' dir='ltr'>quicquam</span> <span class='ocrx_word' id='word_1_496' title='bbox 1685 1116 1762 1147; x_wconf 86' lang='lat' dir='ltr'>boni</span> <span class='ocrx_word' id='word_1_497' title='bbox 1784 1126 1825 1148; x_wconf 88' lang='lat' dir='ltr'>ex</span> <span class='ocrx_word' id='word_1_498' title='bbox 1847 1115 2045 1158; x_wconf 87' lang='lat' dir='ltr'>spoliatione</span> <span class='ocrx_word' id='word_1_499' title='bbox 2068 1115 2136 1157; x_wconf 78' lang='lat' dir='ltr'>illa,</span> <span class='ocrx_word' id='word_1_500' title='bbox 2160 1128 2222 1149; x_wconf 87' lang='lat' dir='ltr'>sen</span> 
     </span>
     <span class='ocr_line' id='line_1_83' title="bbox 1239 1155 2224 1203; baseline 0.005 -16"><span class='ocrx_word' id='word_1_501' title='bbox 1239 1155 1327 1188; x_wconf 86' lang='lat' dir='ltr'>furto</span> <span class='ocrx_word' id='word_1_502' title='bbox 1350 1157 1439 1188; x_wconf 91' lang='lat' dir='ltr'>nacti</span> <span class='ocrx_word' id='word_1_503' title='bbox 1462 1163 1554 1188; x_wconf 84' lang='lat' dir='ltr'>sunt:</span> <span class='ocrx_word' id='word_1_504' title='bbox 1579 1168 1686 1200; x_wconf 90' lang='lat' dir='ltr'>neque</span> <span class='ocrx_word' id='word_1_505' title='bbox 1708 1158 1784 1190; x_wconf 86' lang='lat' dir='ltr'>Deo</span> <span class='ocrx_word' id='word_1_506' title='bbox 1808 1158 1932 1201; x_wconf 87' lang='lat' dir='ltr'>aliquid</span> <span class='ocrx_word' id='word_1_507' title='bbox 1954 1159 2067 1192; x_wconf 86' lang='lat' dir='ltr'>dat&#39;um</span> <span class='ocrx_word' id='word_1_508' title='bbox 2090 1167 2142 1192; x_wconf 86' lang='lat' dir='ltr'>est</span> <span class='ocrx_word' id='word_1_509' title='bbox 2164 1171 2224 1203; x_wconf 84' lang='lat' dir='ltr'>per</span> 
     </span>
     <span class='ocr_line' id='line_1_84' title="bbox 1239 1198 2224 1241; baseline 0.006 -11"><span class='ocrx_word' id='word_1_510' title='bbox 1239 1198 1429 1231; x_wconf 86' lang='lat' dir='ltr'>Diabolum.</span> <span class='ocrx_word' id='word_1_511' title='bbox 1473 1201 1507 1232; x_wconf 91' lang='lat' dir='ltr'>Id</span> <span class='ocrx_word' id='word_1_512' title='bbox 1529 1199 1648 1232; x_wconf 84' lang='lat' dir='ltr'>Esaias</span> <span class='ocrx_word' id='word_1_513' title='bbox 1671 1202 1827 1241; x_wconf 88' lang='lat' dir='ltr'>nominat,</span> <span class='ocrx_word' id='word_1_514' title='bbox 1850 1204 1961 1235; x_wconf 72' lang='lat' dir='ltr'>Gratis</span> <span class='ocrx_word' id='word_1_515' title='bbox 1982 1213 2042 1235; x_wconf 73' lang='lat' dir='ltr'>noe</span> <span class='ocrx_word' id='word_1_516' title='bbox 2064 1205 2224 1235; x_wconf 71' lang='lat' dir='ltr'>renunda-</span> 
     </span>
     <span class='ocr_line' id='line_1_85' title="bbox 1240 1242 2223 1288; baseline 0.004 -14"><span class='ocrx_word' id='word_1_517' title='bbox 1240 1247 1290 1274; x_wconf 75' lang='lat' dir='ltr'>tos</span> <span class='ocrx_word' id='word_1_518' title='bbox 1311 1253 1394 1274; x_wconf 79' lang='lat' dir='ltr'>esse.</span> <span class='ocrx_word' id='word_1_519' title='bbox 1441 1242 1513 1274; x_wconf 86' lang='lat' dir='ltr'>Huc</span> <span class='ocrx_word' id='word_1_520' title='bbox 1536 1244 1699 1285; x_wconf 84' lang='lat' dir='ltr'>pertinent</span> <span class='ocrx_word' id='word_1_521' title='bbox 1723 1243 1780 1276; x_wconf 87' lang='lat' dir='ltr'>illa</span> <span class='ocrx_word' id='word_1_522' title='bbox 1799 1256 1886 1288; x_wconf 86' lang='lat' dir='ltr'>quae</span> <span class='ocrx_word' id='word_1_523' title='bbox 1908 1255 2010 1286; x_wconf 87' lang='lat' dir='ltr'>saepe</span> <span class='ocrx_word' id='word_1_524' title='bbox 2035 1246 2123 1278; x_wconf 88' lang='lat' dir='ltr'>dicta</span> <span class='ocrx_word' id='word_1_525' title='bbox 2146 1253 2223 1279; x_wconf 84' lang='lat' dir='ltr'>sunt</span> 
     </span>
     <span class='ocr_line' id='line_1_86' title="bbox 1240 1284 2224 1327; baseline 0.005 -11"><span class='ocrx_word' id='word_1_526' title='bbox 1240 1284 1318 1316; x_wconf 88' lang='lat' dir='ltr'>alibi</span> <span class='ocrx_word' id='word_1_527' title='bbox 1341 1286 1382 1317; x_wconf 88' lang='lat' dir='ltr'>de</span> <span class='ocrx_word' id='word_1_528' title='bbox 1405 1291 1663 1327; x_wconf 83' lang='lat' dir='ltr'>temperamento</span> <span class='ocrx_word' id='word_1_529' title='bbox 1696 1288 1840 1320; x_wconf 88' lang='lat' dir='ltr'>iustitiae</span> <span class='ocrx_word' id='word_1_530' title='bbox 1863 1295 1897 1320; x_wconf 90' lang='lat' dir='ltr'>et</span> <span class='ocrx_word' id='word_1_531' title='bbox 1922 1289 2170 1321; x_wconf 82' lang='lat' dir='ltr'>misericordiae</span> <span class='ocrx_word' id='word_1_532' title='bbox 2191 1290 2224 1321; x_wconf 85' lang='lat' dir='ltr'>iu</span> 
     </span>
     <span class='ocr_line' id='line_1_87' title="bbox 1240 1327 2225 1373; baseline 0.005 -14"><span class='ocrx_word' id='word_1_533' title='bbox 1240 1327 1328 1366; x_wconf 92' lang='lat' dir='ltr'>Deo,</span> <span class='ocrx_word' id='word_1_534' title='bbox 1347 1329 1437 1370; x_wconf 87' lang='lat' dir='ltr'>quod</span> <span class='ocrx_word' id='word_1_535' title='bbox 1459 1327 1549 1361; x_wconf 86' lang='lat' dir='ltr'>lucet</span> <span class='ocrx_word' id='word_1_536' title='bbox 1577 1330 1609 1360; x_wconf 92' lang='lat' dir='ltr'>in</span> <span class='ocrx_word' id='word_1_537' title='bbox 1639 1340 1740 1371; x_wconf 89' lang='lat' dir='ltr'>opere</span> <span class='ocrx_word' id='word_1_538' title='bbox 1768 1332 2012 1373; x_wconf 83' lang='lat' dir='ltr'>redemptionis.</span> <span class='ocrx_word' id='word_1_539' title='bbox 2080 1331 2130 1364; x_wconf 77' lang='lat' dir='ltr'>Ea</span> <span class='ocrx_word' id='word_1_540' title='bbox 2158 1331 2225 1365; x_wconf 89' lang='lat' dir='ltr'>huc</span> 
     </span>
     <span class='ocr_line' id='line_1_88' title="bbox 1242 1369 2225 1445; baseline 0.005 -43"><span class='ocrx_word' id='word_1_541' title='bbox 1242 1369 1442 1445; x_wconf 54' lang='lat' dir='ltr'>Beferantur,</span> <span class='ocrx_word' id='word_1_542' title='bbox 1473 1377 1509 1404; x_wconf 82' lang='lat' dir='ltr'>ut</span> <span class='ocrx_word' id='word_1_543' title='bbox 1540 1379 1746 1415; x_wconf 85' lang='lat' dir='ltr'>agnoscatur</span> <span class='ocrx_word' id='word_1_544' title='bbox 1778 1375 1970 1416; x_wconf 85' lang='lat' dir='ltr'>magnitudo</span> <span class='ocrx_word' id='word_1_545' title='bbox 1997 1373 2096 1407; x_wconf 86' lang='lat' dir='ltr'>huius</span> <span class='ocrx_word' id='word_1_546' title='bbox 2125 1376 2225 1407; x_wconf 89' lang='lat' dir='ltr'>bene-</span> 
     </span>
    </p>

    <p class='ocr_par' dir='ltr' id='par_1_24' title="bbox 1268 1425 1319 1446">
     <span class='ocr_line' id='line_1_89' title="bbox 1268 1425 1319 1446; baseline -0.039 0"><span class='ocrx_word' id='word_1_547' title='bbox 1268 1425 1319 1446; x_wconf 89' lang='lat' dir='ltr'>cn.</span> 
     </span>
    </p>

    <p class='ocr_par' dir='ltr' id='par_1_25' title="bbox 1241 1456 2226 1629">
     <span class='ocr_line' id='line_1_90' title="bbox 1328 1456 2226 1503; baseline 0.007 -15"><span class='ocrx_word' id='word_1_548' title='bbox 1328 1456 1439 1489; x_wconf 86' lang='lat' dir='ltr'>Tertio</span> <span class='ocrx_word' id='word_1_549' title='bbox 1463 1456 1615 1489; x_wconf 90' lang='lat' dir='ltr'>Christus</span> <span class='ocrx_word' id='word_1_550' title='bbox 1638 1459 1773 1491; x_wconf 89' lang='lat' dir='ltr'>assidue</span> <span class='ocrx_word' id='word_1_551' title='bbox 1797 1459 1969 1492; x_wconf 87' lang='lat' dir='ltr'>intercedit</span> <span class='ocrx_word' id='word_1_552' title='bbox 1992 1466 2024 1493; x_wconf 89' lang='lat' dir='ltr'>et</span> <span class='ocrx_word' id='word_1_553' title='bbox 2036 1459 2226 1503; x_wconf 86' lang='lat' dir='ltr'>interpellat</span> 
     </span>
     <span class='ocr_line' id='line_1_91' title="bbox 1241 1500 2224 1543; baseline 0.005 -12"><span class='ocrx_word' id='word_1_554' title='bbox 1241 1510 1303 1542; x_wconf 89' lang='lat' dir='ltr'>pro</span> <span class='ocrx_word' id='word_1_555' title='bbox 1325 1501 1434 1539; x_wconf 86' lang='lat' dir='ltr'>nobis,</span> <span class='ocrx_word' id='word_1_556' title='bbox 1457 1500 1602 1543; x_wconf 83' lang='lat' dir='ltr'>applicat</span> <span class='ocrx_word' id='word_1_557' title='bbox 1624 1502 1723 1534; x_wconf 85' lang='lat' dir='ltr'>nobis</span> <span class='ocrx_word' id='word_1_558' title='bbox 1746 1503 1898 1535; x_wconf 88' lang='lat' dir='ltr'>meritum</span> <span class='ocrx_word' id='word_1_559' title='bbox 1921 1503 2075 1536; x_wconf 83' lang='lat' dir='ltr'>sacrificii</span> <span class='ocrx_word' id='word_1_560' title='bbox 2094 1505 2145 1536; x_wconf 88' lang='lat' dir='ltr'>sui</span> <span class='ocrx_word' id='word_1_561' title='bbox 2169 1514 2224 1536; x_wconf 89' lang='lat' dir='ltr'>co·</span> 
     </span>
     <span class='ocr_line' id='line_1_92' title="bbox 1241 1544 2223 1588; baseline 0.002 -14"><span class='ocrx_word' id='word_1_562' title='bbox 1241 1553 1311 1574; x_wconf 88' lang='lat' dir='ltr'>ram</span> <span class='ocrx_word' id='word_1_563' title='bbox 1334 1550 1470 1575; x_wconf 88' lang='lat' dir='ltr'>aeterno</span> <span class='ocrx_word' id='word_1_564' title='bbox 1493 1550 1600 1586; x_wconf 86' lang='lat' dir='ltr'>patre,</span> <span class='ocrx_word' id='word_1_565' title='bbox 1619 1544 1742 1586; x_wconf 87' lang='lat' dir='ltr'>perfert</span> <span class='ocrx_word' id='word_1_566' title='bbox 1766 1552 1844 1577; x_wconf 81' lang='lat' dir='ltr'>vota</span> <span class='ocrx_word' id='word_1_567' title='bbox 1866 1552 1898 1577; x_wconf 89' lang='lat' dir='ltr'>et</span> <span class='ocrx_word' id='word_1_568' title='bbox 1921 1547 2063 1588; x_wconf 84' lang='lat' dir='ltr'>gemitus</span> <span class='ocrx_word' id='word_1_569' title='bbox 2087 1551 2223 1578; x_wconf 87' lang='lat' dir='ltr'>nostros</span> 
     </span>
     <span class='ocr_line' id='line_1_93' title="bbox 1242 1586 2125 1629; baseline 0.002 -11"><span class='ocrx_word' id='word_1_570' title='bbox 1242 1587 1285 1618; x_wconf 86' lang='lat' dir='ltr'>ad</span> <span class='ocrx_word' id='word_1_571' title='bbox 1307 1592 1447 1628; x_wconf 87' lang='lat' dir='ltr'>patrem,</span> <span class='ocrx_word' id='word_1_572' title='bbox 1470 1593 1503 1619; x_wconf 90' lang='lat' dir='ltr'>et</span> <span class='ocrx_word' id='word_1_573' title='bbox 1525 1586 1707 1620; x_wconf 87' lang='lat' dir='ltr'>efficaciter</span> <span class='ocrx_word' id='word_1_574' title='bbox 1728 1589 1826 1619; x_wconf 88' lang='lat' dir='ltr'>nobis</span> <span class='ocrx_word' id='word_1_575' title='bbox 1850 1589 2001 1629; x_wconf 88' lang='lat' dir='ltr'>impetrat</span> <span class='ocrx_word' id='word_1_576' title='bbox 2027 1589 2125 1620; x_wconf 90' lang='lat' dir='ltr'>bona-</span> 
     </span>
    </p>

    <p class='ocr_par' dir='ltr' id='par_1_26' title="bbox 1240 1630 2227 2058">
     <span class='ocr_line' id='line_1_94' title="bbox 1328 1630 2224 1673; baseline 0.001 -12"><span class='ocrx_word' id='word_1_577' title='bbox 1328 1630 1363 1661; x_wconf 93' lang='lat' dir='ltr'>Id</span> <span class='ocrx_word' id='word_1_578' title='bbox 1392 1631 1568 1671; x_wconf 84' lang='lat' dir='ltr'>praecipue</span> <span class='ocrx_word' id='word_1_579' title='bbox 1601 1631 1808 1673; x_wconf 84' lang='lat' dir='ltr'>significatur</span> <span class='ocrx_word' id='word_1_580' title='bbox 1830 1630 1996 1663; x_wconf 83' lang='lat' dir='ltr'>vocabulo</span> <span class='ocrx_word' id='word_1_581' title='bbox 2020 1631 2224 1670; x_wconf 85' lang='lat' dir='ltr'>mediatoris,</span> 
     </span>
     <span class='ocr_line' id='line_1_95' title="bbox 1242 1671 2227 1714; baseline 0.003 -11"><span class='ocrx_word' id='word_1_582' title='bbox 1242 1671 1284 1703; x_wconf 88' lang='lat' dir='ltr'>Et</span> <span class='ocrx_word' id='word_1_583' title='bbox 1318 1673 1367 1703; x_wconf 91' lang='lat' dir='ltr'>sic</span> <span class='ocrx_word' id='word_1_584' title='bbox 1390 1673 1513 1704; x_wconf 68' lang='lat' dir='ltr'>PsaSm.</span> <span class='ocrx_word' id='word_1_585' title='bbox 1542 1674 1571 1705; x_wconf 80' lang='lat'>2.</span> <span class='ocrx_word' id='word_1_586' title='bbox 1606 1674 1766 1714; x_wconf 86' lang='lat' dir='ltr'>scriptum</span> <span class='ocrx_word' id='word_1_587' title='bbox 1796 1680 1863 1705; x_wconf 88' lang='lat' dir='ltr'>est:</span> <span class='ocrx_word' id='word_1_588' title='bbox 1898 1676 2030 1706; x_wconf 74' lang='lat' dir='ltr'>Postula</span> <span class='ocrx_word' id='word_1_589' title='bbox 2058 1684 2079 1705; x_wconf 80' lang='lat' dir='ltr'>a</span> <span class='ocrx_word' id='word_1_590' title='bbox 2101 1683 2160 1710; x_wconf 81' lang='lat' dir='ltr'>me.</span> <span class='ocrx_word' id='word_1_591' title='bbox 2195 1679 2227 1706; x_wconf 83' lang='lat' dir='ltr'>e!</span> 
     </span>
     <span class='ocr_line' id='line_1_96' title="bbox 1241 1717 2224 1757; baseline 0.001 -10"><span class='ocrx_word' id='word_1_592' title='bbox 1241 1717 1324 1747; x_wconf 82' lang='lat' dir='ltr'>dabo</span> <span class='ocrx_word' id='word_1_593' title='bbox 1340 1717 1399 1748; x_wconf 72' lang='lat' dir='ltr'>tibi</span> <span class='ocrx_word' id='word_1_594' title='bbox 1415 1721 1536 1754; x_wconf 75' lang='lat' dir='ltr'>yenles.</span> <span class='ocrx_word' id='word_1_595' title='bbox 1569 1718 1663 1748; x_wconf 81' lang='lat' dir='ltr'>item:</span> <span class='ocrx_word' id='word_1_596' title='bbox 1687 1718 1747 1754; x_wconf 81' lang='lat' dir='ltr'>Qui</span> <span class='ocrx_word' id='word_1_597' title='bbox 1767 1719 1859 1749; x_wconf 78' lang='lat' dir='ltr'>sedet</span> <span class='ocrx_word' id='word_1_598' title='bbox 1881 1719 1925 1749; x_wconf 81' lang='lat' dir='ltr'>ad</span> <span class='ocrx_word' id='word_1_599' title='bbox 1945 1719 2096 1749; x_wconf 62' lang='lat' dir='ltr'>(lernam</span> <span class='ocrx_word' id='word_1_600' title='bbox 2116 1720 2224 1757; x_wconf 72' lang='lat' dir='ltr'>patr-125</span> 
     </span>
     <span class='ocr_line' id='line_1_97' title="bbox 1241 1759 2225 1801; baseline 0.002 -12"><span class='ocrx_word' id='word_1_601' title='bbox 1241 1759 1442 1791; x_wconf 78' lang='lat' dir='ltr'>intercedens</span> <span class='ocrx_word' id='word_1_602' title='bbox 1460 1769 1524 1799; x_wconf 78' lang='lat' dir='ltr'>pro</span> <span class='ocrx_word' id='word_1_603' title='bbox 1546 1761 1643 1791; x_wconf 75' lang='lat' dir='ltr'>nobis.</span> <span class='ocrx_word' id='word_1_604' title='bbox 1689 1761 1729 1791; x_wconf 82' lang='lat' dir='ltr'>Ec</span> <span class='ocrx_word' id='word_1_605' title='bbox 1750 1770 1879 1800; x_wconf 80' lang='lat' dir='ltr'>semper</span> <span class='ocrx_word' id='word_1_606' title='bbox 1901 1770 2065 1801; x_wconf 74' lang='lat' dir='ltr'>apparens</span> <span class='ocrx_word' id='word_1_607' title='bbox 2083 1769 2148 1801; x_wconf 79' lang='lat' dir='ltr'>pro</span> <span class='ocrx_word' id='word_1_608' title='bbox 2170 1770 2225 1792; x_wconf 83' lang='lat' dir='ltr'>no·</span> 
     </span>
     <span class='ocr_line' id='line_1_98' title="bbox 1241 1802 2226 1844; baseline 0.001 -11"><span class='ocrx_word' id='word_1_609' title='bbox 1241 1803 1290 1833; x_wconf 73' lang='lat' dir='ltr'>bis</span> <span class='ocrx_word' id='word_1_610' title='bbox 1312 1805 1346 1833; x_wconf 79' lang='grc' dir='ltr'>ιἰι</span> <span class='ocrx_word' id='word_1_611' title='bbox 1368 1807 1538 1841; x_wconf 76' lang='lat' dir='ltr'>conspectu</span> <span class='ocrx_word' id='word_1_612' title='bbox 1558 1803 1673 1842; x_wconf 72' lang='lat' dir='ltr'>patris.</span> <span class='ocrx_word' id='word_1_613' title='bbox 1698 1802 1770 1834; x_wconf 83' lang='lat' dir='ltr'>Hoc</span> <span class='ocrx_word' id='word_1_614' title='bbox 1794 1804 1889 1833; x_wconf 88' lang='lat' dir='ltr'>etiam</span> <span class='ocrx_word' id='word_1_615' title='bbox 1915 1803 2110 1835; x_wconf 81' lang='lat' dir='ltr'>beneficium</span> <span class='ocrx_word' id='word_1_616' title='bbox 2123 1813 2226 1844; x_wconf 87' lang='lat' dir='ltr'>quan-</span> 
     </span>
     <span class='ocr_line' id='line_1_99' title="bbox 1242 1843 2226 1887; baseline 0.002 -12"><span class='ocrx_word' id='word_1_617' title='bbox 1242 1850 1309 1875; x_wconf 88' lang='lat' dir='ltr'>tum</span> <span class='ocrx_word' id='word_1_618' title='bbox 1332 1845 1386 1883; x_wconf 88' lang='lat' dir='ltr'>sit,</span> <span class='ocrx_word' id='word_1_619' title='bbox 1409 1843 1487 1876; x_wconf 91' lang='lat' dir='ltr'>alibi</span> <span class='ocrx_word' id='word_1_620' title='bbox 1510 1856 1612 1886; x_wconf 81' lang='lat' dir='ltr'>saepe</span> <span class='ocrx_word' id='word_1_621' title='bbox 1635 1846 1763 1883; x_wconf 73' lang='lat' dir='ltr'>dicitur,</span> <span class='ocrx_word' id='word_1_622' title='bbox 1784 1845 1915 1887; x_wconf 85' lang='lat' dir='ltr'>quoties</span> <span class='ocrx_word' id='word_1_623' title='bbox 1939 1847 2160 1887; x_wconf 84' lang='lat' dir='ltr'>praecipitur,</span> <span class='ocrx_word' id='word_1_624' title='bbox 2191 1852 2226 1877; x_wconf 91' lang='lat' dir='ltr'>ut</span> 
     </span>
     <span class='ocr_line' id='line_1_100' title="bbox 1241 1887 2226 1928; baseline 0.003 -10"><span class='ocrx_word' id='word_1_625' title='bbox 1241 1887 1273 1918; x_wconf 89' lang='lat' dir='ltr'>in</span> <span class='ocrx_word' id='word_1_626' title='bbox 1306 1889 1498 1928; x_wconf 84' lang='lat' dir='ltr'>precatione</span> <span class='ocrx_word' id='word_1_627' title='bbox 1533 1895 1647 1920; x_wconf 79' lang='lat' dir='ltr'>nostra</span> <span class='ocrx_word' id='word_1_628' title='bbox 1680 1889 1864 1920; x_wconf 84' lang='lat' dir='ltr'>intueamur</span> <span class='ocrx_word' id='word_1_629' title='bbox 1899 1889 1988 1921; x_wconf 90' lang='lat' dir='ltr'>hunc</span> <span class='ocrx_word' id='word_1_630' title='bbox 2010 1889 2226 1921; x_wconf 81' lang='lat' dir='ltr'>mediatorem</span> 
     </span>
     <span class='ocr_line' id='line_1_101' title="bbox 1241 1930 2226 1972; baseline 0.002 -11"><span class='ocrx_word' id='word_1_631' title='bbox 1241 1931 1474 1971; x_wconf 78' lang='lat' dir='ltr'>deprecantem</span> <span class='ocrx_word' id='word_1_632' title='bbox 1509 1941 1568 1971; x_wconf 87' lang='lat' dir='ltr'>pro</span> <span class='ocrx_word' id='word_1_633' title='bbox 1603 1932 1710 1968; x_wconf 77' lang='lat' dir='ltr'>uobis,</span> <span class='ocrx_word' id='word_1_634' title='bbox 1746 1938 1776 1962; x_wconf 89' lang='lat' dir='ltr'>et</span> <span class='ocrx_word' id='word_1_635' title='bbox 1802 1930 2013 1970; x_wconf 81' lang='lat' dir='ltr'>efficientem,</span> <span class='ocrx_word' id='word_1_636' title='bbox 2046 1938 2082 1963; x_wconf 83' lang='lat' dir='ltr'>ut</span> <span class='ocrx_word' id='word_1_637' title='bbox 2105 1941 2226 1972; x_wconf 84' lang='lat' dir='ltr'>preces</span> 
     </span>
     <span class='ocr_line' id='line_1_102' title="bbox 1240 1974 2226 2015; baseline 0.002 -11"><span class='ocrx_word' id='word_1_638' title='bbox 1240 1980 1376 2004; x_wconf 91' lang='lat' dir='ltr'>nostrae</span> <span class='ocrx_word' id='word_1_639' title='bbox 1399 1974 1616 2005; x_wconf 76' lang='lat' dir='ltr'>exaudiantur</span> <span class='ocrx_word' id='word_1_640' title='bbox 1639 1985 1657 2006; x_wconf 91' lang='lat' dir='ltr'>a</span> <span class='ocrx_word' id='word_1_641' title='bbox 1678 1974 1763 2012; x_wconf 77' lang='lat' dir='ltr'>Deo,</span> <span class='ocrx_word' id='word_1_642' title='bbox 1787 1975 1873 2006; x_wconf 81' lang='lat' dir='ltr'>sicut</span> <span class='ocrx_word' id='word_1_643' title='bbox 1897 1974 2062 2006; x_wconf 87' lang='lat' dir='ltr'>Dominus</span> <span class='ocrx_word' id='word_1_644' title='bbox 2082 1975 2156 2015; x_wconf 81' lang='lat' dir='ltr'>ipse</span> <span class='ocrx_word' id='word_1_645' title='bbox 2180 1975 2226 2006; x_wconf 91' lang='lat' dir='ltr'>in-</span> 
     </span>
     <span class='ocr_line' id='line_1_103' title="bbox 1241 2017 2078 2058; baseline 0.002 -11"><span class='ocrx_word' id='word_1_646' title='bbox 1241 2017 1326 2058; x_wconf 88' lang='lat' dir='ltr'>quit:</span> <span class='ocrx_word' id='word_1_647' title='bbox 1351 2018 1510 2057; x_wconf 76' lang='lat' dir='ltr'>Quicquid</span> <span class='ocrx_word' id='word_1_648' title='bbox 1528 2019 1689 2057; x_wconf 70' lang='lat' dir='ltr'>petieritis</span> <span class='ocrx_word' id='word_1_649' title='bbox 1711 2019 1745 2049; x_wconf 78' lang='grc' dir='ltr'>ιἰι</span> <span class='ocrx_word' id='word_1_650' title='bbox 1769 2028 1838 2049; x_wconf 82' lang='lat' dir='ltr'>meo</span> <span class='ocrx_word' id='word_1_651' title='bbox 1862 2021 1997 2053; x_wconf 77' lang='lat' dir='ltr'>nomine,</span> <span class='ocrx_word' id='word_1_652' title='bbox 2021 2023 2078 2049; x_wconf 79' lang='lat' dir='ltr'>ete.</span> 
     </span>
    </p>

    <p class='ocr_par' dir='ltr' id='par_1_27' title="bbox 1239 2058 2221 2522">
     <span class='ocr_line' id='line_1_104' title="bbox 1326 2058 2220 2102; baseline 0.001 -12"><span class='ocrx_word' id='word_1_653' title='bbox 1326 2059 1470 2095; x_wconf 84' lang='lat' dir='ltr'>Quarto:</span> <span class='ocrx_word' id='word_1_654' title='bbox 1496 2061 1639 2092; x_wconf 70' lang='lat' dir='ltr'>Assidue</span> <span class='ocrx_word' id='word_1_655' title='bbox 1663 2059 1789 2102; x_wconf 74' lang='lat' dir='ltr'>colligit</span> <span class='ocrx_word' id='word_1_656' title='bbox 1814 2059 1916 2092; x_wconf 84' lang='lat' dir='ltr'>Filius</span> <span class='ocrx_word' id='word_1_657' title='bbox 1939 2060 2002 2092; x_wconf 90' lang='lat' dir='ltr'>Dei</span> <span class='ocrx_word' id='word_1_658' title='bbox 2036 2058 2220 2092; x_wconf 78' lang='lat' dir='ltr'>Ecclesiam</span> 
     </span>
     <span class='ocr_line' id='line_1_105' title="bbox 1240 2101 2219 2145; baseline 0.002 -12"><span class='ocrx_word' id='word_1_659' title='bbox 1240 2103 1273 2133; x_wconf 90' lang='lat' dir='ltr'>in</span> <span class='ocrx_word' id='word_1_660' title='bbox 1298 2113 1420 2144; x_wconf 80' lang='lat' dir='ltr'>genere</span> <span class='ocrx_word' id='word_1_661' title='bbox 1443 2103 1598 2141; x_wconf 85' lang='lat' dir='ltr'>humano,</span> <span class='ocrx_word' id='word_1_662' title='bbox 1622 2114 1682 2145; x_wconf 88' lang='lat' dir='ltr'>per</span> <span class='ocrx_word' id='word_1_663' title='bbox 1706 2105 1843 2135; x_wconf 75' lang='lat' dir='ltr'>verbum</span> <span class='ocrx_word' id='word_1_664' title='bbox 1865 2105 1996 2145; x_wconf 87' lang='lat' dir='ltr'>abipso</span> <span class='ocrx_word' id='word_1_665' title='bbox 2008 2101 2219 2144; x_wconf 82' lang='lat' dir='ltr'>patefactum.</span> 
     </span>
     <span class='ocr_line' id='line_1_106' title="bbox 1240 2144 2220 2188; baseline 0.003 -12"><span class='ocrx_word' id='word_1_666' title='bbox 1240 2144 1324 2177; x_wconf 86' lang='lat' dir='ltr'>Huic</span> <span class='ocrx_word' id='word_1_667' title='bbox 1347 2146 1447 2177; x_wconf 82' lang='lat' dir='ltr'>‹lonat</span> <span class='ocrx_word' id='word_1_668' title='bbox 1473 2147 1626 2178; x_wconf 75' lang='lat' dir='ltr'>iustitiam</span> <span class='ocrx_word' id='word_1_669' title='bbox 1650 2157 1756 2178; x_wconf 85' lang='lat' dir='ltr'>snam.</span> <span class='ocrx_word' id='word_1_670' title='bbox 1780 2147 1836 2178; x_wconf 88' lang='lat' dir='ltr'>dat</span> <span class='ocrx_word' id='word_1_671' title='bbox 1859 2147 2090 2178; x_wconf 69' lang='lat' dir='ltr'>remissionem</span> <span class='ocrx_word' id='word_1_672' title='bbox 2103 2155 2220 2188; x_wconf 66' lang='lat' dir='ltr'>pecca·</span> 
     </span>
     <span class='ocr_line' id='line_1_107' title="bbox 1239 2188 2218 2229; baseline 0.003 -11"><span class='ocrx_word' id='word_1_673' title='bbox 1239 2195 1356 2226; x_wconf 88' lang='lat' dir='ltr'>torum,</span> <span class='ocrx_word' id='word_1_674' title='bbox 1381 2190 1515 2229; x_wconf 83' lang='lat' dir='ltr'>imputat</span> <span class='ocrx_word' id='word_1_675' title='bbox 1539 2200 1558 2220; x_wconf 88' lang='lat' dir='ltr'>a</span> <span class='ocrx_word' id='word_1_676' title='bbox 1581 2200 1640 2221; x_wconf 85' lang='lat' dir='ltr'>sua</span> <span class='ocrx_word' id='word_1_677' title='bbox 1656 2190 1854 2221; x_wconf 86' lang='lat' dir='ltr'>obedientia.</span> <span class='ocrx_word' id='word_1_678' title='bbox 1902 2189 1996 2221; x_wconf 86' lang='lat' dir='ltr'>Hanc</span> <span class='ocrx_word' id='word_1_679' title='bbox 2019 2188 2218 2227; x_wconf 80' lang='lat' dir='ltr'>sanctificat,</span> 
     </span>
     <span class='ocr_line' id='line_1_108' title="bbox 1239 2230 2219 2274; baseline 0.003 -13"><span class='ocrx_word' id='word_1_680' title='bbox 1239 2230 1303 2263; x_wconf 81' lang='lat' dir='ltr'>hoo</span> <span class='ocrx_word' id='word_1_681' title='bbox 1326 2238 1388 2264; x_wconf 77' lang='lat' dir='ltr'>est.</span> <span class='ocrx_word' id='word_1_682' title='bbox 1413 2233 1490 2263; x_wconf 84' lang='lat' dir='ltr'>dato</span> <span class='ocrx_word' id='word_1_683' title='bbox 1504 2234 1626 2274; x_wconf 76' lang='lat' dir='ltr'>Spiritu</span> <span class='ocrx_word' id='word_1_684' title='bbox 1640 2239 1758 2264; x_wconf 75' lang='lat' dir='ltr'>sancto</span> <span class='ocrx_word' id='word_1_685' title='bbox 1782 2233 1942 2264; x_wconf 86' lang='lat' dir='ltr'>instaurat</span> <span class='ocrx_word' id='word_1_686' title='bbox 1967 2234 1999 2264; x_wconf 88' lang='lat' dir='ltr'>in</span> <span class='ocrx_word' id='word_1_687' title='bbox 2023 2233 2119 2264; x_wconf 88' lang='lat' dir='ltr'>nobis</span> <span class='ocrx_word' id='word_1_688' title='bbox 2142 2232 2219 2264; x_wconf 87' lang='lat' dir='ltr'>ima·</span> 
     </span>
     <span class='ocr_line' id='line_1_109' title="bbox 1239 2275 2221 2317; baseline 0.001 -12"><span class='ocrx_word' id='word_1_689' title='bbox 1239 2275 1346 2315; x_wconf 79' lang='lat' dir='ltr'>gisseni</span> <span class='ocrx_word' id='word_1_690' title='bbox 1372 2275 1444 2307; x_wconf 80' lang='lat' dir='ltr'>Dei.</span> <span class='ocrx_word' id='word_1_691' title='bbox 1467 2276 1507 2306; x_wconf 82' lang='lat' dir='ltr'>ad</span> <span class='ocrx_word' id='word_1_692' title='bbox 1532 2287 1628 2317; x_wconf 79' lang='lat' dir='ltr'>quant</span> <span class='ocrx_word' id='word_1_693' title='bbox 1652 2286 1765 2307; x_wconf 69' lang='lat' dir='ltr'>sumus</span> <span class='ocrx_word' id='word_1_694' title='bbox 1791 2276 1924 2307; x_wconf 89' lang='lat' dir='ltr'>conditi.</span> <span class='ocrx_word' id='word_1_695' title='bbox 1992 2276 2131 2317; x_wconf 85' lang='lat' dir='ltr'>Propter</span> <span class='ocrx_word' id='word_1_696' title='bbox 2155 2275 2221 2307; x_wconf 86' lang='lat' dir='ltr'>hoc</span> 
     </span>
     <span class='ocr_line' id='line_1_110' title="bbox 1240 2318 2219 2357; baseline 0.001 -9"><span class='ocrx_word' id='word_1_697' title='bbox 1240 2318 1433 2349; x_wconf 78' lang='lat' dir='ltr'>beneficium</span> <span class='ocrx_word' id='word_1_698' title='bbox 1458 2320 1643 2350; x_wconf 81' lang='lat' dir='ltr'>nominatur</span> <span class='ocrx_word' id='word_1_699' title='bbox 1666 2323 1787 2350; x_wconf 71' lang='lat' dir='ltr'>iustum</span> <span class='ocrx_word' id='word_1_700' title='bbox 1811 2324 1924 2350; x_wconf 70' lang='lat' dir='ltr'>nostra</span> <span class='ocrx_word' id='word_1_701' title='bbox 1946 2324 1978 2350; x_wconf 69' lang='lat' dir='ltr'>e!</span> <span class='ocrx_word' id='word_1_702' title='bbox 1998 2320 2219 2357; x_wconf 71' lang='lat' dir='ltr'>saractificatia.</span> 
     </span>
     <span class='ocr_line' id='line_1_111' title="bbox 1243 2361 2219 2403; baseline 0.001 -12"><span class='ocrx_word' id='word_1_703' title='bbox 1243 2361 1269 2391; x_wconf 92' lang='lat' dir='ltr'>l.</span> <span class='ocrx_word' id='word_1_704' title='bbox 1294 2361 1371 2391; x_wconf 58' lang='lat'>(¹012</span> <span class='ocrx_word' id='word_1_705' title='bbox 1400 2362 1426 2391; x_wconf 92' lang='grc'>1.</span> <span class='ocrx_word' id='word_1_706' title='bbox 1494 2361 1544 2393; x_wconf 82' lang='lat' dir='ltr'>Dc</span> <span class='ocrx_word' id='word_1_707' title='bbox 1569 2374 1634 2403; x_wconf 78' lang='lat' dir='ltr'>quo</span> <span class='ocrx_word' id='word_1_708' title='bbox 1665 2362 1826 2393; x_wconf 69' lang='lat' dir='ltr'>beneficio</span> <span class='ocrx_word' id='word_1_709' title='bbox 1850 2361 1997 2392; x_wconf 75' lang='lat' dir='ltr'>similitor</span> <span class='ocrx_word' id='word_1_710' title='bbox 2021 2361 2117 2403; x_wconf 83' lang='lat' dir='ltr'>plura</span> <span class='ocrx_word' id='word_1_711' title='bbox 2141 2361 2219 2392; x_wconf 82' lang='lat' dir='ltr'>alibi</span> 
     </span>
     <span class='ocr_line' id='line_1_112' title="bbox 1240 2404 2219 2446; baseline 0.001 -12"><span class='ocrx_word' id='word_1_712' title='bbox 1240 2405 1403 2435; x_wconf 69' lang='lat' dir='ltr'>dicuntur.</span> <span class='ocrx_word' id='word_1_713' title='bbox 1439 2416 1510 2435; x_wconf 77' lang='lat' dir='ltr'>cuin</span> <span class='ocrx_word' id='word_1_714' title='bbox 1535 2404 1722 2446; x_wconf 60' lang='lat' dir='ltr'>explicatur</span> <span class='ocrx_word' id='word_1_715' title='bbox 1741 2405 1889 2437; x_wconf 86' lang='lat' dir='ltr'>doctrina</span> <span class='ocrx_word' id='word_1_716' title='bbox 1909 2405 2035 2445; x_wconf 75' lang='lat' dir='ltr'>integra</span> <span class='ocrx_word' id='word_1_717' title='bbox 2059 2405 2101 2435; x_wconf 78' lang='lat' dir='ltr'>ile</span> <span class='ocrx_word' id='word_1_718' title='bbox 2129 2404 2219 2436; x_wconf 82' lang='lat' dir='ltr'>iusti-</span> 
     </span>
     <span class='ocr_line' id='line_1_113' title="bbox 1240 2447 2219 2489; baseline 0.001 -12"><span class='ocrx_word' id='word_1_719' title='bbox 1240 2447 1392 2478; x_wconf 63' lang='lat' dir='ltr'>ficatione</span> <span class='ocrx_word' id='word_1_720' title='bbox 1417 2449 1518 2478; x_wconf 63' lang='lat' dir='ltr'>nom-i</span> <span class='ocrx_word' id='word_1_721' title='bbox 1544 2459 1655 2479; x_wconf 75' lang='lat' dir='ltr'>eoram</span> <span class='ocrx_word' id='word_1_722' title='bbox 1681 2447 1767 2486; x_wconf 80' lang='lat' dir='ltr'>Deo,</span> <span class='ocrx_word' id='word_1_723' title='bbox 1790 2455 1819 2479; x_wconf 91' lang='lat' dir='ltr'>et</span> <span class='ocrx_word' id='word_1_724' title='bbox 1846 2448 1886 2478; x_wconf 76' lang='lat' dir='ltr'>«le</span> <span class='ocrx_word' id='word_1_725' title='bbox 1917 2448 2130 2479; x_wconf 79' lang='lat' dir='ltr'>inchoatione</span> <span class='ocrx_word' id='word_1_726' title='bbox 2153 2447 2219 2489; x_wconf 81' lang='lat' dir='ltr'>spi-</span> 
     </span>
     <span class='ocr_line' id='line_1_114' title="bbox 1240 2489 1729 2522; baseline 0.004 -2"><span class='ocrx_word' id='word_1_727' title='bbox 1240 2489 1364 2521; x_wconf 66' lang='lat' dir='ltr'>ritu-‘ilis</span> <span class='ocrx_word' id='word_1_728' title='bbox 1390 2493 1542 2521; x_wconf 60' lang='lat' dir='ltr'>uminum</span> <span class='ocrx_word' id='word_1_729' title='bbox 1567 2492 1596 2522; x_wconf 91' lang='lat' dir='ltr'>in</span> <span class='ocrx_word' id='word_1_730' title='bbox 1622 2492 1729 2522; x_wconf 82' lang='lat' dir='ltr'>nobis.</span> 
     </span>
    </p>

    <p class='ocr_par' dir='ltr' id='par_1_28' title="bbox 1239 2532 2220 2659">
     <span class='ocr_line' id='line_1_115' title="bbox 1327 2532 2220 2568; baseline 0.002 -6"><span class='ocrx_word' id='word_1_731' title='bbox 1327 2535 1464 2568; x_wconf 76' lang='lat' dir='ltr'>Quinto:</span> <span class='ocrx_word' id='word_1_732' title='bbox 1503 2534 1655 2565; x_wconf 63' lang='lat' dir='ltr'>Defendit</span> <span class='ocrx_word' id='word_1_733' title='bbox 1681 2533 1768 2566; x_wconf 74' lang='lat' dir='ltr'>tilius</span> <span class='ocrx_word' id='word_1_734' title='bbox 1804 2533 1877 2565; x_wconf 82' lang='lat' dir='ltr'>Dei.</span> <span class='ocrx_word' id='word_1_735' title='bbox 1914 2540 1943 2564; x_wconf 81' lang='lat' dir='ltr'>ct</span> <span class='ocrx_word' id='word_1_736' title='bbox 1969 2541 2080 2564; x_wconf 62' lang='lat' dir='ltr'>servat</span> <span class='ocrx_word' id='word_1_737' title='bbox 2106 2532 2220 2564; x_wconf 78' lang='lat' dir='ltr'>Eccle-</span> 
     </span>
     <span class='ocr_line' id='line_1_116' title="bbox 1239 2576 2218 2618; baseline 0.002 -13"><span class='ocrx_word' id='word_1_738' title='bbox 1239 2577 1319 2607; x_wconf 81' lang='lat' dir='ltr'>sinni</span> <span class='ocrx_word' id='word_1_739' title='bbox 1344 2585 1372 2607; x_wconf 70' lang='lat' dir='ltr'>ot</span> <span class='ocrx_word' id='word_1_740' title='bbox 1399 2576 1530 2618; x_wconf 67' lang='lat' dir='ltr'>singula</span> <span class='ocrx_word' id='word_1_741' title='bbox 1554 2579 1711 2609; x_wconf 66' lang='lat' dir='ltr'>monitu-n.</span> <span class='ocrx_word' id='word_1_742' title='bbox 1734 2578 1817 2608; x_wconf 76' lang='lat' dir='ltr'>sicut</span> <span class='ocrx_word' id='word_1_743' title='bbox 1843 2577 1960 2618; x_wconf 83' lang='lat' dir='ltr'>inquit:</span> <span class='ocrx_word' id='word_1_744' title='bbox 1993 2578 2091 2608; x_wconf 62' lang='lat' dir='ltr'>Nemo</span> <span class='ocrx_word' id='word_1_745' title='bbox 2114 2580 2218 2617; x_wconf 72' lang='lat' dir='ltr'>rapiet</span> 
     </span>
     <span class='ocr_line' id='line_1_117' title="bbox 1239 2619 2219 2659; baseline -0.001 -8"><span class='ocrx_word' id='word_1_746' title='bbox 1239 2631 1312 2651; x_wconf 66' lang='lat' dir='ltr'>orvs</span> <span class='ocrx_word' id='word_1_747' title='bbox 1345 2631 1432 2651; x_wconf 67' lang='lat' dir='ltr'>mem</span> <span class='ocrx_word' id='word_1_748' title='bbox 1467 2631 1508 2651; x_wconf 62' lang='lat' dir='ltr'>«nr</span> <span class='ocrx_word' id='word_1_749' title='bbox 1538 2623 1683 2652; x_wconf 67' lang='lat' dir='ltr'>virtuibus</span> <span class='ocrx_word' id='word_1_750' title='bbox 1713 2625 1800 2652; x_wconf 69' lang='lat' dir='ltr'>ml&#39;l&#39;s-</span> <span class='ocrx_word' id='word_1_751' title='bbox 1871 2620 1908 2650; x_wconf 76' lang='lat' dir='ltr'>Ex</span> <span class='ocrx_word' id='word_1_752' title='bbox 1940 2620 1971 2650; x_wconf 88' lang='lat' dir='ltr'>in</span> <span class='ocrx_word' id='word_1_753' title='bbox 2008 2619 2121 2650; x_wconf 69' lang='lat' dir='ltr'>Esaia:</span> <span class='ocrx_word' id='word_1_754' title='bbox 2156 2620 2219 2659; x_wconf 57' lang='lat' dir='ltr'>Ego</span> 
     </span>
    </p>
   </div>
  </div>
 </body>
</html>
