2324 2958
802 145 1021 180 POSTlLLA
1042 145 1444 179 MELANTHONIANA.
2060 147 2125 180 886

116 149 181 183 885

1148 237 1335 280 pulchrum,
1359 240 1387 270 si
1411 242 1484 281 quis
1506 242 1551 272 ita
1574 241 1704 279 insanit,
1736 249 1769 272 ut
1792 241 1941 272 discedat
1971 242 2012 272 ab
2038 241 2125 272 omni

1148 281 1286 312 aliorum
1300 281 1465 313 hominum
1481 284 1730 321 consuetudine,
1755 284 1948 325 praesertim
1971 283 2124 314 honesta.

1235 323 1318 355 Cum
1351 325 1455 365 prima
1478 324 1680 357 Pentecoste
1713 327 1754 357 sit
1783 332 1928 366 tenipus,
1958 337 2023 357 tuo
2056 325 2125 356 lata

1149 373 1200 398 est
1234 365 1302 398 lex:
1337 368 1500 408 cogitate,
1534 378 1630 408 quam
1670 367 1839 399 excellens
1879 377 1908 399 et
1945 338 2126 409 gloriosum

1148 418 1233 450 opus
1262 409 1361 441 suerit
1390 408 1608 450 promulgatio
1645 409 1701 441 illa
1728 409 1824 452 legis.
1880 408 1983 442 Recte
2018 417 2126 442 autem

1149 451 1271 483 Paulus
1294 457 1555 494 argumentatur:
1591 453 1630 483 ‚Si
1647 457 1860 493 promulgatio
1892 455 1972 492 leye's
1998 452 2064 492 fm't
2093 457 2126 484 in

1145 497 1263 536 gloria,
1285 500 1404 535 quanto
1427 497 1526 535 tizayis
1554 498 1767 535 promulgatio
1791 497 1953 534 Ecanyelil
1976 500 2036 527 eru
2059 498 2126 535 ylo-

119 547 299 583 spargatur
320 551 380 582 per
402 547 504 573 totum
527 542 651 573 orbem.
696 539 788 570 Haec
818 546 868 570 est
898 538 988 571 velut
1011 548 1095 570 mes-
1147 540 1258 570 rt'osa!
1300 537 1384 569 Tota
1409 538 1539 568 eductio
1574 537 1688 578 populi
1718 548 1757 569 ex
1781 537 1933 579 Aegypto
1964 545 2013 569 est
2036 539 2126 570 testi-

116 585 164 614 sis
197 583 410 626 Evangelica.
471 584 618 616 Tandem
651 583 800 624 sequitur
833 581 953 613 festum
986 582 1095 613 taber·
1147 582 1290 612 monium
1323 579 1598 622 promulgationis
1632 579 1727 622 legis
1785 580 2045 611 Pulcherrinmm
2076 591 2126 612 re-

117 626 326 658 tiaculorum:
364 628 441 669 quia
469 627 534 659 hoc
564 626 629 657 fine
662 624 826 666 colligitur
857 623 1026 662 Ecclesia,
1061 630 1095 655 ut
1119 616 1122 668 Ι
1148 634 1248 666 gnum
1270 624 1303 654 in
1327 629 1396 654 toto
1419 624 1501 654 orbe
1529 630 1709 660 terrarum,
1738 621 1891 653 videlicet
1915 623 2127 664 Aegyptium,

117 668 193 701 laeti
217 671 453 702 conveniamus
477 670 518 701 ad
541 675 677 701 aeterna
699 666 924 699 tabernacula.
1119 670 1231 708 *pene
1263 666 1411 698 funditus
1445 676 1599 697 eversum
1632 672 1698 697 est:
1739 664 1888 707 Populus
1924 666 2041 696 ductus
2077 671 2128 696 est

203 712 352 754 Populus
375 713 528 745 iudaicus
550 712 665 743 habuit
681 712 778 743 etiam
801 710 885 743 alias
909 720 1094 743 commone·
1118 730 1121 768 Ι
1146 720 1207 751 per
1228 719 1319 741 mare
1342 710 1488 747 rubrum,
1511 714 1542 740 et
1565 709 1705 740 nutritus
1729 708 1770 739 de
1793 706 1888 739 coelo
1920 708 1952 738 in
1976 708 2126 743 deserto;

117 754 282 787 sactiones
304 757 336 787 in
367 755 591 787 celebratione
614 765 751 786 suorum
775 754 946 786 festorum:
981 753 1095 785 Sancti
1149 752 1261 793 Rupes
1284 751 1439 783 fuderunt
1462 750 1572 783 fontes
1594 762 1766 793 aquarum,
1789 757 1822 781 et
1844 750 1931 781 sacta
1957 756 2033 781 sunt
2063 749 2128 781 alia

116 799 149 830 in
182 799 249 830 isto
283 797 406 840 populo
439 798 737 830 commonefiebant
770 798 811 829 de
845 797 1031 839 praeteritis
1062 802 1094 827 et
1145 795 1248 827 multa
1270 793 1442 832 mirabilia,
1470 804 1555 835 quae
1578 795 1688 826 omnia
1711 792 1843 825 suerunt
1866 791 2005 824 illustria
2038 793 2128 824 testi·

116 840 238 872 futuris
267 842 433 882 operibus.
486 841 619 873 Festum
649 841 826 873 Paschatis
853 840 1008 871 monebat
1035 848 1095 870 eos
1146 839 1254 870 monia
1283 839 1380 869 istius
1409 847 1550 879 magnae
1584 838 1649 875 rei,
1683 835 1826 874 scilicet,
1854 834 2128 878 promulgationis

117 884 158 915 de
197 883 391 915 liberatione
425 894 465 915 ex
488 885 663 926 Aegypto,
698 891 730 914 et
751 884 904 915 mactatio
935 882 1012 924 agni
1039 891 1097 923 pa·
1120 897 1122 924 ᾗ
1146 881 1244 924 legis.
1290 881 1370 912 lude
1389 881 1557 922 sequitur,
1593 880 1681 921 quod
1711 879 1765 910 lex
1788 889 1854 910 non
1886 879 1927 910 sit
1952 879 2058 909 inan-:s
2082 877 2128 909 sa-

115 924 242 957 schalis
275 932 347 957 erat
374 927 422 958 eis
444 933 544 969 typus
566 927 733 968 passionis
756 934 787 958 et
817 926 932 957 mortis
962 924 1097 956 Christi.
1121 952 1123 963 ,
1148 925 1236 956 bula.
1282 924 1356 955 Non
1380 930 1432 954 est
1454 923 1647 961 dicendum,
1681 923 1765 953 sicut
1797 922 1927 963 quidam
1951 919 2129 952 scurriliter

115 968 250 1000 Festum
279 967 497 1001 pentecostes
533 971 717 1001 revocabat
757 970 805 1000 eis
840 969 872 999 in
906 969 1097 999 memoriam
1121 998 1124 1009 ,
1147 968 1295 999 dicebat:
1330 969 1387 998 Ma'i
1409 968 1482 998 dem
1503 967 1603 998 Moise
1625 975 1667 997 cm
1689 967 1752 997 den
1778 966 1907 1004 Galyen.
1949 963 2064 995 Moses
2086 963 2128 994 ad

117 245 151 276 in
173 242 336 275 Ecclesia.
381 240 513 273 Pascha
535 248 585 273 est
616 241 753 282 primum
774 240 905 275 festum,
928 240 1017 282 quod
1038 249 1097 271 no-

120 288 169 319 bis
192 293 245 318 est
267 284 542 317 commonefactio
575 284 617 315 de
639 283 722 314 Filio
745 282 808 314 Dei
834 281 988 324 placante
1015 283 1096 314 iram

119 329 184 360 Dei
206 338 269 360 sua
289 334 397 359 morte
419 328 453 359 in
476 337 578 369 opere
606 327 852 366 redemptionis.
909 324 982 357 Hoc
1011 334 1095 366 opus

117 370 276 402 filii-Dei
298 371 410 412 incipit
432 381 554 402 annum
576 369 760 402 Ecclesiae.

203 413 346 449 Quando
369 413 435 445 hoc
458 423 542 453 opus
565 420 616 444 est
639 410 827 453 impletum,
853 418 931 443 tunc
960 410 1096 442 mittitur

118 456 261 497 Spiritus
285 462 424 488 sanctus
447 457 489 487 ad
508 455 776 486 corroborandos
800 459 831 485 et
850 453 1094 485 confirmandos

118 499 291 535 doctores,
327 499 369 530 ad
404 497 555 530 facienda
588 496 771 534 miracula,
812 502 845 527 ut
878 495 1095 538 Evangelium

115 1011 312 1043 beneficium
336 1012 432 1044 datae
466 1011 551 1054 legis
575 1019 607 1044 et
636 1013 836 1043 constitutae
866 1010 1000 1052 politiae
1027 1009 1098 1041 Mo-
1122 1011 1124 1019 ¹

116 1054 242 1085 saicae:
275 1053 317 1085 Et
349 1052 409 1086 suit
431 1062 531 1097 typus
566 1054 778 1086 exhibitionis
801 1054 944 1095 Spiritus
974 1053 1095 1090 sancti,

117 1103 151 1127 et
172 1097 425 1138 propagationis
449 1097 623 1139 Evangelii
647 1107 706 1138 per
732 1103 834 1127 totum
857 1097 972 1127 orbem
994 1101 1097 1126 terra-

116 1149 208 1175 rum;
227 1139 312 1174 Quia
325 1141 485 1181 scriptum
509 1147 578 1171 est:
600 1141 692 1171 Dabo
703 1142 804 1178 leyem
821 1148 925 1170 meam
941 1138 976 1169 in
998 1139 1098 1169 corda
1122 1137 1125 1158 '

116 1190 234 1213 eorum.
268 1182 402 1213 Festum
414 1182 703 1213 tabernaculorum
715 1181 870 1212 monebat
890 1181 931 1211 de
949 1180 1097 1211 miranda
1122 1171 1125 1198 Ι

117 1225 373 1255 conversatione
406 1223 519 1265 populi
562 1225 595 1255 in
629 1224 782 1261 deserto,
819 1223 951 1264 quando
985 1222 1097 1253 Iudaei

115 1265 306 1297 habitarunt.
327 1266 360 1297 in
383 1266 624 1298 tabernaculis:
648 1266 689 1297 Et
711 1267 795 1297 sicut
813 1272 904 1303 tunc,
928 1275 1002 1296 cum
1020 1265 1097 1295 emi·
1122 1271 1124 1291 ἑ

115 1315 255 1350 grarunt
273 1318 315 1339 ex
335 1309 481 1347 deserto,
503 1316 619 1341 secuta
639 1316 691 1341 est
713 1308 889 1350 occupatio
912 1313 1023 1339 terrae
1035 1306 1097 1338 Ca·
1122 1301 1125 1372 Ι

115 1360 218 1382 naan:
249 1349 297 1382 lta
316 1357 415 1393 typus
439 1353 486 1383 eis
513 1353 779 1393 proponebatur,
814 1351 922 1382 Deum
945 1351 1096 1382 omnibus

116 1393 323 1433 temporibus
361 1400 566 1425 servatutum
601 1404 679 1426 esse
712 1392 898 1425 Ecclesiam
938 1393 1096 1424 mirandis

115 1435 241 1509 modlils,
271 1442 304 1467 et
326 1437 457 1468 tandem
491 1437 752 1469 introducturum
773 1436 807 1467 in
829 1443 965 1467 aeterna
987 1436 1096 1466 taber·
1120 1433 1125 1477 Ι

115 1488 180 1510 nac
218 1488 247 1508 a.

202 1519 423 1552 Considerate
455 1520 626 1562 pulchram
660 1520 804 1562 politiam
847 1521 943 1551 istam
983 1518 1097 1562 populi
1122 1482 1125 1527 ¹

113 1561 191 1601 Dei,
215 1568 248 1594 et
271 1564 418 1604 cogitate
440 1564 481 1595 de
503 1563 569 1595 illis
591 1564 903 1605 significationibus:
927 1569 1006 1595 tunc
1027 1569 1098 1594 tota

115 1605 267 1636 doctrina
301 1606 341 1636 de
375 1605 471 1637 festis
499 1608 561 1638 erit
595 1606 735 1638 dulcior.
790 1606 871 1637 Erat
900 1616 979 1647 pars
1013 1604 1095 1646 poli-

113 1648 201 1679 ticae
223 1654 256 1678 et
277 1647 537 1680 Ecclesiasticae
567 1650 784 1680 ordinationis
813 1650 845 1680 in
869 1649 934 1680 isto
963 1647 1096 1690 populo,
1122 1667 1123 1672 =

117 1688 290 1721 celebrare
313 1691 429 1722 ordine
451 1690 508 1722 illa
532 1692 594 1722 tria
617 1690 714 1723 festa.
769 1691 811 1723 Et
845 1692 923 1733 quia
953 1692 1097 1732 oportuit

115 1741 176 1763 eos
210 1733 392 1765 observare
425 1732 572 1776 legitima
603 1740 771 1775 tempora,
810 1741 966 1775 apparet,
1006 1734 1096 1776 quod

115 1784 257 1806 necesse
295 1775 470 1807 habuerint
513 1777 643 1808 discere
682 1783 783 1808 artes.
851 1777 1004 1818 oportuit
1036 1786 1096 1808 eos
1122 1783 1123 1800 ³

115 1818 204 1849 scire
232 1816 411 1859 legitimum
439 1825 567 1860 tempus
601 1819 796 1857 Paschatis,
832 1826 864 1851 et
885 1830 905 1851 a
928 1819 1096 1851 Paschate

116 1861 261 1900 oportuit
283 1869 343 1891 eos
367 1871 540 1893 numerare
558 1863 601 1894 ad
623 1862 863 1900 Pentecosten,
898 1869 931 1893 et
954 1863 1029 1894 inde
1051 1862 1096 1893 ad
1121 1872 1123 1886 ÷

116 1900 236 1934 festum
260 1902 568 1942 tabernaculorum,
601 1905 690 1946 quod
713 1915 830 1937 mense
853 1906 1008 1946 septimo,
1042 1905 1096 1936 die
1122 1899 1123 1907 ¹

117 1944 168 1976 15.
192 1943 435 1977 celebrabatur.

201 1987 251 2019 Sit
273 1994 384 2020 autem
406 1990 502 2019 nobis
526 1995 674 2030 gratum,
708 1991 797 2032 quod
825 1989 920 2022 Deus
948 1991 1096 2022 servavit
1119 2022 1124 2031 .

113 2031 187 2071 ipse
210 2030 484 2072 significationem
512 2032 725 2064 maximarum
753 2043 881 2071 rerum,
915 2034 1095 2064 institutam
1119 2034 1123 2065 Ι

114 2073 148 2103 in
174 2071 231 2104 illo
261 2072 402 2115 populo:
436 2080 468 2105 et
503 2074 568 2105 sint
600 2075 699 2106 nobis
733 2076 829 2108 etiam
861 2082 975 2107 nostra
1007 2074 1095 2107 festa

115 2114 453 2147 commonefactiones
487 2123 518 2148 et
552 2117 750 2149 occasiones
783 2119 954 2151 doctrinae
982 2125 1015 2150 et
1049 2119 1096 2150 di-

114 2157 285 2199 sciplinae.

202 2200 314 2242 Aliqui
336 2201 461 2240 dicunt,
484 2203 566 2234 Eece
589 2202 802 2242 Papisttcum,
831 2205 1003 2236 observare
1024 2204 1096 2236 dies
1119 2200 1124 2334 Ι

113 2245 284 2284 festorum
338 2244 409 2275 Nos
443 2254 508 2276 non
540 2245 696 2283 dicimus,
729 2247 996 2278 observationem
1031 2247 1096 2279 dit>

115 2296 187 2317 rum
212 2296 288 2317 esse
311 2286 452 2319 cultum:
477 2288 537 2318 sed
550 2297 723 2319 servamus
735 2288 924 2321 discrimina
934 2289 1096 2322 festorum

116 2329 260 2360 docendi
283 2331 403 2371 gratia.
459 2330 531 2361 Nec
564 2330 635 2361 sitis
667 2331 754 2362 adeo
777 2330 884 2369 efferi,
917 2337 953 2363 ut
974 2333 1096 2372 putetis

116 2370 291 2412 pulchrum
314 2381 402 2410 esse,
426 2372 664 2411 Pentecosten,
693 2373 921 2409 Parasceuen,
956 2380 990 2405 et
1012 2374 1096 2406 Bac-

117 2413 270 2446 chanalia
292 2414 408 2446 eodem
435 2416 534 2447 modo
557 2425 670 2457 agere.
724 2415 798 2448 Fuit
823 2416 964 2448 Athenis
991 2418 1098 2458 pessi-

119 2466 192 2488 mus
222 2457 322 2489 homo
356 2456 528 2496 eines-ias,
563 2458 638 2499 qui,
671 2465 707 2490 ut
736 2459 857 2490 rideret
889 2459 1096 2501 religionem,

117 2500 185 2541 egit
207 2501 374 2531 contraria
396 2500 482 2532 festa
504 2501 645 2532 usitatis·
701 2500 783 2533 Cum
807 2500 861 2533 alii
884 2501 1098 2535 celebrabant

116 2541 280 2580 funebria,
301 2548 381 2574 tunc
402 2541 460 2574 ille
482 2542 569 2574 laeta
592 2543 679 2574 festa
708 2544 850 2585 agebat:
878 2546 1014 2586 quando
1041 2544 1097 2577 alii

116 2583 219 2622 laeta,
240 2592 309 2616 tum
331 2583 390 2617 ille
410 2585 583 2623 funebria,
612 2595 672 2626 per
693 2587 903 2619 derisionem.
946 2588 1022 2620 Non
1043 2594 1098 2620 est

1147 1008 1327 1050 patibulum
1350 1008 1528 1050 relegetur.

1235 1052 1393 1093 Magnum
1416 1052 1581 1092 quidpiam
1610 1058 1662 1082 est
1685 1050 1770 1081 Lex:
1799 1049 1884 1085 Quia
1913 1055 1965 1080 cst
1995 1054 2130 1079 aeterna

1150 1100 1184 1126 et
1202 1095 1338 1125 immota
1360 1095 1523 1135 sapientia
1546 1093 1621 1132 Dei,
1644 1092 1811 1134 patefacta
1838 1092 1936 1123 nobis
1964 1092 1996 1122 in
2026 1092 2130 1132 prima

1150 1137 1329 1174 creatione,
1364 1142 1396 1168 et
1419 1143 1470 1168 est
1502 1138 1534 1168 in
1569 1142 1640 1167 toto
1675 1145 1797 1177 genere
1824 1134 1967 1166 humano
1996 1135 2129 1165 demon-

1149 1180 1266 1254 ¹strat-io
1290 1179 1453 1210 adversus
1475 1178 1660 1220 Epicureos
1684 1179 1774 1220 quod
1803 1178 1846 1209 sit
1868 1177 1974 1215 Deus,
1997 1183 2029 1208 et
2052 1187 2130 1218 qua—

1163 1232 1191 1253 is
1214 1228 1268 1253 sit.

1235 1265 1310 1296 Non
1333 1265 1531 1296 contemnite
1566 1264 1686 1306 legem,
1720 1264 1805 1294 sicut
1838 1261 2020 1294 Politianus
2050 1261 2129 1293 scri-

1149 1308 1231 1349 psit:

1278 1369 1441 1399 Inrentnm
1464 1367 1574 1398 Attaei
1593 1367 1742 1396 dimtnlur
1764 1368 1839 1395 iura
1861 1366 2039 1403 Draconis,-

1286 1411 1363 1442 Vera
1381 1414 1432 1441 est
1447 1412 1542 1449 fama
1563 1411 1673 1448 m'mz'53
1696 1409 1743 1439 m‘l
1763 1410 1829 1439 nisi
1849 1410 1937 1439 virus
1959 1408 2085 1438 liabent.

1149 1478 1225 1519 Ipse
1247 1476 1307 1509 fuit
1325 1477 1475 1509 inimicus
1487 1475 1632 1517 legibus;
1656 1476 1716 1506 sed
1739 1474 1829 1506 dedit
1846 1481 1963 1516 postea
1986 1484 2129 1515 poenas:

1149 1523 1225 1562 quia
1257 1521 1321 1551 sibi
1355 1520 1516 1551 conscivit
1549 1525 1705 1555 mortem3
1739 1528 1777 1549 se
1811 1518 1918 1559 ipsum
1951 1516 2128 1556 interfecit,

1150 1573 1224 1596 cum
1257 1563 1366 1594 adhuc
1399 1567 1492 1593 esset
1519 1562 1671 1594 iuvenis:
1716 1561 1770 1591 vix
1809 1570 1968 1602 egressus
2008 1571 2130 1592 annum

1122 1602 1125 1614 ¹
1148 1607 1266 1637 aetatis
1288 1606 1341 1637 40.
1382 1604 1472 1637 Dicit
1493 1607 1580 1644 Iura,
1603 1605 1635 1635 id
1658 1610 1720 1639 est,
1744 1602 1837 1644 leges
1860 1613 1937 1634 esse
1960 1604 2129 1634 inventum

1148 1648 1327 1681 Draconis.
1372 1648 1456 1679 Nam
1479 1647 1717 1678 Atheniensum
1739 1644 1914 1688 legislator
1938 1646 2044 1677 dictus
2059 1642 2129 1676 'fuit

1151 1694 1264 1723 Draco.
1310 1691 1418 1722 Credo
1441 1700 1515 1722 eum
1538 1700 1558 1720 a
1581 1688 1704 1730 populo
1734 1689 1784 1720 sic
1811 1689 2013 1720 nominatum
2041 1697 2129 1726 esse,

1122 1739 1123 1763 ῐ
1149 1735 1226 1765 odio
1245 1734 1373 1776 legum,
1407 1734 1490 1765 sicut
1524 1733 1644 1763 misera
1677 1731 1762 1763 haec
1784 1737 1902 1763 natura
1924 1737 1976 1762 est
1998 1731 2130 1763 inimica

1148 1776 1291 1819 legibus.
1347 1776 1445 1817 Apud
1479 1774 1650 1806 Platonem
1688 1775 1793 1816 inquit
1826 1773 2014 1815 Georgias:
2060 1775 2129 1805 Lea:

1122 1823 1123 1854 ζ
1148 1824 1196 1852 est
1230 1819 1414 1860 ssyrarznw.
1469 1818 1588 1860 Longe
1621 1816 1717 1848 aliter
1750 1814 1874 1848 Paulus
1915 1818 2026 1848 docet:
2059 1818 2128 1847 Lea·

1147 1868 1198 1895 est
1223 1863 1305 1895 bona
1331 1867 1363 1894 et
1394 1866 1523 1896 sancta,
1557 1862 1698 1900 legitime
1732 1863 1842 1891 utenti.
1897 1858 1940 1890 Et
1972 1859 2027 1891 hic
2060 1864 2129 1890 tota

1148 1912 1267 1937 natura
1298 1905 1417 1943 tremit,
1440 1904 1572 1945 quando
1595 1909 1694 1934 sonat
1715 1902 1787 1939 lex;
1809 1908 1951 1940 montes,
1973 1911 2072 1942 rupes
2095 1902 2129 1933 in

1147 1949 1227 1980 Sina
1249 1954 1471 1980 tremuerunt:
1505 1951 1668 1978 steterunt
1700 1946 1745 1977 ibi
1773 1951 1934 1977 sexcenta
1957 1944 2060 1976 millia
2083 1945 2129 1975 vi-

1148 2002 1258 2023 rorum
1282 1997 1494 2028 armatorum,
1516 2000 1583 2021 non
1607 1989 1850 2021 connumeratis
1874 1988 2028 2026 senibus,
2057 1997 2127 2018 mu·

1146 2033 1294 2071 lieribus,
1317 2033 1442 2074 pueriS,
1463 2032 1600 2064 Levitis.

1148 2199 1293 2240 Fuitne
1340 2199 1405 2239 lex
1451 2197 1609 2238 moralis
1627 2228 1636 2246 ‚
1695 2209 1817 2249 quam
1872 2196 2125 2235 nominamus

1148 2275 1420 2330 Decalogum,
1465 2281 1559 2315 ante
1597 2271 1960 2329 promulgationem
1994 2269 2125 2312 illam?

1234 2374 1429 2416 Decalogus
1460 2379 1510 2404 est
1537 2371 1727 2413 principalis
1750 2370 1824 2409 lex,
1861 2377 1893 2401 et
1916 2371 1975 2401 tuit
1997 2379 2125 2401 summa

1148 2419 1218 2451 eius
1240 2425 1318 2450 nota
1340 2418 1502 2459 patribuS,
1525 2416 1580 2456 qui
1603 2415 1698 2446 etiam
1722 2419 1820 2445 antea
1842 2413 2012 2450 vixerunt;
2038 2413 2126 2444 sicut

1147 2468 1179 2493 et
1203 2461 1374 2503 gentibus:
1411 2459 1495 2494 Quia
1518 2455 1710 2498 Decalogus
1739 2462 1791 2488 est
1825 2454 1879 2487 lex
1909 2462 2061 2492 naturae3
2091 2461 2125 2487 et

1146 2503 1201 2535 lex
1223 2511 1361 2535 naturae
1384 2508 1435 2532 est
1457 2499 1662 2541 DecaloguS.
1716 2498 1787 2531 Etsi
1810 2504 1885 2540 post
1907 2498 2036 2540 lapsum
2058 2497 2124 2529 alia

1148 2552 1328 2587 praecepta
1357 2545 1487 2575 notiora
1516 2549 1593 2575 sunt
1621 2541 1709 2574 aliis:
1744 2548 1780 2573 ut
1806 2542 1916 2573 notius
1947 2546 1999 2572 est
2027 2550 2122 2581 prae-

1147 2595 1293 2629 ceptum:
1323 2589 1393 2620 Non
1414 2587 1549 2625 occidet,
1571 2595 1681 2627 quam,
1710 2586 1779 2616 Non
1811 2585 2046 2616 moechaberis:
2075 2588 2122 2614 ta-

1864 2643 1917 2668 56·
