<?xml version="1.0" encoding="UTF-8"?>
<!DOCTYPE html PUBLIC "-//W3C//DTD XHTML 1.0 Transitional//EN"
    "http://www.w3.org/TR/xhtml1/DTD/xhtml1-transitional.dtd">
<html xmlns="http://www.w3.org/1999/xhtml" xml:lang="en" lang="en">
 <head>
  <title>
</title>
<meta http-equiv="Content-Type" content="text/html;charset=utf-8" />
  <meta name='ocr-system' content='tesseract 3.04.00' />
  <meta name='ocr-capabilities' content='ocr_page ocr_carea ocr_par ocr_line ocrx_word'/>
</head>
<body>
  <div class='ocr_page' id='page_1' title='image "./operaquaesupersu24melauoft_0157.png"; bbox 0 0 2324 2958; ppageno 0'>
   <div class='ocr_carea' id='block_1_1' title="bbox 87 165 151 198">
    <p class='ocr_par' dir='ltr' id='par_1_1' title="bbox 87 165 151 198">
     <span class='ocr_line' id='line_1_1' title="bbox 87 165 151 198; baseline -0.016 0"><span class='ocrx_word' id='word_1_1' title='bbox 87 165 151 198; x_wconf 77' lang='lat'>261</span> 
     </span>
    </p>
   </div>
   <div class='ocr_carea' id='block_1_2' title="bbox 81 253 1086 1102">
    <p class='ocr_par' dir='ltr' id='par_1_2' title="bbox 87 253 1060 511">
     <span class='ocr_line' id='line_1_2' title="bbox 89 253 1059 297; baseline -0.006 -6"><span class='ocrx_word' id='word_1_2' title='bbox 89 259 201 291; x_wconf 78' lang='lat' dir='ltr'>Stoice</span> <span class='ocrx_word' id='word_1_3' title='bbox 227 253 363 297; x_wconf 76' lang='lat' dir='ltr'>intelligi</span> <span class='ocrx_word' id='word_1_4' title='bbox 396 255 481 286; x_wconf 83' lang='lat' dir='ltr'>istae</span> <span class='ocrx_word' id='word_1_5' title='bbox 514 253 626 295; x_wconf 81' lang='lat' dir='ltr'>leges,</span> <span class='ocrx_word' id='word_1_6' title='bbox 659 264 744 295; x_wconf 87' lang='lat' dir='ltr'>quae</span> <span class='ocrx_word' id='word_1_7' title='bbox 779 255 985 295; x_wconf 86' lang='lat' dir='ltr'>potissimum</span> <span class='ocrx_word' id='word_1_8' title='bbox 1019 265 1059 286; x_wconf 92' lang='lat' dir='ltr'>eo</span> 
     </span>
     <span class='ocr_line' id='line_1_3' title="bbox 88 296 1060 343; baseline -0.005 -10"><span class='ocrx_word' id='word_1_9' title='bbox 88 300 296 343; x_wconf 81' lang='lat' dir='ltr'>spectabant,</span> <span class='ocrx_word' id='word_1_10' title='bbox 319 307 361 328; x_wconf 91' lang='lat' dir='ltr'>ne</span> <span class='ocrx_word' id='word_1_11' title='bbox 384 296 469 329; x_wconf 78' lang='lat' dir='ltr'>festa</span> <span class='ocrx_word' id='word_1_12' title='bbox 492 297 730 328; x_wconf 82' lang='lat' dir='ltr'>contumaciter</span> <span class='ocrx_word' id='word_1_13' title='bbox 751 307 771 327; x_wconf 81' lang='lat' dir='ltr'>a</span> <span class='ocrx_word' id='word_1_14' title='bbox 795 307 959 338; x_wconf 88' lang='lat' dir='ltr'>quoquam</span> <span class='ocrx_word' id='word_1_15' title='bbox 982 308 1060 329; x_wconf 89' lang='lat' dir='ltr'>con-</span> 
     </span>
     <span class='ocr_line' id='line_1_4' title="bbox 89 339 1059 380; baseline -0.005 -4"><span class='ocrx_word' id='word_1_16' title='bbox 89 347 321 378; x_wconf 86' lang='lat' dir='ltr'>temnerentur,</span> <span class='ocrx_word' id='word_1_17' title='bbox 356 340 629 380; x_wconf 82' lang='lat' dir='ltr'><strong>quemadmodum</strong></span> <span class='ocrx_word' id='word_1_18' title='bbox 659 345 690 370; x_wconf 85' lang='lat' dir='ltr'>et</span> <span class='ocrx_word' id='word_1_19' title='bbox 718 345 833 370; x_wconf 87' lang='lat' dir='ltr'>nostra</span> <span class='ocrx_word' id='word_1_20' title='bbox 864 339 949 370; x_wconf 83' lang='lat' dir='ltr'>festa</span> <span class='ocrx_word' id='word_1_21' title='bbox 973 341 1059 371; x_wconf 87' lang='lat' dir='ltr'>ordi-</span> 
     </span>
     <span class='ocr_line' id='line_1_5' title="bbox 89 381 1060 423; baseline -0.006 -4"><span class='ocrx_word' id='word_1_22' title='bbox 89 392 162 419; x_wconf 82' lang='lat' dir='ltr'>nata</span> <span class='ocrx_word' id='word_1_23' title='bbox 183 388 270 420; x_wconf 83' lang='lat' dir='ltr'>sunt,</span> <span class='ocrx_word' id='word_1_24' title='bbox 292 388 327 414; x_wconf 86' lang='lat' dir='ltr'>ut</span> <span class='ocrx_word' id='word_1_25' title='bbox 350 388 591 414; x_wconf 73' lang='lat' dir='ltr'>conserventur</span> <span class='ocrx_word' id='word_1_26' title='bbox 615 381 735 423; x_wconf 75' lang='lat' dir='ltr'>publici</span> <span class='ocrx_word' id='word_1_27' title='bbox 759 392 976 423; x_wconf 81' lang='lat' dir='ltr'>congressus.</span> <span class='ocrx_word' id='word_1_28' title='bbox 1018 382 1060 413; x_wconf 88' lang='lat' dir='ltr'>Et</span> 
     </span>
     <span class='ocr_line' id='line_1_6' title="bbox 88 424 1059 467; baseline -0.002 -9"><span class='ocrx_word' id='word_1_29' title='bbox 88 436 209 464; x_wconf 75' lang='lat' dir='ltr'>tamen,</span> <span class='ocrx_word' id='word_1_30' title='bbox 239 435 312 456; x_wconf 86' lang='lat' dir='ltr'>cum</span> <span class='ocrx_word' id='word_1_31' title='bbox 342 424 460 467; x_wconf 86' lang='lat' dir='ltr'>aliquis</span> <span class='ocrx_word' id='word_1_32' title='bbox 490 430 540 456; x_wconf 84' lang='lat' dir='ltr'>cst</span> <span class='ocrx_word' id='word_1_33' title='bbox 570 426 743 465; x_wconf 87' lang='lat' dir='ltr'>impeditus</span> <span class='ocrx_word' id='word_1_34' title='bbox 774 426 1059 466; x_wconf 85' lang='lat' dir='ltr'>occupationibus,</span> 
     </span>
     <span class='ocr_line' id='line_1_7' title="bbox 87 469 732 511; baseline -0.005 -11"><span class='ocrx_word' id='word_1_35' title='bbox 87 481 128 504; x_wconf 84' lang='lat' dir='ltr'>ne</span> <span class='ocrx_word' id='word_1_36' title='bbox 147 469 252 511; x_wconf 88' lang='lat' dir='ltr'>possit</span> <span class='ocrx_word' id='word_1_37' title='bbox 274 469 446 503; x_wconf 85' lang='lat' dir='ltr'>accedere,</span> <span class='ocrx_word' id='word_1_38' title='bbox 470 475 648 499; x_wconf 76' lang='lat' dir='ltr'>excusatus</span> <span class='ocrx_word' id='word_1_39' title='bbox 671 474 732 498; x_wconf 74' lang='lat' dir='ltr'>est.</span> 
     </span>
    </p>

    <p class='ocr_par' dir='ltr' id='par_1_3' title="bbox 81 509 1086 1102">
     <span class='ocr_line' id='line_1_8' title="bbox 167 509 1059 551; baseline -0.003 -8"><span class='ocrx_word' id='word_1_40' title='bbox 167 510 235 543; x_wconf 85' lang='lat' dir='ltr'>Cur</span> <span class='ocrx_word' id='word_1_41' title='bbox 258 521 339 551; x_wconf 82' lang='lat' dir='ltr'>ergo</span> <span class='ocrx_word' id='word_1_42' title='bbox 362 509 432 542; x_wconf 89' lang='lat' dir='ltr'>vult</span> <span class='ocrx_word' id='word_1_43' title='bbox 455 510 547 541; x_wconf 84' lang='lat' dir='ltr'>Deus</span> <span class='ocrx_word' id='word_1_44' title='bbox 571 512 764 542; x_wconf 75' lang='lat' dir='ltr'>conservari</span> <span class='ocrx_word' id='word_1_45' title='bbox 790 520 997 551; x_wconf 74' lang='lat' dir='ltr'>congressus</span> <span class='ocrx_word' id='word_1_46' title='bbox 1024 510 1059 541; x_wconf 91' lang='lat' dir='ltr'>il-</span> 
     </span>
     <span class='ocr_line' id='line_1_9' title="bbox 85 552 1086 594; baseline 0.001 -9"><span class='ocrx_word' id='word_1_47' title='bbox 85 554 157 588; x_wconf 73' lang='lat' dir='ltr'>los‘.²</span> <span class='ocrx_word' id='word_1_48' title='bbox 199 553 412 594; x_wconf 86' lang='lat' dir='ltr'>Responde0.</span> <span class='ocrx_word' id='word_1_49' title='bbox 458 553 549 584; x_wconf 85' lang='lat' dir='ltr'>Dens</span> <span class='ocrx_word' id='word_1_50' title='bbox 573 552 641 584; x_wconf 90' lang='lat' dir='ltr'>vult</span> <span class='ocrx_word' id='word_1_51' title='bbox 665 552 799 594; x_wconf 80' lang='lat' dir='ltr'>aliquod</span> <span class='ocrx_word' id='word_1_52' title='bbox 827 559 953 585; x_wconf 83' lang='lat' dir='ltr'>certum</span> <span class='ocrx_word' id='word_1_53' title='bbox 981 559 1059 584; x_wconf 75' lang='lat' dir='ltr'>tern-</span> <span class='ocrx_word' id='word_1_54' title='bbox 1084 568 1086 586; x_wconf 66' lang='lat' dir='ltr'><em>r</em></span> 
     </span>
     <span class='ocr_line' id='line_1_10' title="bbox 84 592 1058 640; baseline 0 -13"><span class='ocrx_word' id='word_1_55' title='bbox 84 607 144 640; x_wconf 85' lang='lat' dir='ltr'>pus</span> <span class='ocrx_word' id='word_1_56' title='bbox 165 596 262 627; x_wconf 83' lang='lat' dir='ltr'>tribui</span> <span class='ocrx_word' id='word_1_57' title='bbox 287 596 397 627; x_wconf 81' lang='lat' dir='ltr'>officio</span> <span class='ocrx_word' id='word_1_58' title='bbox 427 597 568 626; x_wconf 89' lang='lat' dir='ltr'>docendi</span> <span class='ocrx_word' id='word_1_59' title='bbox 597 602 627 626; x_wconf 87' lang='lat' dir='ltr'>et</span> <span class='ocrx_word' id='word_1_60' title='bbox 656 597 822 633; x_wconf 74' lang='lat' dir='ltr'>discendi,</span> <span class='ocrx_word' id='word_1_61' title='bbox 856 596 947 627; x_wconf 86' lang='lat' dir='ltr'>llaec</span> <span class='ocrx_word' id='word_1_62' title='bbox 975 592 1058 627; x_wconf 74' lang='lat' dir='ltr'>ratio</span> 
     </span>
     <span class='ocr_line' id='line_1_11' title="bbox 83 638 1084 688; baseline -0.003 -16"><span class='ocrx_word' id='word_1_63' title='bbox 83 640 166 682; x_wconf 81' lang='lat' dir='ltr'>legis</span> <span class='ocrx_word' id='word_1_64' title='bbox 189 645 240 670; x_wconf 89' lang='lat' dir='ltr'>est</span> <span class='ocrx_word' id='word_1_65' title='bbox 262 639 387 679; x_wconf 79' lang='lat' dir='ltr'>scripta</span> <span class='ocrx_word' id='word_1_66' title='bbox 411 640 442 669; x_wconf 90' lang='lat' dir='ltr'>in</span> <span class='ocrx_word' id='word_1_67' title='bbox 469 640 542 679; x_wconf 87' lang='lat' dir='ltr'>ipso</span> <span class='ocrx_word' id='word_1_68' title='bbox 571 646 749 680; x_wconf 83' lang='lat' dir='ltr'>praecepto</span> <span class='ocrx_word' id='word_1_69' title='bbox 773 638 953 679; x_wconf 72' lang='lat' dir='ltr'>Decalog-i,</span> <span class='ocrx_word' id='word_1_70' title='bbox 984 649 1058 670; x_wconf 92' lang='lat' dir='ltr'>cum</span> <span class='ocrx_word' id='word_1_71' title='bbox 1081 658 1084 688; x_wconf 43' lang='lat' dir='ltr'>i</span> 
     </span>
     <span class='ocr_line' id='line_1_12' title="bbox 83 681 1084 727; baseline -0.003 -12"><span class='ocrx_word' id='word_1_72' title='bbox 83 683 216 715; x_wconf 89' lang='lat' dir='ltr'>dicitur:</span> <span class='ocrx_word' id='word_1_73' title='bbox 251 681 440 722; x_wconf 69' lang='lat' dir='ltr'>Sanctr’sae&#39;ces</span> <span class='ocrx_word' id='word_1_74' title='bbox 469 682 658 719; x_wconf 75' lang='lat' dir='ltr'>Sabbatum,</span> <span class='ocrx_word' id='word_1_75' title='bbox 688 683 721 713; x_wconf 91' lang='lat' dir='ltr'>id</span> <span class='ocrx_word' id='word_1_76' title='bbox 752 689 819 718; x_wconf 72' lang='lat' dir='ltr'>est.</span> <span class='ocrx_word' id='word_1_77' title='bbox 850 682 947 712; x_wconf 76' lang='lat' dir='ltr'>istum</span> <span class='ocrx_word' id='word_1_78' title='bbox 975 683 1084 727; x_wconf 53' lang='lat' dir='ltr'>diem(</span> 
     </span>
     <span class='ocr_line' id='line_1_13' title="bbox 84 723 1084 766; baseline -0.003 -8"><span class='ocrx_word' id='word_1_79' title='bbox 84 723 230 758; x_wconf 73' lang='lat' dir='ltr'>colloces</span> <span class='ocrx_word' id='word_1_80' title='bbox 264 725 296 755; x_wconf 92' lang='lat' dir='ltr'>in</span> <span class='ocrx_word' id='word_1_81' title='bbox 331 734 450 765; x_wconf 79' lang='lat' dir='ltr'>operas</span> <span class='ocrx_word' id='word_1_82' title='bbox 482 730 635 761; x_wconf 79' lang='lat' dir='ltr'>sanctas,</span> <span class='ocrx_word' id='word_1_83' title='bbox 676 725 707 755; x_wconf 87' lang='lat' dir='ltr'>in</span> <span class='ocrx_word' id='word_1_84' title='bbox 743 725 994 766; x_wconf 70' lang='lat' dir='ltr'>explicationem</span> <span class='ocrx_word' id='word_1_85' title='bbox 1028 730 1084 755; x_wconf 69' lang='lat' dir='ltr'>ct,</span> 
     </span>
     <span class='ocr_line' id='line_1_14' title="bbox 82 765 1084 814; baseline -0.002 -15"><span class='ocrx_word' id='word_1_86' title='bbox 82 765 354 800; x_wconf 69' lang='lat' dir='ltr'>auscultationem</span> <span class='ocrx_word' id='word_1_87' title='bbox 386 768 566 798; x_wconf 76' lang='lat' dir='ltr'>doctrinae.</span> <span class='ocrx_word' id='word_1_88' title='bbox 612 765 660 797; x_wconf 83' lang='grc'>1111</span> <span class='ocrx_word' id='word_1_89' title='bbox 692 769 894 809; x_wconf 79' lang='lat' dir='ltr'>qui‘debent</span> <span class='ocrx_word' id='word_1_90' title='bbox 926 765 1084 814; x_wconf 54' lang='lat' dir='ltr'>dccci-Q!</span> 
     </span>
     <span class='ocr_line' id='line_1_15' title="bbox 82 809 1084 851; baseline -0.003 -9"><span class='ocrx_word' id='word_1_91' title='bbox 82 811 238 842; x_wconf 84' lang='lat' dir='ltr'>doceant:</span> <span class='ocrx_word' id='word_1_92' title='bbox 277 809 405 851; x_wconf 74' lang='lat' dir='ltr'>Reliqui</span> <span class='ocrx_word' id='word_1_93' title='bbox 440 810 573 841; x_wconf 81' lang='lat' dir='ltr'>audiant</span> <span class='ocrx_word' id='word_1_94' title='bbox 607 816 639 840; x_wconf 73' lang='lat' dir='ltr'>et</span> <span class='ocrx_word' id='word_1_95' title='bbox 673 812 879 842; x_wconf 86' lang='lat' dir='ltr'>meditentur.</span> <span class='ocrx_word' id='word_1_96' title='bbox 927 810 1084 841; x_wconf 66' lang='lat' dir='ltr'>Dochi-¹</span> 
     </span>
     <span class='ocr_line' id='line_1_16' title="bbox 81 837 1085 895; baseline 0.001 -11"><span class='ocrx_word' id='word_1_97' title='bbox 81 863 155 884; x_wconf 83' lang='lat' dir='ltr'>nam</span> <span class='ocrx_word' id='word_1_98' title='bbox 177 858 336 893; x_wconf 83' lang='lat' dir='ltr'>sequatur</span> <span class='ocrx_word' id='word_1_99' title='bbox 364 853 543 895; x_wconf 66' lang='lat' dir='ltr'>gratiarum</span> <span class='ocrx_word' id='word_1_100' title='bbox 574 853 680 891; x_wconf 76' lang='lat' dir='ltr'>actio,</span> <span class='ocrx_word' id='word_1_101' title='bbox 713 861 743 884; x_wconf 81' lang='lat' dir='ltr'>et</span> <span class='ocrx_word' id='word_1_102' title='bbox 774 854 940 884; x_wconf 67' lang='lat' dir='ltr'>invocatio</span> <span class='ocrx_word' id='word_1_103' title='bbox 971 837 1085 885; x_wconf 73' lang='lat' dir='ltr'>com-l</span> 
     </span>
     <span class='ocr_line' id='line_1_17' title="bbox 81 887 1086 1102; baseline -0.002 -175"><span class='ocrx_word' id='word_1_104' title='bbox 81 897 198 933; x_wconf 86' lang='lat' dir='ltr'>munis,</span> <span class='ocrx_word' id='word_1_105' title='bbox 223 902 254 926; x_wconf 90' lang='lat' dir='ltr'>et</span> <span class='ocrx_word' id='word_1_106' title='bbox 278 905 358 926; x_wconf 80' lang='lat' dir='ltr'>usus</span> <span class='ocrx_word' id='word_1_107' title='bbox 379 895 680 933; x_wconf 84' lang='lat' dir='ltr'>Sacramentorum,</span> <span class='ocrx_word' id='word_1_108' title='bbox 705 896 782 927; x_wconf 86' lang='lat' dir='ltr'>ltem</span> <span class='ocrx_word' id='word_1_109' title='bbox 807 896 1058 927; x_wconf 69' lang='lat' dir='ltr'>conmunicatio</span> <span class='ocrx_word' id='word_1_110' title='bbox 1081 887 1086 1102; x_wconf 64' lang='grc' dir='ltr'>ί</span> 
     </span>
    </p>
   </div>
   <div class='ocr_carea' id='block_1_3' title="bbox 1084 255 1087 368">
    <p class='ocr_par' dir='ltr' id='par_1_4' title="bbox 1084 255 1087 368">
     <span class='ocr_line' id='line_1_18' title="bbox 1084 255 1087 368; baseline 0 0"><span class='ocrx_word' id='word_1_111' title='bbox 1084 255 1087 368; x_wconf 95' lang='lat' dir='ltr'> </span> 
     </span>
    </p>
   </div>
   <div class='ocr_carea' id='block_1_4' title="bbox 1084 387 1088 474">
    <p class='ocr_par' dir='ltr' id='par_1_5' title="bbox 1084 387 1088 474">
     <span class='ocr_line' id='line_1_19' title="bbox 1084 387 1088 474; baseline 0 2484"><span class='ocrx_word' id='word_1_112' title='bbox 1084 387 1088 474; x_wconf 95' lang='lat' dir='ltr'> </span> 
     </span>
    </p>
   </div>
   <div class='ocr_carea' id='block_1_5' title="bbox 80 937 1059 1573">
    <p class='ocr_par' dir='ltr' id='par_1_6' title="bbox 80 937 1059 1056">
     <span class='ocr_line' id='line_1_20' title="bbox 80 937 1058 980; baseline -0.002 -10"><span class='ocrx_word' id='word_1_113' title='bbox 80 937 261 980; x_wconf 87' lang='lat' dir='ltr'>aliquorum</span> <span class='ocrx_word' id='word_1_114' title='bbox 295 937 478 969; x_wconf 79' lang='lat' dir='ltr'>officiorum</span> <span class='ocrx_word' id='word_1_115' title='bbox 512 939 544 968; x_wconf 92' lang='lat' dir='ltr'>in</span> <span class='ocrx_word' id='word_1_116' title='bbox 578 938 795 969; x_wconf 61' lang='lat' dir='ltr'>conserendis</span> <span class='ocrx_word' id='word_1_117' title='bbox 825 937 1058 979; x_wconf 72' lang='lat' dir='ltr'>eleemosynis,</span> 
     </span>
     <span class='ocr_line' id='line_1_21' title="bbox 81 980 1059 1023; baseline -0.002 -10"><span class='ocrx_word' id='word_1_118' title='bbox 81 981 165 1013; x_wconf 87' lang='lat' dir='ltr'>sicut</span> <span class='ocrx_word' id='word_1_119' title='bbox 185 981 287 1023; x_wconf 88' lang='lat' dir='ltr'>inquit</span> <span class='ocrx_word' id='word_1_120' title='bbox 306 980 376 1012; x_wconf 83' lang='lat' dir='ltr'>lex:</span> <span class='ocrx_word' id='word_1_121' title='bbox 407 981 481 1012; x_wconf 68' lang='lat' dir='ltr'>Non</span> <span class='ocrx_word' id='word_1_122' title='bbox 501 981 679 1022; x_wconf 74' lang='lat' dir='ltr'>apuarcbz’s</span> <span class='ocrx_word' id='word_1_123' title='bbox 699 992 817 1013; x_wconf 65' lang='lat' dir='ltr'>vacuas</span> <span class='ocrx_word' id='word_1_124' title='bbox 837 983 869 1011; x_wconf 81' lang='lat' dir='ltr'>in</span> <span class='ocrx_word' id='word_1_125' title='bbox 888 985 1059 1021; x_wconf 70' lang='lat' dir='ltr'>conspecta</span> 
     </span>
     <span class='ocr_line' id='line_1_22' title="bbox 81 1023 222 1056; baseline -0.007 -1"><span class='ocrx_word' id='word_1_126' title='bbox 81 1023 222 1056; x_wconf 77' lang='lat' dir='ltr'>Domini.</span> 
     </span>
    </p>

    <p class='ocr_par' dir='ltr' id='par_1_7' title="bbox 80 1064 1059 1573">
     <span class='ocr_line' id='line_1_23' title="bbox 167 1064 1057 1107; baseline -0.001 -10"><span class='ocrx_word' id='word_1_127' title='bbox 167 1066 259 1097; x_wconf 83' lang='lat' dir='ltr'>Haec</span> <span class='ocrx_word' id='word_1_128' title='bbox 291 1067 325 1096; x_wconf 91' lang='grc'>111</span> <span class='ocrx_word' id='word_1_129' title='bbox 360 1066 482 1097; x_wconf 86' lang='lat' dir='ltr'>nostris</span> <span class='ocrx_word' id='word_1_130' title='bbox 513 1066 611 1097; x_wconf 69' lang='lat' dir='ltr'>etiam</span> <span class='ocrx_word' id='word_1_131' title='bbox 639 1067 877 1107; x_wconf 73' lang='lat' dir='ltr'>congressibus</span> <span class='ocrx_word' id='word_1_132' title='bbox 906 1064 1057 1097; x_wconf 84' lang='lat' dir='ltr'>facienda</span> 
     </span>
     <span class='ocr_line' id='line_1_24' title="bbox 80 1107 1056 1146; baseline -0.005 -3"><span class='ocrx_word' id='word_1_133' title='bbox 80 1115 166 1143; x_wconf 80' lang='lat' dir='ltr'>sunt.</span> <span class='ocrx_word' id='word_1_134' title='bbox 211 1110 359 1141; x_wconf 80' lang='lat' dir='ltr'>Sciamus</span> <span class='ocrx_word' id='word_1_135' title='bbox 382 1119 445 1139; x_wconf 90' lang='lat' dir='ltr'>nos</span> <span class='ocrx_word' id='word_1_136' title='bbox 468 1107 541 1139; x_wconf 88' lang='lat' dir='ltr'>Deo</span> <span class='ocrx_word' id='word_1_137' title='bbox 565 1109 687 1140; x_wconf 90' lang='lat' dir='ltr'>debere</span> <span class='ocrx_word' id='word_1_138' title='bbox 716 1109 802 1140; x_wconf 90' lang='grc'>113110</span> <span class='ocrx_word' id='word_1_139' title='bbox 825 1109 1056 1146; x_wconf 79' lang='lat' dir='ltr'>obedientiam,</span> 
     </span>
     <span class='ocr_line' id='line_1_25' title="bbox 80 1152 1056 1184; baseline -0.004 0"><span class='ocrx_word' id='word_1_140' title='bbox 80 1158 115 1184; x_wconf 86' lang='lat' dir='ltr'>ut</span> <span class='ocrx_word' id='word_1_141' title='bbox 139 1152 423 1183; x_wconf 62' lang='lat' dir='ltr'>conservationem</span> <span class='ocrx_word' id='word_1_142' title='bbox 448 1152 630 1183; x_wconf 88' lang='lat' dir='ltr'>communis</span> <span class='ocrx_word' id='word_1_143' title='bbox 659 1152 830 1183; x_wconf 86' lang='lat' dir='ltr'>ministerii</span> <span class='ocrx_word' id='word_1_144' title='bbox 853 1153 1056 1183; x_wconf 82' lang='lat' dir='ltr'>adiuvemus.</span> 
     </span>
     <span class='ocr_line' id='line_1_26' title="bbox 80 1193 1057 1235; baseline -0.002 -9"><span class='ocrx_word' id='word_1_145' title='bbox 80 1195 175 1227; x_wconf 82' lang='lat' dir='ltr'>Deus</span> <span class='ocrx_word' id='word_1_146' title='bbox 188 1193 258 1226; x_wconf 83' lang='lat' dir='ltr'>vult</span> <span class='ocrx_word' id='word_1_147' title='bbox 269 1205 332 1225; x_wconf 84' lang='lat' dir='ltr'>nos</span> <span class='ocrx_word' id='word_1_148' title='bbox 345 1194 534 1231; x_wconf 85' lang='lat' dir='ltr'>convenire,</span> <span class='ocrx_word' id='word_1_149' title='bbox 554 1195 668 1225; x_wconf 89' lang='lat' dir='ltr'>audire</span> <span class='ocrx_word' id='word_1_150' title='bbox 680 1195 828 1227; x_wconf 83' lang='lat' dir='ltr'>verbum.</span> <span class='ocrx_word' id='word_1_151' title='bbox 854 1195 1057 1235; x_wconf 80' lang='lat' dir='ltr'>coniungere</span> 
     </span>
     <span class='ocr_line' id='line_1_27' title="bbox 80 1236 1057 1276; baseline -0.002 -7"><span class='ocrx_word' id='word_1_152' title='bbox 80 1243 170 1276; x_wconf 86' lang='lat' dir='ltr'>vota,</span> <span class='ocrx_word' id='word_1_153' title='bbox 195 1237 407 1268; x_wconf 87' lang='lat' dir='ltr'>concorditer</span> <span class='ocrx_word' id='word_1_154' title='bbox 429 1246 538 1274; x_wconf 84' lang='lat' dir='ltr'>orare,</span> <span class='ocrx_word' id='word_1_155' title='bbox 562 1243 597 1267; x_wconf 89' lang='lat' dir='ltr'>ut</span> <span class='ocrx_word' id='word_1_156' title='bbox 619 1243 773 1268; x_wconf 74' lang='lat' dir='ltr'>servetur</span> <span class='ocrx_word' id='word_1_157' title='bbox 796 1236 970 1274; x_wconf 86' lang='lat' dir='ltr'>Ecclesia,</span> <span class='ocrx_word' id='word_1_158' title='bbox 994 1246 1057 1267; x_wconf 87' lang='lat' dir='ltr'>nec</span> 
     </span>
     <span class='ocr_line' id='line_1_28' title="bbox 81 1278 1058 1322; baseline -0.003 -10"><span class='ocrx_word' id='word_1_159' title='bbox 81 1281 293 1322; x_wconf 78' lang='lat' dir='ltr'>extinguatur</span> <span class='ocrx_word' id='word_1_160' title='bbox 315 1279 373 1311; x_wconf 79' lang='lat' dir='ltr'>lux</span> <span class='ocrx_word' id='word_1_161' title='bbox 396 1278 589 1321; x_wconf 84' lang='lat' dir='ltr'>Evangelii,</span> <span class='ocrx_word' id='word_1_162' title='bbox 612 1285 788 1311; x_wconf 73' lang='lat' dir='ltr'>serventur</span> <span class='ocrx_word' id='word_1_163' title='bbox 811 1279 923 1321; x_wconf 85' lang='lat' dir='ltr'>aliqua</span> <span class='ocrx_word' id='word_1_164' title='bbox 945 1280 1058 1321; x_wconf 74' lang='lat' dir='ltr'>hospi-</span> 
     </span>
     <span class='ocr_line' id='line_1_29' title="bbox 81 1320 1057 1364; baseline -0.002 -10"><span class='ocrx_word' id='word_1_165' title='bbox 81 1324 138 1361; x_wconf 89' lang='lat' dir='ltr'>tia,</span> <span class='ocrx_word' id='word_1_166' title='bbox 160 1329 195 1353; x_wconf 91' lang='lat' dir='ltr'>ut</span> <span class='ocrx_word' id='word_1_167' title='bbox 207 1323 250 1353; x_wconf 86' lang='lat' dir='ltr'>sit</span> <span class='ocrx_word' id='word_1_168' title='bbox 262 1323 330 1353; x_wconf 87' lang='lat' dir='ltr'>vita</span> <span class='ocrx_word' id='word_1_169' title='bbox 340 1322 406 1362; x_wconf 77' lang='lat' dir='ltr'>pia,</span> <span class='ocrx_word' id='word_1_170' title='bbox 430 1321 502 1353; x_wconf 90' lang='lat' dir='ltr'>Deo</span> <span class='ocrx_word' id='word_1_171' title='bbox 515 1320 664 1362; x_wconf 74' lang='lat' dir='ltr'>placens.</span> <span class='ocrx_word' id='word_1_172' title='bbox 684 1321 871 1364; x_wconf 89' lang='lat' dir='ltr'>tranquilla,</span> <span class='ocrx_word' id='word_1_173' title='bbox 895 1323 1057 1359; x_wconf 88' lang='lat' dir='ltr'>modesta,</span> 
     </span>
     <span class='ocr_line' id='line_1_30' title="bbox 80 1363 1058 1406; baseline -0.001 -10"><span class='ocrx_word' id='word_1_174' title='bbox 80 1366 165 1396; x_wconf 86' lang='lat' dir='ltr'>sicut</span> <span class='ocrx_word' id='word_1_175' title='bbox 188 1363 313 1396; x_wconf 85' lang='lat' dir='ltr'>Paulus</span> <span class='ocrx_word' id='word_1_176' title='bbox 336 1365 420 1396; x_wconf 89' lang='grc'>11300</span> <span class='ocrx_word' id='word_1_177' title='bbox 444 1365 553 1396; x_wconf 86' lang='lat' dir='ltr'>onmia</span> <span class='ocrx_word' id='word_1_178' title='bbox 576 1364 673 1396; x_wconf 91' lang='lat' dir='ltr'>simul</span> <span class='ocrx_word' id='word_1_179' title='bbox 696 1365 961 1406; x_wconf 87' lang='lat' dir='ltr'>comprehendit,</span> <span class='ocrx_word' id='word_1_180' title='bbox 985 1375 1058 1396; x_wconf 89' lang='lat' dir='ltr'>cum</span> 
     </span>
     <span class='ocr_line' id='line_1_31' title="bbox 80 1407 1059 1448; baseline -0.001 -9"><span class='ocrx_word' id='word_1_181' title='bbox 80 1409 170 1440; x_wconf 79' lang='lat' dir='ltr'>iubet</span> <span class='ocrx_word' id='word_1_182' title='bbox 194 1417 258 1438; x_wconf 88' lang='lat' dir='ltr'>nos</span> <span class='ocrx_word' id='word_1_183' title='bbox 281 1416 378 1438; x_wconf 78' lang='lat' dir='ltr'>orare</span> <span class='ocrx_word' id='word_1_184' title='bbox 401 1417 462 1447; x_wconf 88' lang='lat' dir='ltr'>pro</span> <span class='ocrx_word' id='word_1_185' title='bbox 474 1407 677 1448; x_wconf 78' lang='lat' dir='ltr'>magistratu,</span> <span class='ocrx_word' id='word_1_186' title='bbox 701 1412 737 1439; x_wconf 77' lang='lat' dir='ltr'>ut</span> <span class='ocrx_word' id='word_1_187' title='bbox 746 1409 951 1447; x_wconf 73' lang='lat' dir='ltr'>tranquillam</span> <span class='ocrx_word' id='word_1_188' title='bbox 964 1412 1059 1439; x_wconf 74' lang='lat' dir='ltr'>vitam</span> 
     </span>
     <span class='ocr_line' id='line_1_32' title="bbox 81 1448 1059 1490; baseline -0.002 -8"><span class='ocrx_word' id='word_1_189' title='bbox 81 1459 230 1490; x_wconf 71' lang='lat' dir='ltr'>cyamus,</span> <span class='ocrx_word' id='word_1_190' title='bbox 253 1449 285 1481; x_wconf 91' lang='lat' dir='ltr'>id</span> <span class='ocrx_word' id='word_1_191' title='bbox 308 1456 376 1486; x_wconf 81' lang='lat' dir='ltr'>est,</span> <span class='ocrx_word' id='word_1_192' title='bbox 399 1448 579 1480; x_wconf 87' lang='lat' dir='ltr'>habeamus</span> <span class='ocrx_word' id='word_1_193' title='bbox 602 1459 734 1490; x_wconf 83' lang='lat' dir='ltr'>pacem,</span> <span class='ocrx_word' id='word_1_194' title='bbox 766 1455 798 1481; x_wconf 85' lang='lat' dir='ltr'>et</span> <span class='ocrx_word' id='word_1_195' title='bbox 820 1449 1059 1487; x_wconf 81' lang='lat' dir='ltr'>defensionem,</span> 
     </span>
     <span class='ocr_line' id='line_1_33' title="bbox 81 1492 1059 1534; baseline 0 -10"><span class='ocrx_word' id='word_1_196' title='bbox 81 1494 181 1534; x_wconf 85' lang='lat' dir='ltr'>idque</span> <span class='ocrx_word' id='word_1_197' title='bbox 203 1496 235 1523; x_wconf 83' lang='lat' dir='ltr'>in</span> <span class='ocrx_word' id='word_1_198' title='bbox 254 1496 391 1532; x_wconf 79' lang='lat' dir='ltr'>pietate,</span> <span class='ocrx_word' id='word_1_199' title='bbox 419 1498 455 1523; x_wconf 89' lang='lat' dir='ltr'>ut</span> <span class='ocrx_word' id='word_1_200' title='bbox 478 1492 520 1522; x_wconf 90' lang='lat' dir='ltr'>sit</span> <span class='ocrx_word' id='word_1_201' title='bbox 542 1502 623 1523; x_wconf 74' lang='lat' dir='ltr'>vera</span> <span class='ocrx_word' id='word_1_202' title='bbox 645 1493 768 1534; x_wconf 82' lang='lat' dir='ltr'>agnitio</span> <span class='ocrx_word' id='word_1_203' title='bbox 792 1492 875 1531; x_wconf 90' lang='lat' dir='ltr'>Dei,</span> <span class='ocrx_word' id='word_1_204' title='bbox 897 1498 929 1524; x_wconf 79' lang='lat' dir='ltr'>cc</span> <span class='ocrx_word' id='word_1_205' title='bbox 951 1497 984 1524; x_wconf 76' lang='lat' dir='ltr'>in</span> <span class='ocrx_word' id='word_1_206' title='bbox 1006 1492 1059 1524; x_wconf 87' lang='grc' dir='ltr'><em>Ιιο-</em></span> 
     </span>
     <span class='ocr_line' id='line_1_34' title="bbox 80 1534 894 1573; baseline 0 -7"><span class='ocrx_word' id='word_1_207' title='bbox 80 1539 212 1573; x_wconf 68' lang='lat' dir='ltr'>aestate,</span> <span class='ocrx_word' id='word_1_208' title='bbox 235 1540 271 1565; x_wconf 85' lang='lat' dir='ltr'>ut</span> <span class='ocrx_word' id='word_1_209' title='bbox 293 1535 358 1565; x_wconf 91' lang='lat' dir='ltr'>sint</span> <span class='ocrx_word' id='word_1_210' title='bbox 382 1534 539 1566; x_wconf 80' lang='lat' dir='ltr'>exercitia</span> <span class='ocrx_word' id='word_1_211' title='bbox 562 1535 704 1566; x_wconf 90' lang='lat' dir='ltr'>omnium</span> <span class='ocrx_word' id='word_1_212' title='bbox 729 1536 894 1566; x_wconf 83' lang='lat' dir='ltr'>virtutum.</span> 
     </span>
    </p>
   </div>
   <div class='ocr_carea' id='block_1_6' title="bbox 1079 1108 1083 1190">
    <p class='ocr_par' dir='ltr' id='par_1_8' title="bbox 1079 1108 1083 1190">
     <span class='ocr_line' id='line_1_35' title="bbox 1079 1108 1083 1190; baseline 0 1768"><span class='ocrx_word' id='word_1_213' title='bbox 1079 1108 1083 1190; x_wconf 95' lang='lat' dir='ltr'> </span> 
     </span>
    </p>
   </div>
   <div class='ocr_carea' id='block_1_7' title="bbox 1080 1256 1086 1401">
    <p class='ocr_par' dir='ltr' id='par_1_9' title="bbox 1080 1256 1086 1401">
     <span class='ocr_line' id='line_1_36' title="bbox 1080 1256 1086 1401; baseline 0 1557"><span class='ocrx_word' id='word_1_214' title='bbox 1080 1256 1086 1401; x_wconf 95' lang='lat' dir='ltr'> </span> 
     </span>
    </p>
   </div>
   <div class='ocr_carea' id='block_1_8' title="bbox 76 1619 1059 1789">
    <p class='ocr_par' dir='ltr' id='par_1_10' title="bbox 76 1619 1059 1789">
     <span class='ocr_line' id='line_1_37' title="bbox 79 1619 1059 1659; baseline -0.002 -7"><span class='ocrx_word' id='word_1_215' title='bbox 79 1624 224 1657; x_wconf 63' lang='lat' dir='ltr'>suanus,</span> <span class='ocrx_word' id='word_1_216' title='bbox 251 1628 322 1650; x_wconf 77' lang='lat' dir='ltr'>sum</span> <span class='ocrx_word' id='word_1_217' title='bbox 340 1619 422 1650; x_wconf 76' lang='lat' dir='ltr'>liber</span> <span class='ocrx_word' id='word_1_218' title='bbox 440 1629 460 1650; x_wconf 85' lang='lat' dir='ltr'>a</span> <span class='ocrx_word' id='word_1_219' title='bbox 479 1621 566 1658; x_wconf 66' lang='lat' dir='ltr'>leffe,</span> <span class='ocrx_word' id='word_1_220' title='bbox 590 1621 663 1651; x_wconf 80' lang='lat' dir='ltr'>ideo</span> <span class='ocrx_word' id='word_1_221' title='bbox 685 1622 760 1651; x_wconf 71' lang='lat' dir='ltr'>licet</span> <span class='ocrx_word' id='word_1_222' title='bbox 782 1621 860 1652; x_wconf 73' lang='lat' dir='ltr'>mihi</span> <span class='ocrx_word' id='word_1_223' title='bbox 878 1624 939 1652; x_wconf 82' lang='lat' dir='ltr'>isla</span> <span class='ocrx_word' id='word_1_224' title='bbox 961 1621 1059 1659; x_wconf 76' lang='lat' dir='ltr'>neyli-</span> 
     </span>
     <span class='ocr_line' id='line_1_38' title="bbox 76 1660 1059 1703; baseline -0.002 -8"><span class='ocrx_word' id='word_1_225' title='bbox 76 1673 163 1703; x_wconf 70' lang='lat' dir='ltr'>aere.</span> <span class='ocrx_word' id='word_1_226' title='bbox 208 1660 480 1693; x_wconf 77' lang='lat' dir='ltr'>Christianismus</span> <span class='ocrx_word' id='word_1_227' title='bbox 509 1671 575 1693; x_wconf 90' lang='lat' dir='ltr'>non</span> <span class='ocrx_word' id='word_1_228' title='bbox 600 1668 653 1693; x_wconf 89' lang='lat' dir='ltr'>est</span> <span class='ocrx_word' id='word_1_229' title='bbox 678 1663 745 1693; x_wconf 75' lang='lat' dir='ltr'>vita</span> <span class='ocrx_word' id='word_1_230' title='bbox 768 1664 965 1700; x_wconf 87' lang='lat' dir='ltr'>barbarica,</span> <span class='ocrx_word' id='word_1_231' title='bbox 998 1672 1059 1693; x_wconf 90' lang='lat' dir='ltr'>nec</span> 
     </span>
     <span class='ocr_line' id='line_1_39' title="bbox 80 1703 1058 1746; baseline -0.002 -9"><span class='ocrx_word' id='word_1_232' title='bbox 80 1705 218 1737; x_wconf 88' lang='lat' dir='ltr'>libertas</span> <span class='ocrx_word' id='word_1_233' title='bbox 242 1703 430 1735; x_wconf 85' lang='lat' dir='ltr'>Christiana</span> <span class='ocrx_word' id='word_1_234' title='bbox 453 1710 606 1736; x_wconf 86' lang='lat' dir='ltr'>versatur</span> <span class='ocrx_word' id='word_1_235' title='bbox 633 1705 666 1736; x_wconf 90' lang='lat' dir='ltr'>in</span> <span class='ocrx_word' id='word_1_236' title='bbox 697 1711 886 1746; x_wconf 88' lang='lat' dir='ltr'>contemptu</span> <span class='ocrx_word' id='word_1_237' title='bbox 915 1706 1058 1736; x_wconf 89' lang='lat' dir='ltr'>onmium</span> 
     </span>
     <span class='ocr_line' id='line_1_40' title="bbox 80 1747 1058 1789; baseline -0.001 -9"><span class='ocrx_word' id='word_1_238' title='bbox 80 1749 241 1781; x_wconf 84' lang='lat' dir='ltr'>bonarum</span> <span class='ocrx_word' id='word_1_239' title='bbox 254 1747 508 1785; x_wconf 85' lang='lat' dir='ltr'>ordinationum,</span> <span class='ocrx_word' id='word_1_240' title='bbox 531 1757 616 1789; x_wconf 87' lang='lat' dir='ltr'>quae</span> <span class='ocrx_word' id='word_1_241' title='bbox 634 1754 725 1779; x_wconf 86' lang='lat' dir='ltr'>recte</span> <span class='ocrx_word' id='word_1_242' title='bbox 748 1749 947 1780; x_wconf 81' lang='lat' dir='ltr'>constitutae</span> <span class='ocrx_word' id='word_1_243' title='bbox 971 1754 1058 1779; x_wconf 90' lang='lat' dir='ltr'>sunt.</span> 
     </span>
    </p>
   </div>
   <div class='ocr_carea' id='block_1_9' title="bbox 79 1815 1058 1941">
    <p class='ocr_par' dir='ltr' id='par_1_11' title="bbox 79 1815 1058 1941">
     <span class='ocr_line' id='line_1_41' title="bbox 79 1815 717 1856; baseline -0.002 -8"><span class='ocrx_word' id='word_1_244' title='bbox 79 1815 216 1848; x_wconf 84' lang='lat' dir='ltr'>Contra.</span> <span class='ocrx_word' id='word_1_245' title='bbox 258 1817 349 1849; x_wconf 77' lang='lat' dir='ltr'>Iusto</span> <span class='ocrx_word' id='word_1_246' title='bbox 370 1824 434 1846; x_wconf 78' lang='lat' dir='ltr'>non</span> <span class='ocrx_word' id='word_1_247' title='bbox 456 1819 505 1846; x_wconf 82' lang='lat' dir='ltr'>est</span> <span class='ocrx_word' id='word_1_248' title='bbox 527 1816 579 1846; x_wconf 69' lang='lat' dir='ltr'>lez·</span> <span class='ocrx_word' id='word_1_249' title='bbox 597 1817 717 1856; x_wconf 83' lang='lat' dir='ltr'>posita.</span> 
     </span>
     <span class='ocr_line' id='line_1_42' title="bbox 255 1857 493 1889; baseline 0 -1"><span class='ocrx_word' id='word_1_250' title='bbox 255 1857 304 1888; x_wconf 80' lang='grc' dir='ltr'>Τιι</span> <span class='ocrx_word' id='word_1_251' title='bbox 325 1867 359 1888; x_wconf 85' lang='lat' dir='ltr'>es</span> <span class='ocrx_word' id='word_1_252' title='bbox 380 1858 493 1889; x_wconf 66' lang='lat' dir='ltr'>iustus.</span> 
     </span>
     <span class='ocr_line' id='line_1_43' title="bbox 254 1900 1058 1941; baseline 0.002 -11"><span class='ocrx_word' id='word_1_253' title='bbox 254 1900 341 1941; x_wconf 66' lang='lat' dir='ltr'>Ergo</span> <span class='ocrx_word' id='word_1_254' title='bbox 363 1909 427 1931; x_wconf 74' lang='lat' dir='ltr'>non</span> <span class='ocrx_word' id='word_1_255' title='bbox 448 1905 495 1930; x_wconf 75' lang='lat' dir='ltr'>est</span> <span class='ocrx_word' id='word_1_256' title='bbox 517 1910 643 1932; x_wconf 73' lang='lat' dir='ltr'>necesse</span> <span class='ocrx_word' id='word_1_257' title='bbox 671 1905 701 1932; x_wconf 80' lang='grc'>10</span> <span class='ocrx_word' id='word_1_258' title='bbox 728 1902 777 1932; x_wconf 76' lang='lat' dir='ltr'>ire</span> <span class='ocrx_word' id='word_1_259' title='bbox 805 1902 850 1932; x_wconf 84' lang='lat' dir='ltr'>ad</span> <span class='ocrx_word' id='word_1_260' title='bbox 879 1903 1058 1932; x_wconf 78' lang='lat' dir='ltr'>concionem</span> 
     </span>
    </p>
   </div>
   <div class='ocr_carea' id='block_1_10' title="bbox 293 1943 476 1983">
    <p class='ocr_par' dir='ltr' id='par_1_12' title="bbox 293 1943 476 1983">
     <span class='ocr_line' id='line_1_44' title="bbox 293 1943 476 1983; baseline -0.005 -9"><span class='ocrx_word' id='word_1_261' title='bbox 293 1944 328 1974; x_wconf 85' lang='lat' dir='ltr'>in</span> <span class='ocrx_word' id='word_1_262' title='bbox 350 1943 476 1983; x_wconf 78' lang='lat' dir='ltr'>templo.</span> 
     </span>
    </p>
   </div>
   <div class='ocr_carea' id='block_1_11' title="bbox 79 2002 1058 2644">
    <p class='ocr_par' dir='ltr' id='par_1_13' title="bbox 167 2002 1058 2045">
     <span class='ocr_line' id='line_1_45' title="bbox 167 2002 1058 2045; baseline 0 -10"><span class='ocrx_word' id='word_1_263' title='bbox 167 2003 381 2045; x_wconf 85' lang='lat' dir='ltr'>Respondeo.</span> <span class='ocrx_word' id='word_1_264' title='bbox 427 2002 518 2035; x_wconf 86' lang='lat' dir='ltr'>lusto</span> <span class='ocrx_word' id='word_1_265' title='bbox 540 2013 606 2034; x_wconf 91' lang='grc'>11011</span> <span class='ocrx_word' id='word_1_266' title='bbox 630 2009 681 2035; x_wconf 84' lang='grc'>051</span> <span class='ocrx_word' id='word_1_267' title='bbox 702 2002 757 2035; x_wconf 83' lang='lat' dir='ltr'>lex</span> <span class='ocrx_word' id='word_1_268' title='bbox 780 2004 908 2045; x_wconf 83' lang='lat' dir='ltr'>posita,</span> <span class='ocrx_word' id='word_1_269' title='bbox 930 2002 1058 2035; x_wconf 87' lang='lat' dir='ltr'>scilicet</span> 
     </span>
    </p>

    <p class='ocr_par' dir='ltr' id='par_1_14' title="bbox 79 2046 1058 2389">
     <span class='ocr_line' id='line_1_46' title="bbox 104 2046 1056 2086; baseline -0.001 -7"><span class='ocrx_word' id='word_1_270' title='bbox 104 2057 147 2079; x_wconf 91' lang='lat' dir='ltr'>uo</span> <span class='ocrx_word' id='word_1_271' title='bbox 176 2046 219 2077; x_wconf 87' lang='lat' dir='ltr'>ad</span> <span class='ocrx_word' id='word_1_272' title='bbox 247 2046 476 2085; x_wconf 74' lang='lat' dir='ltr'>coactionem,</span> <span class='ocrx_word' id='word_1_273' title='bbox 505 2051 537 2076; x_wconf 87' lang='lat' dir='ltr'>et</span> <span class='ocrx_word' id='word_1_274' title='bbox 565 2056 630 2086; x_wconf 90' lang='lat' dir='ltr'>quo</span> <span class='ocrx_word' id='word_1_275' title='bbox 664 2047 706 2078; x_wconf 88' lang='lat' dir='ltr'>ad</span> <span class='ocrx_word' id='word_1_276' title='bbox 741 2048 1056 2078; x_wconf 85' lang='lat' dir='ltr'>condemnationem.</span> 
     </span>
     <span class='ocr_line' id='line_1_47' title="bbox 96 2087 1056 2132; baseline -0.002 -10"><span class='ocrx_word' id='word_1_277' title='bbox 96 2096 173 2127; x_wconf 89' lang='lat' dir='ltr'>tem,</span> <span class='ocrx_word' id='word_1_278' title='bbox 196 2087 250 2120; x_wconf 84' lang='lat' dir='ltr'>lex</span> <span class='ocrx_word' id='word_1_279' title='bbox 273 2099 339 2120; x_wconf 84' lang='lat' dir='ltr'>non</span> <span class='ocrx_word' id='word_1_280' title='bbox 359 2095 409 2120; x_wconf 88' lang='lat' dir='ltr'>est</span> <span class='ocrx_word' id='word_1_281' title='bbox 429 2088 536 2129; x_wconf 83' lang='lat' dir='ltr'>posita</span> <span class='ocrx_word' id='word_1_282' title='bbox 554 2089 652 2126; x_wconf 88' lang='lat' dir='ltr'>iusto,</span> <span class='ocrx_word' id='word_1_283' title='bbox 675 2088 814 2128; x_wconf 86' lang='lat' dir='ltr'>scilicet,</span> <span class='ocrx_word' id='word_1_284' title='bbox 838 2090 871 2121; x_wconf 90' lang='lat' dir='ltr'>in</span> <span class='ocrx_word' id='word_1_285' title='bbox 891 2097 1056 2132; x_wconf 89' lang='lat' dir='ltr'>quamtum</span> 
     </span>
     <span class='ocr_line' id='line_1_48' title="bbox 81 2131 1057 2174; baseline -0.002 -9"><span class='ocrx_word' id='word_1_286' title='bbox 81 2138 132 2165; x_wconf 86' lang='lat' dir='ltr'>est</span> <span class='ocrx_word' id='word_1_287' title='bbox 159 2131 247 2163; x_wconf 87' lang='lat' dir='ltr'>talis.</span> <span class='ocrx_word' id='word_1_288' title='bbox 292 2131 361 2163; x_wconf 87' lang='lat' dir='ltr'>Sed</span> <span class='ocrx_word' id='word_1_289' title='bbox 390 2137 442 2162; x_wconf 88' lang='lat' dir='ltr'>est</span> <span class='ocrx_word' id='word_1_290' title='bbox 470 2131 503 2162; x_wconf 90' lang='lat' dir='ltr'>in</span> <span class='ocrx_word' id='word_1_291' title='bbox 531 2131 628 2162; x_wconf 89' lang='lat' dir='ltr'>nobis</span> <span class='ocrx_word' id='word_1_292' title='bbox 658 2132 837 2173; x_wconf 84' lang='lat' dir='ltr'>cupiditas,</span> <span class='ocrx_word' id='word_1_293' title='bbox 873 2143 958 2174; x_wconf 87' lang='lat' dir='ltr'>quae</span> <span class='ocrx_word' id='word_1_294' title='bbox 991 2142 1057 2164; x_wconf 90' lang='lat' dir='ltr'>non</span> 
     </span>
     <span class='ocr_line' id='line_1_49' title="bbox 81 2172 1057 2216; baseline -0.001 -9"><span class='ocrx_word' id='word_1_295' title='bbox 81 2180 133 2208; x_wconf 88' lang='lat' dir='ltr'>est</span> <span class='ocrx_word' id='word_1_296' title='bbox 155 2184 285 2216; x_wconf 78' lang='lat' dir='ltr'>semper</span> <span class='ocrx_word' id='word_1_297' title='bbox 307 2183 498 2216; x_wconf 85' lang='lat' dir='ltr'>congruens</span> <span class='ocrx_word' id='word_1_298' title='bbox 520 2184 595 2205; x_wconf 88' lang='lat' dir='ltr'>cum</span> <span class='ocrx_word' id='word_1_299' title='bbox 617 2172 702 2216; x_wconf 81' lang='lat' dir='ltr'>lege.</span> <span class='ocrx_word' id='word_1_300' title='bbox 736 2174 818 2206; x_wconf 84' lang='lat' dir='ltr'>Eam</span> <span class='ocrx_word' id='word_1_301' title='bbox 842 2181 971 2216; x_wconf 88' lang='lat' dir='ltr'>oportet</span> <span class='ocrx_word' id='word_1_302' title='bbox 993 2173 1057 2206; x_wconf 87' lang='lat' dir='ltr'>fre-</span> 
     </span>
     <span class='ocr_line' id='line_1_50' title="bbox 80 2215 1056 2260; baseline -0.001 -10"><span class='ocrx_word' id='word_1_303' title='bbox 80 2218 152 2250; x_wconf 79' lang='lat' dir='ltr'>nari</span> <span class='ocrx_word' id='word_1_304' title='bbox 174 2215 260 2260; x_wconf 84' lang='lat' dir='ltr'>lege.</span> <span class='ocrx_word' id='word_1_305' title='bbox 295 2216 375 2248; x_wconf 86' lang='lat' dir='ltr'>lusti</span> <span class='ocrx_word' id='word_1_306' title='bbox 399 2217 430 2247; x_wconf 91' lang='lat' dir='ltr'>in</span> <span class='ocrx_word' id='word_1_307' title='bbox 450 2223 607 2258; x_wconf 86' lang='lat' dir='ltr'>quantum</span> <span class='ocrx_word' id='word_1_308' title='bbox 626 2224 702 2248; x_wconf 88' lang='lat' dir='ltr'>sunt</span> <span class='ocrx_word' id='word_1_309' title='bbox 720 2217 816 2256; x_wconf 79' lang='lat' dir='ltr'>tales,</span> <span class='ocrx_word' id='word_1_310' title='bbox 838 2217 990 2250; x_wconf 85' lang='lat' dir='ltr'>volentes</span> <span class='ocrx_word' id='word_1_311' title='bbox 1009 2216 1056 2249; x_wconf 83' lang='lat' dir='ltr'>sa-</span> 
     </span>
     <span class='ocr_line' id='line_1_51' title="bbox 81 2258 1058 2302; baseline 0 -10"><span class='ocrx_word' id='word_1_312' title='bbox 81 2261 182 2299; x_wconf 79' lang='lat' dir='ltr'>ciant,</span> <span class='ocrx_word' id='word_1_313' title='bbox 206 2270 292 2302; x_wconf 83' lang='lat' dir='ltr'>quae</span> <span class='ocrx_word' id='word_1_314' title='bbox 309 2265 387 2291; x_wconf 86' lang='lat' dir='ltr'>sunt</span> <span class='ocrx_word' id='word_1_315' title='bbox 404 2266 584 2300; x_wconf 87' lang='lat' dir='ltr'>praecepta</span> <span class='ocrx_word' id='word_1_316' title='bbox 602 2259 634 2290; x_wconf 91' lang='lat' dir='ltr'>in</span> <span class='ocrx_word' id='word_1_317' title='bbox 652 2258 739 2302; x_wconf 83' lang='lat' dir='ltr'>lege.</span> <span class='ocrx_word' id='word_1_318' title='bbox 778 2261 844 2293; x_wconf 88' lang='lat' dir='ltr'>Sed</span> <span class='ocrx_word' id='word_1_319' title='bbox 862 2262 960 2302; x_wconf 89' lang='lat' dir='ltr'>pauci</span> <span class='ocrx_word' id='word_1_320' title='bbox 979 2266 1058 2293; x_wconf 90' lang='lat' dir='ltr'>sunt</span> 
     </span>
     <span class='ocr_line' id='line_1_52' title="bbox 80 2301 1058 2345; baseline 0 -10"><span class='ocrx_word' id='word_1_321' title='bbox 80 2314 160 2335; x_wconf 85' lang='lat' dir='ltr'>vere</span> <span class='ocrx_word' id='word_1_322' title='bbox 181 2303 270 2341; x_wconf 85' lang='lat' dir='ltr'>iusti,</span> <span class='ocrx_word' id='word_1_323' title='bbox 293 2308 324 2335; x_wconf 82' lang='lat' dir='ltr'>et</span> <span class='ocrx_word' id='word_1_324' title='bbox 346 2303 430 2334; x_wconf 86' lang='lat' dir='ltr'>inter</span> <span class='ocrx_word' id='word_1_325' title='bbox 451 2302 514 2333; x_wconf 90' lang='lat' dir='ltr'>hos</span> <span class='ocrx_word' id='word_1_326' title='bbox 538 2301 635 2333; x_wconf 86' lang='lat' dir='ltr'>etiam</span> <span class='ocrx_word' id='word_1_327' title='bbox 657 2313 777 2345; x_wconf 81' lang='lat' dir='ltr'>magna</span> <span class='ocrx_word' id='word_1_328' title='bbox 800 2310 851 2335; x_wconf 86' lang='lat' dir='ltr'>est</span> <span class='ocrx_word' id='word_1_329' title='bbox 875 2303 1058 2336; x_wconf 86' lang='lat' dir='ltr'>differentia</span> 
     </span>
     <span class='ocr_line' id='line_1_53' title="bbox 79 2346 251 2389; baseline -0.012 -11"><span class='ocrx_word' id='word_1_330' title='bbox 79 2346 251 2389; x_wconf 82' lang='lat' dir='ltr'>graduum.</span> 
     </span>
    </p>

    <p class='ocr_par' dir='ltr' id='par_1_15' title="bbox 79 2387 1057 2644">
     <span class='ocr_line' id='line_1_54' title="bbox 166 2387 1056 2430; baseline 0.002 -11"><span class='ocrx_word' id='word_1_331' title='bbox 166 2388 202 2419; x_wconf 90' lang='grc'>111</span> <span class='ocrx_word' id='word_1_332' title='bbox 227 2387 359 2420; x_wconf 88' lang='lat' dir='ltr'>Graeco</span> <span class='ocrx_word' id='word_1_333' title='bbox 383 2393 435 2419; x_wconf 88' lang='lat' dir='ltr'>est</span> <span class='ocrx_word' id='word_1_334' title='bbox 457 2387 593 2418; x_wconf 84' lang='lat' dir='ltr'>verbum</span> <span class='ocrx_word' id='word_1_335' title='bbox 615 2391 726 2427; x_wconf 76' lang='grc' dir='ltr'>κεῖται,</span> <span class='ocrx_word' id='word_1_336' title='bbox 755 2389 844 2430; x_wconf 89' lang='lat' dir='ltr'>quod</span> <span class='ocrx_word' id='word_1_337' title='bbox 872 2387 970 2421; x_wconf 82' lang='lat' dir='ltr'>valde</span> <span class='ocrx_word' id='word_1_338' title='bbox 1000 2389 1056 2421; x_wconf 90' lang='lat' dir='ltr'>du—</span> 
     </span>
     <span class='ocr_line' id='line_1_55' title="bbox 79 2429 1056 2472; baseline -0.001 -9"><span class='ocrx_word' id='word_1_339' title='bbox 79 2441 149 2464; x_wconf 81' lang='lat' dir='ltr'>ram</span> <span class='ocrx_word' id='word_1_340' title='bbox 172 2430 447 2472; x_wconf 85' lang='lat' dir='ltr'>significationem</span> <span class='ocrx_word' id='word_1_341' title='bbox 468 2429 581 2472; x_wconf 80' lang='lat' dir='ltr'>habet,</span> <span class='ocrx_word' id='word_1_342' title='bbox 603 2435 638 2461; x_wconf 81' lang='lat' dir='ltr'>ut</span> <span class='ocrx_word' id='word_1_343' title='bbox 660 2431 693 2461; x_wconf 91' lang='lat' dir='ltr'>in</span> <span class='ocrx_word' id='word_1_344' title='bbox 715 2429 772 2462; x_wconf 89' lang='lat' dir='ltr'>illo</span> <span class='ocrx_word' id='word_1_345' title='bbox 796 2432 884 2464; x_wconf 90' lang='lat' dir='ltr'>dicto</span> <span class='ocrx_word' id='word_1_346' title='bbox 907 2431 1056 2464; x_wconf 80' lang='lat' dir='ltr'>loannis:</span> 
     </span>
     <span class='ocr_line' id='line_1_56' title="bbox 80 2473 1056 2514; baseline 0 -8"><span class='ocrx_word' id='word_1_347' title='bbox 80 2473 225 2506; x_wconf 73' lang='lat' dir='ltr'><strong><em>Mundus</em></strong></span> <span class='ocrx_word' id='word_1_348' title='bbox 247 2474 279 2504; x_wconf 82' lang='lat' dir='ltr'>in</span> <span class='ocrx_word' id='word_1_349' title='bbox 301 2474 441 2514; x_wconf 74' lang='lat' dir='ltr'>maliyno</span> <span class='ocrx_word' id='word_1_350' title='bbox 461 2473 587 2513; x_wconf 73' lang='lat' dir='ltr'>positus</span> <span class='ocrx_word' id='word_1_351' title='bbox 609 2477 671 2512; x_wconf 73' lang='lat' dir='ltr'>est,</span> <span class='ocrx_word' id='word_1_352' title='bbox 700 2473 733 2504; x_wconf 89' lang='lat' dir='ltr'>id</span> <span class='ocrx_word' id='word_1_353' title='bbox 756 2480 823 2512; x_wconf 83' lang='lat' dir='ltr'>est,</span> <span class='ocrx_word' id='word_1_354' title='bbox 847 2475 989 2506; x_wconf 88' lang='lat' dir='ltr'>mundus</span> <span class='ocrx_word' id='word_1_355' title='bbox 1011 2476 1056 2507; x_wconf 85' lang='lat' dir='ltr'>ia-</span> 
     </span>
     <span class='ocr_line' id='line_1_57' title="bbox 81 2514 1057 2557; baseline 0.002 -9"><span class='ocrx_word' id='word_1_356' title='bbox 81 2523 134 2549; x_wconf 87' lang='lat' dir='ltr'>cet</span> <span class='ocrx_word' id='word_1_357' title='bbox 155 2525 337 2557; x_wconf 66' lang='lat' dir='ltr'>opproesus</span> <span class='ocrx_word' id='word_1_358' title='bbox 360 2514 471 2553; x_wconf 75' lang='lat' dir='ltr'>malis,</span> <span class='ocrx_word' id='word_1_359' title='bbox 504 2525 544 2546; x_wconf 86' lang='lat' dir='ltr'>ex</span> <span class='ocrx_word' id='word_1_360' title='bbox 568 2515 706 2556; x_wconf 88' lang='lat' dir='ltr'>quibus,</span> <span class='ocrx_word' id='word_1_361' title='bbox 736 2516 832 2548; x_wconf 84' lang='lat' dir='ltr'>etiam</span> <span class='ocrx_word' id='word_1_362' title='bbox 855 2523 951 2555; x_wconf 87' lang='lat' dir='ltr'>tunc,</span> <span class='ocrx_word' id='word_1_363' title='bbox 983 2528 1057 2550; x_wconf 92' lang='lat' dir='ltr'>cum</span> 
     </span>
     <span class='ocr_line' id='line_1_58' title="bbox 79 2556 1056 2601; baseline 0.001 -10"><span class='ocrx_word' id='word_1_364' title='bbox 79 2557 262 2596; x_wconf 80' lang='lat' dir='ltr'>luctamur,</span> <span class='ocrx_word' id='word_1_365' title='bbox 292 2564 400 2589; x_wconf 88' lang='lat' dir='ltr'>tamen</span> <span class='ocrx_word' id='word_1_366' title='bbox 424 2556 561 2589; x_wconf 83' lang='lat' dir='ltr'>eluctari</span> <span class='ocrx_word' id='word_1_367' title='bbox 583 2567 650 2589; x_wconf 92' lang='lat' dir='ltr'>non</span> <span class='ocrx_word' id='word_1_368' title='bbox 674 2568 869 2599; x_wconf 89' lang='lat' dir='ltr'>possumus,</span> <span class='ocrx_word' id='word_1_369' title='bbox 900 2565 933 2590; x_wconf 88' lang='lat' dir='ltr'>et</span> <span class='ocrx_word' id='word_1_370' title='bbox 955 2569 1056 2601; x_wconf 81' lang='lat' dir='ltr'>quan-</span> 
     </span>
     <span class='ocr_line' id='line_1_59' title="bbox 80 2599 1056 2644; baseline 0 -10"><span class='ocrx_word' id='word_1_371' title='bbox 80 2612 179 2643; x_wconf 84' lang='lat' dir='ltr'>quam</span> <span class='ocrx_word' id='word_1_372' title='bbox 201 2599 365 2637; x_wconf 77' lang='lat' dir='ltr'>luctumur</span> <span class='ocrx_word' id='word_1_373' title='bbox 387 2610 461 2632; x_wconf 88' lang='lat' dir='ltr'>cum</span> <span class='ocrx_word' id='word_1_374' title='bbox 483 2599 596 2641; x_wconf 83' lang='lat' dir='ltr'>pravis</span> <span class='ocrx_word' id='word_1_375' title='bbox 620 2601 926 2640; x_wconf 83' lang='lat' dir='ltr'>consuetudinibus,</span> <span class='ocrx_word' id='word_1_376' title='bbox 948 2608 981 2633; x_wconf 89' lang='lat' dir='ltr'>et</span> <span class='ocrx_word' id='word_1_377' title='bbox 999 2613 1056 2644; x_wconf 90' lang='lat' dir='ltr'>pu-</span> 
     </span>
    </p>
   </div>
   <div class='ocr_carea' id='block_1_12' title="bbox 773 159 1409 192">
    <p class='ocr_par' dir='ltr' id='par_1_16' title="bbox 773 159 1409 192">
     <span class='ocr_line' id='line_1_60' title="bbox 773 159 1409 192; baseline 0.002 -1"><span class='ocrx_word' id='word_1_378' title='bbox 773 160 990 192; x_wconf 86' lang='lat' dir='ltr'>POSTlLLA</span> <span class='ocrx_word' id='word_1_379' title='bbox 1013 159 1409 192; x_wconf 82' lang='lat' dir='ltr'>MELANTHONIANA.</span> 
     </span>
    </p>
   </div>
   <div class='ocr_carea' id='block_1_13' title="bbox 1082 1415 1087 1507">
    <p class='ocr_par' dir='ltr' id='par_1_17' title="bbox 1082 1415 1087 1507">
     <span class='ocr_line' id='line_1_61' title="bbox 1082 1415 1087 1507; baseline 0 1451"><span class='ocrx_word' id='word_1_380' title='bbox 1082 1415 1087 1507; x_wconf 95' lang='lat' dir='ltr'> </span> 
     </span>
    </p>
   </div>
   <div class='ocr_carea' id='block_1_14' title="bbox 166 1575 1088 1927">
    <p class='ocr_par' dir='ltr' id='par_1_18' title="bbox 166 1512 1088 1927">
     <span class='ocr_line' id='line_1_62' title="bbox 166 1575 1088 1927; baseline 0.002 -320"><span class='ocrx_word' id='word_1_381' title='bbox 166 1575 256 1607; x_wconf 77' lang='lat' dir='ltr'>Nihil</span> <span class='ocrx_word' id='word_1_382' title='bbox 278 1581 339 1613; x_wconf 86' lang='lat' dir='ltr'>est,</span> <span class='ocrx_word' id='word_1_383' title='bbox 364 1577 452 1618; x_wconf 93' lang='lat' dir='ltr'>quod</span> <span class='ocrx_word' id='word_1_384' title='bbox 486 1575 587 1618; x_wconf 90' lang='lat' dir='ltr'>aliqui</span> <span class='ocrx_word' id='word_1_385' title='bbox 623 1578 749 1609; x_wconf 89' lang='lat' dir='ltr'>dicunt:</span> <span class='ocrx_word' id='word_1_386' title='bbox 784 1579 850 1617; x_wconf 76' lang='lat' dir='ltr'>Ello</span> <span class='ocrx_word' id='word_1_387' title='bbox 872 1588 943 1609; x_wconf 79' lang='lat' dir='ltr'>sum</span> <span class='ocrx_word' id='word_1_388' title='bbox 968 1577 1060 1609; x_wconf 75' lang='lat' dir='ltr'>Chre·-</span> <span class='ocrx_word' id='word_1_389' title='bbox 1081 1589 1088 1927; x_wconf 59' lang='grc' dir='ltr'><strong><em>ι</em></strong></span> 
     </span>
    </p>
   </div>
   <div class='ocr_carea' id='block_1_15' title="bbox 2022 161 2088 193">
    <p class='ocr_par' dir='ltr' id='par_1_19' title="bbox 2022 161 2088 193">
     <span class='ocr_line' id='line_1_63' title="bbox 2022 161 2088 193; baseline 0 -1"><span class='ocrx_word' id='word_1_390' title='bbox 2022 161 2088 193; x_wconf 79' lang='lat'>262</span> 
     </span>
    </p>
   </div>
   <div class='ocr_carea' id='block_1_16' title="bbox 1111 253 2087 464">
    <p class='ocr_par' dir='ltr' id='par_1_20' title="bbox 1111 253 2087 381">
     <span class='ocr_line' id='line_1_64' title="bbox 1112 253 2086 294; baseline 0.001 -9"><span class='ocrx_word' id='word_1_391' title='bbox 1112 253 1207 285; x_wconf 92' lang='lat' dir='ltr'>blicis</span> <span class='ocrx_word' id='word_1_392' title='bbox 1231 253 1375 291; x_wconf 81' lang='lat' dir='ltr'>iniuriis,</span> <span class='ocrx_word' id='word_1_393' title='bbox 1405 259 1513 285; x_wconf 84' lang='lat' dir='ltr'>tamen</span> <span class='ocrx_word' id='word_1_394' title='bbox 1541 254 1584 284; x_wconf 86' lang='lat' dir='ltr'>ita</span> <span class='ocrx_word' id='word_1_395' title='bbox 1613 264 1727 286; x_wconf 79' lang='grc'>5011105</span> <span class='ocrx_word' id='word_1_396' title='bbox 1750 254 1905 294; x_wconf 82' lang='lat' dir='ltr'>implicati</span> <span class='ocrx_word' id='word_1_397' title='bbox 1929 254 2086 286; x_wconf 88' lang='lat' dir='ltr'>malorum</span> 
     </span>
     <span class='ocr_line' id='line_1_65' title="bbox 1113 296 2087 336; baseline 0.002 -9"><span class='ocrx_word' id='word_1_398' title='bbox 1113 296 1361 333; x_wconf 87' lang='lat' dir='ltr'>consuetudini,</span> <span class='ocrx_word' id='word_1_399' title='bbox 1400 303 1434 327; x_wconf 91' lang='lat' dir='ltr'>ut</span> <span class='ocrx_word' id='word_1_400' title='bbox 1467 307 1533 327; x_wconf 89' lang='lat' dir='ltr'>non</span> <span class='ocrx_word' id='word_1_401' title='bbox 1567 297 1730 336; x_wconf 79' lang='lat' dir='ltr'>possimus</span> <span class='ocrx_word' id='word_1_402' title='bbox 1765 296 1911 329; x_wconf 78' lang='lat' dir='ltr'>eluctari.</span> <span class='ocrx_word' id='word_1_403' title='bbox 1957 297 2004 328; x_wconf 89' lang='lat' dir='ltr'>lta</span> <span class='ocrx_word' id='word_1_404' title='bbox 2033 297 2087 329; x_wconf 85' lang='lat' dir='ltr'>lex</span> 
     </span>
     <span class='ocr_line' id='line_1_66' title="bbox 1111 339 2086 381; baseline 0 -10"><span class='ocrx_word' id='word_1_405' title='bbox 1111 350 1178 371; x_wconf 87' lang='lat' dir='ltr'>non</span> <span class='ocrx_word' id='word_1_406' title='bbox 1201 346 1251 369; x_wconf 92' lang='lat' dir='ltr'>est</span> <span class='ocrx_word' id='word_1_407' title='bbox 1276 340 1383 378; x_wconf 85' lang='lat' dir='ltr'>posita</span> <span class='ocrx_word' id='word_1_408' title='bbox 1407 339 1509 376; x_wconf 90' lang='lat' dir='ltr'>iusto,</span> <span class='ocrx_word' id='word_1_409' title='bbox 1539 339 1569 369; x_wconf 88' lang='lat' dir='ltr'>id</span> <span class='ocrx_word' id='word_1_410' title='bbox 1590 346 1658 376; x_wconf 63' lang='grc'>051,</span> <span class='ocrx_word' id='word_1_411' title='bbox 1689 351 1753 370; x_wconf 84' lang='lat' dir='ltr'>non</span> <span class='ocrx_word' id='word_1_412' title='bbox 1783 340 1934 381; x_wconf 89' lang='lat' dir='ltr'>opprimit</span> <span class='ocrx_word' id='word_1_413' title='bbox 1957 341 2086 371; x_wconf 88' lang='lat' dir='ltr'>iustum.</span> 
     </span>
    </p>

    <p class='ocr_par' dir='ltr' id='par_1_21' title="bbox 1112 381 2087 464">
     <span class='ocr_line' id='line_1_67' title="bbox 1197 381 2087 419; baseline 0.002 -7"><span class='ocrx_word' id='word_1_414' title='bbox 1197 382 1248 412; x_wconf 86' lang='lat' dir='ltr'>Ac</span> <span class='ocrx_word' id='word_1_415' title='bbox 1273 381 1450 413; x_wconf 89' lang='lat' dir='ltr'>dolendum</span> <span class='ocrx_word' id='word_1_416' title='bbox 1474 386 1536 419; x_wconf 89' lang='lat' dir='ltr'>est,</span> <span class='ocrx_word' id='word_1_417' title='bbox 1559 391 1679 412; x_wconf 89' lang='lat' dir='ltr'>nomen</span> <span class='ocrx_word' id='word_1_418' title='bbox 1699 382 1858 414; x_wconf 75' lang='lat' dir='ltr'>libertatis</span> <span class='ocrx_word' id='word_1_419' title='bbox 1879 382 2087 414; x_wconf 84' lang='lat' dir='ltr'>Christianae</span> 
     </span>
     <span class='ocr_line' id='line_1_68' title="bbox 1112 423 2087 464; baseline -0.001 -8"><span class='ocrx_word' id='word_1_420' title='bbox 1112 423 1284 456; x_wconf 80' lang='lat' dir='ltr'>transferri</span> <span class='ocrx_word' id='word_1_421' title='bbox 1318 425 1360 456; x_wconf 87' lang='lat' dir='ltr'>ad</span> <span class='ocrx_word' id='word_1_422' title='bbox 1395 429 1615 464; x_wconf 89' lang='lat' dir='ltr'>contemptum</span> <span class='ocrx_word' id='word_1_423' title='bbox 1651 424 1863 456; x_wconf 82' lang='lat' dir='ltr'>honestorum</span> <span class='ocrx_word' id='word_1_424' title='bbox 1894 436 2020 457; x_wconf 89' lang='lat' dir='ltr'>morum</span> <span class='ocrx_word' id='word_1_425' title='bbox 2055 431 2087 456; x_wconf 90' lang='lat' dir='ltr'>et</span> 
     </span>
    </p>
   </div>
   <div class='ocr_carea' id='block_1_17' title="bbox 1085 466 2087 507">
    <p class='ocr_par' dir='ltr' id='par_1_22' title="bbox 1085 466 2087 507">
     <span class='ocr_line' id='line_1_69' title="bbox 1085 466 2087 507; baseline 0 -9"><span class='ocrx_word' id='word_1_426' title='bbox 1085 480 1087 494; x_wconf 64' lang='grc' dir='ltr'><em>ι</em></span> <span class='ocrx_word' id='word_1_427' title='bbox 1113 466 1316 507; x_wconf 72' lang='lat' dir='ltr'>disciplinae.</span> <span class='ocrx_word' id='word_1_428' title='bbox 1352 466 1455 498; x_wconf 83' lang='lat' dir='ltr'>Multo</span> <span class='ocrx_word' id='word_1_429' title='bbox 1476 468 1578 497; x_wconf 85' lang='lat' dir='ltr'>maior</span> <span class='ocrx_word' id='word_1_430' title='bbox 1597 477 1650 497; x_wconf 90' lang='lat' dir='ltr'>res</span> <span class='ocrx_word' id='word_1_431' title='bbox 1669 477 1715 497; x_wconf 74' lang='lat' dir='ltr'>est</span> <span class='ocrx_word' id='word_1_432' title='bbox 1740 466 1876 498; x_wconf 69' lang='lat' dir='ltr'>libertas</span> <span class='ocrx_word' id='word_1_433' title='bbox 1890 467 2087 505; x_wconf 77' lang='lat' dir='ltr'>Christiana,</span> 
     </span>
    </p>
   </div>
   <div class='ocr_carea' id='block_1_18' title="bbox 1108 509 2090 1190">
    <p class='ocr_par' dir='ltr' id='par_1_23' title="bbox 1111 509 2088 755">
     <span class='ocr_line' id='line_1_70' title="bbox 1112 509 2088 550; baseline 0 -9"><span class='ocrx_word' id='word_1_434' title='bbox 1112 509 1267 542; x_wconf 75' lang='lat' dir='ltr'>videlicet</span> <span class='ocrx_word' id='word_1_435' title='bbox 1289 510 1441 541; x_wconf 80' lang='lat' dir='ltr'>liberatio</span> <span class='ocrx_word' id='word_1_436' title='bbox 1465 520 1484 540; x_wconf 83' lang='lat' dir='ltr'>a</span> <span class='ocrx_word' id='word_1_437' title='bbox 1507 516 1661 550; x_wconf 83' lang='lat' dir='ltr'>peccato,</span> <span class='ocrx_word' id='word_1_438' title='bbox 1693 510 1733 540; x_wconf 77' lang='lat' dir='ltr'>ab</span> <span class='ocrx_word' id='word_1_439' title='bbox 1757 510 1803 541; x_wconf 76' lang='lat' dir='ltr'>ira</span> <span class='ocrx_word' id='word_1_440' title='bbox 1826 509 1906 547; x_wconf 70' lang='lat' dir='ltr'>Dei,</span> <span class='ocrx_word' id='word_1_441' title='bbox 1937 522 1955 541; x_wconf 87' lang='lat' dir='ltr'>a</span> <span class='ocrx_word' id='word_1_442' title='bbox 1985 516 2088 541; x_wconf 86' lang='lat' dir='ltr'>morte</span> 
     </span>
     <span class='ocr_line' id='line_1_71' title="bbox 1112 551 2088 591; baseline 0 -7"><span class='ocrx_word' id='word_1_443' title='bbox 1112 559 1265 590; x_wconf 77' lang='lat' dir='ltr'>aeterna,</span> <span class='ocrx_word' id='word_1_444' title='bbox 1300 563 1375 584; x_wconf 80' lang='lat' dir='ltr'>esse</span> <span class='ocrx_word' id='word_1_445' title='bbox 1410 551 1656 583; x_wconf 78' lang='lat' dir='ltr'>reconciliatum</span> <span class='ocrx_word' id='word_1_446' title='bbox 1690 551 1779 590; x_wconf 90' lang='lat' dir='ltr'>Deo,</span> <span class='ocrx_word' id='word_1_447' title='bbox 1813 552 1936 583; x_wconf 71' lang='lat' dir='ltr'>habere</span> <span class='ocrx_word' id='word_1_448' title='bbox 1969 552 2088 591; x_wconf 91' lang='lat' dir='ltr'>Deum,</span> 
     </span>
     <span class='ocr_line' id='line_1_72' title="bbox 1111 594 2087 637; baseline 0.001 -11"><span class='ocrx_word' id='word_1_449' title='bbox 1111 606 1179 627; x_wconf 81' lang='lat' dir='ltr'>non</span> <span class='ocrx_word' id='word_1_450' title='bbox 1203 594 1309 627; x_wconf 85' lang='lat' dir='ltr'>solum</span> <span class='ocrx_word' id='word_1_451' title='bbox 1333 596 1526 636; x_wconf 74' lang='lat' dir='ltr'>propitium,</span> <span class='ocrx_word' id='word_1_452' title='bbox 1550 595 1607 625; x_wconf 87' lang='lat' dir='ltr'>sed</span> <span class='ocrx_word' id='word_1_453' title='bbox 1634 595 1730 625; x_wconf 81' lang='lat' dir='ltr'>etiam</span> <span class='ocrx_word' id='word_1_454' title='bbox 1755 595 1954 632; x_wconf 79' lang='lat' dir='ltr'>adiutorem,</span> <span class='ocrx_word' id='word_1_455' title='bbox 1978 602 2007 626; x_wconf 86' lang='lat' dir='ltr'>et</span> <span class='ocrx_word' id='word_1_456' title='bbox 2032 606 2087 637; x_wconf 86' lang='lat' dir='ltr'>gu-</span> 
     </span>
     <span class='ocr_line' id='line_1_73' title="bbox 1112 636 2087 679; baseline 0 -10"><span class='ocrx_word' id='word_1_457' title='bbox 1112 640 1243 670; x_wconf 75' lang='lat' dir='ltr'>bernari</span> <span class='ocrx_word' id='word_1_458' title='bbox 1277 649 1296 669; x_wconf 91' lang='lat' dir='ltr'>a</span> <span class='ocrx_word' id='word_1_459' title='bbox 1330 639 1453 679; x_wconf 77' lang='lat' dir='ltr'>Spiritu</span> <span class='ocrx_word' id='word_1_460' title='bbox 1485 645 1613 668; x_wconf 79' lang='lat' dir='ltr'>sancto.</span> <span class='ocrx_word' id='word_1_461' title='bbox 1659 637 1699 667; x_wconf 77' lang='lat' dir='ltr'>Et</span> <span class='ocrx_word' id='word_1_462' title='bbox 1734 648 1920 678; x_wconf 78' lang='lat' dir='ltr'>quanquam</span> <span class='ocrx_word' id='word_1_463' title='bbox 1953 636 2087 669; x_wconf 85' lang='lat' dir='ltr'>libertas</span> 
     </span>
     <span class='ocr_line' id='line_1_74' title="bbox 1112 679 2088 718; baseline -0.001 -5"><span class='ocrx_word' id='word_1_464' title='bbox 1112 680 1298 713; x_wconf 74' lang='lat' dir='ltr'>Christiana</span> <span class='ocrx_word' id='word_1_465' title='bbox 1326 681 1442 712; x_wconf 84' lang='lat' dir='ltr'>liberat</span> <span class='ocrx_word' id='word_1_466' title='bbox 1474 690 1536 711; x_wconf 84' lang='lat' dir='ltr'>nos</span> <span class='ocrx_word' id='word_1_467' title='bbox 1564 691 1582 711; x_wconf 82' lang='lat' dir='ltr'>a</span> <span class='ocrx_word' id='word_1_468' title='bbox 1613 681 1807 711; x_wconf 59' lang='lat' dir='ltr'>ceremoniis</span> <span class='ocrx_word' id='word_1_469' title='bbox 1837 679 2013 718; x_wconf 72' lang='lat' dir='ltr'>mosaicis,</span> <span class='ocrx_word' id='word_1_470' title='bbox 2044 687 2088 712; x_wconf 84' lang='lat' dir='ltr'>ta-</span> 
     </span>
     <span class='ocr_line' id='line_1_75' title="bbox 1113 722 1754 755; baseline -0.003 -1"><span class='ocrx_word' id='word_1_471' title='bbox 1113 734 1184 754; x_wconf 72' lang='lat' dir='ltr'>nnen</span> <span class='ocrx_word' id='word_1_472' title='bbox 1207 735 1272 755; x_wconf 87' lang='lat' dir='ltr'>non</span> <span class='ocrx_word' id='word_1_473' title='bbox 1296 723 1413 754; x_wconf 59' lang='lat' dir='ltr'>liberat,</span> <span class='ocrx_word' id='word_1_474' title='bbox 1437 733 1497 753; x_wconf 85' lang='lat' dir='ltr'>nos</span> <span class='ocrx_word' id='word_1_475' title='bbox 1521 733 1540 753; x_wconf 81' lang='lat' dir='ltr'>a</span> <span class='ocrx_word' id='word_1_476' title='bbox 1565 722 1754 753; x_wconf 46' lang='lat' dir='ltr'>moralibus</span> 
     </span>
    </p>

    <p class='ocr_par' dir='ltr' id='par_1_24' title="bbox 1110 765 2090 1012">
     <span class='ocr_line' id='line_1_76' title="bbox 1197 765 2088 807; baseline -0.002 -10"><span class='ocrx_word' id='word_1_477' title='bbox 1197 766 1256 797; x_wconf 72' lang='lat' dir='ltr'>Est</span> <span class='ocrx_word' id='word_1_478' title='bbox 1280 773 1390 798; x_wconf 83' lang='lat' dir='ltr'>autem</span> <span class='ocrx_word' id='word_1_479' title='bbox 1419 767 1608 797; x_wconf 76' lang='lat' dir='ltr'>observatio</span> <span class='ocrx_word' id='word_1_480' title='bbox 1638 765 1760 796; x_wconf 89' lang='lat' dir='ltr'>dierum</span> <span class='ocrx_word' id='word_1_481' title='bbox 1791 765 1969 803; x_wconf 73' lang='lat' dir='ltr'>festorum,</span> <span class='ocrx_word' id='word_1_482' title='bbox 2001 766 2088 807; x_wconf 91' lang='lat' dir='ltr'>quod</span> 
     </span>
     <span class='ocr_line' id='line_1_77' title="bbox 1110 809 2088 850; baseline -0.001 -10"><span class='ocrx_word' id='word_1_483' title='bbox 1110 811 1152 840; x_wconf 85' lang='lat' dir='ltr'>ad</span> <span class='ocrx_word' id='word_1_484' title='bbox 1175 819 1280 850; x_wconf 65' lang='lat' dir='ltr'>gntus</span> <span class='ocrx_word' id='word_1_485' title='bbox 1305 810 1437 845; x_wconf 82' lang='lat' dir='ltr'>attinet,</span> <span class='ocrx_word' id='word_1_486' title='bbox 1466 814 1497 839; x_wconf 62' lang='lat' dir='ltr'>ot</span> <span class='ocrx_word' id='word_1_487' title='bbox 1527 809 1735 838; x_wconf 67' lang='lat' dir='ltr'>consu-vatio</span> <span class='ocrx_word' id='word_1_488' title='bbox 1768 818 2007 849; x_wconf 72' lang='lat' dir='ltr'>congressuum</span> <span class='ocrx_word' id='word_1_489' title='bbox 2031 819 2088 848; x_wconf 77' lang='lat' dir='ltr'>pu-</span> 
     </span>
     <span class='ocr_line' id='line_1_78' title="bbox 1111 850 2088 892; baseline -0.002 -9"><span class='ocrx_word' id='word_1_490' title='bbox 1111 851 1289 889; x_wconf 80' lang='lat' dir='ltr'>blicorum,</span> <span class='ocrx_word' id='word_1_491' title='bbox 1321 850 1441 892; x_wconf 61' lang='lat' dir='ltr'>aliquid</span> <span class='ocrx_word' id='word_1_492' title='bbox 1472 850 1607 881; x_wconf 83' lang='lat' dir='ltr'>morale.</span> <span class='ocrx_word' id='word_1_493' title='bbox 1651 850 1691 881; x_wconf 52' lang='lat' dir='ltr'>lit</span> <span class='ocrx_word' id='word_1_494' title='bbox 1718 851 1816 888; x_wconf 83' lang='lat' dir='ltr'>ritus,</span> <span class='ocrx_word' id='word_1_495' title='bbox 1845 851 1899 892; x_wconf 84' lang='lat' dir='ltr'>qui</span> <span class='ocrx_word' id='word_1_496' title='bbox 1928 856 2003 881; x_wconf 85' lang='lat' dir='ltr'>sunt</span> <span class='ocrx_word' id='word_1_497' title='bbox 2031 851 2088 881; x_wconf 82' lang='lat' dir='ltr'>lio-</span> 
     </span>
     <span class='ocr_line' id='line_1_79' title="bbox 1111 893 2085 934; baseline -0.002 -9"><span class='ocrx_word' id='word_1_498' title='bbox 1111 902 1205 926; x_wconf 84' lang='grc'>110510</span> <span class='ocrx_word' id='word_1_499' title='bbox 1235 895 1266 925; x_wconf 86' lang='grc'>111</span> <span class='ocrx_word' id='word_1_500' title='bbox 1292 893 1446 925; x_wconf 72' lang='lat' dir='ltr'>Ecclesia</span> <span class='ocrx_word' id='word_1_501' title='bbox 1475 894 1641 924; x_wconf 83' lang='lat' dir='ltr'>constituti</span> <span class='ocrx_word' id='word_1_502' title='bbox 1666 904 1706 924; x_wconf 73' lang='lat' dir='ltr'>ex</span> <span class='ocrx_word' id='word_1_503' title='bbox 1739 893 1842 931; x_wconf 74' lang='grc'>10115,</span> <span class='ocrx_word' id='word_1_504' title='bbox 1877 904 1943 924; x_wconf 86' lang='grc'>11011</span> <span class='ocrx_word' id='word_1_505' title='bbox 1972 903 2085 934; x_wconf 81' lang='lat' dir='ltr'>super-</span> 
     </span>
     <span class='ocr_line' id='line_1_80' title="bbox 1110 935 2090 974; baseline -0.002 -6"><span class='ocrx_word' id='word_1_506' title='bbox 1110 937 1249 968; x_wconf 73' lang='lat' dir='ltr'>stitiosis</span> <span class='ocrx_word' id='word_1_507' title='bbox 1273 937 1395 974; x_wconf 81' lang='lat' dir='ltr'>causis,</span> <span class='ocrx_word' id='word_1_508' title='bbox 1418 937 1512 967; x_wconf 83' lang='lat' dir='ltr'>etiam</span> <span class='ocrx_word' id='word_1_509' title='bbox 1535 935 1684 967; x_wconf 74' lang='lat' dir='ltr'>scandali</span> <span class='ocrx_word' id='word_1_510' title='bbox 1709 937 1834 967; x_wconf 76' lang='lat' dir='ltr'>ratione</span> <span class='ocrx_word' id='word_1_511' title='bbox 1858 947 1922 967; x_wconf 90' lang='lat' dir='ltr'>non</span> <span class='ocrx_word' id='word_1_512' title='bbox 1947 942 2020 967; x_wconf 89' lang='lat' dir='ltr'>sunt</span> <span class='ocrx_word' id='word_1_513' title='bbox 2043 941 2090 967; x_wconf 90' lang='lat' dir='ltr'>te-</span> 
     </span>
     <span class='ocr_line' id='line_1_81' title="bbox 1110 978 1377 1012; baseline -0.007 -1"><span class='ocrx_word' id='word_1_514' title='bbox 1110 990 1200 1012; x_wconf 84' lang='lat' dir='ltr'>mere</span> <span class='ocrx_word' id='word_1_515' title='bbox 1223 978 1377 1010; x_wconf 68' lang='lat' dir='ltr'>violandi.</span> 
     </span>
    </p>

    <p class='ocr_par' dir='ltr' id='par_1_25' title="bbox 1108 1021 2090 1190">
     <span class='ocr_line' id='line_1_82' title="bbox 1196 1021 2087 1063; baseline -0.001 -10"><span class='ocrx_word' id='word_1_516' title='bbox 1196 1021 1291 1054; x_wconf 88' lang='lat' dir='ltr'>Multi</span> <span class='ocrx_word' id='word_1_517' title='bbox 1311 1023 1469 1063; x_wconf 81' lang='lat' dir='ltr'>cogitant,</span> <span class='ocrx_word' id='word_1_518' title='bbox 1494 1032 1560 1052; x_wconf 91' lang='lat' dir='ltr'>non</span> <span class='ocrx_word' id='word_1_519' title='bbox 1579 1021 1641 1052; x_wconf 80' lang='lat' dir='ltr'>sibi</span> <span class='ocrx_word' id='word_1_520' title='bbox 1661 1032 1744 1062; x_wconf 88' lang='lat' dir='ltr'>opus</span> <span class='ocrx_word' id='word_1_521' title='bbox 1765 1032 1841 1052; x_wconf 86' lang='lat' dir='ltr'>esse</span> <span class='ocrx_word' id='word_1_522' title='bbox 1861 1021 2087 1060; x_wconf 82' lang='lat' dir='ltr'>concionibus,</span> 
     </span>
     <span class='ocr_line' id='line_1_83' title="bbox 1110 1062 2088 1106; baseline 0 -11"><span class='ocrx_word' id='word_1_523' title='bbox 1110 1075 1214 1106; x_wconf 76' lang='lat' dir='ltr'>posse</span> <span class='ocrx_word' id='word_1_524' title='bbox 1238 1075 1274 1095; x_wconf 82' lang='grc'>50</span> <span class='ocrx_word' id='word_1_525' title='bbox 1298 1065 1385 1095; x_wconf 87' lang='lat' dir='ltr'>domi</span> <span class='ocrx_word' id='word_1_526' title='bbox 1408 1064 1532 1106; x_wconf 81' lang='lat' dir='ltr'>legere.</span> <span class='ocrx_word' id='word_1_527' title='bbox 1578 1063 1643 1096; x_wconf 85' lang='lat' dir='ltr'>Sed</span> <span class='ocrx_word' id='word_1_528' title='bbox 1668 1063 1699 1094; x_wconf 89' lang='grc'>111</span> <span class='ocrx_word' id='word_1_529' title='bbox 1724 1072 1830 1095; x_wconf 84' lang='lat' dir='ltr'>tamen</span> <span class='ocrx_word' id='word_1_530' title='bbox 1855 1062 2004 1104; x_wconf 74' lang='lat' dir='ltr'>exemplo</span> <span class='ocrx_word' id='word_1_531' title='bbox 2027 1075 2088 1095; x_wconf 87' lang='lat' dir='ltr'>suo</span> 
     </span>
     <span class='ocr_line' id='line_1_84' title="bbox 1111 1106 2090 1148; baseline -0.002 -9"><span class='ocrx_word' id='word_1_532' title='bbox 1111 1109 1276 1139; x_wconf 83' lang='lat' dir='ltr'>debebant</span> <span class='ocrx_word' id='word_1_533' title='bbox 1303 1109 1442 1138; x_wconf 74' lang='lat' dir='ltr'>invitare</span> <span class='ocrx_word' id='word_1_534' title='bbox 1471 1106 1570 1145; x_wconf 83' lang='lat' dir='ltr'>alios,</span> <span class='ocrx_word' id='word_1_535' title='bbox 1605 1114 1635 1138; x_wconf 89' lang='lat' dir='ltr'>et</span> <span class='ocrx_word' id='word_1_536' title='bbox 1671 1113 1827 1148; x_wconf 86' lang='lat' dir='ltr'>quantum</span> <span class='ocrx_word' id='word_1_537' title='bbox 1858 1107 1890 1138; x_wconf 88' lang='lat' dir='ltr'>in</span> <span class='ocrx_word' id='word_1_538' title='bbox 1920 1107 1999 1147; x_wconf 77' lang='lat' dir='ltr'>ipsis</span> <span class='ocrx_word' id='word_1_539' title='bbox 2028 1114 2090 1146; x_wconf 78' lang='lat' dir='ltr'>est,</span> 
     </span>
     <span class='ocr_line' id='line_1_85' title="bbox 1108 1148 2089 1190; baseline -0.002 -8"><span class='ocrx_word' id='word_1_540' title='bbox 1108 1152 1222 1182; x_wconf 86' lang='lat' dir='ltr'>iuvare</span> <span class='ocrx_word' id='word_1_541' title='bbox 1246 1151 1529 1181; x_wconf 71' lang='lat' dir='ltr'>conservationem</span> <span class='ocrx_word' id='word_1_542' title='bbox 1554 1151 1732 1181; x_wconf 76' lang='lat' dir='ltr'>ministerii.</span> <span class='ocrx_word' id='word_1_543' title='bbox 1769 1149 1855 1185; x_wconf 89' lang='lat' dir='ltr'>Quid</span> <span class='ocrx_word' id='word_1_544' title='bbox 1879 1151 1995 1181; x_wconf 88' lang='lat' dir='ltr'>attinet</span> <span class='ocrx_word' id='word_1_545' title='bbox 2018 1148 2089 1190; x_wconf 84' lang='lat' dir='ltr'>plu-</span> 
     </span>
    </p>
   </div>
   <div class='ocr_carea' id='block_1_19' title="bbox 1107 1191 2090 1234">
    <p class='ocr_par' dir='ltr' id='par_1_26' title="bbox 1107 1191 2090 1234">
     <span class='ocr_line' id='line_1_86' title="bbox 1107 1191 2090 1234; baseline -0.002 -9"><span class='ocrx_word' id='word_1_546' title='bbox 1107 1203 1162 1225; x_wconf 88' lang='lat' dir='ltr'>res</span> <span class='ocrx_word' id='word_1_547' title='bbox 1197 1194 1430 1224; x_wconf 84' lang='lat' dir='ltr'>distractiones</span> <span class='ocrx_word' id='word_1_548' title='bbox 1467 1192 1597 1231; x_wconf 85' lang='lat' dir='ltr'>sacere,</span> <span class='ocrx_word' id='word_1_549' title='bbox 1632 1203 1704 1223; x_wconf 88' lang='lat' dir='ltr'>cum</span> <span class='ocrx_word' id='word_1_550' title='bbox 1740 1191 1862 1234; x_wconf 83' lang='lat' dir='ltr'>alioqui</span> <span class='ocrx_word' id='word_1_551' title='bbox 1897 1191 1971 1234; x_wconf 88' lang='lat' dir='ltr'>plus</span> <span class='ocrx_word' id='word_1_552' title='bbox 2007 1193 2090 1223; x_wconf 85' lang='lat' dir='ltr'>satis</span> 
     </span>
    </p>
   </div>
   <div class='ocr_carea' id='block_1_20' title="bbox 1109 1234 2091 1789">
    <p class='ocr_par' dir='ltr' id='par_1_27' title="bbox 1109 1234 2091 1575">
     <span class='ocr_line' id='line_1_87' title="bbox 1109 1234 2091 1276; baseline 0 -9"><span class='ocrx_word' id='word_1_553' title='bbox 1109 1237 1359 1276; x_wconf 84' lang='lat' dir='ltr'>dissipationum</span> <span class='ocrx_word' id='word_1_554' title='bbox 1383 1236 1444 1267; x_wconf 76' lang='lat' dir='ltr'>sit‘.2</span> <span class='ocrx_word' id='word_1_555' title='bbox 1488 1235 1564 1267; x_wconf 92' lang='lat' dir='ltr'>Non</span> <span class='ocrx_word' id='word_1_556' title='bbox 1587 1234 1664 1267; x_wconf 85' lang='lat' dir='ltr'>volo</span> <span class='ocrx_word' id='word_1_557' title='bbox 1693 1235 1803 1266; x_wconf 84' lang='lat' dir='ltr'>dicere</span> <span class='ocrx_word' id='word_1_558' title='bbox 1835 1236 1877 1266; x_wconf 90' lang='lat' dir='ltr'>de</span> <span class='ocrx_word' id='word_1_559' title='bbox 1905 1236 2091 1267; x_wconf 78' lang='lat' dir='ltr'>distractio-</span> 
     </span>
     <span class='ocr_line' id='line_1_88' title="bbox 1109 1277 2091 1320; baseline -0.002 -10"><span class='ocrx_word' id='word_1_560' title='bbox 1109 1280 1206 1310; x_wconf 86' lang='lat' dir='ltr'>nibus</span> <span class='ocrx_word' id='word_1_561' title='bbox 1230 1279 1459 1320; x_wconf 87' lang='lat' dir='ltr'>lmperiorum,</span> <span class='ocrx_word' id='word_1_562' title='bbox 1489 1282 1545 1309; x_wconf 89' lang='lat' dir='ltr'>aut</span> <span class='ocrx_word' id='word_1_563' title='bbox 1571 1278 1784 1309; x_wconf 84' lang='lat' dir='ltr'>amicitiarum</span> <span class='ocrx_word' id='word_1_564' title='bbox 1816 1278 1899 1308; x_wconf 90' lang='lat' dir='ltr'>inter</span> <span class='ocrx_word' id='word_1_565' title='bbox 1928 1277 2091 1316; x_wconf 82' lang='lat' dir='ltr'>homines,</span> 
     </span>
     <span class='ocr_line' id='line_1_89' title="bbox 1110 1320 2091 1363; baseline -0.001 -10"><span class='ocrx_word' id='word_1_566' title='bbox 1110 1323 1142 1353; x_wconf 91' lang='lat' dir='ltr'>in</span> <span class='ocrx_word' id='word_1_567' title='bbox 1171 1322 1237 1353; x_wconf 86' lang='lat' dir='ltr'>vita</span> <span class='ocrx_word' id='word_1_568' title='bbox 1267 1322 1395 1363; x_wconf 84' lang='lat' dir='ltr'>privata</span> <span class='ocrx_word' id='word_1_569' title='bbox 1428 1327 1460 1352; x_wconf 86' lang='lat' dir='ltr'>ct</span> <span class='ocrx_word' id='word_1_570' title='bbox 1489 1321 1639 1361; x_wconf 85' lang='lat' dir='ltr'>publica,</span> <span class='ocrx_word' id='word_1_571' title='bbox 1674 1320 1867 1362; x_wconf 84' lang='lat' dir='ltr'>Cogitemus</span> <span class='ocrx_word' id='word_1_572' title='bbox 1902 1320 2021 1352; x_wconf 86' lang='lat' dir='ltr'>saltem</span> <span class='ocrx_word' id='word_1_573' title='bbox 2051 1321 2091 1352; x_wconf 91' lang='lat' dir='ltr'>de</span> 
     </span>
     <span class='ocr_line' id='line_1_90' title="bbox 1112 1362 2091 1405; baseline -0.001 -10"><span class='ocrx_word' id='word_1_574' title='bbox 1112 1365 1380 1395; x_wconf 78' lang='lat' dir='ltr'>distractionibus</span> <span class='ocrx_word' id='word_1_575' title='bbox 1411 1364 1599 1405; x_wconf 88' lang='lat' dir='ltr'>opinionum</span> <span class='ocrx_word' id='word_1_576' title='bbox 1633 1364 1665 1394; x_wconf 89' lang='lat' dir='ltr'>in</span> <span class='ocrx_word' id='word_1_577' title='bbox 1694 1362 1867 1401; x_wconf 84' lang='lat' dir='ltr'>Ecclesia,</span> <span class='ocrx_word' id='word_1_578' title='bbox 1899 1373 1939 1395; x_wconf 81' lang='lat' dir='ltr'>ex</span> <span class='ocrx_word' id='word_1_579' title='bbox 1972 1364 2091 1405; x_wconf 87' lang='lat' dir='ltr'>quibus</span> 
     </span>
     <span class='ocr_line' id='line_1_91' title="bbox 1111 1407 2091 1444; baseline -0.001 -6"><span class='ocrx_word' id='word_1_580' title='bbox 1111 1408 1262 1438; x_wconf 83' lang='lat' dir='ltr'>oriuntur-</span> <span class='ocrx_word' id='word_1_581' title='bbox 1283 1407 1436 1438; x_wconf 85' lang='lat' dir='ltr'>incendia</span> <span class='ocrx_word' id='word_1_582' title='bbox 1459 1407 1620 1444; x_wconf 92' lang='lat' dir='ltr'>odiorum,</span> <span class='ocrx_word' id='word_1_583' title='bbox 1644 1416 1684 1437; x_wconf 79' lang='lat' dir='ltr'>ex</span> <span class='ocrx_word' id='word_1_584' title='bbox 1703 1407 1785 1437; x_wconf 82' lang='lat' dir='ltr'>odiis</span> <span class='ocrx_word' id='word_1_585' title='bbox 1804 1407 1917 1438; x_wconf 85' lang='lat' dir='ltr'>ruinae</span> <span class='ocrx_word' id='word_1_586' title='bbox 1936 1412 1967 1438; x_wconf 92' lang='lat' dir='ltr'>et</span> <span class='ocrx_word' id='word_1_587' title='bbox 1983 1412 2091 1438; x_wconf 87' lang='lat' dir='ltr'>vasta-</span> 
     </span>
     <span class='ocr_line' id='line_1_92' title="bbox 1111 1448 2091 1490; baseline 0 -9"><span class='ocrx_word' id='word_1_588' title='bbox 1111 1451 1220 1481; x_wconf 69' lang='lat' dir='ltr'>tiones</span> <span class='ocrx_word' id='word_1_589' title='bbox 1249 1448 1486 1481; x_wconf 85' lang='lat' dir='ltr'>Ecclesiarum.</span> <span class='ocrx_word' id='word_1_590' title='bbox 1531 1449 1607 1480; x_wconf 92' lang='lat' dir='ltr'>ldeo</span> <span class='ocrx_word' id='word_1_591' title='bbox 1637 1450 1739 1481; x_wconf 85' lang='lat' dir='ltr'>(lebes</span> <span class='ocrx_word' id='word_1_592' title='bbox 1774 1455 1806 1479; x_wconf 89' lang='lat' dir='ltr'>te</span> <span class='ocrx_word' id='word_1_593' title='bbox 1840 1449 2021 1490; x_wconf 80' lang='lat' dir='ltr'>adiungere</span> <span class='ocrx_word' id='word_1_594' title='bbox 2049 1449 2091 1481; x_wconf 91' lang='lat' dir='ltr'>ad</span> 
     </span>
     <span class='ocr_line' id='line_1_93' title="bbox 1113 1490 2091 1532; baseline 0.001 -10"><span class='ocrx_word' id='word_1_595' title='bbox 1113 1502 1316 1524; x_wconf 88' lang='lat' dir='ltr'>comnmuem</span> <span class='ocrx_word' id='word_1_596' title='bbox 1342 1493 1632 1529; x_wconf 82' lang='lat' dir='ltr'>consociationem,</span> <span class='ocrx_word' id='word_1_597' title='bbox 1656 1498 1688 1523; x_wconf 84' lang='lat' dir='ltr'>et</span> <span class='ocrx_word' id='word_1_598' title='bbox 1707 1490 1827 1532; x_wconf 81' lang='lat' dir='ltr'>singuli</span> <span class='ocrx_word' id='word_1_599' title='bbox 1847 1490 1987 1523; x_wconf 86' lang='lat' dir='ltr'>aliorum</span> <span class='ocrx_word' id='word_1_600' title='bbox 2007 1502 2091 1523; x_wconf 89' lang='lat' dir='ltr'>mor-</span> 
     </span>
     <span class='ocr_line' id='line_1_94' title="bbox 1112 1533 2089 1575; baseline 0.001 -10"><span class='ocrx_word' id='word_1_601' title='bbox 1112 1535 1175 1565; x_wconf 79' lang='lat' dir='ltr'>bos</span> <span class='ocrx_word' id='word_1_602' title='bbox 1199 1533 1286 1565; x_wconf 84' lang='lat' dir='ltr'>serre</span> <span class='ocrx_word' id='word_1_603' title='bbox 1310 1535 1484 1572; x_wconf 80' lang='lat' dir='ltr'>debenms,</span> <span class='ocrx_word' id='word_1_604' title='bbox 1511 1545 1552 1565; x_wconf 91' lang='lat' dir='ltr'>ne</span> <span class='ocrx_word' id='word_1_605' title='bbox 1577 1534 1654 1565; x_wconf 75' lang='lat' dir='ltr'>siant</span> <span class='ocrx_word' id='word_1_606' title='bbox 1679 1535 1820 1565; x_wconf 78' lang='lat' dir='ltr'>maiores</span> <span class='ocrx_word' id='word_1_607' title='bbox 1845 1535 2089 1575; x_wconf 74' lang='lat' dir='ltr'>dissipationes.</span> 
     </span>
    </p>

    <p class='ocr_par' dir='ltr' id='par_1_28' title="bbox 1111 1577 2090 1789">
     <span class='ocr_line' id='line_1_95' title="bbox 1199 1577 2089 1620; baseline 0.001 -13"><span class='ocrx_word' id='word_1_608' title='bbox 1199 1577 1252 1608; x_wconf 91' lang='lat' dir='ltr'>De</span> <span class='ocrx_word' id='word_1_609' title='bbox 1275 1577 1377 1608; x_wconf 82' lang='lat' dir='ltr'>Maria</span> <span class='ocrx_word' id='word_1_610' title='bbox 1402 1583 1433 1608; x_wconf 87' lang='lat' dir='ltr'>et</span> <span class='ocrx_word' id='word_1_611' title='bbox 1458 1577 1577 1618; x_wconf 87' lang='lat' dir='ltr'>loseph</span> <span class='ocrx_word' id='word_1_612' title='bbox 1607 1578 1758 1608; x_wconf 87' lang='lat' dir='ltr'>obiicitur</span> <span class='ocrx_word' id='word_1_613' title='bbox 1783 1577 1881 1608; x_wconf 83' lang='lat' dir='ltr'>etiam</span> <span class='ocrx_word' id='word_1_614' title='bbox 1903 1577 1968 1608; x_wconf 92' lang='lat' dir='ltr'>hoc</span> <span class='ocrx_word' id='word_1_615' title='bbox 1991 1587 2089 1620; x_wconf 83' lang='lat' dir='ltr'>argu·</span> 
     </span>
     <span class='ocr_line' id='line_1_96' title="bbox 1113 1620 2090 1660; baseline 0 -9"><span class='ocrx_word' id='word_1_616' title='bbox 1113 1625 1268 1658; x_wconf 87' lang='lat' dir='ltr'>mentum,</span> <span class='ocrx_word' id='word_1_617' title='bbox 1289 1621 1380 1651; x_wconf 80' lang='lat' dir='ltr'>cuius</span> <span class='ocrx_word' id='word_1_618' title='bbox 1394 1621 1513 1651; x_wconf 83' lang='lat' dir='ltr'>solutio</span> <span class='ocrx_word' id='word_1_619' title='bbox 1527 1620 1668 1660; x_wconf 88' lang='lat' dir='ltr'>pertinet</span> <span class='ocrx_word' id='word_1_620' title='bbox 1686 1621 1728 1651; x_wconf 87' lang='lat' dir='ltr'>ad</span> <span class='ocrx_word' id='word_1_621' title='bbox 1748 1620 1885 1651; x_wconf 85' lang='lat' dir='ltr'>eandem</span> <span class='ocrx_word' id='word_1_622' title='bbox 1904 1629 2090 1652; x_wconf 87' lang='lat' dir='ltr'>commone-</span> 
     </span>
     <span class='ocr_line' id='line_1_97' title="bbox 1112 1661 2088 1704; baseline 0 -11"><span class='ocrx_word' id='word_1_623' title='bbox 1112 1661 1303 1700; x_wconf 85' lang='lat' dir='ltr'>factionem,</span> <span class='ocrx_word' id='word_1_624' title='bbox 1327 1662 1414 1704; x_wconf 89' lang='lat' dir='ltr'>quod</span> <span class='ocrx_word' id='word_1_625' title='bbox 1439 1664 1618 1694; x_wconf 77' lang='lat' dir='ltr'>convenire</span> <span class='ocrx_word' id='word_1_626' title='bbox 1636 1663 1816 1694; x_wconf 85' lang='lat' dir='ltr'>debeamus</span> <span class='ocrx_word' id='word_1_627' title='bbox 1836 1663 1877 1693; x_wconf 85' lang='lat' dir='ltr'>ad</span> <span class='ocrx_word' id='word_1_628' title='bbox 1898 1672 2088 1694; x_wconf 90' lang='lat' dir='ltr'>communes</span> 
     </span>
     <span class='ocr_line' id='line_1_98' title="bbox 1113 1704 2089 1778; baseline -0.001 -41"><span class='ocrx_word' id='word_1_629' title='bbox 1113 1715 1318 1778; x_wconf 72' lang='lat' dir='ltr'>cpngressus</span> <span class='ocrx_word' id='word_1_630' title='bbox 1352 1704 1525 1736; x_wconf 81' lang='lat' dir='ltr'>Ecclesiae</span> <span class='ocrx_word' id='word_1_631' title='bbox 1558 1706 1653 1736; x_wconf 88' lang='grc'>0113111</span> <span class='ocrx_word' id='word_1_632' title='bbox 1688 1712 1822 1747; x_wconf 85' lang='lat' dir='ltr'>propter</span> <span class='ocrx_word' id='word_1_633' title='bbox 1859 1704 1942 1736; x_wconf 81' lang='lat' dir='ltr'>altos</span> <span class='ocrx_word' id='word_1_634' title='bbox 1981 1716 2089 1737; x_wconf 79' lang='lat' dir='ltr'>exem·</span> 
     </span>
     <span class='ocr_line' id='line_1_99' title="bbox 1111 1758 1300 1789; baseline 0 -10"><span class='ocrx_word' id='word_1_635' title='bbox 1111 1758 1132 1789; x_wconf 92' lang='lat' dir='ltr'>p</span> <span class='ocrx_word' id='word_1_636' title='bbox 1149 1759 1157 1779; x_wconf 93' lang='grc' dir='ltr'>ι</span> <span class='ocrx_word' id='word_1_637' title='bbox 1182 1758 1300 1780; x_wconf 88' lang='lat' dir='ltr'>causa:</span> 
     </span>
    </p>
   </div>
   <div class='ocr_carea' id='block_1_21' title="bbox 1239 1807 2089 2094">
    <p class='ocr_par' dir='ltr' id='par_1_29' title="bbox 1240 1807 1900 1847">
     <span class='ocr_line' id='line_1_100' title="bbox 1240 1807 1900 1847; baseline 0 -10"><span class='ocrx_word' id='word_1_638' title='bbox 1240 1808 1352 1837; x_wconf 76' lang='lat' dir='ltr'>Sum-ti</span> <span class='ocrx_word' id='word_1_639' title='bbox 1373 1818 1433 1836; x_wconf 77' lang='lat' dir='ltr'>non</span> <span class='ocrx_word' id='word_1_640' title='bbox 1457 1818 1534 1846; x_wconf 82' lang='lat' dir='ltr'>opus</span> <span class='ocrx_word' id='word_1_641' title='bbox 1555 1807 1666 1837; x_wconf 75' lang='lat' dir='ltr'>liabent</span> <span class='ocrx_word' id='word_1_642' title='bbox 1683 1808 1900 1847; x_wconf 67' lang='lat' dir='ltr'>paedaqoyiu.</span> 
     </span>
    </p>

    <p class='ocr_par' dir='ltr' id='par_1_30' title="bbox 1239 1850 2089 2008">
     <span class='ocr_line' id='line_1_101' title="bbox 1239 1850 2089 1889; baseline 0.002 -10"><span class='ocrx_word' id='word_1_643' title='bbox 1239 1850 1346 1879; x_wconf 77' lang='lat' dir='ltr'>Maria</span> <span class='ocrx_word' id='word_1_644' title='bbox 1376 1854 1405 1879; x_wconf 82' lang='lat' dir='ltr'>el</span> <span class='ocrx_word' id='word_1_645' title='bbox 1434 1850 1547 1889; x_wconf 77' lang='lat' dir='ltr'>Ioseph</span> <span class='ocrx_word' id='word_1_646' title='bbox 1575 1855 1663 1880; x_wconf 77' lang='lat' dir='ltr'>erant</span> <span class='ocrx_word' id='word_1_647' title='bbox 1693 1853 1808 1880; x_wconf 78' lang='lat' dir='ltr'>sancti:</span> <span class='ocrx_word' id='word_1_648' title='bbox 1846 1850 1889 1879; x_wconf 76' lang='lat' dir='ltr'>Et</span> <span class='ocrx_word' id='word_1_649' title='bbox 1912 1851 1995 1889; x_wconf 67' lang='lat' dir='ltr'>filius</span> <span class='ocrx_word' id='word_1_650' title='bbox 2020 1856 2089 1881; x_wconf 76' lang='lat' dir='ltr'>erat</span> 
     </span>
     <span class='ocr_line' id='line_1_102' title="bbox 1281 1893 2088 1933; baseline 0.004 -12"><span class='ocrx_word' id='word_1_651' title='bbox 1281 1894 1505 1932; x_wconf 72' lang='lat' dir='ltr'>perfectissime</span> <span class='ocrx_word' id='word_1_652' title='bbox 1526 1895 1634 1928; x_wconf 76' lang='lat' dir='ltr'>iustus,</span> <span class='ocrx_word' id='word_1_653' title='bbox 1658 1895 1732 1933; x_wconf 73' lang='lat' dir='ltr'>quin</span> <span class='ocrx_word' id='word_1_654' title='bbox 1755 1893 1875 1923; x_wconf 77' lang='lat' dir='ltr'>habitat</span> <span class='ocrx_word' id='word_1_655' title='bbox 1899 1895 1931 1923; x_wconf 85' lang='lat' dir='ltr'>in</span> <span class='ocrx_word' id='word_1_656' title='bbox 1955 1904 1990 1924; x_wconf 88' lang='lat' dir='ltr'>eo</span> <span class='ocrx_word' id='word_1_657' title='bbox 2011 1894 2088 1924; x_wconf 81' lang='lat' dir='ltr'>divi-</span> 
     </span>
     <span class='ocr_line' id='line_1_103' title="bbox 1283 1936 2089 1975; baseline 0.004 -11"><span class='ocrx_word' id='word_1_658' title='bbox 1283 1937 1368 1965; x_wconf 75' lang='lat' dir='ltr'>uitas</span> <span class='ocrx_word' id='word_1_659' title='bbox 1401 1936 1625 1975; x_wconf 69' lang='lat' dir='ltr'>corporaliter.</span> <span class='ocrx_word' id='word_1_660' title='bbox 1660 1941 1689 1966; x_wconf 74' lang='lat' dir='ltr'>et</span> <span class='ocrx_word' id='word_1_661' title='bbox 1722 1936 1852 1965; x_wconf 80' lang='lat' dir='ltr'>lzwmma</span> <span class='ocrx_word' id='word_1_662' title='bbox 1881 1941 1993 1966; x_wconf 79' lang='lat' dir='ltr'>natura</span> <span class='ocrx_word' id='word_1_663' title='bbox 2024 1939 2089 1967; x_wconf 79' lang='lat' dir='ltr'>eins</span> 
     </span>
     <span class='ocr_line' id='line_1_104' title="bbox 1283 1979 1515 2008; baseline 0 -1"><span class='ocrx_word' id='word_1_664' title='bbox 1283 1982 1328 2007; x_wconf 79' lang='lat' dir='ltr'>est</span> <span class='ocrx_word' id='word_1_665' title='bbox 1350 1980 1416 2008; x_wconf 79' lang='lat' dir='ltr'>sine</span> <span class='ocrx_word' id='word_1_666' title='bbox 1438 1979 1515 2008; x_wconf 79' lang='lat' dir='ltr'>lube.</span> 
     </span>
    </p>

    <p class='ocr_par' dir='ltr' id='par_1_31' title="bbox 1240 2021 2088 2094">
     <span class='ocr_line' id='line_1_105' title="bbox 1240 2021 2088 2061; baseline 0.002 -11"><span class='ocrx_word' id='word_1_667' title='bbox 1240 2021 1326 2060; x_wconf 69' lang='lat' dir='ltr'>Eryo</span> <span class='ocrx_word' id='word_1_668' title='bbox 1349 2032 1409 2050; x_wconf 79' lang='lat' dir='ltr'>uon</span> <span class='ocrx_word' id='word_1_669' title='bbox 1428 2022 1492 2059; x_wconf 76' lang='lat' dir='ltr'>snit</span> <span class='ocrx_word' id='word_1_670' title='bbox 1515 2023 1560 2051; x_wconf 78' lang='lat' dir='ltr'>eis</span> <span class='ocrx_word' id='word_1_671' title='bbox 1582 2032 1660 2061; x_wconf 81' lang='lat' dir='ltr'>opus</span> <span class='ocrx_word' id='word_1_672' title='bbox 1682 2024 1783 2051; x_wconf 78' lang='lat' dir='ltr'>venire</span> <span class='ocrx_word' id='word_1_673' title='bbox 1806 2023 1849 2051; x_wconf 78' lang='lat' dir='ltr'>ad</span> <span class='ocrx_word' id='word_1_674' title='bbox 1873 2023 1956 2060; x_wconf 80' lang='lat' dir='ltr'>festa</span> <span class='ocrx_word' id='word_1_675' title='bbox 1986 2027 2015 2052; x_wconf 74' lang='lat' dir='ltr'>et</span> <span class='ocrx_word' id='word_1_676' title='bbox 2045 2023 2088 2052; x_wconf 84' lang='lat' dir='ltr'>ad</span> 
     </span>
     <span class='ocr_line' id='line_1_106' title="bbox 1282 2064 1774 2094; baseline 0.002 -1"><span class='ocrx_word' id='word_1_677' title='bbox 1282 2064 1397 2094; x_wconf 81' lang='lat' dir='ltr'>similes</span> <span class='ocrx_word' id='word_1_678' title='bbox 1420 2067 1606 2094; x_wconf 79' lang='lat' dir='ltr'>ceremonias</span> <span class='ocrx_word' id='word_1_679' title='bbox 1629 2065 1718 2094; x_wconf 78' lang='lat' dir='ltr'>alias.</span> <span class='ocrx_word' id='word_1_680' title='bbox 1757 2074 1774 2090; x_wconf 70' lang='grc' dir='ltr'><strong>ο</strong></span> 
     </span>
    </p>
   </div>
   <div class='ocr_carea' id='block_1_22' title="bbox 1108 2131 2086 2645">
    <p class='ocr_par' dir='ltr' id='par_1_32' title="bbox 1108 2131 2086 2559">
     <span class='ocr_line' id='line_1_107' title="bbox 1196 2131 2086 2173; baseline 0.001 -10"><span class='ocrx_word' id='word_1_681' title='bbox 1196 2132 1396 2173; x_wconf 82' lang='lat' dir='ltr'>Respondeo</span> <span class='ocrx_word' id='word_1_682' title='bbox 1425 2133 1467 2164; x_wconf 88' lang='lat' dir='ltr'>ad</span> <span class='ocrx_word' id='word_1_683' title='bbox 1490 2132 1659 2164; x_wconf 83' lang='lat' dir='ltr'>Maiorem.</span> <span class='ocrx_word' id='word_1_684' title='bbox 1705 2133 1816 2165; x_wconf 84' lang='lat' dir='ltr'>Sancti</span> <span class='ocrx_word' id='word_1_685' title='bbox 1846 2138 1924 2165; x_wconf 88' lang='grc'>50111</span> <span class='ocrx_word' id='word_1_686' title='bbox 1945 2131 2039 2164; x_wconf 88' lang='grc'>1111011</span> <span class='ocrx_word' id='word_1_687' title='bbox 2065 2143 2086 2164; x_wconf 87' lang='lat' dir='ltr'>a</span> 
     </span>
     <span class='ocr_line' id='line_1_108' title="bbox 1110 2174 2085 2218; baseline -0.002 -10"><span class='ocrx_word' id='word_1_688' title='bbox 1110 2176 1318 2213; x_wconf 86' lang='lat' dir='ltr'>ceremoniis,</span> <span class='ocrx_word' id='word_1_689' title='bbox 1342 2185 1401 2207; x_wconf 88' lang='lat' dir='ltr'>seu</span> <span class='ocrx_word' id='word_1_690' title='bbox 1423 2176 1651 2218; x_wconf 80' lang='lat' dir='ltr'>paedagogiae</span> <span class='ocrx_word' id='word_1_691' title='bbox 1674 2174 1718 2207; x_wconf 88' lang='lat' dir='ltr'>illi</span> <span class='ocrx_word' id='word_1_692' title='bbox 1742 2186 1807 2206; x_wconf 92' lang='lat' dir='ltr'>non</span> <span class='ocrx_word' id='word_1_693' title='bbox 1830 2182 1906 2207; x_wconf 90' lang='lat' dir='ltr'>sunt</span> <span class='ocrx_word' id='word_1_694' title='bbox 1928 2185 2085 2207; x_wconf 89' lang='lat' dir='ltr'>necessa-</span> 
     </span>
     <span class='ocr_line' id='line_1_109' title="bbox 1109 2218 2085 2260; baseline 0 -11"><span class='ocrx_word' id='word_1_695' title='bbox 1109 2219 1158 2250; x_wconf 90' lang='lat' dir='ltr'>rio</span> <span class='ocrx_word' id='word_1_696' title='bbox 1186 2219 1344 2257; x_wconf 87' lang='lat' dir='ltr'>subiecti,</span> <span class='ocrx_word' id='word_1_697' title='bbox 1373 2218 1518 2256; x_wconf 73' lang='lat' dir='ltr'>scilicet,</span> <span class='ocrx_word' id='word_1_698' title='bbox 1548 2220 1636 2260; x_wconf 91' lang='lat' dir='ltr'>quod</span> <span class='ocrx_word' id='word_1_699' title='bbox 1664 2220 1706 2250; x_wconf 87' lang='lat' dir='ltr'>ad</span> <span class='ocrx_word' id='word_1_700' title='bbox 1736 2219 1829 2259; x_wconf 88' lang='lat' dir='ltr'>ipsos</span> <span class='ocrx_word' id='word_1_701' title='bbox 1857 2219 1990 2257; x_wconf 85' lang='lat' dir='ltr'>attinet,</span> <span class='ocrx_word' id='word_1_702' title='bbox 2018 2228 2085 2250; x_wconf 92' lang='lat' dir='ltr'>non</span> 
     </span>
     <span class='ocr_line' id='line_1_110' title="bbox 1109 2260 2084 2304; baseline 0.001 -12"><span class='ocrx_word' id='word_1_703' title='bbox 1109 2261 1199 2304; x_wconf 90' lang='lat' dir='ltr'>quod</span> <span class='ocrx_word' id='word_1_704' title='bbox 1222 2262 1264 2293; x_wconf 88' lang='lat' dir='ltr'>ad</span> <span class='ocrx_word' id='word_1_705' title='bbox 1287 2260 1484 2302; x_wconf 82' lang='lat' dir='ltr'>exemplum,</span> <span class='ocrx_word' id='word_1_706' title='bbox 1507 2272 1571 2303; x_wconf 90' lang='lat' dir='ltr'>quo</span> <span class='ocrx_word' id='word_1_707' title='bbox 1595 2261 1757 2293; x_wconf 83' lang='lat' dir='ltr'>excitandi</span> <span class='ocrx_word' id='word_1_708' title='bbox 1779 2267 1857 2293; x_wconf 87' lang='lat' dir='ltr'>sunt</span> <span class='ocrx_word' id='word_1_709' title='bbox 1879 2260 1946 2292; x_wconf 85' lang='lat' dir='ltr'>alii.</span> <span class='ocrx_word' id='word_1_710' title='bbox 1980 2261 2016 2292; x_wconf 93' lang='lat' dir='ltr'>Si</span> <span class='ocrx_word' id='word_1_711' title='bbox 2038 2261 2084 2293; x_wconf 86' lang='lat' dir='ltr'>di-</span> 
     </span>
     <span class='ocr_line' id='line_1_111' title="bbox 1110 2303 2084 2345; baseline -0.003 -9"><span class='ocrx_word' id='word_1_712' title='bbox 1110 2309 1165 2336; x_wconf 88' lang='lat' dir='ltr'>cat</span> <span class='ocrx_word' id='word_1_713' title='bbox 1187 2305 1269 2335; x_wconf 81' lang='lat' dir='ltr'>civis</span> <span class='ocrx_word' id='word_1_714' title='bbox 1293 2303 1430 2345; x_wconf 80' lang='lat' dir='ltr'>aliquis,</span> <span class='ocrx_word' id='word_1_715' title='bbox 1464 2304 1590 2336; x_wconf 86' lang='lat' dir='ltr'>habens</span> <span class='ocrx_word' id='word_1_716' title='bbox 1619 2303 1741 2336; x_wconf 85' lang='lat' dir='ltr'>fontem</span> <span class='ocrx_word' id='word_1_717' title='bbox 1770 2305 1801 2335; x_wconf 90' lang='lat' dir='ltr'>in</span> <span class='ocrx_word' id='word_1_718' title='bbox 1831 2304 1900 2335; x_wconf 84' lang='lat' dir='ltr'>suis</span> <span class='ocrx_word' id='word_1_719' title='bbox 1927 2304 2084 2336; x_wconf 83' lang='lat' dir='ltr'>aedibus:</span> 
     </span>
     <span class='ocr_line' id='line_1_112' title="bbox 1110 2345 2084 2389; baseline 0.001 -12"><span class='ocrx_word' id='word_1_720' title='bbox 1110 2347 1186 2378; x_wconf 92' lang='lat' dir='ltr'>Non</span> <span class='ocrx_word' id='word_1_721' title='bbox 1209 2353 1259 2378; x_wconf 89' lang='lat' dir='ltr'>est</span> <span class='ocrx_word' id='word_1_722' title='bbox 1281 2346 1358 2378; x_wconf 85' lang='lat' dir='ltr'>mihi</span> <span class='ocrx_word' id='word_1_723' title='bbox 1381 2357 1465 2388; x_wconf 79' lang='lat' dir='ltr'>opus</span> <span class='ocrx_word' id='word_1_724' title='bbox 1488 2358 1596 2389; x_wconf 82' lang='lat' dir='ltr'>aquae</span> <span class='ocrx_word' id='word_1_725' title='bbox 1619 2349 1728 2378; x_wconf 88' lang='lat' dir='ltr'>ductu.</span> <span class='ocrx_word' id='word_1_726' title='bbox 1773 2345 1863 2388; x_wconf 83' lang='lat' dir='ltr'>Ergo</span> <span class='ocrx_word' id='word_1_727' title='bbox 1885 2345 2011 2378; x_wconf 91' lang='lat' dir='ltr'>nullum</span> <span class='ocrx_word' id='word_1_728' title='bbox 2036 2346 2084 2379; x_wconf 82' lang='lat' dir='ltr'>sa-</span> 
     </span>
     <span class='ocr_line' id='line_1_113' title="bbox 1110 2390 2083 2432; baseline -0.002 -10"><span class='ocrx_word' id='word_1_729' title='bbox 1110 2391 1194 2422; x_wconf 88' lang='lat' dir='ltr'>ciam</span> <span class='ocrx_word' id='word_1_730' title='bbox 1217 2397 1399 2431; x_wconf 85' lang='lat' dir='ltr'>sumptum,</span> <span class='ocrx_word' id='word_1_731' title='bbox 1429 2391 1462 2421; x_wconf 88' lang='lat' dir='ltr'>in</span> <span class='ocrx_word' id='word_1_732' title='bbox 1492 2401 1598 2432; x_wconf 85' lang='lat' dir='ltr'>aquae</span> <span class='ocrx_word' id='word_1_733' title='bbox 1622 2390 1790 2427; x_wconf 87' lang='lat' dir='ltr'>ductibus,</span> <span class='ocrx_word' id='word_1_734' title='bbox 1823 2399 1906 2431; x_wconf 90' lang='lat' dir='ltr'>quos</span> <span class='ocrx_word' id='word_1_735' title='bbox 1932 2395 2083 2431; x_wconf 86' lang='lat' dir='ltr'>potestas</span> 
     </span>
     <span class='ocr_line' id='line_1_114' title="bbox 1109 2431 2084 2474; baseline 0.001 -11"><span class='ocrx_word' id='word_1_736' title='bbox 1109 2431 1241 2473; x_wconf 86' lang='lat' dir='ltr'>politica</span> <span class='ocrx_word' id='word_1_737' title='bbox 1264 2432 1333 2463; x_wconf 90' lang='lat' dir='ltr'>vult</span> <span class='ocrx_word' id='word_1_738' title='bbox 1356 2433 1387 2463; x_wconf 93' lang='lat' dir='ltr'>in</span> <span class='ocrx_word' id='word_1_739' title='bbox 1410 2434 1526 2464; x_wconf 90' lang='lat' dir='ltr'>urbem</span> <span class='ocrx_word' id='word_1_740' title='bbox 1552 2433 1736 2464; x_wconf 86' lang='lat' dir='ltr'>traducere.</span> <span class='ocrx_word' id='word_1_741' title='bbox 1781 2431 1853 2464; x_wconf 86' lang='lat' dir='ltr'>Hoc</span> <span class='ocrx_word' id='word_1_742' title='bbox 1880 2442 1947 2464; x_wconf 93' lang='lat' dir='ltr'>non</span> <span class='ocrx_word' id='word_1_743' title='bbox 1975 2433 2084 2474; x_wconf 86' lang='lat' dir='ltr'>sequi-</span> 
     </span>
     <span class='ocr_line' id='line_1_115' title="bbox 1108 2475 2082 2518; baseline -0.001 -11"><span class='ocrx_word' id='word_1_744' title='bbox 1108 2481 1179 2507; x_wconf 85' lang='lat' dir='ltr'>tur:</span> <span class='ocrx_word' id='word_1_745' title='bbox 1209 2476 1300 2516; x_wconf 86' lang='lat' dir='ltr'>quia,</span> <span class='ocrx_word' id='word_1_746' title='bbox 1329 2477 1392 2507; x_wconf 83' lang='lat' dir='ltr'>etsi</span> <span class='ocrx_word' id='word_1_747' title='bbox 1415 2482 1449 2507; x_wconf 91' lang='lat' dir='ltr'>tu</span> <span class='ocrx_word' id='word_1_748' title='bbox 1471 2486 1537 2507; x_wconf 88' lang='grc'>11011</span> <span class='ocrx_word' id='word_1_749' title='bbox 1561 2476 1706 2518; x_wconf 88' lang='lat' dir='ltr'>indiges,</span> <span class='ocrx_word' id='word_1_750' title='bbox 1731 2481 1840 2507; x_wconf 83' lang='lat' dir='ltr'>tamen</span> <span class='ocrx_word' id='word_1_751' title='bbox 1864 2475 1968 2507; x_wconf 85' lang='lat' dir='ltr'>debes</span> <span class='ocrx_word' id='word_1_752' title='bbox 1993 2475 2082 2507; x_wconf 87' lang='lat' dir='ltr'>adiu-</span> 
     </span>
     <span class='ocr_line' id='line_1_116' title="bbox 1109 2517 1577 2559; baseline -0.002 -10"><span class='ocrx_word' id='word_1_753' title='bbox 1109 2527 1189 2550; x_wconf 82' lang='lat' dir='ltr'>vare</span> <span class='ocrx_word' id='word_1_754' title='bbox 1210 2517 1379 2549; x_wconf 88' lang='lat' dir='ltr'>utilitatem</span> <span class='ocrx_word' id='word_1_755' title='bbox 1402 2517 1577 2559; x_wconf 85' lang='lat' dir='ltr'>publicam.</span> 
     </span>
    </p>

    <p class='ocr_par' dir='ltr' id='par_1_33' title="bbox 1108 2559 2083 2645">
     <span class='ocr_line' id='line_1_117' title="bbox 1199 2559 2083 2602; baseline 0.001 -11"><span class='ocrx_word' id='word_1_756' title='bbox 1199 2559 1264 2592; x_wconf 87' lang='lat' dir='ltr'>Lex</span> <span class='ocrx_word' id='word_1_757' title='bbox 1289 2562 1329 2592; x_wconf 84' lang='lat' dir='ltr'>de</span> <span class='ocrx_word' id='word_1_758' title='bbox 1353 2559 1448 2592; x_wconf 83' lang='lat' dir='ltr'>sestis</span> <span class='ocrx_word' id='word_1_759' title='bbox 1472 2567 1521 2592; x_wconf 82' lang='lat' dir='ltr'>est</span> <span class='ocrx_word' id='word_1_760' title='bbox 1545 2560 1712 2599; x_wconf 74' lang='lat' dir='ltr'>ordinata,</span> <span class='ocrx_word' id='word_1_761' title='bbox 1742 2566 1777 2592; x_wconf 89' lang='lat' dir='ltr'>ut</span> <span class='ocrx_word' id='word_1_762' title='bbox 1805 2561 1848 2592; x_wconf 88' lang='lat' dir='ltr'>sit</span> <span class='ocrx_word' id='word_1_763' title='bbox 1874 2560 2083 2602; x_wconf 78' lang='lat' dir='ltr'>paedagogia</span> 
     </span>
     <span class='ocr_line' id='line_1_118' title="bbox 1108 2601 2082 2645; baseline -0.001 -11"><span class='ocrx_word' id='word_1_764' title='bbox 1108 2603 1209 2635; x_wconf 85' lang='lat' dir='ltr'>totius</span> <span class='ocrx_word' id='word_1_765' title='bbox 1232 2602 1356 2645; x_wconf 89' lang='lat' dir='ltr'>populi.</span> <span class='ocrx_word' id='word_1_766' title='bbox 1400 2604 1538 2645; x_wconf 88' lang='lat' dir='ltr'>Semper</span> <span class='ocrx_word' id='word_1_767' title='bbox 1559 2609 1668 2635; x_wconf 85' lang='lat' dir='ltr'>autem</span> <span class='ocrx_word' id='word_1_768' title='bbox 1690 2603 1723 2634; x_wconf 89' lang='lat' dir='ltr'>in</span> <span class='ocrx_word' id='word_1_769' title='bbox 1746 2609 1843 2636; x_wconf 80' lang='lat' dir='ltr'>coetu</span> <span class='ocrx_word' id='word_1_770' title='bbox 1861 2601 1972 2645; x_wconf 85' lang='lat' dir='ltr'>populi</span> <span class='ocrx_word' id='word_1_771' title='bbox 1991 2601 2082 2635; x_wconf 88' lang='lat' dir='ltr'>multi</span> 
     </span>
    </p>
   </div>
   <div class='ocr_carea' id='block_1_23' title="bbox 1878 2663 1929 2687">
    <p class='ocr_par' dir='ltr' id='par_1_34' title="bbox 1878 2663 1929 2687">
     <span class='ocr_line' id='line_1_119' title="bbox 1878 2663 1929 2687; baseline 0 0"><span class='ocrx_word' id='word_1_772' title='bbox 1878 2663 1929 2687; x_wconf 82' lang='lat'>17·</span> 
     </span>
    </p>
   </div>
  </div>
 </body>
</html>
