2324 2958
167 155 230 188 58⁷

167 246 314 280 Castalio
337 248 446 279 vertit:
472 247 514 279 In
535 251 656 280 semine
678 252 732 280 mo
750 250 1007 289 fortunabuntur
1028 258 1138 280 omnes

169 292 296 323 Gentes.
342 289 422 322 Vult
455 289 602 322 Romane
635 290 741 333 loqui:
775 292 833 322 scd
870 302 967 333 quam
989 291 1136 322 Romane

165 332 336 375 loquatur,
372 334 497 364 nescio.
560 333 717 365 vetustas
751 344 816 365 non
851 340 902 365 est
935 334 979 364 ita
1013 332 1135 365 locuta.

166 374 300 407 Rectius
335 383 399 407 est:
435 377 473 407 In
506 377 626 408 semine
658 382 711 408 nm
739 378 979 408 benedicentur:
1008 377 1038 406 id
1074 382 1136 413 est,

166 417 354 460 diligentur,
373 419 582 459 recipientur,
612 426 641 450 et
664 420 823 460 accipient
856 420 952 455 bona,
980 418 1134 449 iustitiam

165 466 198 492 et
219 462 320 492 vitam
342 468 526 492 aeternam:
550 462 642 493 Sicut
667 461 788 493 Paulus
812 462 906 492 etiam
929 461 1048 501 inquit:
1072 462 1137 492 Per

166 502 329 535 Christum
351 506 502 536 habemns
531 508 680 544 qratiam,
714 509 746 536 et
766 506 881 536 donum
895 513 959 543 per
977 506 1137 542 qratiam.-

165 546 196 577 id
221 553 284 584 est,
317 547 576 587 acceptationem
611 547 794 588 gratuitam.
850 545 999 577 Relative
1021 544 1137 578 intelli-

166 596 274 630 gatur,
297 596 414 630 postea
436 590 597 621 accedunt
623 590 719 620 dona.

315 754 602 809 Explicatio
635 753 757 794 dieti
789 753 978 793 Esaiae.

250 844 285 877 ln
309 845 408 876 Esaia
432 846 561 876 dicitur:
600 845 708 876 Gratis
730 845 911 875 renumdati
931 846 1025 875 estis:
1062 853 1134 882 qra-

164 891 206 919 tls
228 889 444 920 redimemini:
466 889 551 927 Eryo
572 890 603 919 εἰ
622 897 732 919 sitinus
751 891 856 925 yram
878 887 1048 926 redempti,
1072 896 1135 917 non

162 933 228 970 suit
259 941 338 972 opus
370 931 484 973 λότρφ,
526 933 575 962 rel
605 933 863 969 compenaalione
895 929 1010 968 aliqua.
1069 927 1136 959 Cur

164 977 262 1014 (quur
287 975 433 1006 Glitiam-t
459 977 528 1014 ipse
556 976 699 1004 nomitzac
722 982 759 1004 se
793 971 917 1012 xiirqov‘?
942 975 1043 1012 ponet
1066 974 1134 1002 tmi-

164 1026 249 1048 mam
271 1027 362 1048 suam
385 1016 512 1058 λιῖτρονῖ
546 1015 759 1056 Respondeo.
790 1016 900 1046 Gratis
922 1015 1134 1053 redimemini,

164 1058 292 1091 scilicet
314 1066 467 1100 respectu
490 1059 594 1089 nostri
616 1057 722 1099 pretii.
777 1056 872 1088 Deus
901 1056 1003 1088 voluit
1025 1062 1134 1087 osten—

164 1103 242 1134 dere
265 1108 296 1133 et
314 1101 581 1139 misericordiam,
605 1107 636 1132 et
658 1099 820 1131 iustitiam.
864 1098 1035 1137 Iustitiam,
1059 1099 1134 1140 quia

164 1155 230 1176 non
252 1145 376 1176 remisit
409 1150 546 1185 peccata
581 1144 652 1174 sine
687 1142 970 1183 compensatione:
1004 1142 1037 1173 id
1071 1148 1134 1179 est,

163 1189 236 1219 eine
258 1186 314 1219 filii
335 1187 572 1218 intercessione
596 1192 626 1217 et
645 1186 840 1217 obedientia.
875 1185 910 1215 ln
933 1194 972 1215 eo
990 1184 1135 1216 ostendit

164 1231 330 1267 iustitiam,
353 1230 442 1271 quod
465 1239 543 1260 vere
560 1229 718 1260 irascatur
736 1233 887 1268 peccato,
911 1233 943 1258 et
965 1237 1030 1258 non
1053 1227 1134 1258 reci-

163 1273 231 1314 piat
254 1282 316 1303 nos
335 1273 493 1309 miseros,
528 1272 590 1302 nisi
627 1269 795 1312 persoluto
830 1270 948 1310 pretiO,
982 1270 1043 1300 nisi
1078 1268 1135 1300 illa

163 1316 315 1356 pactione
339 1315 627 1355 compensationis,
662 1319 697 1344 ut
731 1311 832 1343 Filius
865 1313 1027 1342 sustineat
1057 1321 1136 1353 poe-

164 1368 236 1389 nam
260 1368 320 1399 pro
344 1367 466 1400 genere
485 1356 644 1387 humano:
670 1355 754 1390 Quia
767 1354 838 1385 Lex
852 1355 912 1386 Dei
927 1361 978 1385 est
1003 1355 1135 1385 immota

164 1408 193 1431 et
217 1408 352 1432 aeterna
381 1401 553 1440 sapientia.
609 1398 724 1429 Omnis
758 1404 867 1428 autem
896 1397 965 1428 Lex
996 1395 1134 1438 obligat,

163 1442 217 1474 vol
238 1444 280 1475 ad
304 1443 536 1479 obedientiam,
561 1439 613 1472 vel
636 1441 677 1472 ad
700 1449 850 1481 poenam.

163 1608 244 1650 Sed
276 1623 344 1649 cur
376 1608 471 1648 (licit
503 1607 649 1656 Esaias,
684 1611 794 1643 Grati&
822 1611 1007 1643 venumdati
1037 1611 1136 1642 estis?

252 1699 336 1735 Quia
359 1697 522 1730 Diabolus
544 1704 579 1729 ut
602 1697 737 1739 praedo,
756 1696 871 1737 eripuit
895 1705 1000 1738 genus
1023 1695 1135 1726 huma-

164 1753 250 1780 num,
281 1742 354 1774 Deo
378 1740 456 1773 nihil
487 1741 583 1772 dedit.
628 1740 757 1771 Homini
791 1739 888 1770 ctiam
921 1737 1000 1769 nihil
1035 1738 1135 1776 dedit,

164 1785 285 1818 occidit
308 1795 392 1817 eum.
437 1786 482 1816 lta
504 1783 603 1815 homo
627 1784 731 1826 gratis
754 1788 805 1813 est
828 1782 1055 1813 venumdatus.

246 1949 629 1991 Commendatio
669 1948 796 1988 dicti
831 1947 1054 1987 Paulini:

425 2050 592 2088 luctificali
616 2047 772 2086 sanquine
799 2050 875 2078 eius.

251 2126 388 2168 Semper
422 2127 464 2157 sit
497 2126 529 2156 in
562 2130 743 2165 conspectu
784 2123 924 2154 dictum:
971 2124 1139 2162 lustificati

166 2173 322 2210 sanquine
344 2173 455 2210 ipsine.
511 2168 586 2199 Non
621 2167 727 2198 habeo
756 2165 852 2196 aliam
878 2165 1135 2197 consolationem

167 2213 446 2255 praesentiomm‚
480 2221 576 2253 quam
610 2220 742 2251 oppono
776 2208 1004 2241 Maliometicis
1028 2209 1137 2249 impie-

167 2256 288 2287 tatibus
323 2262 353 2286 et
388 2255 467 2286 meis
502 2254 768 2285 dubitationibus.
826 2252 909 2283 Sunt
937 2259 1044 2283 autem
1076 2252 1137 2281 trin

168 2299 287 2330 verbaz
322 2298 467 2329 Potestis
506 2295 604 2328 facile
638 2295 850 2331 meminisse,
891 2305 963 2325 cum
1005 2295 1136 2325 dicitur:

168 2343 306 2381 Sanfflu's
337 2342 464 2372 Domini
492 2340 598 2371 nostri
624 2340 696 2370 lem
727 2338 843 2369 Christi
868 2338 1053 2375 nmmlt'ficn!
1080 2347 1138 2369 nos

167 2386 208 2415 ab
236 2385 378 2415 omnibus
407 2387 568 2424 peccam:
601 2381 684 2413 idem
704 2387 769 2412 est:
805 2380 870 2412 Sed
905 2378 961 2410 illa
992 2380 1136 2411 brevitas

169 2426 274 2458 dulcis
310 2433 369 2457 est.
434 2424 491 2456 llla
525 2425 586 2456 tria
621 2425 722 2456 verbu
757 2423 929 2454 destruunt
961 2423 1136 2464 potentiam

169 2468 301 2501 Diaboli
325 2469 508 2511 grassantis
531 2469 693 2499 adversus
716 2476 787 2497 nos.

255 2511 315 2543 Est
337 2511 485 2543 mirabile
508 2516 796 2551 temperamentum
824 2509 966 2540 iustitiae
988 2515 1017 2539 et
1043 2508 1139 2539 mise-

171 2555 342 2587 ricordiae.
387 2553 479 2585 Deus
514 2552 581 2585 vult
616 2552 702 2584 hunc
726 2551 838 2583 Filium
866 2561 942 2582 esse
964 2551 1138 2582 victimam.

171 2598 241 2629 Hoc
265 2607 378 2630 oniues
409 2596 595 2639 Prophetae
624 2596 754 2633 dicunt,
785 2595 980 2637 praesertim
1003 2593 1138 2625 Esaias:

854 154 965 188 PHIL-
988 153 1091 186 MEL.
1113 153 1298 187 SCRIPTA
1321 155 1583 191 EXEGETICA.

2095 160 2160 194 588

1191 249 1270 281 Cum
1289 253 1389 289 ponet
1417 254 1559 283 ananam
1579 261 1673 284 cuam
1694 253 1831 285 hostium
1848 262 1912 293 pro
1940 255 2082 294 peccato,
2114 257 2159 286 vi-

1187 292 1274 323 debit
1293 302 1402 324 semen
1423 295 1617 333 Ionaaemm.
1672 293 1814 336 Aliquae
1845 296 1995 337 insignes
2028 302 2159 328 senten-

1188 334 1258 384 εἰει-ε
1282 335 1402 366 debent
1419 345 1496 367 esse
1519 337 1550 367 in
1573 343 1767 379 conspectu,
1785 342 1820 370 ut
1841 338 1907 370 siut
1924 338 2018 380 quasi
2039 337 2160 377 baculi,

1188 386 1242 418 qui
1265 384 1449 409 sustentent
1474 389 1545 410 vos.

1228 461 1235 469 ι
1275 419 1502 453 Misericordia
1525 428 1588 459 est,
1623 422 1698 463 quia
1721 420 1865 464 applicat
1888 423 1984 454 nobis
2007 421 2088 454 illud
2106 433 2159 454 sa·

1189 461 1368 501 crificium,
1409 461 1498 495 illam
1538 465 1856 506 compensationem:
1896 465 1991 496 mittit
2025 472 2159 507 propter

1189 514 1250 534 nos
1275 503 1389 536 Filium
1413 515 1519 544 suum,
1542 514 1577 539 ut
1595 507 1731 549 recipiat
1749 517 1821 546 nos,
1843 514 1875 539 et
1897 506 2041 549 applicet
2062 508 2159 540 nobis

1189 544 1274 578 illius
1297 549 1422 579 merita.

1275 589 1365 621 lstud
1393 598 1619 633 argumentum
1652 592 1772 624 usitate
1805 598 1927 633 ponunt
1950 591 2158 631 Scholastici‚

1194 633 1328 673 quando
1353 632 1394 664 de
1416 632 1644 666 satisfactione
1667 634 1860 676 loquuntur:

1318 693 1406 724 Deus
1428 698 1478 724 est
1499 697 1602 726 iustus
1623 699 1655 726 et
1675 698 1877 726 misericors:

1319 733 1410 765 Ordo
1432 739 1570 767 iustitiae
1592 742 1642 768 est
1657 740 1779 769 solt-ere
1798 747 1936 777 poenam
1955 739 2110 777 aliquam:

1317 777 1405 815 Eryo
1426 782 1613 810 necessaria
1635 784 1686 811 est
1700 789 1825 820 poena,
1859 790 1952 820 quam
1975 781 2038 821 ipsi
2058 783 2158 812 nomi-

1359 824 1439 851 nant
1459 820 1665 853 (ssanonicam.

1273 885 1365 918 Deus
1400 896 1464 918 non
1499 898 1540 918 ex
1572 887 1725 926 levitate,
1763 895 1819 921 aut
1852 887 2004 921 futilitate
2027 890 2160 921 remittit

1186 935 1372 970 peccatum,
1394 930 1453 961 sed
1471 931 1638 962 constituit
1663 930 1727 962 hoc
1749 932 1898 972 pretium.
1949 931 2015 964 Res
2041 933 2158 964 ondeo.

1186 972 1282 1013 Nego
1306 973 1586 1013 consequentiam,
1609 974 1685 1014 quia
1701 971 1782 1047 filus
1805 981 1855 1005 est
1878 975 1909 1005 in
1930 984 2014 1006 conc
2029 975 2160 1013 usione,

1187 1025 1284 1056 quam
1308 1014 1368 1046 suit
1391 1015 1422 1046 in
1445 1016 1648 1055 praemissis.
1736 1026 1794 1046 eus
1818 1022 1868 1047 est
1892 1017 2016 1054 iustus,
2045 1026 2160 1047 verum

1187 1063 1248 1094 est,
1282 1057 1399 1089 Minor.
1456 1058 1548 1090 Ordo
1582 1058 1727 1090 Iustitiae
1759 1064 1810 1089 est
1842 1057 1975 1091 solvere
2007 1068 2160 1100 poenam.

1187 1099 1355 1131 Concedo.
1412 1099 1478 1132 Sed
1513 1111 1598 1142 quae
1631 1107 1681 1132 est
1713 1099 1769 1132 illa
1803 1102 1931 1142 poena?
1987 1101 2039 1132 An
2063 1102 2160 1132 eatis·

1186 1141 1286 1174 factio
1310 1143 1492 1174 canonica?
1535 1143 1610 1174 Non
1634 1144 1693 1175 sed
1719 1153 1808 1175 mors
1832 1143 1914 1175 Filii.

1187 1306 1310 1347 Estne
1348 1320 1507 1355 verum,
1547 1307 1658 1360 quod
1697 1305 1896 1347 Osiander
1931 1307 2044 1356 dicit,
2087 1321 2160 1347 nos

1261 1382 1464 1423 iustificari
1494 1382 1651 1423 Iustitia
1682 1382 1882 1423 essentiali
1913 1380 2084 1427 Christi!

1273 1481 1341 1513 lsta
1375 1481 1532 1513 Osiandri
1564 1487 1714 1523 pugnant
1748 1491 1822 1513 cum
1855 1486 1961 1513 textu:
1994 1481 2165 1520 luminu

1187 1528 1343 1564 sanquine
1375 1528 1453 1556 elus.
1509 1524 1544 1555 ln
1578 1523 1684 1555 altera
1716 1524 1783 1555 vita
1817 1533 1930 1555 verum
1963 1524 2036 1559 erit,
2072 1523 2162 1565 quod

1189 1568 1266 1599 dicit
1289 1567 1467 1602 Osiander3
1496 1567 1556 1598 sed
1579 1567 1612 1598 in
1635 1567 1698 1598 hac
1728 1567 1795 1597 vita
1816 1576 1931 1597 sumus
1960 1567 2036 1598 iusti
2059 1566 2162 1607 impu-

1189 1617 1257 1642 tata
1279 1611 1410 1641 institia.
1455 1610 1625 1641 lnclioatio
1647 1609 1803 1640 novitatis
1827 1614 1878 1640 est
1901 1609 2020 1651 exigua
2041 1609 2074 1640 in
2097 1608 2163 1639 hac

1188 1654 1269 1689 vita;
1293 1652 1439 1684 Manebit
1451 1659 1558 1684 tamen
1580 1652 1612 1683 in
1625 1658 1692 1683 tota
1704 1652 1908 1689 aeternitate,
1932 1651 2021 1692 quod
2045 1660 2162 1683 recon-

1188 1695 1288 1727 ciliati
1310 1705 1424 1727 sumus
1447 1701 1583 1737 proptor
1615 1693 1730 1726 Filium
1764 1693 1837 1726 Dei.
1894 1693 2016 1725 Postea
2040 1693 2161 1725 erimus

1189 1738 1299 1770 donati
1323 1737 1379 1770 illa
1396 1748 1484 1769 nova
1501 1744 1603 1774 veste,
1626 1737 1797 1778 sapientia,
1821 1743 1852 1768 et
1875 1736 1998 1768 iustitia
2020 1737 2161 1778 integra,

1189 1792 1264 1814 cum
1286 1782 1406 1813 erimus
1429 1781 1487 1812 toti
1510 1778 1664 1821 templum
1685 1779 1760 1811 Dei.

1423 1940 1639 1973 DOMlNlCA
1665 1940 1927 1979 PALQARUM.

1365 2034 1685 2077 Evangelium
1719 2033 1881 2066 Matth.
1916 2035 1983 2066 21.

1269 2131 1311 2162 Et
1330 2140 1399 2162 cum
1421 2130 1732 2171 appropinquassent
1751 2133 1784 2160 in
1808 2128 2003 2169 Bethpltaye,
2022 2133 2078 2160 eec-

1277 2206 1335 2237 Est
1359 2205 1442 2238 haec
1465 2213 1559 2238 vetus
1578 2206 1793 2243 consuetudo,
1816 2205 1903 2278 ffuod
1927 2204 1990 2236 hoc
2013 2212 2162 2246 tempore

1190 2251 1221 2281 in
1245 2248 1396 2281 Eoi-lesia
1430 2250 1622 2290 proponitur
1654 2259 1823 2280 commone
1839 2249 1924 2279 actio
1959 2249 2000 2279 de
2021 2245 2161 2279 mirabili

1190 2292 1329 2324 consilio
1353 2300 1384 2323 et
1408 2303 1508 2333 opere
1533 2292 1606 2329 Dei,
1630 2291 1718 2333 quod
1742 2289 1843 2322 voluit
1872 2291 2031 2322 redimere
2055 2299 2162 2332 genus

1190 2336 1376 2372 humanum,
1401 2336 1547 2366 derivata
1582 2336 1629 2366 irn
1663 2334 1825 2365 adversus
1859 2339 1996 2374 peccata
2027 2333 2161 2375 generis

1189 2378 1318 2409 humani
1344 2379 1374 2409 in
1399 2378 1540 2409 hostiam
1570 2378 1796 2414 innocentem,
1831 2374 1983 2408 videlicet
2005 2377 2036 2407 in
2059 2373 2161 2407 filium

1190 2421 1263 2458 Dei,
1287 2420 1460 2452 Dominum
1480 2427 1626 2452 nostrum
1651 2419 1756 2451 lesum
1780 2418 1956 2456 christum,
1979 2417 2033 2460 qui
2057 2425 2162 2450 mone

1188 2475 1260 2496 suo.
1295 2471 1458 2505 tamqnam
1493 2463 1760 2505 compensatione
1791 2462 1918 2499 debita,
1951 2462 2162 2493 sutistnceret

1189 2507 1330 2537 institiae
1355 2506 1426 2538 Dei.

1276 2549 1345 2581 Nec
1368 2556 1418 2581 est
1441 2549 1591 2586 dubium,
1620 2549 1697 2591 quin
1720 2548 1796 2579 inde
1814 2557 1919 2589 usque
1938 2547 1981 2578 ab
2002 2545 2160 2588 antiquis·

1189 2593 1280 2623 simis
1304 2593 1505 2633 temporibus
1539 2592 1690 2623 doctrina
1724 2591 1764 2622 de
1787 2590 1851 2622 hoc
1884 2589 2033 2621 mirando
2060 2596 2161 2629 opero

2292 353 2307 385 ιδ

2293 389 2308 462 1³

2311 531 2313 544 l
