2324 2958
214 201 278 233 223

213 296 382 327 inoctava

855 201 964 233 Pfflz..
990 201 1092 233 MEL.
1115 200 1302 233 scatt‘TA
1324 200 1587 233 EXEGETICA.

404 295 568 335 Sphaem,
592 300 625 326 et
647 295 681 326 in
699 294 851 337 sphaeris
875 294 1098 333 planetarum,
1117 304 1193 336 pro-
1217 294 1222 314 ¹
1245 294 1402 325 attributa
1427 295 1521 336 stirpi
1544 297 1654 334 Iesse,
1683 301 1717 328 et
1743 297 1929 338 posteritati
1951 296 2103 330 Doridis.

2163 206 2228 238 224

2149 300 2226 332 Ideo

213 345 287 380 pter
309 339 482 370 maxinmm
505 337 691 369 distantiam
714 348 782 369 non
803 345 945 379 possunt
965 338 1112 369 indicare
1134 336 1193 367 hu·
1244 337 1434 368 nominatur
1456 347 1589 380 quoque
1611 339 1731 371 civitas
1755 338 1877 370 David.

213 379 322 412 milem
345 380 454 412 locum
479 381 509 411 in
534 386 636 411 terra.
680 380 843 412 Viderunt
866 387 973 412 autem
998 379 1086 421 Magi
1100 389 1138 410 se
1162 385 1192 410 et

213 424 332 455 itinera
355 433 417 455 sua
439 423 510 465 regi
534 428 567 454 et.
591 423 665 454 duci
689 422 786 455 stella
809 422 878 461 illa,
901 424 965 454 imo
986 423 1084 453 etiam
1107 420 1193 452 hane

215 465 345 497 stellam
369 477 407 498 se
431 465 647 508 praecedere,
671 472 704 498 et
733 473 826 498 stare
848 475 950 506 super
973 464 1191 496 diversorium

212 508 348 540 Mariae.

299 550 349 583 Ex
373 549 480 583 stellis
503 551 699 583 firmamenti
721 561 788 583 non
801 556 912 592 potest
934 550 1017 581 sumi
1039 549 1192 589 praecise

213 592 316 632 linea,
337 604 421 635 quae
446 599 608 625 monstret
631 602 757 626 certum
787 591 894 625 locum
917 601 979 624 seu
1007 602 1105 623 unam
1135 590 1192 623 ali-

212 647 310 679 quam
333 643 456 669 certam
480 638 623 668 domum.
667 636 709 668 Et
733 635 892 668 Planetae
915 640 991 666 sunt
1020 635 1108 666 intra
1130 632 1192 666 Zo-

212 680 359 718 diaann,
381 678 437 711 illa
456 686 564 711 autem
587 678 687 711 stella
709 679 859 720 apparuit
884 684 978 708 extra
1000 676 1191 716 Zodiacum,

212 729 245 754 et
267 723 434 764 processit
456 722 521 754 alio
540 728 638 754 motu.
663 722 736 754 Fuit
750 722 848 763 igitur
861 719 984 762 aliquid
1008 720 1191 758 sobmon,

212 766 244 798 in
268 775 364 804 aere,
395 770 430 797 ut
461 775 501 797 ex
518 766 626 796 vicino
649 770 763 805 posset.
787 764 932 794 indicare
966 763 1066 795 etiam
1090 764 1192 795 breve

210 807 294 840 illud
328 810 489 850 spatium,
531 808 620 849 quod
655 812 707 839 est
739 807 824 838 inter
857 805 1124 848 Hierosolymam
1159 812 1193 838 et

210 850 416 883 Bethlehem.

299 893 561 936 chrysostomus
584 893 663 925 dicit
681 890 787 923 fuisse
805 890 977 934 angelum,
1001 891 1090 933 quod
1111 891 1189 923 mihi

212 946 279 969 non
302 936 466 978 displicet,
489 945 677 977 quanquam
691 934 760 966 fieri
773 941 897 976 potest,
921 940 957 966 ut
969 933 1068 966 stella
1081 933 1190 973 suerit,

210 991 307 1022 quam
331 981 417 1011 vexit
442 989 501 1010 seu
525 979 613 1009 duxit
636 975 800 1019 Angelus.
823 977 895 1009 Nec
916 978 1117 1010 inconcinna
1139 984 1188 1009 est

210 1024 294 1055 haec
317 1023 497 1059 sententia,
525 1021 613 1062 quod
644 1019 741 1052 tuerit
771 1026 805 1052 et
835 1020 995 1063 angelus,
1023 1026 1055 1052 et
1084 1019 1192 1058 stella,

209 1067 242 1098 id
276 1072 345 1104 est,
378 1065 435 1097 lux
468 1066 500 1096 in
534 1074 599 1106 qua
633 1062 687 1095 vel
719 1064 869 1105 apparuit
903 1063 1063 1106 angelus,
1097 1065 1193 1106 quasi

209 1110 349 1141 amictus
383 1107 438 1139 illa
471 1106 564 1145 luce,
599 1105 653 1138 vel
687 1117 786 1149 quam
823 1107 909 1138 rexit
943 1114 975 1139 et
1009 1107 1102 1138 duxit
1134 1117 1193 1139 an-

236 1151 317 1184 elus.
1081 1149 1084 1152 ⁴

211 1163 234 1196 g
297 1194 331 1225 ln
355 1202 479 1225 summa
502 1191 561 1223 suit
582 1192 721 1234 phasma
745 1192 901 1224 divinitus
924 1198 1109 1231 ostensum,
1131 1202 1192 1224 seu

210 1236 318 1270 lumen
341 1235 476 1278 aliquod
508 1242 672 1274 creatum,
706 1236 880 1267 incurrens
914 1236 946 1268 in
981 1234 1124 1274 oculos,
1159 1236 1191 1267 in

208 1281 340 1312 modum
376 1277 510 1310 stellae:
563 1277 660 1310 Unde
691 1277 782 1321 Magi
818 1279 966 1311 iudicare
999 1284 1190 1320 potuerunt,

209 1323 331 1365 aliquid
356 1320 570 1364 singulariter
592 1321 671 1353 novi
694 1327 845 1353 exortum
868 1331 957 1363 esse,
980 1323 1066 1354 sicut
1089 1327 1122 1353 et
1145 1322 1191 1353 di-

235 1367 317 1397 ressi
348 1364 591 1407 Hierosolymis
626 1365 781 1397 dicuntur
813 1363 926 1397 laetati
960 1375 1039 1397 esse
1073 1373 1190 1397 rursus

207 1378 293 1441 §lius
318 1414 514 1449 conspectu.

294 1451 388 1483 Deus
411 1461 513 1493 saepe
537 1449 616 1483 facit
640 1451 672 1482 in
695 1460 774 1482 aere
806 1451 1030 1491 apparitiones
1059 1450 1091 1481 in
1114 1460 1191 1491 pro-

207 1496 314 1537 diguus,
336 1496 401 1527 imo
425 1495 522 1526 etiam
534 1493 699 1526 Diabolus
722 1492 800 1524 facit
821 1492 923 1525 multa
946 1494 1189 1534 phantasmata,

205 1545 242 1571 ut
265 1549 366 1580 saepe
389 1538 460 1570 istis
484 1538 579 1569 annis
602 1537 816 1579 prodigiosae
828 1537 1053 1577 apparitiones
1067 1534 1190 1567 multae

206 1582 335 1614 suerum
361 1583 393 1613 in
413 1590 508 1619 aere,
532 1590 616 1623 quae
639 1580 858 1611 ostenduntur
881 1589 901 1609 a
924 1577 1098 1616 Diabolis,
1122 1577 1190 1609 sor-

207 1627 308 1657 tassis
332 1625 428 1657 ctiam
452 1634 469 1654 a
496 1625 592 1655 bonis
616 1621 755 1665 angelis,
779 1622 834 1664 qui
857 1628 999 1662 possunt
1011 1620 1097 1653 tales
1115 1631 1189 1662 spe-

207 1669 275 1701 cies
299 1667 454 1706 formare,
477 1665 636 1707 Exempia
659 1664 760 1697 multa
772 1675 1031 1696 commemorare
1043 1674 1191 1706 possem,

207 1718 243 1746 ut
267 1722 341 1744 cum
360 1720 465 1752 prope
480 1711 685 1751 &mmibebetq
699 1714 881 1749 conspecta
905 1713 956 1739 est
969 1718 1071 1739 cerva
1094 1713 1190 1738 stans

208 1757 240 1787 in
264 1763 391 1790 monte,
419 1760 451 1784 et
473 1762 615 1795 magnus
645 1752 813 1784 exereitus
844 1751 1016 1782 dimicans.
1061 1750 1191 1787 Deinde

208 1797 299 1831 Solis
323 1799 453 1839 speeies
466 1797 539 1827 visa
559 1802 622 1832 est,
647 1796 740 1837 qnasi
764 1796 796 1826 in
820 1800 932 1835 partes
957 1794 1040 1825 duas
1064 1794 1190 1825 dissec-

208 1849 252 1874 ta.
299 1840 377 1871 item
402 1839 574 1881 conspecti
603 1844 679 1870 sunt
710 1839 850 1879 primum
880 1837 913 1868 in
942 1847 1020 1868 aere
1050 1837 1191 1878 equites,

209 1891 327 1928 postea
345 1883 460 1914 rustici
485 1893 558 1914 cum
594 1881 718 1918 clavis,
753 1891 794 1911 ao
827 1881 959 1911 tandem
995 1881 1114 1912 turris.
1149 1881 1191 1911 ad

209 1938 306 1971 quani
331 1933 362 1958 et
381 1927 480 1957 homo
505 1931 574 1957 erat
594 1923 751 1955 hauriens
775 1934 910 1965 aquam,
940 1924 984 1953 ita
1014 1930 1046 1953 ut
1077 1930 1191 1963 posset

209 1971 348 2014 agnosci
362 1980 440 2001 esse
463 1979 592 2010 aquam.
617 1968 790 1999 Postremo
814 1967 919 1997 virum
946 1964 1035 1997 illum
1064 1967 1193 1998 insecu-

211 2021 265 2047 tus
297 2020 347 2045 est
378 2022 518 2052 magnus
541 2011 666 2043 Draco.
715 2009 849 2040 Priores
874 2009 957 2040 duae
988 2010 1131 2049 spot-ies,
1162 2010 1191 2040 id

212 2064 284 2091 est.
318 2057 445 2098 equites
470 2062 500 2086 et
525 2054 639 2085 rustici
671 2054 738 2084 cito
769 2058 985 2083 evanuerunt.
1033 2051 1192 2094 Reliquae

213 2101 346 2142 species
376 2099 431 2131 (liu
458 2099 681 2140 praebuemnt
711 2106 748 2127 se
780 2096 1043 2137 conspiciendas.
1090 2094 1193 2126 Visne

212 2150 289 2176 sunt
319 2143 382 2174 hae
411 2142 571 2184 imagine-s
603 2150 642 2171 eo
677 2140 749 2181 ipso
781 2145 947 2179 temporo,
978 2149 1043 2179 quo
1075 2137 1193 2169 foedus

215 2185 496 2219 Schalmaldicuin
521 2184 681 2215 sancitum
701 2182 781 2220 luit,
807 2192 847 2213 ac
871 2180 947 2213 mihi
972 2183 1102 2213 videtur
1126 2182 1192 2213 exi-

214 2237 266 2263 tus
290 2229 435 2262 foederis
457 2227 663 2270 significatus
687 2236 774 2257 esse.

488 2351 553 2392 De
587 2350 706 2390 Dicto
739 2348 933 2389 Micheae.

301 2443 497 2475 Bethlehem
522 2443 598 2484 quid
619 2441 806 2483 signifieat?

301 2487 514 2529 Respondet).
560 2485 703 2517 Domum
725 2485 832 2527 panis.
873 2483 950 2515 Alio
973 2484 1069 2514 etiam
1092 2483 1194 2514 nomi-

217 2541 259 2563 ne
281 2539 420 2562 vocatur
445 2530 606 2572 Ephraim
638 2529 670 2560 ld
705 2535 774 2565 est,
803 2526 899 2559 locus
926 2525 1110 2558 foecundus
1133 2536 1193 2557 seu

216 2574 344 2607 lertilis.
387 2572 462 2605 Fuit
487 2574 528 2604 ihi
553 2575 625 2614 plus
649 2581 818 2614 agrorum,
842 2577 1005 2614 segetum,
1030 2569 1192 2601 frumenti.

217 2618 252 2649 ln
289 2616 422 2659 reliquis
452 2616 535 2648 locis
567 2616 706 2647 lndacae
734 2615 959 2658 asperioribus
999 2620 1031 2645 et
1061 2614 1193 2644 saxosis

217 2659 353 2694 multum
377 2660 435 2692 suit
459 2659 535 2692 olei.
575 2658 650 2692 Fuit
671 2665 782 2691 autem
804 2656 1077 2690 Bethlehemltira
1099 2657 1194 2699 regio

1332 379 1399 410 lam
1431 381 1637 422 cogitemus,
1667 380 1746 413 illos
1775 391 1909 424 quoque
1937 381 2044 415 tuisse
2075 382 2227 417 hanzines

1245 422 1383 460 doctos,
1413 423 1468 464 qui
1491 423 1643 456 Micheae
1673 425 1872 456 sententiam
1912 424 2000 458 hane
2026 435 2105 458 esse
2134 427 2228 459 intel-

1243 463 1408 503 lexerunt,
1430 466 1519 506 quod
1542 467 1575 498 in
1597 466 1795 499 Bethlehem
1816 467 2006 500 nasciturus
2029 475 2122 501 esset
2134 468 2227 501 Chri-

1244 514 1328 539 stus.
1372 507 1445 539 Nos
1474 506 1627 551 legentes
1655 509 1767 542 locum
1797 509 1966 549 Micheae,
1999 510 2156 544 fortassis
2183 513 2228 545 ita

1244 556 1369 582 tantum
1396 549 1676 594 intelligeremus,
1711 553 1800 595 quod
1831 553 1974 585 Messias
2007 564 2049 586 ex
2078 557 2227 596 posteris

1244 593 1365 625 ludeae
1387 599 1420 625 et
1441 595 1567 627 semine
1584 594 1695 627 David
1722 597 1766 628 sit
1794 602 1973 634 venturus,
2002 603 2035 628 et
2063 607 2104 628 ex
2125 597 2229 630 Beth-

1243 635 1352 667 lehem
1385 636 1568 669 educturus
1609 639 1808 677 exercimm,
1844 640 1921 681 quia
1949 638 2147 673 Bethlehem
2176 648 2228 673 ent

1243 680 1458 720 praecipuum
1482 682 1638 722 oppidum
1660 683 1693 714 in
1713 683 1799 713 tribu
1823 681 1923 720 luda,
1950 688 1984 714 et
2013 683 2150 725 amiqua
2177 694 2229 716 se-

1245 723 1305 754 des
1327 727 1457 763 patrum
1479 722 1630 756 Davidis.
1678 725 1802 756 Verum
1827 723 1892 763 illi,
1925 726 2024 756 etiam
2047 726 2088 757 de
2111 726 2228 758 nativi—

1244 770 1312 796 tate
1335 765 1502 804 Messiae,
1524 767 1613 808 quod
1635 768 1668 799 in
1690 767 1886 813 Bethlehem
1911 768 2101 800 nasciturus
2125 775 2226 801 esset.

1244 807 1410 840 Micheam
1434 807 1681 849 intellexerunt,
1704 821 1745 842 ac
1767 817 1847 852 puto
1872 820 1932 842 eos
1956 821 1996 842 ex
2016 812 2227 844 sermonibus

1244 851 1456 892 antiquorum
1479 851 1654 891 didicisse,
1677 864 1762 895 quae
1786 860 1878 886 esset
1899 855 2064 886 sententia
2086 854 2228 896 prophe-

1244 900 1315 932 tae,
1338 894 1425 925 sicut
1448 895 1599 926 omnibus
1622 897 1828 938 temporibus
1850 895 1942 929 multi
1965 897 2026 928 viri
2049 898 2156 929 sancti
2177 907 2228 929 re-

1245 938 1413 969 tinuerunt
1434 936 1610 970 multorum
1635 939 1796 971 dictorum
1819 941 2007 982 scripturae
2029 940 2228 972 sententiam

1247 991 1288 1012 ex
1306 986 1437 1021 patrum
1460 982 1684 1013 sermonibus.

1333 1021 1434 1054 Tales
1458 1032 1632 1056 sermones
1662 1034 1683 1055 a
1711 1024 1862 1064 patribus
1891 1030 2050 1066 acceptos
2079 1025 2228 1057 nomina-

1246 1071 1324 1098 runt
1345 1064 1503 1098 Cabalas.
1548 1066 1622 1098 Nec
1644 1067 1778 1099 dubium
1802 1073 1872 1105 est,
1900 1065 2005 1099 fuisse
2022 1067 2146 1100 multas
2170 1069 2228 1100 bo-

1246 1119 1307 1140 nas
1339 1110 1545 1148 sententias,
1576 1111 1639 1141 etsi
1669 1116 1787 1151 postea
1815 1110 1982 1142 admixtae
2010 1117 2090 1142 sunt
2116 1120 2228 1153 nugae

1246 1158 1279 1183 et
1302 1153 1517 1194 imposturae,
1541 1154 1626 1184 sicut
1648 1153 1684 1184 fit
1707 1153 1739 1183 in
1763 1151 1875 1184 multis
1898 1153 2012 1191 rebus,
2035 1159 2071 1185 ut
2092 1153 2125 1185 in
2148 1163 2229 1185 vera

1244 1194 1426 1227 Alc-hirnia:
1450 1195 1587 1227 Chimus
1611 1202 1662 1227 est
1684 1196 1804 1227 humor
1825 1205 1886 1227 seu
1908 1195 2029 1238 liquor,
2053 1202 2088 1228 et
2110 1195 2230 1228 chimia

1245 1244 1297 1269 est
1319 1237 1417 1270 fusio.
1466 1237 1506 1269 Al
1531 1244 1580 1269 cst
1605 1237 1764 1270 articulus
1788 1238 1966 1270 Arabicus.
2011 1238 2103 1270 Vera
2125 1237 2228 1270 alchi-

1244 1281 1309 1312 mia
1332 1287 1385 1312 est
1407 1280 1518 1313 inillis
1537 1280 1634 1319 locis,
1657 1282 1713 1313 ubi
1739 1287 1817 1312 sunt
1840 1292 1946 1312 venae
1970 1279 2169 1324 metallicae,
2191 1288 2227 1313 ut

1244 1324 1276 1355 in
1289 1322 1390 1356 Valle
1413 1324 1624 1362 loachinzica,
1649 1330 1680 1355 et
1703 1325 1734 1355 in
1758 1323 1833 1355 aliis
1856 1323 1941 1356 locis
1960 1323 2149 1362 metallicis,
2172 1325 2228 1357 ubi

1245 1374 1477 1408 excoquuntur
1500 1377 1640 1408 magnae
1663 1376 1796 1398 massae
1814 1368 1903 1404 auri,
1924 1368 2066 1409 argenti,
2088 1366 2226 1408 plumbi,

1245 1415 1278 1440 et
1303 1409 1443 1441 aliorum
1478 1408 1695 1441 metallorum.
1749 1409 1818 1440 Sed
1852 1416 1972 1450 postea
2008 1415 2061 1441 est
2092 1411 2226 1441 inventa

1243 1453 1406 1494 quaedam
1435 1453 1619 1492 sophistica
1649 1453 1849 1492 impostura,
1885 1461 1971 1492 quae
1997 1451 2097 1483 hodie
2123 1453 2227 1484 nomi-

1243 1501 1341 1526 natur
1363 1493 1525 1526 alchimia.
1571 1494 1618 1525 lta
1642 1495 1727 1525 inter
1749 1492 1895 1525 Cabalas
1924 1492 2047 1525 multae
2069 1499 2148 1526 sunt
2169 1494 2227 1525 bo-

1243 1547 1306 1569 nae
1328 1538 1524 1575 sententiae,
1547 1537 1687 1568 traditae
1709 1547 1730 1567 a
1751 1536 1932 1567 maioribus
1945 1537 2143 1577 posteritati,
2165 1536 2227 1568 sed

1243 1590 1345 1621 saepe
1380 1586 1458 1612 sunt
1495 1580 1629 1612 additae
1665 1581 1708 1611 ab
1747 1578 1822 1611 aliis
1862 1579 2046 1611 sententiae
2086 1579 2226 1621 phanta—

1243 1624 1358 1655 sticae.

1330 1666 1404 1697 Non
1427 1665 1486 1697 fuit
1509 1666 1574 1698 hoc
1597 1663 1737 1707 vulgare
1759 1663 1951 1703 concilium,
1973 1665 2006 1696 in
2030 1675 2097 1706 quo
2119 1665 2226 1697 sancti

1242 1710 1302 1740 viri
1326 1710 1500 1741 ediderunt
1535 1707 1782 1740 confessionem
1820 1718 1925 1739 suam.
1976 1707 2156 1747 Dixerunt,
2192 1709 2225 1739 in

1243 1751 1439 1783 Bethlehem
1464 1752 1667 1783 nasciturum
1692 1750 1862 1782 Messinm.
1900 1749 2127 1782 conciliarunt
2149 1748 2227 1782 loca

1241 1795 1381 1834 Esaiae,
1415 1801 1447 1826 et
1486 1794 1644 1832 Davidis,
1679 1805 1752 1825 cum
1798 1794 1887 1824 dioto
1922 1793 2083 1825 Mic-heae.
2140 1793 2226 1825 Nam

1243 1838 1361 1869 Esaias
1390 1844 1423 1870 et
1452 1838 1561 1869 David
1591 1838 1703 1868 dicunt
1728 1836 1884 1867 Messinm
1914 1837 2120 1877 proditurum
2147 1846 2226 1869 esse

1243 1891 1284 1913 ex
1313 1881 1411 1913 Sion:
1458 1880 1607 1912 Micheas
1640 1881 1681 1910 ait
1715 1890 1930 1919 egressurum
1960 1890 2038 1912 esse
2061 1890 2101 1911 ex
2125 1879 2225 1911 Beth-

1243 1923 1360 1955 lehem.
1407 1923 1497 1955 Haec
1520 1924 1716 1954 videbantur
1741 1920 1823 1954 inter
1845 1932 1884 1953 se
1907 1932 2067 1965 pugnare.
2091 1923 2160 1954 Sed
2183 1933 2226 1954 ex

1244 1968 1387 2009 antiquis
1425 1965 1552 1999 scholis
1587 1965 1842 2007 prophetat-uin,
1882 1976 2021 2007 quorum
2057 1966 2225 1997 enarratio

1244 2011 1361 2041 mansit
1394 2009 1480 2051 opud
1514 2016 1686 2051 posteros,
1717 2015 1927 2050 sumpserunt
1964 2007 2226 2041 conciliationem

1245 2054 1361 2084 horum
1386 2054 1559 2084 dictorum.
1591 2053 1682 2083 Siout
1707 2061 1839 2092 semper
1861 2052 1892 2083 in
1917 2051 2071 2083 Ecclesia
2094 2061 2133 2083 em
2158 2062 2226 2082 ser-

1245 2097 1397 2127 monibus
1421 2096 1565 2136 antiquis
1589 2096 1750 2136 qunrdam
1770 2094 2010 2135 intelliguntur.
2035 2105 2120 2136 quae
2142 2093 2225 2125 alios

1244 2150 1310 2170 non
1340 2138 1617 2179 intelligerentur.
1644 2145 1679 2169 ut
1704 2149 1777 2169 cum
1802 2138 1833 2168 in
1859 2136 2042 2177 Evangelio
2067 2136 2224 2169 lobannis

1245 2184 1378 2214 dicitur:
1433 2185 1467 2214 lu
1501 2185 1662 2222 lirim-ipio
1695 2186 1769 2212 erat
1801 2183 1945 2219 uerbum,
1981 2180 2226 2212 neniosthenos

1247 2237 1311 2257 non
1336 2224 1530 2266 intelligeret
1558 2224 1738 2259 significari
1762 2235 1952 2264 personatu.
1987 2223 2054 2255 Sed
2078 2233 2141 2255 nos
2162 2224 2226 2254 scl-

1247 2280 1317 2301 nius
1337 2269 1423 2300 hanc
1449 2269 1753 2309 intet·pr‹·t.·itionem
1778 2276 1964 2307 congruere
1988 2277 2062 2298 cum
2085 2277 2226 2298 eonsen-

1244 2321 1284 2343 su
1310 2313 1527 2353 scriptorum,
1551 2318 1583 2341 et
1607 2311 1692 2342 hano
1716 2311 1914 2341 sententium
1936 2310 2128 2350 accepimus
2151 2309 2227 2340 inde

1243 2365 1350 2397 usque
1378 2366 1397 2386 a
1427 2355 1630 2396 temporibus
1660 2351 1906 2394 Apostolorum.
1949 2353 2027 2386 ideo
2055 2353 2158 2385 verba
2180 2353 2227 2385 lo-

1246 2397 1365 2429 hunnis
1389 2399 1486 2428 nohis
1506 2404 1581 2429 sunt
1607 2395 1765 2438 planiora.

1334 2440 1380 2472 lta
1400 2441 1452 2472 isti
1478 2441 1584 2471 som-ti
1609 2440 1689 2472 viri.
1719 2440 1804 2471 inter
1826 2449 1911 2481 quos
1933 2444 2014 2479 puto
2037 2436 2143 2470 fuisse
2168 2436 2229 2469 Zu-

1246 2483 1407 2516 charia'n.
1431 2485 1637 2521 Simeonem,
1673 2490 1703 2513 et
1729 2481 1828 2518 alios,
1859 2482 1913 2524 qui
1936 2488 2134 2522 acceperant
2171 2481 2228 2511 do·

1245 2528 1382 2558 cuinam
1403 2538 1422 2558 o
1446 2527 1628 2568 prophetis.
1652 2532 1683 2557 et
1708 2525 1825 2557 hot-unt
1849 2523 2035 2565 discipulis,
2058 2524 2227 2555 sciverunt

1245 2581 1285 2601 ex
1310 2569 1374 2600 illis
1398 2571 1478 2612 ipsis
1503 2569 1736 2612 prophetarum
1759 2568 2095 2609 interpretationibus,
2118 2565 2226 2599 locum

1246 2614 1424 2645 nativitatis
1449 2612 1520 2644 sore·
1544 2611 1757 2647 Bethlehem.
1788 2613 1848 2642 sed
1876 2610 1983 2642 locum
2011 2609 2227 2651 praedicatio-

1245 2657 1309 2694 nis,
1333 2658 1501 2698 passionis
1523 2662 1554 2688 ct
1568 2655 1832 2688 resuscitationis
1846 2653 1918 2686 sore
1930 2651 2118 2688 lorus-lem.
2140 2662 2227 2694 quae
