2324 2958
39 199 102 232 625

259 293 397 345 Qualis
429 298 490 333 est
519 292 782 347 praedicatio:

91 368 257 411 Agnitio
288 367 372 399 veri
402 366 478 398 Dei
505 371 541 398 et
570 364 729 397 Christi
760 373 825 397 est
855 367 966 398 vitae

429 417 622 450 aeterna?

126 505 200 537 Non
224 509 276 536 est
298 503 438 545 figurata
460 502 670 544 praedicatio.
715 501 797 533 Cum
821 502 912 533 dico:
947 501 1010 534 Ca-

41 548 94 581 lor
115 554 168 580 est
195 545 357 589 qualitas,
386 545 500 581 Qualis
524 550 574 576 est
595 545 819 586 praedicatio?
863 545 922 576 Est
946 545 1010 577 Ge·
1034 553 1036 578 ι’

40 591 130 623 neris
161 591 203 622 de
236 589 371 631 Specie:
407 589 465 620 sed
494 587 577 619 haec
606 588 736 630 integra
765 588 909 619 delinitio
941 594 1008 619 est:

40 633 123 666 Cum
156 633 246 664 dico:
283 632 406 663 lustitia
439 636 490 662 est
519 631 641 667 virtus,
675 641 769 662 suum
803 632 922 672 cuique
955 633 1008 661 tri-

40 676 162 713 bueus,
189 673 250 706 Est
277 674 478 715 praedicatio
508 672 706 704 definitionis
730 674 770 704 de
794 674 942 705 delinito:
967 674 1009 705 ita

39 724 73 750 et
103 717 157 749 hic
190 724 242 749 est
274 717 475 759 praedicatio
504 715 701 748 definitionis
732 718 772 747 de
795 716 944 755 definito,
978 722 1009 747 et

39 761 158 793 dicitur
185 759 356 790 Formalis:
389 759 463 800 quia
495 759 645 799 exponit,
680 770 765 800 quae
795 769 849 790 res
878 761 921 790 sit
944 759 1010 790 vita
1035 782 1037 804 3

38 810 184 835 aeterna.
228 803 345 833 Nonne
375 808 426 833 est
452 800 509 832 illa
536 811 623 832 nova
653 803 813 843 sapientia
836 808 868 833 et
889 802 1008 833 iustitia

38 851 173 877 aeterna
182 845 197 876 ’.ὶ
243 845 316 876 Vita
339 849 474 876 aeterna
497 850 551 875 est
572 845 737 885 quoddam
760 845 884 883 vivere,
903 850 935 875 et
957 850 1010 875 est

39 888 150 919 vivere
179 888 211 918 in
239 885 446 918 illa'iustitia
472 893 506 918 et
535 888 695 927 sapientia
717 894 864 919 aeterna.
920 887 1009 918 Haec

37 935 113 961 sunt
145 928 314 967 somnialia,
355 929 551 971 pertinentia
589 930 630 960 ad
666 930 890 961 definitionem
923 931 1009 961 vitae

36 977 201 1004 aeternae.

121 1013 185 1046 Alii
209 1013 318 1046 solent
341 1015 466 1052 dicere,
491 1023 568 1046 esse
590 1015 866 1056 praedicationem
891 1015 1010 1056 ligura-

35 1064 104 1089 tam
125 1067 184 1098 per
206 1056 422 1099 metalepsin:
452 1057 484 1087 id
513 1063 581 1092 est,
610 1058 808 1099 agnitionem
832 1067 910 1090 oese
932 1068 1008 1089 cau·

37 1109 109 1131 sam
141 1101 228 1131 vitae
262 1107 436 1137 aeternae,
471 1100 532 1131 sed
561 1101 652 1140 prius
681 1099 760 1131 illud
789 1106 841 1132 est
870 1101 1007 1131 rectius:

37 1141 165 1173 Dieatis
189 1151 266 1173 esse
283 1143 559 1183 praedicationem
579 1143 777 1174 delinitionis
797 1144 838 1174 de
861 1142 1007 1174 definito.

37 1185 176 1220 Quando
199 1185 348 1216 dicimus:
374 1184 438 1216 fide
460 1184 684 1223 iustificamur,
709 1196 773 1216 nou
793 1191 844 1217 est
867 1186 1007 1227 figurata

35 1227 254 1268 praedicatio,
276 1227 336 1258 sed
366 1233 417 1257 est
440 1225 595 1258 causalis·
651 1227 750 1258 Fides
780 1226 880 1259 habet
909 1238 945 1259 se
972 1234 1007 1260 ut

35 1279 196 1311 organon,
213 1270 380 1310 accipiens
396 1269 648 1310 promissionem
661 1276 693 1301 et
714 1270 874 1302 beneficia
887 1272 1007 1302 divina.

120 1310 323 1353 intelligatur
346 1318 455 1343 autem
482 1311 538 1343 illa
560 1311 706 1343 definitio
731 1314 818 1344 vitae
841 1320 1007 1351 aeternae,

33 1364 98 1386 non
118 1353 225 1386 solum
249 1355 290 1385 de
313 1355 380 1385 vita
402 1354 524 1392 futura,
543 1355 603 1385 sed
626 1356 722 1386 etiam
742 1356 782 1387 de
800 1356 1008 1388 inchoatione

33 1397 119 1429 vitae
147 1403 302 1428 aeternae
332 1398 363 1428 in
392 1396 455 1428 hac
483 1398 651 1437 praesenti
681 1399 758 1429 vita.
816 1397 875 1430 llla
897 1397 1006 1431 futura

33 1439 102 1470 vita
123 1439 184 1470 erit
206 1445 407 1479 conspectus
430 1449 490 1470 seu
512 1440 596 1471 visio
618 1438 694 1477 Dei,
717 1446 750 1471 et
773 1442 834 1471 erit
857 1452 1007 1473 consum-

33 1482 132 1513 matio
160 1482 192 1512 in
223 1482 319 1513 nobis
342 1482 541 1522 sapientiae,
571 1482 729 1521 iustitiae,
753 1484 840 1515 vitae
863 1490 895 1515 et
917 1483 1008 1516 laeti·

34 1524 98 1555 tiae
119 1531 282 1556 aeternae·
335 1524 504 1556 Inchoatio
533 1530 642 1556 autem
669 1526 755 1557 vitae
777 1532 932 1559 aeternae
956 1534 1007 1559 est

33 1567 65 1598 in
87 1565 151 1598 hac
175 1567 256 1603 vita,
287 1566 351 1597 fide
373 1577 557 1608 agnoscere
585 1566 673 1599 hunc
696 1575 865 1600 aeternum
889 1570 1006 1605 Deum,

32 1609 87 1650 qui
115 1609 201 1639 misit
232 1606 365 1647 Filium,
393 1616 425 1640 et
453 1616 504 1641 est
530 1620 718 1651 agnoscere
747 1622 819 1642 eum
842 1610 1006 1652 placatum

31 1660 110 1683 esse
130 1661 190 1692 per
212 1649 338 1689 Filium,
362 1658 394 1682 et
413 1653 568 1683 invocare
592 1663 677 1690 eum,
700 1660 813 1694 petere
835 1660 868 1685 et
891 1666 1006 1697 exspe-

32 1699 124 1726 ctare
155 1691 414 1725 consolationem
444 1695 475 1725 in
506 1695 657 1726 omnibus
681 1697 858 1729 aerumnis.
915 1698 1006 1729 Haec

32 1736 116 1768 fides
144 1742 176 1768 et
204 1735 390 1769 consolatio
418 1738 450 1768 in
481 1738 569 1768 veris
593 1737 782 1777 doloribus,
813 1746 864 1771 est
887 1747 1004 1782 gustus

33 1779 120 1810 vitae
142 1784 307 1809 aeternae.

716 194 932 228 POSTILLA
959 193 1354 226 MELANTHONIANA.

120 1820 290 1862 Cogitate,
319 1822 429 1862 quanti
458 1821 578 1854 fuerint
607 1830 716 1855 motus
741 1823 865 1856 Christi
888 1836 1003 1857 acees-

33 1864 102 1895 suri
135 1865 177 1895 ad
211 1861 300 1895 illum
334 1874 483 1906 agonem.
539 1865 586 1897 lbi
619 1865 720 1897 multa
754 1877 884 1909 quoque
914 1869 1003 1907 dixit,

33 1915 119 1947 quae
147 1907 189 1937 ad
216 1906 398 1937 doctrinam
428 1909 607 1948 pertinent,
642 1916 676 1940 ut
704 1909 756 1941 hic
785 1912 941 1951 patefacit
972 1918 1003 1944 et

32 1949 140 1980 sancit
172 1949 338 1980 immotum
372 1955 404 1980 et
437 1956 603 1982 aeternum
637 1953 821 1991 decretum,
856 1955 942 1996 quod
970 1956 1002 1986 in

33 1991 200 2033 agnitione
237 1990 307 2022 Filii
346 1991 409 2023 Dei
446 1993 548 2025 simus
589 1993 729 2026 habituri
771 2002 862 2028 certo
906 1998 1002 2029 vitam

31 2039 209 2065 aeternam.

118 2075 241 2108 Postea
264 2077 380 2117 repetit
400 2078 621 2118 precationem
642 2091 703 2121 pro
727 2091 820 2113 sese:
854 2082 1003 2122 Glorifica

30 2129 91 2150 me:
124 2125 159 2151 et
186 2117 309 2159 allegat
339 2129 492 2158 eausam,
526 2127 561 2152 ut
588 2128 702 2161 antea,
737 2123 864 2156 scilicet
895 2126 1000 2167 ipsum

30 2160 204 2194 consilium
229 2160 309 2200 Dei,
338 2172 398 2193 seu
427 2164 664 2196 ordinationem
687 2167 844 2199 divinam:
874 2167 923 2200 Tu
945 2179 1002 2200 vo-

30 2202 119 2236 luisti
142 2210 174 2236 te
196 2203 383 2246 patefacere
405 2206 506 2236 misso
535 2205 633 2242 Filio3
661 2209 711 2239 vis
733 2219 792 2250 per
813 2221 865 2242 me
887 2212 1001 2243 redimi

30 2257 136 2290 genua
159 2245 352 2286 humanum,
375 2249 426 2279 vis
449 2259 500 2280 me
524 2248 593 2280 fieri
616 2251 778 2283 victimam
801 2259 834 2284 et
855 2252 1000 2295 placato·

29 2299 116 2321 rem:
139 2289 224 2319 Ecce
240 2290 414 2329 ylorificavi
433 2295 462 2320 te
480 2302 572 2330 super
590 2296 711 2328 terram,
732 2299 761 2324 et
773 2297 896 2334 perfeci
913 2307 999 2337 opus,

29 2333 113 2372 quod
135 2332 255 2362 declini
277 2333 360 2368 milti,
380 2337 415 2363 tit
432 2335 581 2372 facerem:
604 2336 636 2366 id
660 2343 722 2374 est,
743 2337 904 2379 complevi
928 2350 1001 2372 cur*

29 2384 102 2407 sum
119 2385 212 2407 meae
234 2377 429 2415 vocationis,
451 2377 641 2417 praedicavi
659 2378 882 2421 Evangelium‚
901 2388 933 2414 et
951 2381 1000 2414 of-

30 2415 101 2449 fero
129 2428 181 2450 me
210 2419 272 2450 iam
302 2420 343 2450 ad
371 2421 570 2460 patiendum.
626 2420 841 2455 Praeteritum
871 2431 998 2467 tempus

29 2466 83 2491 est
102 2460 351 2503 intelligendum
369 2472 442 2493 cum
461 2463 601 2504 quadam
619 2463 847 2506 Synecdoche.
894 2467 1000 2510 Signi-

29 2501 107 2534 ficat
135 2513 174 2534 se
200 2504 263 2535 iam
292 2514 368 2536 esse
395 2515 500 2546 prope
528 2505 635 2537 finem.
689 2507 780 2538 Nunc
800 2511 933 2539 vicissim
955 2522 1000 2542 me

28 2544 187 2584 glorificat
209 2546 241 2577 id
264 2553 330 2585 est,
352 2548 471 2579 adiuva
494 2558 557 2586 me,
580 2559 622 2580 ne
645 2552 855 2583 succumbam
877 2553 909 2584 in
932 2553 997 2586 1100

27 2597 151 2629 agone:
186 2595 236 2627 et,
269 2592 395 2620 resticue
428 2591 502 2620 milei
533 2591 665 2629 slloriam
699 2598 868 2629 aeternam,
908 2605 996 2635 qnam

29 2630 115 2668 apud
143 2635 173 2661 te
200 2631 307 2667 habuit,
337 2637 498 2674 antequam
521 2635 650 2664 mundus
672 2637 865 2667 conderetur.
911 2638 995 2671 111110

182 2699 326 2719 net-nom.
335 2701 414 2721 OPEss
431 2702 494 2722 VOL.
507 2702 577 2721 xm

1969 196 2032 228 626

1062 288 1220 330 sequitur,
1242 289 1271 319 si
1294 286 1395 318 Filius
1418 286 1477 320 suit
1500 295 1576 320 ante
1599 291 1708 321 mundi
1733 291 1942 329 creationem,
1966 301 2032 323 non

1062 337 1112 362 est
1141 337 1308 362 creatura:
1338 331 1430 367 item,
1461 337 1511 361 est
1534 331 1806 372 hyphistamenou
1838 335 1934 365 etiam
1956 342 2032 366 ante

1062 374 1334 406 incarnationem:
1358 373 1498 414 denique
1522 380 1573 404 est
1596 374 1700 406 Deus.

1147 416 1274 447 Deinde
1302 417 1410 457 pergit
1438 415 1622 456 explicare,
1650 419 1767 458 quibus
1790 420 1890 450 rebus
1914 417 2031 461 glorifi-

1062 459 1186 491 caverit
1204 465 1341 500 patrem,
1359 458 1496 493 scilicet,
1513 460 1588 500 quia
1611 459 1824 502 Evangelium
1847 472 1887 492 ex
1909 471 2032 494 arcano

1062 502 1136 533 sinu
1166 502 1274 533 Patris
1305 500 1486 543 prolatum,
1515 502 1684 533 tradiderit
1708 502 1880 546 Apostolis
1905 510 1936 535 et
1959 504 2032 536 aliis

1062 545 1267 576 auditoribus
1296 545 1385 582 suis,
1414 550 1445 576 et
1473 545 1635 575 addiderit
1666 547 1850 577 testimonia
1873 548 2032 586 miranda,

1062 588 1333 619 resuscitationes
1366 593 1587 626 mortuorum,
1621 594 1654 618 et
1686 588 1751 620 alia
1784 599 1868 630 quae
1900 591 2032 621 convin-

1062 637 1157 669 cunt,
1191 630 1276 662 hane
1310 631 1492 661 doctrinam
1526 640 1638 661 veram
1668 640 1755 662 esse.
1811 631 1963 670 Patefeci,
1987 634 2033 663 in-

1062 674 1147 713 quit,
1176 683 1282 703 nonum
1306 677 1402 703 tuum:
1432 673 1549 713 Sparsi
1573 673 1754 704 doctrinam
1779 674 1820 705 de
1842 680 1892 711 te,
1917 673 1978 705 feei
2002 682 2034 706 te

1063 720 1186 747 notum.
1248 715 1288 747 Et
1324 715 1378 747 hic
1411 717 1525 747 inserit
1559 716 1815 757 descriptionem
1849 716 2034 757 Ecclesiae,

1063 768 1146 799 quae
1177 759 1297 799 accipit
1327 758 1526 797 doctrinam,
1554 758 1640 788 Dedi
1666 759 1851 792 hominibus,
1880 770 1956 799 quos
1983 761 2033 790 de-

1062 801 1141 830 disti
1163 801 1236 830 mila·
1257 811 1273 831 e
1295 802 1427 835 mundet
1461 803 1507 831 tm·
1527 806 1630 835 erant,
1665 806 1694 831 et
1722 802 1795 831 milu‘
1824 802 1943 832 dedisti
1971 813 2033 837 eos,

1062 847 1091 872 et
1121 854 1284 873 sermonem
1313 849 1396 874 tunm
1423 848 1595 874 servarunt:
1625 845 1654 875 id
1686 851 1754 882 est,
1789 843 1833 875 illi
1857 855 1935 877 vere
1959 853 2034 877 sunt

1063 884 1176 924 electi,
1210 888 1264 928 qui
1293 886 1458 929 accipiunt
1487 888 1624 918 verbum
1648 894 1755 926 tuum,
1790 894 1822 919 et
1845 889 2034 920 custodiunt

1061 927 1141 960 illud
1166 929 1230 960 tide
1253 936 1285 961 et
1307 931 1395 961 bona
1417 931 1631 961 conscientia.

1148 971 1222 1003 Non
1247 974 1332 1004 enim
1355 971 1506 1015 legaliter
1528 972 1660 1014 phrasis
1684 972 1897 1015 intelligenda
1921 980 1971 1005 est
1994 975 2034 1006 de

1060 1014 1264 1056 perfectione
1297 1016 1503 1047 obedientiae
1537 1025 1618 1057 erga
1646 1014 1774 1058 legem,
1808 1016 1867 1048 sed
1890 1015 2034 1058 loquitur

1062 1058 1102 1088 (le
1125 1056 1324 1099 Evangelio,
1355 1059 1442 1100 quod
1470 1059 1513 1089 ita
1544 1065 1696 1089 servatur
1721 1069 1794 1091 eum
1818 1060 2034 1100 apprehendi·

1061 1106 1114 1131 tur
1143 1100 1224 1138 fide,
1257 1107 1289 1132 et
1317 1107 1490 1132 exercetur
1513 1102 1543 1132 in
1568 1102 1796 1140 invocatione,
1831 1108 1862 1133 et
1885 1103 1926 1133 ad
1950 1103 2033 1134 alios

1061 1141 1199 1174 fideliter
1219 1150 1437 1185 propagatur,
1467 1154 1540 1175 cum
1563 1145 1672 1176 studio
1695 1145 1854 1177 retinendi
1878 1146 2034 1177 iustitiam

1062 1186 1168 1217 bonae
1193 1187 1427 1218 conscientiae.
1473 1186 1528 1218 Sie
1551 1197 1673 1229 arguo:

1188 1228 1285 1258 Nemo
1309 1231 1466 1268 satisfacit
1489 1229 1564 1269 leyi:

1188 1271 1276 1310 Eryo
1298 1272 1347 1301 illi
1368 1283 1428 1302 71οη
1450 1276 1610 1302 servarunt
1632 1283 1802 1303 sermonem.

1146 1313 1357 1356 Respondeo.
1409 1315 1484 1347 Non
1516 1323 1566 1346 est
1596 1315 1840 1357 intelligendum
1871 1316 2032 1359 legaliter,

1061 1357 1120 1387 sed
1147 1356 1359 1398 Evangelice.
1416 1358 1576 1400 Loquitur
1605 1359 1645 1389 de
1675 1360 1824 1390 custodia
1852 1367 1884 1391 et
1906 1360 2032 1401 profes-

1060 1400 1154 1431 sione
1178 1409 1276 1431 verae
1299 1401 1486 1437 doctrinae,
1511 1401 1542 1432 in
1567 1401 1631 1433 fide
1655 1408 1687 1433 et
1710 1403 1796 1433 bona
1819 1404 2030 1434 conscientia.

1060 1442 1202 1473 Servare
1223 1453 1428 1482 sermonem,
1458 1454 1524 1475 non
1552 1444 1718 1486 significat
1740 1445 1793 1476 hic
1816 1446 1919 1485 idem,
1943 1447 2031 1487 quod

1059 1485 1091 1514 in
1115 1485 1202 1516 dicto
1226 1484 1284 1515 illo
1307 1484 1421 1527 legali:
1444 1486 1632 1516 Alalcdictus
1654 1489 1768 1525 omnis,
1792 1490 1846 1527 qui
1867 1499 1928 1518 non
1951 1500 2031 1518 man-

1059 1528 1134 1556 serit
1159 1529 1191 1556 in
1220 1528 1371 1563 omnibns,
1404 1539 1482 1569 quae
1509 1533 1579 1559 suut
1608 1531 1727 1569 scripta
1757 1532 1789 1559 in
1811 1530 1884 1570 [eye.
1940 1531 2031 1563 Haec

1059 1580 1125 1601 non
1153 1569 1355 1611 intelligunt,
1389 1572 1443 1613 qui
1472 1582 1538 1602 non
1566 1579 1642 1603 sunt
1666 1578 1758 1605 recte
1787 1574 1941 1612 instituti,
1975 1575 2029 1616 qui

1059 1622 1124 1643 11011
1155 1611 1339 1654 intelligunt
1367 1613 1432 1656 legi
1462 1625 1528 1645 non
1558 1616 1720 1656 praestari
1748 1616 1781 1647 in
1807 1615 1871 1648 hac
1895 1617 1960 1648 vita
1983 1619 2029 1649 in-

1059 1661 1185 1697 tegram
1205 1656 1436 1695 obedientiam,
1456 1658 1510 1698 qui
1529 1658 1681 1699 ignorant
1697 1657 1829 1699 placere
1840 1659 1912 1691 Deo
1933 1661 2028 1691 etiam

1058 1698 1297 1730 inchoationem
1322 1699 1528 1731 obedientiae
1551 1707 1686 1742 propter
1708 1700 1831 1733 Filium.

1142 1739 1195 1771 De
1222 1740 1284 1772 hac
1313 1741 1531 1783 explicatione
1560 1741 1706 1775 solemus
1734 1744 1828 1785 plura
1858 1745 1966 1776 dicere
1996 1747 2027 1777 in

1056 1784 1262 1823 expositione
1284 1785 1361 1816 (licii
1382 1784 1487 1817 illius:
1510 1786 1548 1815 Si
1568 1788 1637 1826 quis
1659 1786 1767 1826 diliqit
1789 1798 1844 1826 me,
1866 1798 2029 1818 sermonem

1057 1836 1149 1856 tticum
1171 1827 1317 1861 servabit,
1352 1832 1382 1857 et
1406 1832 1500 1867 pater
1529 1839 1609 1858 meus
1631 1829 1744 1869 de'liyet
1766 1840 1845 1865 eum,
1880 1833 2029 1861 veniemus

1056 1869 1100 1897 ml
1122 1880 1201 1904 eum,
1236 1873 1266 1900 et
1294 1873 1477 1901 mansionem
1501 1873 1587 1913 apud
1610 1883 1674 1901 eum
1694 1874 1852 1910 studemus.
1911 1874 2027 1906 Nonne

1056 1913 1200 1954 cogitaS,
1225 1913 1289 1944 hoc
1312 1914 1433 1946 dictum
1458 1925 1534 1946 esse
1558 1914 1690 1947 inutile?
1735 1917 1819 1951 Quia
1843 1918 1891 1948 sie
1914 1918 2025 1948 obiicit

1053 1955 1109 1986 tibi
1133 1954 1204 1986 lex:

1139 1998 1269 2028 Servare
1287 2010 1461 2037 sermonem,
1486 2005 1530 2030 est
1553 2011 1673 2030 servare
1697 2001 1809 2041 leyem:

1140 2040 1210 2080 Eyo
1233 2052 1293 2071 non
1315 2053 1403 2072 servo
1426 2043 1538 2083 leyem:

1139 2083 1227 2123 Eryo
1249 2084 1330 2114 m'lu'l
1349 2086 1393 2115 ad
1414 2097 1459 2115 me
1476 2088 1613 2126 pertinet
1634 2087 1691 2117 illa
1709 2090 1885 2126 munninio.

1138 2125 1346 2168 Respondeo.
1382 2129 1476 2170 Nego
1489 2130 1657 2161 Maiorem.
1692 2130 1822 2162 Dictum
1839 2130 1918 2162 illud
1931 2130 2023 2163 Chri-

1053 2170 1108 2207 sti,
1126 2180 1192 2201 non
1216 2177 1267 2202 est
1285 2171 1406 2202 dictum
1431 2171 1553 2215 legale:
1575 2183 1683 2215 neque
1706 2180 1757 2204 est
1778 2174 1864 2205 idem
1886 2184 2023 2207 servare

1052 2210 1176 2254 legem,
1209 2219 1241 2244 et
1270 2223 1407 2246 servare
1437 2225 1620 2247 sermonem
1651 2215 1782 2247 Christi.
1839 2216 1887 2249 Tu
1917 2217 2021 2249 debes

1053 2256 1156 2293 scire,
1190 2262 1223 2287 te
1250 2266 1386 2289 servare
1413 2268 1597 2290 sermonem
1627 2258 1760 2290 Christi:
1795 2260 1869 2290 ideo
1893 2270 1966 2291 cum
1988 2261 2021 2291 in

1052 2298 1180 2330 Minore
1203 2299 1334 2331 dicitur:
1367 2300 1438 2341 Eyo
1461 2312 1520 2331 non
1543 2312 1644 2330 servo:
1674 2302 1875 2342 respondere
1903 2303 2020 2334 debes=

1051 2351 1164 2372 verum
1187 2349 1237 2373 est
1261 2343 1302 2374 de
1324 2341 1415 2385 lege,
1445 2349 1477 2376 et
1504 2345 1632 2386 quidem
1656 2343 1807 2385 legaliter
1828 2351 1950 2377 tantum
1973 2346 2021 2377 in-

1051 2383 1184 2416 tellecta
1213 2385 1285 2417 sine
1314 2385 1582 2427 interpretatione
1611 2385 1696 2429 legis
1718 2385 1936 2430 Evangelica,
1959 2389 2019 2420 sed

1050 2437 1150 2458 servo
1179 2427 1397 2470 Evangelice:
1433 2430 1526 2462 disco
1560 2436 1592 2461 et
1617 2428 1800 2471 amplector
1826 2431 2019 2470 doctrinam,

1049 2468 1156 2501 habeo
1180 2470 1271 2502 initia
1295 2471 1386 2509 fidei,
1409 2471 1469 2503 llla
1491 2473 1577 2503 bona
1601 2473 1805 2504 conscientia
1826 2473 1996 2516 profiteor.

1134 2513 1225 2545 Haec
1247 2515 1409 2545 sententia
1431 2513 1613 2546 clarissime
1636 2515 1743 2553 docet,
1772 2526 1886 2548 omnes
1909 2527 2018 2548 aman·

1049 2561 1099 2587 tes
1124 2563 1157 2587 et
1184 2555 1442 2597 complectentes
1473 2558 1673 2596 doctrinam,
1704 2558 1862 2590 docentes
1890 2569 1930 2591 ac
1953 2560 2017 2591 dis·

1048 2604 1163 2629 centes
1187 2609 1264 2630 esse
1287 2598 1451 2631 domicilia
1474 2599 1552 2633 Dei.
1577 2606 1609 2631 et
1631 2611 1711 2632 vera
1733 2602 1878 2634 membra
1901 2601 2016 2635 Eccle-

1046 2641 1129 2678 siae,
1146 2648 1178 2672 et
1202 2643 1342 2682 pertinet
1364 2641 1447 2673 hacc
1470 2644 1632 2675 sententia
1647 2644 1690 2675 ad
1706 2643 1865 2686 singulos.
1912 2644 2014 2677 Unus-

1781 2706 1813 2729 40
