2324 2958
236 173 302 206 703

238 270 348 321 Quid
376 270 591 325 significat,
631 267 743 324 quod
778 283 832 310 ex
861 269 970 310 bove
997 274 1216 310 nascuntur
1238 263 1243 307 Ξ

663 345 791 401 apes?

334 2360 471 2397 Fortes,
495 2357 691 2399 magnanimi
714 2356 794 2394 viri,
819 2362 849 2386 et
874 2354 1045 2395 Principes
1070 2354 1147 2384 boni
1171 1746 1253 2384 del

250 2406 327 2435 bent
357 2402 476 2434 tollere
506 2398 724 2432 latrunculos.
780 2397 934 2430 Officium
964 2398 1039 2429 boni
1065 2397 1225 2437 Principis
1250 2415 1253 2421 ·

249 2454 315 2485 cst,
339 2447 504 2477 devorare
527 2443 643 2485 lupos,
673 2442 900 2479 insidiatores,
930 2439 1097 2478 latrones,
1121 2439 1224 2471 sures.

250 2489 403 2521 Christus
434 2494 485 2519 est
515 2485 588 2525 leo,
617 2494 650 2517 ct
673 2486 812 2517 destruit
836 2495 973 2526 regnum
998 2483 1079 2525 lupi:
1110 2483 1141 2514 id
1165 2488 1227 2519 est,

252 2531 400 2570 Diaboli,
434 2532 519 2562 idem
554 2531 740 2560 nominatur
774 2534 806 2559 et
842 2526 957 2560 sortis,
992 2534 1023 2559 et
1059 2525 1155 2558 talem
1189 2536 1227 2557 se

251 2576 397 2608 ostendit
421 2574 575 2605 Christus
598 2582 779 2614 resurgens
804 2581 844 2602 ex
868 2576 982 2602 morte,

323 437 393 469 Bos
415 436 476 469 suit
498 437 673 469 ordinatus
699 436 742 468 ad
772 434 955 467 sacrificia:
982 434 1060 467 ideo
1088 432 1215 476 signifi-

237 487 291 514 cat
324 479 510 518 christum,
545 479 600 522 qui
632 478 741 511 sactus
776 484 829 510 est
858 478 1002 510 victima.
1059 476 1145 508 Nam
1174 486 1216 508 ex

237 522 371 556 Christo
405 528 537 554 mortuo
566 522 718 554 nascitur
745 520 918 559 Ecclesia,
952 519 1108 551 Christus
1131 519 1216 550 revi-

235 567 334 598 viscit
362 571 395 597 et
424 565 529 608 gignit
556 575 693 596 examen
717 567 834 606 a'pum,
860 564 893 594 id
917 567 988 600 est,
1015 560 1213 594 Ecclesiam.

235 608 326 640 Idem
349 607 518 651 significat
545 613 644 650 typus
672 606 779 640 leonis
808 606 943 645 mortui,
971 615 1013 637 ex
1040 614 1107 647 quo
1135 604 1216 636 vidit

236 651 380 683 Samson
402 650 496 682 nasci
520 660 612 693 apes.

293 816 410 868 Quae
443 823 506 857 est
535 814 794 870 significatio,
825 813 936 869 quod
965 827 1018 853 ex
1047 812 1165 853 mulis

487 898 706 933 nascuntur
733 890 966 932 scarabaei?

322 984 405 1017 Muli
427 983 616 1026 significant
639 981 836 1015 Monachus.
887 980 937 1012 Ex
959 979 1012 1011 his
1035 978 1118 1011 fiunt
1139 988 1215 1021 pes-

237 1029 311 1060 simi
341 1028 552 1070 hypocritae:
585 1026 672 1057 sicut
701 1025 837 1063 videtis,
872 1034 971 1066 quam
1000 1021 1047 1054 illi
1077 1023 1144 1054 sint
1167 1024 1215 1053 in·

236 1069 313 1103 festi
331 1081 433 1102 verae
452 1070 632 1101 doctrinae.
677 1066 772 1100 Multi
789 1066 946 1098 Monachi
964 1065 1043 1097 olim
1059 1066 1093 1097 in
1111 1066 1216 1107 prima

237 1112 393 1147 Ecclesia
421 1112 552 1145 suerunt
583 1112 643 1143 viri
672 1111 798 1149 sancti,
827 1110 888 1141 sed
917 1119 1006 1141 nunc
1030 1109 1215 1150 degeneres

238 1158 293 1189 isti
320 1163 353 1188 et
381 1156 508 1188 cornuti
538 1154 712 1186 scarabaei
743 1159 893 1196 pungunt
922 1158 1014 1183 recte
1042 1152 1215 1189 docentes,

237 1207 314 1233 sunt
332 1200 556 1241 inquisitores,
575 1204 608 1230 et
622 1197 808 1240 parricidae
825 1194 1001 1227 multorum
1013 1199 1215 1226 sanctorum.

361 1363 425 1405 Ex
454 1363 567 1418 equis
597 1367 815 1403 nascuntur
844 1358 1089 1400 crabrones?

325 1455 440 1498 Equus
474 1461 525 1486 est
558 1451 679 1485 animal
714 1461 914 1493 generosum
945 1457 978 1482 et
1007 1447 1217 1481 bellicosum.

239 1499 452 1541 Significatur
475 1508 515 1529 ex
538 1507 619 1528 vera
638 1495 807 1527 nobilitate
826 1495 919 1525 nasci
939 1494 1132 1525 crabrones.
1177 1491 1217 1522 Hi

240 1549 316 1574 sunt
338 1540 396 1573 illa
418 1542 626 1579 degenerans
648 1538 817 1576 nobilitas,
840 1543 875 1569 ut
898 1537 1076 1568 thrasones
1100 1533 1218 1566 tumul·

239 1592 400 1617 tuatores.
453 1583 548 1616 Multi
578 1581 635 1614 filii
665 1581 1026 1623 praestantissimorum
1057 1577 1219 1610 nobilium

241 1635 317 1660 sunt
341 1628 541 1665 crabrones,
568 1625 786 1668 praedantur,
814 1623 1072 1660 latrocinantur,
1097 1626 1220 1653 vexant

241 1672 382 1704 miseros
405 1670 569 1702 homines:
593 1679 659 1700 non
682 1674 733 1700 est
756 1668 787 1699 in
813 1667 861 1699 eis
884 1666 1000 1697 virtus.

327 1713 377 1745 Ex
406 1713 470 1744 hac
498 1713 598 1755 igitur
626 1711 766 1754 physica
795 1710 1061 1742 consideratione
1089 1712 1219 1748 sumpta

243 1765 294 1790 est
324 1758 475 1799 quaestio
506 1754 710 1793 convivalis,
743 1764 841 1796 quam
865 1752 1040 1794 proposuit
1064 1751 1218 1788 Samson,

243 1802 284 1832 de
316 1800 513 1837 comedente,
547 1799 577 1830 id
609 1804 680 1835 est,
713 1795 809 1828 leone
835 1796 950 1838 rapaci
979 1803 1139 1836 egressus
1167 1798 1220 1824 est

244 1845 350 1875 cibus.
402 1842 473 1874 Leo
504 1848 555 1873 est
583 1839 702 1873 animal
732 1850 856 1881 rapax,
884 1845 916 1870 et
942 1844 1053 1869 tamen
1076 1837 1220 1868 abstinet

244 1888 286 1919 ab
310 1886 453 1918 humana
477 1894 596 1922 carne,
620 1884 681 1915 nisi
705 1884 748 1914 sit
770 1881 868 1914 valde
890 1880 1082 1918 famelicus,
1110 1879 1221 1921 impri-

244 1931 305 1961 mis
329 1935 438 1960 autem
461 1934 598 1959 venatur
627 1926 743 1967 lupos,
770 1932 806 1956 ut
835 1931 887 1957 est
914 1924 1001 1966 apud
1033 1921 1221 1965 Virgilium:

248 1973 358 2003 Torva
380 1973 491 2002 leaena
513 1972 620 2011 lupum
648 1970 810 2010 sequitur,
838 1969 932 2009 lupus
961 1968 1031 2008 ipse
1053 1967 1220 2007 capellam.

247 2016 343 2057 Apud
366 2014 578 2045 Theocritum
601 2019 668 2044 cst:
695 2012 720 2042 ‘A
744 2012 796 2050 αἲξ
817 2011 868 2042 τὸν
889 2010 1024 2048 κύτισον,
1046 2009 1073 2049 χ’
1097 2009 1113 2040 ὁ
1137 2009 1221 2044 λύκος

244 2058 296 2089 πᾶν
328 2057 398 2097 αἶγα
429 2057 538 2089 διώκει.
596 2054 766 2098 Vergilius
796 2065 858 2086 Suo
888 2054 986 2085 modo
1017 2053 1112 2084 vessit
1134 2051 1223 2084 hunc

245 2112 388 2133 versum.

249 2269 405 2310 Leones
438 2267 566 2307 edunt
602 2266 736 2320 lupos,
778 2278 882 2318 quac
914 2270 976 2303 cst
1005 2261 1224 2317 allegoria?

865 170 979 204 PHIL.
1001 170 1107 205 MEL-
1133 169 1322 205 SCRIPTA
1343 168 1608 203 memma

1422 264 1522 317 Quo
1545 272 1730 323 tempore
1758 266 1863 308 vixit
1892 263 2089 310 Samson?

1353 356 1466 399 Saepe
1487 357 1626 396 auditis,
1653 363 1803 399 tempora
1824 356 1937 390 mundi
1959 365 2147 402 congruunt
2168 369 2244 393 cum

1267 399 1373 432 tribus
1394 401 1550 442 potentiis
1573 401 1716 433 animae:
1747 399 1857 433 Prima
1882 406 1977 433 aetas
2004 400 2119 434 habuit
2140 402 2245 435 homi-

1267 453 1327 475 nes
1350 444 1634 484 sapientissimos,
1663 449 1698 475 et
1718 442 1828 476 studia
1850 443 2043 485 sapientiae.
2086 444 2245 478 inventae

1267 491 1346 517 sunt
1375 491 1454 518 tunc
1482 492 1587 518 artes:
1621 485 1781 518 Homines
1810 486 1980 518 certarunt
2008 487 2094 519 inter
2123 498 2162 520 se
2189 498 2244 521 aa·

1266 529 1404 570 pientia:
1428 528 1514 564 Quia
1535 530 1688 572 regnavit
1709 535 1789 561 tunc
1812 528 1994 569 ἧγημονιιὲόν.

1352 571 1386 602 2.
1419 570 1576 603 Secunda
1597 578 1692 604 aetas
1715 570 1872 604 excelluit
1893 572 2034 615 θυριαςῖ,
2063 570 2126 605 suit
2149 579 2244 606 aetas

1265 613 1412 646 heroica.
1456 613 1492 645 ln
1514 613 1571 646 illa
1593 620 1700 647 aetate
1722 613 1855 646 suerunt
1878 613 2076 647 bellatores:
2099 616 2244 649 Samson

1266 655 1325 689 luit
1347 655 1483 688 Herculi
1506 663 1706 690 coaetaneus
1728 664 1805 689 ante
1836 666 1973 700 regnum
2002 657 2116 690 lsrael.
2161 659 2244 692 Fuo

1268 705 1344 731 runt
1365 705 1446 733 tunc
1467 698 1560 732 multi
1581 706 1791 742 praestantes
1813 701 1884 732 viri.
1940 699 2015 732 Non
2044 700 2140 732 solus
2162 701 2244 734 Hel-

1269 741 1362 774 cules
1391 741 1451 774 suit
1480 743 1531 774 vir
1557 741 1652 775 sortis
1675 753 1737 775 suo
1761 750 1919 785 tempore.
1975 743 2121 775 Fuerunt
2143 745 2244 776 etiam

1268 791 1347 817 tunc
1376 786 1442 817 duo
1470 783 1516 817 illi
1538 783 1678 824 fratres,
1711 785 1870 818 Telamon
1899 791 1930 817 et
1958 785 2097 823 Peleus,
2128 789 2159 816 et
2188 783 2244 816 alii

1267 827 1357 859 multi
1381 839 1423 860 ex
1447 828 1607 867 Graecia,
1635 827 1736 871 longe
1757 829 2018 871 praestantiores
2041 825 2116 858 aliis
2138 825 2243 858 homi-

1267 871 1382 902 nibus:
1415 871 1513 902 etiam
1546 871 1602 908 iis,
1637 872 1691 911 qui
1724 879 1813 900 nunc
1845 875 1923 900 sunt
1955 869 2244 910 praestantissimi.

1267 913 1325 945 Sic
1347 913 1379 943 in
1402 912 1539 947 ludaea,
1567 913 1599 943 in
1621 910 1812 943 Palaestina
1834 910 1967 943 luerunt
1988 912 2050 943 w‘ri
2071 918 2245 954 praestan-

1267 961 1335 991 tes;
1357 961 1393 987 ut
1416 954 1596 997 GiganteS,
1627 953 1777 992 Goliam,
1805 953 1968 992 Samson,
1995 954 2087 986 cuius
2106 953 2167 987 suit
2189 965 2244 987 ex*

1268 996 1394 1029 cellens
1418 999 1531 1030 robur.
1566 998 1731 1029 Samsone
1749 995 1808 1028 fuit
1825 995 1994 1038 aliquanto
2012 997 2119 1028 minor
2135 1003 2245 1029 aetate

1266 1040 1394 1079 David,
1435 1046 1467 1072 et
1506 1041 1576 1072 eius
1615 1041 1731 1072 duces.
1793 1038 1905 1071 David
1943 1038 2004 1071 fuit
2042 1045 2245 1072 coaetaneus

1266 1082 1398 1115 Achilli.
1442 1083 1517 1115 Non
1539 1081 1672 1115 suerunt
1694 1089 1773 1114 tunc
1795 1082 1841 1113 ita
1862 1082 1990 1125 ignavi,
2021 1083 2110 1114 addo
2135 1083 2246 1121 etiam,

1268 1136 1336 1158 non
1363 1127 1413 1158 sic
1440 1125 1578 1164 infirmi,
1611 1132 1645 1158 et
1666 1124 1870 1164 imbecilles,
1902 1126 1993 1157 utin
2020 1123 2087 1158 hac
2108 1131 2246 1158 senecta

1267 1175 1393 1201 nostra.

1354 1211 1385 1243 3.
1419 1210 1486 1242 lam
1508 1216 1628 1253 regnat
1650 1209 1878 1249 ἐπιθυμητικόν.
1929 1209 2071 1247 Quando
2095 1211 2246 1243 homines

1268 1260 1464 1292 senescunt,
1495 1260 1658 1295 quaerunt
1687 1251 1955 1295 tranquillitatem
1982 1258 2014 1284 ct
2045 1251 2247 1295 voluptates,

1268 1297 1355 1328 sicut
1377 1296 1541 1328 Homerus
1565 1296 1653 1327 dicit:

1362 1365 1403 1371 —
1428 1364 1469 1370 -—-
1492 1364 1534 1369 -
1556 1348 1621 1377 ἐπεὶ
1645 1345 1782 1377 λούσαιτο
1806 1345 1897 1387 φάγοι
1918 1358 1966 1381 τε,

1362 1389 1518 1428 εὑδέμεναι
1537 1389 1680 1428 μαλακῶς
1703 1387 1720 1427 ἦ
1743 1387 1800 1430 γὰρ
1824 1387 1892 1427 δίκη
1914 1390 1977 1420 ἐστὶ
1999 1387 2151 1430 γερόντων.

1269 1441 1303 1473 id
1331 1447 1401 1479 est,
1430 1440 1603 1480 Postquam
1625 1440 1754 1475 laverit,
1784 1439 1945 1475 comedat,
1969 1443 1999 1470 et
2020 1439 2156 1470 molliter
2176 1439 2248 1469 ὼν»

1269 1486 1356 1518 miat,
1375 1488 1405 1514 et
1422 1485 1463 1513 sit
1481 1485 1547 1512 sine
1566 1483 1755 1513 mciatibus
1778 1485 1883 1513 animi.
1928 1482 1977 1514 lta
1998 1483 2032 1514 in
2054 1481 2118 1514 hac
2139 1487 2250 1515 aetatu

1270 1527 1393 1566 mundi,
1416 1536 1502 1568 quae
1525 1533 1576 1558 est
1598 1524 1714 1558 similis
1736 1532 1906 1564 senectae,
1928 1524 2080 1558 homines
2102 1531 2181 1557 sunt
2203 1525 2249 1557 in-

1271 1570 1372 1608 firmi,
1395 1568 1593 1602 delabuntur
1615 1570 1658 1601 ad
1681 1567 1888 1611 voluptates3
1910 1579 1977 1600 non
2001 1574 2053 1600 est
2074 1567 2132 1600 illa
2154 1578 2250 1610 pruo-

1270 1613 1394 1645 stantia
1416 1613 1558 1644 virtutis.
1602 1613 1719 1645 Nostri
1749 1611 1900 1643 homines
1929 1621 1996 1643 non
2023 1618 2166 1653 possunt
2194 1621 2249 1643 su-

1271 1657 1395 1688 stinere
1417 1654 1570 1694 labores,
1594 1666 1678 1697 quos
1701 1653 1778 1686 olim
1802 1655 1941 1687 Romani
1964 1655 2205 1686 sustinuerunt.

1357 1698 1472 1730 Redeo
1496 1699 1538 1730 ad
1561 1698 1705 1738 θυμικὸν,
1721 1699 1763 1729 ad
1783 1703 1925 1730 aetatem
1943 1696 2122 1728 heroicam.
2163 1699 2250 1729 Suu>

1272 1753 1335 1775 son
1368 1743 1491 1773 missus
1526 1748 1596 1780 est,
1632 1747 1667 1773 ut
1703 1741 1858 1772 liberaret
1892 1738 2061 1782 populum.
2124 1740 2250 1771 Omne·

1272 1792 1381 1817 autem
1403 1783 1479 1816 illae
1502 1783 1695 1826 corporales
1719 1782 1933 1815 liberationes
1962 1782 2100 1818 fiebant,
2130 1788 2165 1813 ut
2187 1780 2250 1814 Eo-

1271 1827 1376 1904 {leis
1405 1826 1637 1870 colligeretur,
1671 1827 1747 1869 quia
1776 1825 1832 1858 ille
1860 1824 1955 1858 locus
1985 1823 2046 1858 fuit
2073 1825 2250 1867 hospitium

1302 1882 1340 1904 cc
1356 1881 1457 1904 esrae.

1481 2036 1551 2077 De
1586 2035 1722 2076 dicto
1760 2034 1937 2076 Esaiae
1975 2039 2038 2077 Η.

1521 2109 1633 2141 Gentes
1655 2109 1699 2140 ad
1720 2120 1785 2140 eum
1807 2109 1996 2149 conficye'ent.

1362 2186 1396 2219 ln
1424 2187 1490 2219 hoo
1516 2187 1622 2226 dicto,
1654 2187 1743 2229 quod
1768 2185 1891 2218 Paulus
1915 2186 1967 2218 his
1992 2187 2103 2218 verbis
2126 2186 2253 2225 recitat,

1279 2231 1390 2262 Gentes
1412 2232 1443 2259 in
1467 2240 1532 2260 eum
1553 2231 1730 2270 sym-abunt.
1754 2229 1883 2262 inclusa
1906 2237 1957 2261 est
1980 2228 2174 2262 dulcissima
2196 2230 2254 2261 do—

1278 2275 1394 2306 ctrina.
1446 2273 1533 2305 Dicit
1557 2273 1743 2306 Ecclesiam
1768 2272 1987 2315 colligendam
2011 2283 2087 2304 esse
2110 2283 2150 2304 ex
2175 2282 2254 2316 gen·

1279 2318 1384 2353 tibus;
1408 2324 1439 2348 et
1464 2318 1580 2355 docet,
1610 2315 1716 2359 qualis
1746 2317 1789 2347 sit
1817 2314 1925 2348 cultus
1949 2316 1980 2347 in
2004 2314 2067 2347 hac
2091 2314 2254 2354 Ecclesia,

1278 2360 1432 2392 videlicet
1461 2361 1552 2399 talis,
1585 2361 1640 2402 qui
1670 2359 1876 2401 significatur
1907 2359 2037 2390 nornine
2068 2359 2159 2400 spei,
2193 2367 2255 2391 seu

1279 2403 1364 2435 fidei.
1412 2403 1483 2435 lloc
1512 2411 1621 2435 nutem
1651 2403 1780 2434 nomine
1812 2401 2120 2445 comprehendimus
2144 2410 2255 2434 veram

1280 2448 1498 2485 nffnitionem,
1539 2447 1799 2483 invocationem,
1840 2452 1871 2477 et
1909 2446 2181 2482 conversionem,
2219 2448 2255 2476 ut

1280 2473 1356 2521 aiibi
1381 2490 1512 2521 dicitur:
1538 2490 1643 2519 Omnis
1660 2490 1715 2529 (μα’
1737 2489 1891 2518 int-orabit
1915 2499 2019 2518 nomm
2041 2488 2178 2521 Donn'm'.
2196 2485 2256 2517 ecl-

1282 2544 1333 2562 r-us
1356 2535 1424 2563 ‹vr-ie.
1471 2533 1544 2564 Non
1568 2533 1773 2575 significatur
1796 2531 1905 2564 cultus
1932 2531 2109 2569 Leviticae,
2132 2536 2167 2563 ut
2188 2540 2255 2562 nia·

1282 2577 1381 2607 ctntio
1417 2577 1638 2614 victimarum,
1671 2582 1703 2607 et
1733 2573 1818 2606 alinc
1847 2582 2005 2606 externae
2038 2574 2257 2611 ceremoniae,

1281 2620 1340 2651 scd
1365 2619 1475 2651 cultus
1499 2620 1622 2657 cordis,
1647 2628 1712 2661 quo
1736 2619 1910 2650 eredentes
1933 2623 2128 2659 exspectant
2150 2622 2183 2648 et
2204 2624 2254 2646 ac
