2324 2958
50 154 114 187 253

53 255 86 280 et
107 248 172 279 fide
193 243 342 286 amplecti
365 243 589 274 mediatorem.
623 242 753 273 Scimus
767 240 933 273 Christum
947 251 1024 272 con·

54 292 199 323 stitutum
231 296 307 318 esse
331 286 597 327 propitiatorem,
630 295 690 326 per
714 295 811 325 quem
834 292 865 315 et
889 289 1025 325 propter

55 329 391 376 quem‘fitaudiamur.
436 328 502 359 Iste
530 334 581 359 est
604 337 751 358 summus
775 327 944 358 Sacerdos
968 337 1025 358 no-

55 382 134 414 ster,
164 369 334 414 perferens
369 377 485 402 nostra
508 378 584 402 vota
613 371 656 401 ad
689 376 857 401 aeternum
887 375 1025 410 patrem.

54 419 148 451 Hanc
169 414 370 456 agnitionem
393 413 575 444 voluntatis
588 413 664 450 Dei,
688 419 717 444 et
739 412 892 443 fiduciam
904 412 1024 443 media-

55 461 134 493 toris
154 456 327 489 afferamus
351 457 393 487 ad
416 456 659 497 precationem,
685 461 717 486 et
740 455 924 496 cogitemus
947 464 1026 485 vere

55 500 195 536 exaudiri
217 506 354 531 nostros
378 500 530 540 gemitus,-
555 499 655 539 recipi
678 507 741 529 nos
764 504 899 538 propter
912 496 1025 534 filium,

54 551 87 578 et
105 548 238 585 propter
259 542 347 573 hunc
371 542 442 572 dari
465 542 563 572 nobis
588 543 675 572 bona
697 541 908 578 necessaria,
942 540 1027 570 sicut

51 586 154 628 inquit
175 584 228 616 hic
250 585 322 626 ipse
339 584 523 615 Dominus:
549 584 707 623 Quirqm'd
725 585 884 622 petieritis
902 587 1025 621 patrem

51 632 83 660 in
104 629 221 658 nomine
245 637 325 660 meo,
359 627 449 656 dabit
478 627 572 656 vobis.
619 626 693 657 Huc
714 627 853 667 pertinet
877 632 946 656 tota
969 626 1026 656 do·

51 671 155 706 ctrina
167 671 208 701 de
220 670 432 712 poenitentia,
456 670 497 701 de
509 669 586 708 fide,
609 670 650 701 de
662 669 905 706 iustificatione,
929 678 1027 710 quam

32 723 207 749 ¹exercere
230 713 390 744 debemus
412 713 445 743 in
469 713 556 744 omni
579 713 800 744 invocatione.
836 711 934 747 Quod
953 721 1028 742 cum

50 755 220 794 faciemus,
244 756 450 796 experiemur
472 766 591 796 preces
615 761 748 787 nostras
772 765 838 786 non
862 753 935 786 sore
957 753 1028 784 irri-

50 806 112 832 tas.
162 797 269 828 Turris
287 799 481 836 sbi-tissima,
505 809 611 828 nomen
631 798 775 833 Domini,
805 798 910 838 inquit
934 795 1027 828 Salo-

49 851 136 874 mon.
165 840 207 872 Et
226 841 380 883 8)·Γ3811ε,
396 840 593 881 Laclzrynme
615 841 823 872 ‹lest-endunt.
847 840 903 869 sed
923 841 1028 869 oratio

49 894 118 915 vere
147 885 322 914 invocantis
352 884 504 913 aseendit.
550 884 639 915 ldem
668 884 709 915 de
736 883 928 925 precatione
962 882 1028 913 hoc

48 933 262 970 praeceptum
285 927 381 958 nobis
403 927 600 968 praescribit
623 937 696 968 cap.
720 927 749 957 7.
770 926 805 957 οὐ
825 925 866 964 μή
890 925 1028 965 ὀλιγοψυ-

48 969 150 1011 χῆσεις
177 972 207 1000 ἐν
229 971 386 1011 προσευχῇ
409 980 470 1000 σου.
529 969 640 1005 Quare
665 969 769 1001 dicit?
802 969 878 999 Non
901 968 948 999 sis
971 978 1029 1009 pu-

49 1010 223 1044 sillanimis
256 1013 290 1044 in
325 1012 474 1044 oratione
503 1018 569 1043 tua.
616 1012 763 1053 Opponit
785 1011 850 1042 hoo
879 1011 1029 1053 geminae

49 1055 254 1088 dubitationi.
289 1055 365 1086 Una
387 1061 439 1086 est
461 1061 597 1096 propter
619 1055 844 1096 indignitatem
868 1059 1028 1085 nostram.

49 1096 165 1130 Altera
187 1105 323 1139 propter
347 1098 604 1140 magnitudinem
624 1107 746 1135 rerum,
769 1107 852 1138 quas
875 1097 1028 1137 petimus.

135 1139 281 1172 Primum
305 1141 446 1183 cogitas,
491 1140 564 1181 Ego
588 1150 662 1171 sum
685 1140 786 1171 miser
808 1138 927 1177 homo,
951 1148 1029 1170 con·

48 1183 224 1215 taminatus
247 1182 360 1215 multis
388 1183 555 1224 peccatis,
590 1193 656 1214 non
679 1182 790 1214 habeo
815 1188 905 1213 tanta
929 1182 1029 1218 dona,

49 1226 180 1268 quantis
209 1227 316 1257 ornati
349 1231 426 1257 sunt
447 1224 514 1257 alii.
559 1225 646 1261 Quid
676 1235 757 1267 ergo
781 1230 912 1256 curaret
934 1224 1028 1255 Deus

47 1278 168 1311 preces
191 1269 305 1300 meas?
328 1268 419 1300 Haec
442 1268 602 1300 dubitatio
627 1274 659 1299 ct
682 1267 954 1308 pussillanimitas
977 1272 1029 1298 est

47 1321 205 1353 magnum
222 1317 408 1352 peccatum,
433 1310 517 1346 Quia
539 1311 655 1342 adimis
678 1311 753 1342 Deo
776 1310 909 1342 laudem
931 1310 1028 1341 mise-

49 1354 225 1391 ricordiae,
259 1360 291 1385 et
324 1364 366 1384 ex
388 1354 463 1384 Deo
496 1352 581 1384 facis
614 1354 881 1394 προςωπολῆπτην.
933 1351 1028 1384 Deus

50 1397 205 1428 irascitur
226 1396 374 1437 peccatis
397 1396 430 1426 in
455 1396 620 1433 omnibus,
643 1403 675 1427 et
687 1397 805 1438 recipit
824 1405 938 1426 omnes
951 1405 1030 1426 con—

49 1437 216 1480 fugientes
250 1439 292 1469 ad
315 1437 425 1469 filium.
469 1438 545 1468 Non
568 1438 744 1476 discernit,
778 1438 867 1480 quod
890 1438 932 1468 ad
955 1447 1029 1479 gra-

51 1481 116 1512 tiae
138 1481 392 1522 promissionem
415 1481 549 1518 attinet,
571 1491 712 1523 magnos
736 1492 755 1512 a
778 1481 902 1522 parviS,
924 1478 1028 1511 fortes

50 1524 92 1555 ab
122 1521 358 1561 imbecillibus,
391 1523 559 1563 praeditos
594 1523 722 1566 magnis
756 1523 872 1561 donis,
906 1529 939 1554 et
961 1532 1028 1554 non

48 1566 230 1608 praeditos.

133 1606 265 1638 Deinde
299 1617 373 1638 cum
407 1608 547 1639 vicimus
582 1608 669 1639 hanc
691 1608 915 1646 tentationem,
948 1618 1027 1641 mox

48 1649 113 1683 alia
142 1650 301 1681 dubitatio
335 1659 398 1681 nos
431 1650 533 1691 angit.
578 1650 682 1681 Nimis
717 1650 817 1682 multa
851 1658 883 1682 et
906 1661 1027 1692 magna

50 1698 138 1731 sunt,
161 1702 245 1734 quae
266 1692 363 1733 petis.
407 1691 461 1723 An
485 1693 667 1724 custodiret
690 1692 784 1725 Deus
808 1699 898 1724 tuum
921 1694 1026 1724 sordi-

147 1745 283 1777 corpus,
306 1735 482 1775 praeberet
505 1735 562 1767 tibi
584 1745 716 1776 panem,
738 1736 903 1774 amictum,
925 1745 1025 1777 pecu-

49 1777 146 1816 niam,
181 1784 213 1809 et
246 1776 370 1809 similes
402 1788 522 1820 nugas.
568 1778 669 1817 ltem,
702 1779 790 1814 Quid
812 1785 862 1817 tu,
898 1779 953 1820 qui
988 1789 1024 1810 es

49 1821 191 1853 omnium
212 1820 357 1859 infimus,
378 1821 476 1862 petis,
499 1827 535 1852 ut
558 1821 601 1852 sit
622 1818 847 1862 tranquillitas
869 1820 1025 1863 publica?

132 1862 232 1895 Tales
267 1870 344 1894 sunt
379 1864 598 1905 cogitationes
631 1863 804 1895 humanae.
855 1863 1025 1895 Intuemini

46 1912 184 1948 pectora
205 1912 336 1943 vestra,
367 1912 400 1937 et
422 1907 594 1944 videbitis,
617 1917 679 1938 nos
703 1905 917 1938 circumferre
940 1907 1026 1938 eius-

47 1949 135 1981 modi
169 1949 404 1980 dubitationes.
449 1948 531 1980 Vult
564 1955 673 1981 autem
696 1949 790 1981 Deus
824 1959 892 1981 non
916 1947 1024 1981 excel-

46 2001 120 2023 sum
141 1992 283 2023 animum
307 1991 425 2023 afferre
448 1993 492 2023 ad
503 1993 758 2030 invocationem,
781 1992 924 2031 scilicet,
947 2003 1024 2033 pro·

46 2040 121 2076 pter
153 2035 408 2075 promissionem
442 2035 475 2065 in
506 2034 575 2065 filio
603 2035 700 2066 nobis
734 2035 897 2066 traditam.
942 2033 1024 2066 Vult

45 2087 110 2109 nos
132 2078 268 2109 vincere
291 2076 455 2108 fremitum
473 2082 505 2108 et
529 2077 780 2116 dubitationem,
814 2087 899 2120 quae
922 2079 1024 2109 oritur

45 2128 87 2151 ex
110 2121 315 2163 indignitate.
338 2118 420 2152 Vult
442 2129 504 2151 nos
528 2120 687 2161 cogitare,
709 2126 830 2152 tantam
853 2130 932 2152 esse
945 2131 1023 2162 opu·

43 2161 176 2194 lentiam
199 2170 231 2194 et
255 2163 433 2194 bonitatem
455 2162 529 2200 Dei,
553 2168 589 2194 ut
610 2161 689 2195 velit
710 2165 808 2195 nobis
830 2162 933 2195 multo
955 2174 1023 2195 ma-

43 2205 115 2238 iora
138 2207 226 2237 bona
249 2206 340 2244 dare,
365 2216 463 2246 quam
486 2206 639 2247 petimus.

129 2248 224 2280 Haec
246 2254 323 2280 sunt
346 2248 506 2280 discenda
527 2249 560 2279 in
589 2248 678 2280 veris
701 2249 865 2281 exercitiis
887 2249 1022 2281 invoca-

44 2291 156 2330 tionis,
177 2291 219 2322 Et
242 2291 326 2323 haec
350 2297 427 2323 sunt
451 2291 638 2330 excitanda,
660 2292 757 2324 etiam
776 2293 944 2335 sequentis
956 2291 1022 2324 loci

44 2334 318 2366 consideratione.

347 2498 411 2539 De
445 2506 588 2553 quarto
619 2499 717 2539 loco.

130 2589 229 2622 Pater
256 2595 412 2621 aeternus
442 2587 563 2621 clamat
594 2589 635 2621 de
663 2589 750 2622 filio:
794 2589 857 2619 Hic
875 2593 920 2620 est
938 2590 1021 2629 filius

737 146 954 180 POSTILLA
976 144 1252 178 MELANTHON
1254 144 1330 176 lAN
1332 144 1374 175 A.

1992 143 2056 174 ⁴254

1078 250 1159 269 naeus
1181 239 1325 269 dilectus.
1348 248 1408 276 quo
1432 237 1579 267 delector.
1626 237 1660 268 ln
1686 236 1815 279 vulgari
1839 235 2055 268 translatione

1078 290 1144 314 est:
1180 283 1216 311 In
1251 292 1310 321 quo
1335 280 1527 318 (ὌηιμΙηι-ηἱ,
1562 279 1615 311 vel
1639 282 1669 309 1⁵71
1694 291 1753 319 qno
1777 280 1991 319 complurima-1
2011 283 2056 309 est

1078 325 1165 354 milei:
1185 324 1246 355 Est
1268 323 1443 354 infeliciter
1465 323 1638 361 redditum,
1652 323 1734 358 Quia
1760 329 1789 354 et
1815 323 1972 354 infirmius
1991 329 2055 360 est,

1078 379 1176 409 quam
1210 374 1246 398 ut
1278 367 1419 397 nativam
1443 366 1638 406 sententiam
1661 367 1832 405 exprimat,
1868 372 1899 396 ct
1924 371 1972 395 est
1997 366 2054 396 ob-

1079 421 1234 448 scurum,
1279 410 1372 440 Sicut
1405 407 1561 450 quidquid
1604 406 1744 439 alien'um
1783 415 1832 439 cst
1867 418 1887 439 a
1917 417 2057 438 consue-

1077 454 1189 485 tudine
1234 451 1379 494 linguae,
1425 459 1476 483 est
1524 452 1712 482 obscurum.
1780 451 1850 482 Nos
1898 450 2053 482 Germani

1078 496 1238 528 habemus
1284 496 1348 526 duo
1390 493 1577 532 vocabula,
1622 503 1706 534 quae
1742 500 1818 524 sunt
1863 493 2051 535 significan-

1079 540 1216 570 tissima.
1261 537 1370 570 &aaut
1393 537 1430 576 id)
1455 537 1533 570 irent*
1557 536 1612 568 rub
1636 545 1736 568 monne
1762 537 1844 575 inibe,
1877 537 1910 566 id
1933 543 2002 573 est,
2021 537 2055 566 in

1080 592 1144 623 quo
1179 581 1378 622 acquiesco,
1413 590 1477 621 quo
1501 578 1599 610 valde
1629 577 1795 616 delector,
1829 579 1882 619 qui
1907 585 1957 609 est
1981 588 2055 609 mea

1080 634 1208 655 summa
1242 622 1407 664 voluptas,
1442 622 1529 653 sicut
1557 620 1714 662 Stigelius
1746 622 1867 662 optime
1901 622 2056 652 reddiditt

1079 668 1116 696 Ιη
1140 678 1199 706 quo
1223 666 1345 695 laetitia
1364 669 1418 700 est,
1438 666 1470 694 in
1493 673 1553 704 quo
1572 664 1646 693 ιιι-Ἰιῐ
1668 667 1778 693 sancta
1799 663 1948 702 voluptas.
1974 663 2059 694 Sunt

1081 710 1196 742 eadem
1215 710 1318 740 verba
1339 709 1448 748 posita
1470 708 1503 738 in
1512 707 1629 738 Esaia:
1652 706 1693 737 Et
1717 713 1769 737 est
1792 707 1924 748 dignum
1944 707 2058 737 obser-

1080 753 1224 790 vatione,
1250 752 1338 793 quod
1362 751 1480 792 quibus
1499 751 1612 782 verbis
1631 749 1685 780 hic
1707 750 1807 780 utitur
1831 756 1986 780 aeternus
2003 759 2059 789 pa-

1081 802 1148 833 ter,
1181 795 1297 826 iisdem
1321 794 1415 825 etiam
1439 799 1535 825 antea
1559 802 1639 824 usus
1663 797 1715 824 est
1738 793 1779 823 de
1802 791 1938 823 Messia.
1983 792 2059 822 Non

1080 844 1206 869 tantum
1229 838 1319 874 dicit,
1343 835 1498 867 dilectum
1522 845 1614 873 esse,
1645 836 1705 866 sed
1730 835 1837 873 addit,
1872 845 1937 876 quo
1961 834 2059 865 valde

1082 879 1240 912 delector.
1285 879 1443 920 Magnum
1467 885 1529 916 est,
1548 877 1670 919 aliquid
1693 888 1820 909 amare:
1849 878 1910 908 sed
1934 877 2057 908 habere

1081 922 1350 960 oblectationem,
1372 927 1406 953 et
1427 920 1583 953 laetitiam
1606 922 1637 953 in
1656 931 1693 952 re
1716 927 1834 959 amata,
1858 919 1966 952 adhuc
1990 930 2057 951 ma-

1081 967 1133 997 ius
1156 972 1219 997 est.

1263 1033 1302 1063 In
1325 1032 1423 1062 Deum
1442 1042 1503 1061 non
1522 1031 1638 1061 cadunt
1662 1032 1798 1070 affimtns.

1234 1075 1322 1115 Eryo
1346 1086 1407 1105 non
1425 1079 1495 1105 sunt
1514 1077 1546 1104 z'n
1569 1085 1604 1104 eo
1629 1085 1724 1109 umor,
1749 1075 1870 1104 laetitia
1894 1077 1924 1103 et
1946 1074 2060 1103 similes
2091 1108 2094 1109 ⁷

1290 1123 1396 1148 motus.

1083 1033 1218 1066 Contra.

1167 1178 1381 1219 Respondeo.
1426 1176 1655 1219 Deponendae
1673 1183 1749 1208 sunt
1769 1177 1902 1208 Stoicae
1923 1175 2060 1218 phanta-

1082 1223 1169 1259 siae,
1203 1220 1311 1263 qualis
1345 1220 1429 1252 haec
1463 1227 1529 1258 est,
1563 1220 1598 1251 In
1617 1219 1691 1251 Deo
1722 1230 1788 1251 non
1811 1230 1887 1251 esse
1909 1219 2058 1251 affectus.

1081 1264 1178 1306 Ipsae
1201 1267 1333 1306 στοργαὶ,
1356 1274 1440 1305 quas
1459 1263 1554 1294 Deus
1578 1263 1725 1295 condidit
1747 1264 1780 1293 in
1803 1263 1953 1300 homine,
1982 1268 2060 1294 sunt

1081 1308 1287 1345 testimonia,
1322 1307 1412 1348 quod
1441 1306 1537 1337 etiam
1570 1306 1603 1337 in
1625 1305 1700 1338 Deo
1727 1312 1805 1337 sunt
1828 1305 1977 1337 affectus.
2023 1305 2061 1336 ln

1081 1351 1247 1392 scriptura
1269 1350 1368 1381 toties
1392 1349 1523 1387 dicitur,
1535 1348 1634 1378 Deum
1657 1350 1774 1377 irasci:
1799 1348 1840 1379 Et
1858 1348 1912 1379 hic
1925 1349 2058 1379 dicitur:

1080 1394 1144 1422 Hic
1162 1397 1208 1422 est
1226 1393 1310 1432 filius
1332 1403 1413 1422 meus
1435 1392 1578 1427 dilectus,
1597 1402 1659 1431 qno
1682 1392 1830 1421 delectur.
1877 1391 2059 1423 Credamus

1080 1435 1155 1467 Deo
1178 1434 1256 1466 talia
1278 1433 1472 1466 affirmanti:
1516 1435 1559 1466 Et
1591 1435 1775 1466 intueamur
1797 1435 1971 1476 imaginem
1993 1433 2059 1466 Dei

1080 1479 1113 1509 in
1136 1478 1279 1515 homine,
1304 1478 1397 1509 cuius
1415 1488 1494 1519 pars
1514 1482 1591 1509 sunt
1613 1480 1750 1519 στοργαὶ,
1775 1487 1859 1518 quae
1881 1483 2059 1518 propterea

1080 1522 1176 1552 nobis
1200 1521 1318 1552 insitae
1341 1527 1430 1559 sunt,
1453 1526 1489 1552 ut
1512 1519 1808 1551 commonefaciant
1831 1530 1894 1551 nos
1917 1520 1958 1551 de
1969 1529 2058 1550 amo-

1080 1574 1116 1595 re
1145 1563 1209 1596 Dei
1242 1573 1324 1604 erga
1358 1562 1469 1594 filium.
1516 1562 1579 1598 Qui
1610 1569 1687 1594 sunt
1716 1562 1873 1604 a'otoqyoi,
1909 1563 1963 1604 qui
1986 1573 2054 1593 non

1080 1613 1202 1645 amant,
1223 1616 1290 1637 non
1314 1611 1430 1637 curant
1448 1615 1546 1643 suos,
1569 1606 1590 1636 ii
1613 1611 1750 1637 naturae
1773 1606 1838 1647 ipsi
1860 1611 2058 1646 repugnant,

1080 1656 1112 1680 et
1141 1654 1218 1680 sunt
1241 1650 1373 1679 obsessi
1395 1659 1416 1680 a
1438 1647 1601 1679 Diabolis.
1647 1648 1792 1686 Natura,
1827 1649 1980 1690 quamdiu
2004 1653 2056 1680 est

1079 1702 1173 1730 sana,
1197 1692 1313 1723 retinet
1335 1691 1424 1723 hunc
1446 1690 1600 1723 affectum
1622 1689 1817 1729 naturalem,
1839 1697 1875 1722 ut
1896 1696 1983 1723 amet
2003 1701 2058 1722 co-

1079 1740 1213 1777 gnatum
1236 1735 1451 1777 sanguinem,
1484 1739 1641 1775 tanquam
1670 1739 1796 1775 partem
1818 1740 1958 1766 naturae
1980 1743 2054 1775 pro-

1077 1787 1180 1819 priae.

1164 1862 1231 1893 Sed
1255 1862 1402 1894 obiicunt
1425 1861 1529 1893 Stoici
1543 1873 1550 1890 ε

1162 1930 1203 1962 In
1220 1932 1289 1962 Deo
1310 1940 1374 1962 non
1396 1935 1447 1962 est
1465 1932 1617 1969 matitia,
1651 1940 1715 1962 non
1738 1931 1967 1966 inordinatum,
1989 1940 2053 1963 uon

1231 1976 1386 2012 vitiosum,
1410 1983 1474 2005 uon
1496 1973 1658 2004 turbidum
1679 1975 1806 2013 aliquid.

1162 2017 1307 2056 Affectus
1329 2021 1405 2048 sune
1423 2018 1566 2055 stzdticz'a,
1589 2017 1709 2047 liabent
1729 2018 1852 2057 aliquid
1871 2018 2056 2049 inordinati.

1162 2061 1247 2099 Eryo
1270 2063 1302 2090 in
1320 2061 1389 2091 Deo
1410 2069 1475 2091 non
1497 2064 1575 2091 sunt
1593 2061 1737 2099 affectus.

1160 2118 1374 2160 Respondeo.
1397 2118 1432 2150 ln
1455 2118 1601 2157 homine,
1625 2119 1724 2150 etiam
1747 2118 1886 2150 affectus
1899 2119 2051 2158 ordinati,

1073 2162 1197 2194 habent
1220 2161 1343 2204 aliquid
1367 2161 1504 2200 α’ταξίαςε
1549 2168 1582 2193 et
1604 2160 1707 2193 multo
1731 2163 1837 2203 magis
1860 2163 2048 2193 inordinati.

1074 2205 1215 2241 Quando
1228 2205 1323 2237 Paris
1346 2211 1435 2237 amat
1446 2203 1619 2243 Helenam,
1645 2210 1695 2236 est
1719 2205 1923 2236 inordinatus
1947 2214 2052 2243 amor,

1074 2248 1158 2283 Quia
1181 2258 1249 2279 non
1272 2248 1414 2279 debebat
1437 2253 1594 2289 appetere
1617 2247 1753 2279 alterius
1774 2249 1957 2289 coniugem.
1986 2247 2053 2280 Ru-

1073 2292 1138 2323 ben
1161 2297 1250 2322 amat
1272 2300 1451 2323 novercam
1469 2301 1582 2328 suam,
1618 2291 1791 2331 coniugem
1813 2291 1916 2331 patris
1940 2290 2054 2329 Iacob,

1073 2334 1163 2375 quod
1181 2339 1232 2365 est
1254 2334 1361 2374 magis
1384 2339 1513 2365 tetrum.
1558 2333 1642 2365 Nam
1665 2334 1759 2364 etiam
1782 2332 1912 2364 Ethnici
1933 2333 2053 2365 abhor-

1072 2383 1207 2409 ruerunt
1230 2387 1251 2408 a
1273 2376 1329 2408 tali
1352 2375 1478 2408 nefario
1501 2377 1642 2414 incestu,
1674 2382 1709 2407 ut
1732 2375 1930 2418 Hippolytus
1952 2376 2053 2407 absti-

1072 2426 1127 2451 net
1151 2430 1170 2451 a
1184 2419 1336 2451 Phaedra
1358 2430 1506 2451 noverca
1529 2418 1697 2449 solicitant
1733 2429 1807 2450 eum
1826 2420 1868 2450 ad
1880 2426 2042 2461 stuprum.

1074 2462 1142 2494 Sed
1166 2463 1314 2494 dicamus
1337 2463 1378 2494 de
1401 2462 1576 2493 affectibus
1600 2460 1759 2492 ordinatis
1782 2472 1802 2493 a
1825 2461 1910 2494 Deo.

1160 2505 1300 2540 Quando
1323 2512 1418 2546 pater
1440 2504 1546 2546 diligit
1568 2501 1737 2542 infantem,
1759 2503 1861 2536 multa
1879 2504 1981 2537 stulte
2003 2503 2050 2536 fa-

1074 2548 1129 2586 cit,
1151 2547 1272 2580 ludens
1294 2548 1404 2589 inepte
1424 2558 1498 2579 cum
1521 2557 1633 2588 puero.
1679 2547 1831 2588 Sponsus
1855 2547 1976 2580 multas
1998 2548 2047 2578 in-

1073 2592 1178 2632 eptias
1201 2591 1319 2622 miscet
1341 2590 1445 2622 amori
1467 2599 1547 2631 erga
1570 2598 1738 2631 sponsam.
1772 2591 1872 2621 Crede
1889 2591 1962 2620 milti
1979 2590 2050 2621 stul-
