2324 2958
241 142 308 174 075

250 235 381 277 templo.
426 235 479 266 Ad
501 235 588 266 hanc
607 244 676 265 rem
700 234 876 274 requi-nitur
897 234 1060 265 modestia
1082 243 1225 269 morum;

249 280 325 322 quia
347 277 407 316 illi,
430 278 482 320 qni
505 276 670 308 latronum
693 286 785 308 more
815 283 967 314 currunt,
993 283 1025 307 et
1047 282 1223 317 vagantur,

247 328 283 354 ut
305 321 456 353 hauriant
478 320 684 362 sanguinem,
703 329 768 350 non
790 326 932 360 possunt
955 325 1045 350 recte
1065 318 1223 359 cogitare.

247 364 326 396 Heri
349 363 489 395 vidimus
511 363 604 394 triste
617 361 801 403 exemplum
819 372 1008 403 poenarum.
1043 359 1101 391 llle
1123 361 1224 391 miser

247 406 346 438 homo
370 405 530 438 interfecit
554 405 707 436 miseram
730 404 912 441 mulierem,
935 402 1032 444 plane
1063 401 1222 443 impulsus

246 449 422 482 Diabolico
445 450 578 490 impetu.
612 448 733 480 Postea
756 448 827 488 ipse
849 447 938 478 dedit
960 456 1096 487 poenas.
1130 445 1223 476 Deus

247 492 319 524 vult
352 502 414 523 nos
448 501 648 534 agnoscere,
683 491 761 532 quid
796 489 954 521 eiusmodi
977 490 1042 520 vita
1073 495 1104 519 et
1127 498 1223 519 secu-

247 536 328 567 ritas
357 533 432 566 mali
457 536 584 566 afferat.
640 534 708 565 lmo
743 538 940 564 mementote
962 541 1090 568 vocem,
1124 541 1223 572 quam

247 579 326 609 dixit
350 577 501 609 Christus
529 583 605 608 ante
634 586 791 618 agonem:
832 576 937 614 Orme,
970 583 1010 606 ne
1038 577 1164 605 intretis
1190 577 1223 605 in

246 624 471 653 tentationem:
504 620 535 651 id
556 626 624 657 est,
658 629 698 650 ne
732 618 934 659 oprimamini
968 617 1000 647 in
1032 617 1220 647 tentatione.
1246 615 1250 654 Ι

246 664 404 695 Diabolus
427 664 583 704 expetivit
603 672 672 699 ros,
709 666 745 693 ιιι·
770 662 934 692 cribraret
959 670 1030 691 zos.-
1067 661 1112 691 Es
1140 659 1226 691 hei-et

245 707 410 748 poposcit,
434 707 628 747 provocavit
651 715 724 742 vos,
755 704 917 735 evocavit.
970 701 1133 734 Diabolus
1158 712 1223 732 non

247 755 372 787 cessat,
393 750 564 780 insidiatur
586 747 791 783 hominibus;
815 746 874 776 sed
888 744 989 776 filius
1007 745 1070 776 Dei
1093 746 1224 786 rogavit

245 803 306 834 pro
330 792 438 830 vobis,
471 792 553 822 sicut
590 791 632 821 ibi
657 790 748 821 dicit:
783 791 850 828 Eyo
868 798 931 828 pro
953 793 984 819 te
1006 792 1104 820 oravi.
1150 787 1223 818 Est-

246 845 310 877 que
343 835 427 866 haec
461 832 608 864 solennis
649 832 815 873 precatio,
851 841 935 872 quae
969 841 1100 871 semper
1135 831 1224 871 cogi-

246 879 345 909 tanda
368 883 428 908 est.
476 876 586 908 Redeo
610 875 650 906 ad
674 874 917 906 meditationem
941 874 982 904 de
1004 875 1171 915 passione.

332 920 367 951 111
408 919 619 951 meditatione
652 918 820 959 passionis
855 926 996 948 necesse
1037 922 1087 947 est
1120 899 1253 957 primoi

247 964 397 1006 cogitare
415 962 597 1000 historiam,
620 961 737 992 deinde
761 969 899 997 causaS,
928 965 960 990 et
983 965 1100 1000 postea
1122 957 1225 999 appli-
1248 959 1252 1008 Ι

247 1008 420 1038 cationem.
478 1004 579 1043 cras,
612 1003 687 1036 Deo
719 1004 868 1037 iuvante,
902 1002 936 1033 in
966 1002 1074 1043 capite
1103 1000 1254 1055 Esaiae,

247 1050 393 1082 dicemus
413 1049 454 1080 de
477 1046 704 1089 applicatione.
1248 1058 1253 1108 1

333 1091 369 1123 111
393 1092 504 1124 causis
536 1090 614 1132 quid
636 1096 687 1121 est
710 1088 1008 1120 considerandum?
1053 1089 1224 1124 immensa,
1249 1111 1254 1131 ι

246 1142 277 1167 01
317 1133 548 1166 inenarrabilis
584 1132 809 1164 misericordia
850 1131 928 1169 Dei,
973 1136 1003 1162 et
1047 1131 1226 1161 immensus

248 1188 341 1210 amor
363 1179 395 1208 in
419 1178 491 1219 ipso
514 1175 606 1207 Filio.
653 1175 746 1207 Deus
777 1181 825 1205 est
851 1175 970 1215 πρῶτον
992 1174 1096 1203 αἴτιον.
1143 1171 1226 1202 Tota

247 1221 401 1252 divinitas
430 1226 546 1251 auctor
580 1224 632 1249 est
665 1219 762 1250 huius
797 1218 896 1248 totius
932 1215 1076 1247 consilii:
1110 1214 1226 1246 Maho-

247 1263 410 1301 metistae,
439 1263 516 1293 item
538 1261 711 1302 Epieuraei
744 1259 866 1291 habent
902 1269 962 1300 pro
984 1257 1117 1289 fabulis.
1164 1257 1226 1287 Ha-

248 1308 347 1338 beant
379 1315 477 1337 sane:
510 1314 574 1336 nos
598 1302 776 1334 clamemus
804 1303 846 1333 ad
870 1302 958 1333 hunc
981 1302 1087 1342 ipsum
1110 1299 1225 1331 Filium

245 1349 326 1387 Dei,
385 1348 494 1380 uidam
527 1347 682 1378 ardenter
716 1344 848 1377 clamat.
904 1344 980 1375 Non
1003 1343 1226 1374 existimemus

246 1390 347 1424 ullam
384 1391 474 1423 uisse
497 1390 716 1421 ardentiorem
749 1398 867 1420 vocem
894 1387 1037 1418 auditam
1068 1387 1100 1416 in
1128 1383 1225 1416 coelo

247 1441 279 1467 et
302 1440 404 1472 terra,
428 1444 526 1476 quam
550 1432 609 1464 suit
631 1431 717 1465 haec
740 1431 888 1473 precatio
912 1429 984 1461 Filii
1003 1429 1077 1460 Dei.

332 1477 444 1510 Causa
484 1475 613 1514 finalis,
663 1480 713 1506 est
765 1473 859 1505 salus
905 1473 1037 1514 generis
1082 1471 1226 1502 humani.

247 1520 342 1557 Quae
365 1526 417 1552 est
439 1518 641 1561 applicatio?
685 1516 788 1549 Filius
812 1516 875 1549 Dei
902 1517 975 1557 ipse
1004 1515 1101 1547 nobis
1124 1512 1227 1555 appli-

247 1572 300 1596 cat
321 1574 382 1606 per
404 1563 645 1605 precationem,
677 1561 750 1602 ipse
773 1566 823 1592 est
857 1559 1020 1591 sacerdos
1053 1556 1226 1599 applicans

247 1607 344 1639 nobis
378 1616 438 1648 per
469 1605 695 1648 precationem
729 1614 825 1636 suum
859 1602 1076 1640 sacrificium,
1110 1607 1143 1632 et
1165 1611 1227 1632 nos

248 1649 334 1682 illam
358 1648 614 1691 applicationem
643 1646 919 1689 apprehendimus
948 1646 1023 1676 tide.
1074 1644 1156 1675 Sunt
1182 1645 1228 1675 in—

248 1693 321 1726 sani
344 1693 495 1724 homines
517 1693 593 1729 iam,
626 1691 682 1732 qui
705 1701 821 1723 vocem
856 1688 1124 1730 apprehendendi
1148 1695 1228 1718 tam-

248 1738 303 1769 diu
337 1737 369 1767 in
398 1737 462 1767 ista
486 1745 589 1766 causa
617 1740 819 1775 usurpatam,
846 1733 1005 1773 incipiunt
1027 1732 1229 1773 improbare;

248 1780 325 1822 quia
347 1779 495 1811 videatur
528 1778 708 1820 significari
742 1777 902 1808 meritum.
954 1775 1028 1806 Non
1051 1780 1228 1816 propterea

249 1822 400 1855 tribuitur
423 1820 544 1863 aliquid
568 1821 716 1862 dignitati
738 1819 891 1854 11011ιί1115,
914 1817 965 1850 vel
989 1818 1124 1855 meritis,
1154 1827 1227 1848 cum

249 1867 403 1898 dicimus:
443 1865 583 1906 Oportet
617 1870 649 1894 te
683 1864 796 1894 audire
830 1869 862 1893 et
894 1863 1064 1902 accipere,
1097 1861 1227 1902 quoties

250 1907 373 1940 Paulus
413 1908 463 1938 sic
508 1907 663 1948 loquitur.
731 1905 923 1937 Monstrosa
964 1905 1094 1946 ingenia
1140 1909 1227 1934 sunt.

249 1952 316 1983 lsta
348 1949 473 1982 insulsa
508 1950 699 1990 Sopliistica
735 1949 857 1981 crescit
888 1954 1023 1989 propter
1053 1947 1226 1984 inscitiam,

250 2002 282 2027 et
315 2001 450 2036 propter
483 1992 659 2024 malitiam:
699 1993 773 2033 quia
808 1990 872 2023 hoe
912 2001 1013 2032 saepe
1044 1990 1090 2027 iit,
1122 1990 1137 2028 ἡ
1173 1988 1228 2031 γιὶρ

249 2043 350 2080 μωρία
373 2038 502 2076 μάλιστα
530 2035 650 2076 ι’δελφη’
679 2037 727 2073 τῆς
756 2039 900 2076 πονηρίας
929 2035 994 2075 ἔφυ.
1046 2033 1105 2065 Est
1129 2033 1254 2066 usita-.

251 2089 318 2113 tum
342 2079 461 2112 malum
486 2080 517 2110 in
548 2079 632 2116 vita,
667 2078 754 2119 quod
789 2078 974 2109 nominatur
1008 2075 1127 2107 malitia
1151 2086 1254 2186 con-¹

250 2125 359 2156 iuncta
384 2134 456 2154 011111
481 2120 627 2154 stultitia.
667 2121 783 2152 Graeci
809 2121 918 2151 dicunt
939 2120 1126 2161 μωρόκιικοιε
1150 2118 1227 2148 Ger-

251 2167 335 2198 nmni
370 2172 488 2198 vocant
523 2166 576 2197 dle
610 2166 707 2196 bosen
741 2174 870 2195 narrvn.
928 2163 1145 2204 Distinguunt
1178 2162 1229 2193 dic

251 2213 345 2242 bosen
380 2220 517 2247 nar-ren,
551 2209 592 2239 ab
627 2206 700 2239 aliis
734 2206 879 2238 stolidis:
920 2207 1002 2241 Quia
1038 2205 1229 2247 plerumque

252 2251 490 2285 melancholiae
519 2258 570 2283 est
599 2252 697 2281 mixta
726 2256 881 2291 corrupta
905 2248 999 2286 hilis,
1033 2259 1116 2290 quae
1152 2247 1228 2278 tacit

251 2295 408 2328 malitiam
444 2306 515 2326 rum
550 2293 708 2325 stultitiaz
748 2295 808 2325 das
841 2297 910 2324 sein
950 2303 1012 2323 11111·
1050 2292 1230 2332 μωρόκιικω,

252 2338 516 2381 reprehendere,
568 2348 652 2379 quae
694 2337 903 2374 necessario,
949 2342 981 2367 et
1023 2336 1230 2366 sant-tissime

253 2383 413 2414 dicuntur.

340 2424 442 2456 Filius
463 2424 522 2455 Dei
552 2423 693 2465 applicat
729 2422 826 2454 nohis
856 2432 916 2453 sua
948 2421 1136 2463 precatione.
1159 2419 1231 2451 osti-

254 2469 337 2500 cium
371 2468 567 2505 sacerdotis,
601 2473 650 2497 est
685 2465 851 2508 applicare
874 2465 1085 2501 sacrificium,
1114 2464 1231 2495 deinde

255 2518 400 2542 vestrum
437 2517 486 2541 est
526 2509 786 2552 apprchendere.
850 2508 1002 2550 l‘apistac
1042 2514 1152 2538 errant
1192 2508 1231 2537 de

254 2553 529 2595 apprehensione.
577 2553 694 2585 Dicunt
720 2552 886 2583 (Ἧι-15111111
909 2551 1080 2594 aperuisse
1103 2551 1230 2581 ianuam

254 2598 416 2629 merendi:
447 2597 512 2628 Sed
543 2607 607 2628 non
642 2597 753 2628 dicunt
783 2596 905 2627 hahere
935 2605 972 2626 se
1002 2595 1230 2625 remissionem

879 140 990 172 PfflL.
1013 139 1116 172 MEL.
1140 139 1323 172 SCRIPTA
1349 139 1612 172 EXEGE'HCA.

2183 142 2248 175 6⁷6

1275 238 1503 274 peccatorum,
1532 234 1609 275 quia
1632 233 1755 266 Christi
1782 234 1970 266 obedientia
1997 234 2079 276 ipsis
2108 235 2150 266 sit
2176 246 2251 277 pre-

1275 276 1373 313 tium,
1401 286 1462 307 seu
1484 276 1604 308 iustitia
1627 277 1707 318 ipsis
1732 278 1864 309 donata.
1909 277 2061 319 Pugnant
2088 287 2162 309 cum
2189 279 2250 311 1111)

1276 319 1379 350 dicto:
1402 318 1574 361 Iustifi'cati
1588 320 1744 361 sanfflu'ne
1754 321 1867 361 ipsius.
1890 319 1969 352 Tam
1986 319 2251 361 Mahometistae,

1275 371 1371 402 quam
1387 360 1540 402 Papistae
1564 369 1675 393 errant
1699 363 1739 394 de
1761 364 1826 395 hoc
1849 364 1953 395 dicto:
1976 362 2118 404 Sanffltis
2129 363 2254 396 Chm‘stn'

1270 404 1427 445 purificat
1448 414 1508 436 nos
1529 405 1571 436 ab
1584 409 1668 437 omni
1679 411 1823 446 peccalo.
1853 405 1922 437 Has
1935 405 2158 447 amplissimas
2173 418 2250 438 con·

1275 445 1460 478 solationes
1483 447 1608 490 infigite
1631 449 1757 479 animis.
1802 448 1849 479 lta
1872 449 2067 480 excitabitur
2093 449 2126 480 in
2154 451 2250 482 vobis

1274 487 1331 520 lux
1354 489 1440 529 fidei,
1465 496 1497 521 et
1519 490 1612 521 Deus
1635 493 1782 522 servabit
1806 497 1837 523 et
1861 493 2061 534 gubernabit
2083 501 2156 523 vos.

1361 531 1504 564 Primum
1537 544 1699 574 ponamus
1736 534 1955 566 definitionem
1990 535 2107 566 summi
2141 545 2252 567 sacer—

1275 574 1372 606 dotis.
1416 575 1498 611 Quis
1521 582 1572 607 est
1595 587 1742 608 summus
1765 578 1947 609 sacerdos?
1981 577 2042 608 Est
2063 576 2153 609 filius
2177 578 2253 618 Dei,

1275 618 1459 649 immediate
1481 619 1650 650 ordinatus
1673 621 1714 651 ab
1738 628 1873 652 aeterno
1896 620 2011 658 Patre,
2041 628 2077 652 ut
2102 620 2253 662 proferat

1275 660 1490 703 Evangelium
1520 672 1559 692 ex
1588 663 1661 694 sinu
1684 664 1808 694 aeterni
1833 663 1957 702 Pau-is,
1989 663 2045 694 fiat
2066 673 2130 704 pro
2153 665 2252 696 nobis

1275 705 1418 742 victima,
1441 703 1569 735 habens
1593 707 1858 746 promissionem,
1881 706 1969 748 quod
1991 705 2198 746 exaudiatur,
2221 713 2253 738 01

1276 747 1460 787 deprecans
1490 757 1550 788 pro
1573 749 1681 779 nobis.
1726 749 1893 780 Sacerdos
1926 750 2022 780 debet
2050 749 2252 781 sacrificium

1275 789 1454 830 applicare.
1499 789 1545 820 lta
1568 796 1634 821 stat.
1645 790 1798 823 Christus
1822 792 1883 823 iam
1908 801 2110 822 accessuros
2133 791 2174 822 ad
2198 801 2253 822 sa·

1276 832 1445 870 orificium,
1468 838 1500 863 et
1522 833 1612 864 initio
1634 833 1778 873 applicat
1796 834 2008 871 sacrificium,
2032 840 2188 875 precatur
2211 834 2253 866 do

1277 884 1365 913 sese,
1389 881 1544 916 precatur
1566 882 1683 915 postea
1706 875 1747 906 de
1770 882 1842 907 tota
1867 876 2031 907 Ecclesia.

1363 917 1494 958 Repetit
1516 917 1606 948 initio
1630 918 1824 949 doctrinam.
1865 919 1956 954 Quae
1981 926 2030 950 est
2040 919 2055 950 ’ἒ
2091 919 2184 950 Haec
2205 923 2254 951 est

1277 961 1346 992 vita
1379 964 1527 998 aeterna,
1558 964 1593 991 ut
1621 965 1798 1001 oynoscant
1827 962 1856 993 te
1883 962 1982 992 solum
2006 972 2114 992 verum
2136 961 2252 1000 Deum,

1277 1007 1307 1034 et
1337 1003 1453 1043 Iesum,
1482 1013 1571 1043 quem
1600 1003 1731 1040 nn‘sisti',
1754 1014 1822 1035 esse
1845 1003 2016 1036 Christum.
2062 1003 2179 1039 Qualis
2202 1010 2255 1037 est

1277 1046 1504 1087 praedicatio?
1537 1045 1598 1077 Est
1619 1046 1820 1087 praedicatio
1847 1057 1970 1079 causae
1989 1045 2150 1078 formalis.
2183 1047 2254 1079 Huc

1278 1091 1384 1129 ipsum
1418 1095 1469 1120 est
1498 1089 1566 1119 vita.
1595 1095 1748 1127 aeterna,
1782 1088 1838 1120 lux
1872 1088 1949 1127 illa,
1983 1099 2068 1131 quae
2101 1091 2254 1131 agnoscit

1278 1132 1397 1169 Deum,
1421 1138 1451 1162 et
1477 1131 1693 1171 apprehendit
1718 1131 1843 1168 Deu1n;
1874 1138 2001 1173 oportet
2033 1143 2084 1163 1110
2114 1133 2158 1163 uti
2189 1133 2253 1165 hoc

1280 1175 1398 1210 verbo3
1422 1183 1506 1215 quae
1529 1175 1676 1204 intuetur
1699 1184 1813 1205 verum
1837 1174 1942 1206 Deum
1971 1180 2096 1216 patrem
2120 1174 2253 1207 Domini

1278 1216 1383 1249 nostri
1416 1218 1490 1248 Iesu
1525 1215 1661 1255 Christi,
1696 1216 1880 1248 distinctum
1916 1219 1956 1248 ab
1993 1217 2144 1248 omnibus
2164 1228 2254 1249 com·

1277 1260 1436 1291 menticiis
1470 1259 1678 1297 numinibus,
1711 1261 1752 1290 ab
1777 1259 1988 1291 Ethnicorum
2024 1260 2097 1297 diis,
2130 1271 2150 1291 a
2184 1259 2253 1291 Ma-

1278 1303 1524 1333 honietistarum
1554 1301 1648 1339 Deo,
1682 1308 1713 1332 et
1742 1303 1893 1332 omnibus
1922 1301 2036 1337 idolis;
2070 1313 2135 1333 non
2164 1303 2251 1343 quod

1278 1343 1472 1376 excludatur
1495 1342 1618 1380 Filius,
1648 1343 1712 1373 imo
1743 1343 1829 1374 filius
1857 1342 2044 1374 includitur.
2090 1343 2128 1373 Et
2151 1347 2254 1385 quem]

1277 1388 1308 1418 id
1333 1394 1404 1425 est,
1427 1396 1523 1428 quem
1547 1386 1701 1417 divinitas
1725 1386 1831 1424 misit,
1862 1387 1916 1428 qni
1945 1386 2045 1416 totius
2077 1386 2255 1417 divinitatis

1278 1429 1417 1462 consilio
1449 1429 1571 1460 missus
1603 1435 1663 1460 est.
1715 1428 1810 1460 Hunc
1837 1439 1905 1460 esse
1929 1428 2102 1467 Christum]
2132 1429 2164 1460 id
2192 1434 2256 1466 est,

1278 1474 1332 1516 qui
1363 1479 1415 1504 est
1445 1470 1532 1503 filius
1555 1471 1617 1503 Dei
1647 1478 1765 1503 natura
1793 1479 1826 1503 et
1852 1473 2050 1513 redemptor.
2101 1471 2255 1503 Vocabu—

1278 1516 1357 1554 lum,
1379 1515 1552 1554 Christus,
1586 1515 1833 1556 comprehendit
1865 1522 1895 1546 et
1920 1524 2086 1556 personae
2110 1515 2256 1556 proprio»

1278 1566 1363 1592 tates
1387 1565 1419 1591 et
1441 1558 1596 1596 officium,
1621 1558 1682 1589 das
1704 1559 1746 1590 is!
1770 1559 1918 1600 repetitio
1942 1558 2111 1588 doctrinae
2132 1558 2254 1589 inevis.

1366 1602 1487 1634 Postea
1512 1602 1609 1642 petit,
1639 1608 1671 1632 111
1696 1599 1901 1643 glorificetur
1925 1599 2046 1643 gloria,
2076 1611 2173 1641 quam
2197 1600 2254 1631 ha·

1279 1647 1347 1679 buit
1370 1652 1446 1677 ante
1469 1645 1540 1676 dies
1563 1645 1691 1682 mundi,
1716 1649 1749 1675 ut
1770 1645 1802 1675 in
1825 1645 1888 1675 isto
1911 1654 2020 1685 agone
2044 1642 2254 1675 inenarrabili

1279 1696 1496 1727 sustentetur,
1519 1687 1667 1719 ἀοι-1111011
1689 1687 1795 1728 lcompt
1818 1689 1962 1728 precatio
1986 1697 2045 1727 pro
2070 1684 2233 1718 Ecclesia.

1366 1733 1464 1764 Pater
1495 1737 1569 1762 tuus
1604 1731 1746 1761 moriens
1781 1731 1858 1771 quid
1893 1730 2112 1771 precabatur?
2146 1739 2256 1761 nonne

1279 1776 1386 1808 haec?
1409 1782 1443 1807 ut
1466 1780 1556 1806 esset
1580 1771 1718 1810 fiamilia,
1742 1780 1772 1804 et
1797 1779 1831 1804 ut
1855 1773 1975 1804 essetis
1999 1773 2200 1810 concordes,
2224 1779 2256 1804 et

1279 1827 1312 1851 ut
1338 1821 1382 1851 ita
1405 1818 1573 1855 viveretis,
1596 1823 1630 1848 ut
1653 1817 1870 1857 perveniretis
1890 1816 1931 1847 ad
1955 1817 2054 1846 vitam
2078 1822 2255 1847 aeternam.

1279 1862 1391 1894 Talem
1436 1861 1554 1892 ridetis
1592 1860 1867 1900 sapientissimam
1907 1858 1993 1890 hanc
2032 1858 2256 1898 precationem

1280 1905 1420 1943 Christi,
1454 1913 1550 1945 quam
1582 1903 1730 1943 cogitare
1763 1912 1884 1943 saepe,
1917 1903 1991 1943 qnia
2021 1902 2069 1932 sic
2100 1908 2257 1942 precatur

1279 1959 1366 1981 nunc
1390 1956 1532 1989 quoque.
1578 1946 1658 1975 Orat
1682 1953 1789 1976 111110111
1813 1945 1877 1975 hoc
1901 1945 1998 1976 niodo
2023 1954 2081 1984 pro
2105 1942 2256 1985 singulis,

1280 1994 1365 2023 sicut
1389 1990 1507 2031 inquit:
1545 1989 1635 2029 Hom)
1665 1998 1725 2018 non
1755 1992 1875 2019 11111111111
1904 1998 1968 2028 pro
1997 1988 2077 2020 illis.
2110 1988 2167 2017 scd
2194 1996 2258 2027 pro

1280 2034 1421 2066 ominibus
1444 2034 1499 2073 qni
1520 2033 1680 2062 credituri
1700 2036 1771 2062 sunt
1788 2041 1848 2071 Jwr
1867 2031 1991 2061 ret-Imm
2012 2039 2129 2060 rorum.
2164 2028 2190 2060 C
2195 2029 2257 2060 1111·

1281 2086 1352 2109 stus
1386 2076 1436 2107 his
1466 2076 1577 2106 xerbis
1607 2073 1748 2116 applicat
1779 2075 1835 2105 tibi
1866 2073 2064 2105 sacrificium
2088 2079 2119 2103 ct
2143 2082 2257 2113 preca·

1279 2123 1398 2152 tionem
1421 2130 1527 2150 suam.

1367 2163 1458 2193 llaec
1482 2167 1589 2193 autem
1613 2161 1691 2203 petit
1716 2161 1840 2191 ordine.
1892 2160 1918 2190 1.
1943 2159 2044 2193 l'etit,
2072 2164 2106 2190 ut
2130 2158 2171 2189 sit
2196 2157 2258 2189 Ec-

1282 2207 1401 2238 clesia:
1437 2205 1550 2241 Pater,
1573 2215 1669 2235 serra
1693 2214 1747 2234 eos
1775 2205 1806 2234 fn
1830 2204 1953 2233 nonn'm·
1975 2206 2040 2239 11101
2064 2202 2095 2232 id
2123 2208 2193 2239 est,
2224 2201 2257 2232 in

1282 2250 1449 2290 agnitione
1473 2249 1530 2282 tui.
1563 2255 1593 2279 et
1619 2249 1648 2278 in
1673 2247 1817 2289 potentia
1843 2254 1908 2277 tna.
1955 2245 2181 2287 Snnrn'sicctm·
2202 2253 2258 2275 uo-

1283 2304 1348 2325 mrn
1374 2295 1482 2329 11111111,1
1508 2292 1538 2322 id
1563 2297 1630 2327 est,
1665 2291 1788 2332 agnitio
1818 2290 1862 2320 tui
1891 2289 1931 2319 sit
1957 2295 2084 2319 511110111.
2130 2287 2258 2318 Nomen

1283 2336 1447 2377 significat
1478 2335 1696 2375 agnitionem:
1731 2339 1848 2374 postea
1876 2333 1973 2363 ctiam
2007 2340 2110 2371 saepe
2144 2337 2259 2371 poten-

1285 2381 1380 2411 tiam.
1439 2384 1548 2418 ropter
1583 2377 1834 2408 invocationem.
1882 2375 1915 2405 111
1952 2375 2088 2411 nonum!
2130 2373 2162 2404 id
2196 2379 2259 2410 est,

1284 2423 1323 2453 sit
1351 2390 1513 2458 Ecclesia,
1537 2427 1568 2452 te
1592 2420 1751 2451 invocans
1776 2426 1805 2451 et
1831 2428 2033 2461 agnoscens,
2055 2423 2087 2448 et
2109 2421 2143 2448 tu
2161 2425 2261 2447 serva

1285 2477 1356 2497 eam
1380 2472 1433 2496 tna
1457 2465 1612 2506 potentia.

1372 2509 1528 2539 Secundo
1558 2507 1655 2548 petit,
1686 2503 1800 2541 Qualis
1831 2505 1949 2535 dehent
1981 2513 2058 2534 esse
2081 2499 2260 2533 Ecclesia?

1286 2552 1461 2595 Sotzrlifiro
1484 2561 1537 2581 cos
1561 2551 1592 2580 ι’11
1615 2550 1752 2580 οῚΊῚἹαΙι·
1776 2553 1849 2579 nan:
1876 2548 1988 2577 Sermo
2013 2550 2084 2577 tuus
2107 2549 2152 2576 nse
2176 2544 2259 2575 ταν·-

1287 2600 1348 2626 tus.
1393 2595 1499 2632 Quae,
1523 2599 1554 2625 et
1576 2593 1630 2624 ubi
1654 2597 1704 2624 est
1727 2590 1901 2622 Ecclesia?
1936 2590 2028 2625 Quae
2051 2589 2166 2620 retinet
2190 2596 2260 2619 ser·
