2324 2958
39 180 99 213 161

124 273 181 305 Sic
215 271 370 303 Ionathas
405 279 488 311 erga
520 269 684 300 Davidem
723 277 760 298 se
798 267 909 308 gerit,
947 266 1010 296 scit

37 327 175 359 regnum
209 315 241 346 in
269 312 392 356 populo
425 312 489 344 Dei
517 322 582 343 non
614 321 690 342 esse
720 309 941 341 invadendum
969 309 1011 339 ab

38 359 105 392 ullo
128 358 271 396 homine,
293 357 353 388 sed
377 366 450 387 eum
474 355 506 385 id
530 355 717 386 habitumm
741 362 829 389 esse,
855 352 905 382 cui
920 351 1012 382 Deus

40 413 103 434 suo
127 397 267 433 consilio
285 398 402 430 tradat.
458 397 541 429 Cum
571 398 670 439 igitur
698 396 787 427 videt
811 394 975 425 Davidem
993 404 1013 424 a
1036 407 1040 464 Ι

38 445 112 477 Deo
134 450 288 476 vocatum
316 451 392 474 esse
421 441 462 472 ad
485 440 583 471 huius
613 439 706 481 regni
729 437 1012 480 gubernationem,

39 488 126 520 cedit
148 487 188 525 ei,
211 485 362 523 laetatur,
386 489 417 516 et
433 485 501 525 agit
524 483 650 524 gratias
666 482 750 519 Deo,
773 480 860 522 quod
886 478 1013 511 electus

39 533 81 563 sit
114 529 351 571 praestantior,
389 532 422 558 et
457 527 563 568 magis
599 526 747 556 idoneus.
805 523 938 554 Subiicit
976 531 1014 552 se

38 574 135 605 etiam
155 571 286 609 Davidi,
309 577 341 602 et
364 569 467 612 diligit
490 579 582 607 euni,
611 578 653 600 ac
677 566 822 599 defendit
850 566 1013 597 adversus

36 615 257 658 Tyrannidem
279 614 393 656 patris.
438 611 550 644 Simile
573 609 758 652 exemplum
783 610 837 640 vix
869 607 937 640 ulla
967 607 1014 638 hi-

36 658 140 689 storia
162 658 272 689 habet.
327 656 411 688 Nam
440 654 564 696 alioqui
600 653 655 691 fit,
693 653 782 695 quod
805 653 837 683 in
862 651 1014 683 versibus

37 701 172 732 dicitur:

39 771 162 800 Aurum
184 772 214 799 et
237 777 315 808 opes
335 770 366 797 et
387 775 471 798 ‘rasa
489 764 645 806 frequens
668 765 803 795 donarit
829 763 959 794 amicus.

126 812 192 850 Qui
211 811 286 842 velit
305 810 444 851 Ingenio,
467 810 516 840 sic
537 809 633 840 etiam
657 808 797 849 imperio

39 854 172 892 Cedere,
194 863 296 884 rarus
314 853 387 884 erit.

127 921 254 953 Videtis
288 921 320 952 in
353 919 518 951 Ecclesiis
551 917 785 961 EvangeliciS,
829 925 1016 959 quanquam

42 965 251 996 circumdatis
275 964 406 1005 magnis
429 969 461 994 et
484 961 593 993 multis
622 960 789 1003 periculis,
819 969 915 1001 quam
939 968 1015 989 rara

41 1005 190 1048 exempla
208 1005 324 1037 similis
344 1006 472 1037 virtutis
496 1011 607 1036 extent
629 1006 714 1036 inter
744 1004 836 1044 ipsos
865 1000 1016 1042 collegas·

40 1050 187 1082 eiusdem
211 1049 391 1080 ministerii.
437 1048 543 1083 Quam
577 1057 703 1088 paucae
737 1051 813 1077 sunt
836 1045 955 1082 urbes,
984 1044 1017 1074 in

40 1093 159 1134 quibus
182 1090 257 1123 talis
270 1101 457 1123 consensus
481 1096 532 1122 est
555 1092 738 1126 doctorum,
762 1094 796 1119 ut
815 1098 882 1118 non
901 1097 1017 1118 occur-

40 1141 115 1167 rant
148 1135 245 1177 signa
278 1135 487 1166 invidentiae.
542 1131 649 1164 Multo
689 1130 784 1173 plura
817 1130 893 1161 loca
927 1135 1015 1167 sunt,

40 1178 95 1209 ubi
139 1175 313 1208 manifesta
352 1177 447 1214 odia,
493 1175 698 1212 inimicitiae,
742 1170 1015 1210 obtrectationes,

40 1219 234 1258 calumniae,
248 1219 384 1250 iniuriae
397 1219 656 1259 conspiciuntur.
675 1217 745 1248 Nec
759 1217 876 1248 desunt
888 1217 1016 1257 uspiam

39 1263 93 1303 qui
117 1263 183 1293 sint
205 1271 334 1304 ungues
358 1262 390 1292 in
413 1260 544 1299 ulcere,
571 1261 626 1302 qui
650 1261 850 1292 exacerbent
867 1260 1015 1290 animos:

38 1304 90 1337 De
113 1305 233 1346 quibus
256 1314 374 1336 versus
396 1302 454 1335 ille
476 1303 603 1335 Lucani
626 1303 778 1344 usurpari
800 1308 928 1343 potest:

39 1365 175 1402 (v't’rcuit,
199 1368 296 1405 atque
315 1365 406 1405 ignes
429 1365 544 1395 animis
564 1363 784 1405 flayrantibns
807 1362 913 1394 addit.

124 1432 166 1464 Et
188 1432 278 1474 quod
300 1431 459 1474 Virgilius
480 1431 598 1473 inquit:

42 1510 80 1515 —
104 1511 144 1516 ——
169 1511 209 1515 —
233 1494 361 1523 Acuunt
383 1491 579 1523 clamoribus
599 1491 682 1521 iras.

123 1559 198 1590 Non
232 1565 284 1590 est
317 1564 426 1591 autem
458 1559 525 1591 hoc
548 1557 782 1590 Christianum.
841 1556 905 1593 Qui
939 1566 1018 1589 vere

37 1602 83 1644 pii
118 1607 211 1640 sunt,
245 1611 354 1643 neque
386 1602 450 1642 ipsi
491 1608 621 1633 certare
655 1601 760 1639 odiis,
801 1610 910 1642 neque
943 1600 1018 1632 odia

39 1644 178 1676 aliorum
201 1645 385 1676 accendere
409 1644 539 1675 debent.
585 1644 782 1675 Studeamus
806 1645 915 1685 potius
938 1653 1017 1674 esse

39 1689 283 1729 συμβιβαστικοὶ,
317 1688 348 1718 id
368 1692 435 1725 est,
471 1685 670 1728 glutinenius
703 1687 849 1725 animus,
889 1684 1016 1717 alamus

40 1729 302 1762 benevolentiam
326 1736 469 1762 mutuam
490 1730 576 1760 inter
593 1729 754 1767 homines,
779 1728 866 1764 Quia
894 1729 1017 1760 abomi-

39 1774 129 1805 natio
151 1779 204 1805 est
221 1772 382 1811 Domino,
409 1773 465 1815 qui
487 1772 658 1804 dissidium
680 1772 766 1804 inter
786 1771 908 1804 fratres
926 1772 1017 1803 serit.

278 1945 357 1986 De
404 1946 776 1987 curiositate.

124 2047 192 2081 Sed
215 2049 364 2081 dicamus
392 2049 455 2081 iam
484 2049 526 2081 de
548 2049 840 2092 πολυπραγμοσαύνη
862 2059 928 2091 quo
937 2059 1014 2091 que,
1037 2027 1043 2094 Ι

39 2101 136 2133 quam
160 2091 311 2123 Christus
336 2092 433 2123 etiam
456 2098 546 2124 taxat
574 2099 606 2125 et
635 2093 789 2135 prohibet
813 2092 864 2124 his
884 2093 1015 2124 verbis:
1037 2102 1042 2163 Ι

39 2135 127 2173 Quid
150 2135 207 2165 Ιιοο
231 2135 275 2165 ad
299 2135 350 2165 te?-
375 2134 423 2165 Tu
445 2145 492 2166 me
512 2145 546 2167 se
589 2145 653 2167 cre.

124 2176 325 2209 Plutarchus
377 2178 507 2218 scripsit
561 2177 695 2210 ibellum
735 2181 806 2220 περὶ
841 2181 1013 2220 πολυπραγ-

36 2220 180 2259 μοσιῗνης,
204 2221 296 2252 cuius
319 2219 495 2252 lectionem
513 2223 706 2254 commendo
729 2221 1012 2254 adolescentibus.

37 2263 144 2294 Latini
167 2264 335 2295 nominant
358 2262 423 2295 hoc
446 2264 559 2295 vitium
582 2264 827 2304 Curiositatem,
858 2265 1014 2296 Germani

36 2306 154 2346 furmitj.
205 2305 282 2337 {nde
311 2312 388 2338 sunt
417 2307 550 2338 nomina
578 2308 818 2349 πολυπράγμων,
848 2309 1012 2346 curiosus,

34 2347 174 2387 ardelio,
209 2359 306 2390 quem
340 2350 445 2380 nostri
479 2351 591 2381 dicunt
624 2351 735 2393 ,bunne
759 2353 788 2384 in
810 2353 887 2384 aneu
911 2351 1012 2393 gessen,

35 2393 160 2474 tjegtriet
183 2394 288 2433 gutbun
311 2393 400 2434 buben
422 2392 493 2431 min!
516 2394 593 2425 mint>
622 2394 654 2433 ist
686 2394 743 2436 ihm
765 2395 831 2435 bod)
853 2396 946 2436 menig
970 2395 1013 2426 bc:

36 2441 62 2469 to
96 2444 137 2466 en.

119 2475 220 2508 Tales
238 2483 334 2516 sunt,
364 2477 419 2519 qui
442 2478 655 2509 sciscitantur
677 2488 728 2517 ea,
761 2489 847 2521 quae
869 2477 950 2510 nihil
972 2478 1012 2510 ad

34 2519 128 2561 ipsos
137 2521 316 2562 pertinent,
339 2520 381 2552 de
404 2521 523 2562 quibus
543 2521 677 2554 dicitur:
695 2521 763 2555 §Eiet
786 2523 885 2565 fragm
907 2522 1014 2563 mad>et

33 2564 113 2596 einen
134 2564 262 2601 nerbafit.
307 2562 350 2594 Et

121 2621 388 2654 Percontatorem
406 2621 527 2665 suffito,
554 2633 630 2655 nam
659 2624 817 2665 yarrulm·
848 2624 932 2656 idem
955 2627 1014 2656 cst.

188 2690 334 2711 RELANTE.
351 2691 431 2711 OPBR.
447 2691 511 2713 VOL
526 2691 605 2710 XXIV.

723 173 935 204 POSTtLLA
960 171 1358 203 MELANTthtANA.

1984 171 2042 200 152

1150 265 1218 296 Sed
1251 263 1355 296 multo
1401 264 1506 305 magis
1541 263 1822 306 polypi-agmones
1861 270 1956 302 sunt,
1986 265 2042 306 qui

1065 306 1201 346 faciunt,
1224 317 1309 350 quae
1331 307 1413 348 ipsis
1436 317 1502 337 non
1526 313 1600 337 sunt
1623 307 1786 339 mandata.

1152 351 1271 383 Petrus
1290 355 1389 382 vocat
1407 349 1731 390 Alloti·i0‹'³piscopos
1750 351 1794 382 'ric
1818 350 1846 382 in
1870 350 1912 383 cin
1936 350 2042 385 ircmbb

1067 398 1145 432 mum
1175 393 1309 436 gicit'fcn,
1345 392 1399 434 qui
1432 393 1585 434 ingerunt
1615 402 1652 423 se
1680 394 1711 423 in
1745 392 1886 424 alienam
1909 393 2044 424 admini-

1067 437 1270 474 strationem,
1295 441 1341 473 ut,
1366 436 1498 476 quando
1523 435 1775 466 concionatores
1789 434 1903 467 volunt
1926 446 2043 478 regere

1066 479 1200 521 politica
1224 479 1356 521 negotia
1369 477 1531 516 aularum,
1560 484 1616 509 aut
1644 478 1821 516 civitatum,
1849 485 1906 510 aut
1928 485 2043 521 poten—

1066 530 1118 554 tes
1140 521 1257 554 volunt
1280 521 1437 553 dominari
1468 519 1648 559 Ecclesiis,
1682 526 1713 552 et
1743 520 1921 563 religiones
1952 521 2044 553 infle-

1067 572 1158 598 ctere
1176 565 1219 596 ad
1243 575 1304 596 sua
1327 564 1458 595 iudicia.

1152 608 1252 648 Apud
1270 606 1527 648 Aristophanem
1551 613 1601 638 est
1630 607 1671 638 de
1700 604 1845 644 Cleone,
1878 608 1966 648 quod
1989 606 2045 639 ha-

1068 653 1143 682 beat
1174 661 1273 682 unum
1312 650 1427 691 pedem
1462 650 1494 680 in
1528 650 1636 688 curia,
1675 648 1813 680 atterum
1847 651 1879 680 in
1914 651 2043 682 castris.

1069 694 1144 725 lloc
1167 694 1289 725 dictum
1313 691 1406 724 soleo
1429 690 1612 723 transferre
1633 692 1675 723 ad
1700 692 1967 731 concionatores,
1991 695 2044 735 qui

1068 735 1181 768 volunt
1204 746 1321 777 regere
1344 734 1457 773 aulaS,
1490 742 1547 766 aut
1567 735 1684 766 curias*
1742 734 1832 766 Vere
1854 735 1939 766 enim
1962 736 2045 768 tales

1068 790 1169 811 unum
1187 780 1303 820 pedem
1323 783 1449 819 ponunt
1473 777 1505 808 in
1531 783 1705 820 suggestu,
1730 776 1869 809 alterum
1888 779 1920 809 in
1945 780 2045 811 curia.

1155 822 1208 853 De
1231 821 1347 853 eodem
1365 819 1491 852 Cleone
1514 821 1616 862 inquit
1634 820 1889 862 Aristophanes,
1914 823 2045 863 πράττει,

1067 865 1216 906 βουλεύει,
1251 866 1301 894 καὶ
1335 863 1447 904 γλώττῃ
1480 865 1635 902 πολεμίζει
1678 865 1894 905 practicatur,
1930 871 1964 896 ut
1997 866 2047 896 Sic

1069 909 1188 946 «ticam,
1211 906 1382 943 deliberat,
1407 912 1439 937 et
1461 905 1574 948 lingua
1594 905 1779 949 belligerat.
1814 907 1901 939 ldem
1924 906 2044 939 faciunt

1069 951 1203 992 inquieti
1240 950 1494 981 concionatores
1529 949 1647 990 aliqui,
1683 950 1849 981 concitant
1871 949 2046 989 sactiones,

1068 999 1203 1025 movent
1224 993 1409 1034 practicas,
1444 992 1638 1023 insidiantur
1652 1015 1662 1030 ,
1704 993 1912 1032 obtrectant,
1957 992 2046 1025 calu-

1070 1037 1232 1067 mniantur
1255 1034 1357 1073 aliOS,
1380 1035 1477 1076 idque
1506 1045 1608 1077 saepe
1631 1036 1663 1066 in
1686 1036 1840 1078 negotiiS,
1862 1046 1947 1078 quae
1971 1043 2047 1068 sunt

1070 1078 1177 1110 aliena
1200 1079 1242 1110 ab
1266 1079 1413 1120 ipsorum
1435 1079 1622 1109 vocatione.

1156 1121 1191 1152 ln
1204 1122 1270 1152 vita
1287 1121 1416 1162 privata
1439 1126 1530 1152 reete
1553 1121 1762 1153 nominantur
1778 1122 1876 1153 etiam
1894 1120 1939 1153 illi
1958 1125 2046 1153 πολυ-

1069 1165 1248 1205 πράγμονες,
1262 1165 1315 1205 qui
1329 1164 1462 1195 omissis
1475 1165 1688 1203 necessariis.
1701 1170 1843 1195 tractant
1856 1175 1922 1196 non
1935 1175 2048 1197 neces-

1070 1209 1158 1239 saria
1170 1213 1203 1239 ut
1212 1208 1408 1249 plerumque
1416 1207 1762 1239 hominesnecessaria
1770 1206 1954 1250 negligunt,
1969 1208 2047 1241 faci-

1069 1251 1154 1283 endo
1171 1261 1237 1282 non
1248 1251 1448 1281 necessaria.
1469 1250 1562 1281 Sicut
1574 1252 1703 1290 dicitur,
1715 1250 1861 1294 z'vugi‘sst'cp
1870 1254 1965 1282 πλείω
1973 1253 2049 1283 εἰσὶν

1069 1295 1215 1336 πάρεργα,
1229 1291 1338 1333 ἢέργα.
1362 1292 1534 1324 Vocantur
1542 1294 1624 1335 ἔργα,
1637 1296 1827 1326 necessaria
1838 1305 1949 1336 opera,
1963 1306 2048 1336 quae

1070 1339 1236 1369 debebant
1251 1345 1327 1367 esse
1346 1335 1552 1377 principalia.
1593 1337 1728 1379 πάρεργα
1751 1344 1827 1369 sunt
1847 1348 1913 1369 non
1930 1348 2048 1370 neces-

1069 1381 1345 1421 saria,'quaenon
1357 1378 1481 1410 faciunt
1499 1379 1540 1410 ad
1559 1382 1763 1421 propositum
1782 1380 1973 1422 principale.
2007 1381 2047 1413 Et

1070 1430 1178 1454 tamen
1196 1422 1346 1453 homines
1363 1422 1469 1464 magis
1487 1428 1563 1454 sunt
1585 1424 1673 1454 anxii
1691 1424 1732 1455 de
1750 1434 1816 1455 non
1835 1425 2048 1463 necessariis,

1070 1465 1148 1504 illis,
1171 1466 1203 1496 id
1216 1470 1279 1503 est,
1298 1465 1339 1496 de
1356 1465 1522 1506 parergiS,
1545 1476 1643 1507 quam
1662 1467 1704 1498 de
1725 1468 1937 1505 necessariis,
1963 1477 2049 1508 quae

1070 1513 1148 1540 sunt
1171 1509 1251 1549 ἔργα.

1157 1551 1286 1583 Seneca
1319 1550 1497 1591 descripsit
1529 1549 1595 1582 hoc
1636 1551 1764 1590 vitium,
1806 1563 1881 1584 cum
1922 1553 2045 1595 inquit:

1070 1594 1197 1635 Mayna
1219 1602 1303 1634 pars
1324 1597 1413 1624 retae
1435 1593 1574 1625 elabitur
1595 1594 1676 1625 m'ln‘l
1687 1595 1823 1636 ayendo,
1846 1596 1953 1627 maior
1965 1597 2048 1628 male

1071 1637 1210 1678 ayendo,
1232 1637 1377 1667 maa-inm
1400 1636 1491 1667 aliud
1513 1638 1649 1677 aytndo.
1683 1638 1782 1673 Quod
1801 1637 1961 1680 Stigelius
1984 1639 2048 1670 hoc

1071 1680 1217 1712 carmine
1240 1679 1395 1710 reddidit:

1071 1739 1193 1771 Omnia
1215 1739 1288 1769 dum
1311 1742 1446 1779 reputat
1469 1743 1659 1771 transactae
1681 1744 1831 1781 tempora
1852 1742 1952 1779 ritae,

1206 1780 1263 1812 Vel
1283 1782 1379 1819 male,
1401 1782 1454 1812 rel
1475 1785 1603 1820 temere,
1626 1784 1677 1814 vel
1697 1784 1779 1814 m'la'l
1799 1784 1864 1825 eyit
1880 1784 1983 1817 homo.

1156 1848 1218 1881 Est
1245 1855 1353 1881 autem
1387 1851 1575 1891 oppositum
1607 1852 1721 1884 vitium
1750 1851 1941 1891 Sedulitati,
1966 1863 2049 1895 quae

1069 1899 1123 1925 est
1145 1893 1251 1925 virtus
1284 1898 1374 1924 recte
1401 1892 1530 1925 faciens
1565 1904 1668 1936 opera
1700 1896 1886 1927 vocationis
1915 1897 2049 1938 propria

1070 1942 1102 1968 et
1125 1946 1191 1967 non
1216 1935 1392 1978 egrediens
1416 1942 1508 1968 extra
1531 1938 1739 1969 vocationem
1768 1942 1817 1975 (ut
1847 1938 1975 1979 apicula
1998 1946 2048 1971 est

1068 1978 1198 2015 sedula,
1220 1978 1297 2010 facit
1311 1989 1391 2010 suas
1405 1990 1537 2020 operas,
1560 1991 1644 2022 quae
1667 1981 1730 2022 ipsi
1750 1987 1827 2012 sunt
1845 1983 2048 2024 assignatae,

1069 2023 1111 2053 ad
1135 2021 1358 2054 exercendum
1380 2021 1594 2059 mellificium)
1624 2034 1841 2065 unaquaeque
1864 2025 1967 2056 servit
1985 2035 2047 2057 suo

1068 2065 1155 2097 loco.
1199 2063 1402 2096 Aristoteles
1415 2065 1570 2097 iustitiam
1593 2065 1671 2097 facit
1693 2068 1866 2098 rectricem
1885 2067 2048 2100 humanae

1068 2108 1250 2140 societatis.
1295 2107 1401 2139 Huius
1425 2118 1503 2149 pars
1527 2114 1577 2140 est
1601 2108 1781 2148 Sedulitas,
1811 2120 1885 2141 cum
1909 2111 2047 2152 quisque

1067 2151 1149 2183 facit
1181 2156 1214 2182 et
1247 2156 1358 2182 tuetur
1391 2152 1442 2182 sui
1477 2150 1542 2183 loci
1573 2157 1606 2183 et
1640 2154 1786 2184 muneris
1811 2163 1905 2194 opuS.
1950 2153 2046 2185 Plato

1066 2195 1152 2226 idem
1175 2194 1286 2232 sentit,
1311 2203 1386 2225 cnm
1408 2194 1464 2233 ait,
1487 2194 1782 2227 Conservationem
1800 2196 2046 2237 proportionum

1067 2247 1143 2269 esse
1167 2237 1457 2268 conservationem
1480 2238 1578 2269 vitae.
1633 2238 1794 2280 Loquitur
1822 2244 1929 2270 autem
1952 2250 2047 2281 prae-

1067 2281 1161 2323 cipue
1185 2280 1226 2311 de
1249 2280 1464 2320 proportione
1487 2280 1707 2313 Geometrica.

1156 2321 1244 2354 ldem
1267 2321 1364 2354 Plato
1399 2322 1512 2354 definit
1535 2323 1709 2362 Iustitiam,
1743 2324 1833 2365 quod
1861 2325 1903 2355 sit
1932 2323 2047 2358 facere

1065 2366 1213 2408 propria,
1235 2370 1267 2396 et
1289 2375 1356 2397 non
1377 2376 1454 2398 esse
1477 2367 1658 2399 curiosum:
1690 2366 1861 2406 δικαιοσύνη
1880 2369 1961 2398 ἐστὶν
1983 2367 2046 2399 ἴδια

1066 2409 1220 2451 πράττειν,
1265 2410 1316 2438 καὶ
1354 2409 1396 2448 μή
1435 2411 1693 2451 πολυπραγμονεῖν
1707 2433 1716 2448 ,
1771 2409 1962 2452 Descriptio
1997 2417 2047 2442 est

1066 2452 1209 2483 iustitiae
1242 2451 1487 2491 distributivae,
1522 2453 1616 2484 cuius
1650 2462 1766 2484 norma
1800 2459 1851 2484 est
1873 2454 2046 2495 proportio

1066 2494 1287 2527 Geometrica.
1332 2493 1392 2527 nte
1405 2500 1456 2527 est
1474 2494 1621 2534 sedulus,
1644 2496 1698 2537 qui
1721 2495 1886 2539 intelligit,
1904 2498 1946 2528 ad
1969 2497 2046 2538 quid

1066 2543 1206 2570 vocatus
1230 2537 1285 2575 sit,
1314 2542 1347 2569 et
1379 2538 1436 2579 qui
1468 2543 1645 2570 contentus
1678 2548 1740 2571 suo
1769 2537 1847 2570 loco
1872 2538 2046 2582 diligenter

1066 2579 1146 2613 facit
1168 2591 1219 2619 ea,
1253 2590 1339 2622 quae
1372 2586 1450 2612 sunt
1472 2579 1573 2612 officii
1597 2581 1668 2620 sui,
1701 2587 1734 2614 et
1766 2582 1848 2615 vitat
1869 2592 1911 2614 ac
1933 2582 2046 2614 omittit

1068 2634 1120 2662 ea,
1145 2632 1230 2665 quae
1253 2633 1320 2654 non
1338 2630 1415 2655 sunt
1437 2623 1489 2655 sui
1512 2621 1624 2656 officii.

1810 2688 1836 2709 tl
