2324 2958
215 195 278 226 267

216 294 286 327 cat,
315 288 370 330 qni
393 294 501 319 mente
523 279 705 327 iudicante,
735 295 766 320 et
794 288 964 321 voluntate
991 295 1110 331 sponte
1138 290 1195 320 ob-
1218 288 1224 312 ¹

215 337 418 372 temperante
441 330 587 372 deliquit.

301 373 357 404 Sic
376 374 480 404 maius
498 381 673 414 peccatum
693 381 742 406 est
763 375 918 407 occidere
933 373 1080 411 fratrem,
1097 383 1194 415 quam

214 417 424 457 peregrinum
459 415 640 455 hominem,
678 417 707 448 si
744 418 785 448 ad
821 418 986 449 obiectum
1020 417 1193 457 respicias.

215 459 282 490 Sed
305 466 411 500 potest
438 459 521 497 fieri,
543 466 576 490 ut
600 459 674 501 plns
697 467 824 500 peccet,
851 461 903 501 qui
927 460 1077 490 interficit
1102 469 1194 500 pere-

214 503 342 543 grinum
366 501 549 539 hominem,
581 501 709 534 scilicet
734 504 845 534 sciens
876 510 906 533 et
930 502 1065 533 volens.
1096 512 1194 543 quam

214 545 268 585 qui
292 544 444 575 interficit
466 542 620 576 fratrem.
651 546 804 577 nesciens·
824 553 877 576 aut
904 547 1079 586 ignorans,
1110 544 1194 579 Quia

212 587 267 618 bic
291 597 413 618 causae
439 587 614 619 interiores
645 589 820 619 discrimen
851 586 1032 629 principale
1059 587 1193 618 faciunt.

213 631 353 670 Semper
379 637 551 670 peccatum
581 637 694 661 contra
725 631 978 666 conscientiam,
1009 631 1113 661 maius
1142 636 1193 661 est

212 673 245 703 in
283 672 462 710 infinitum,
505 684 602 714 quam
645 682 813 714 peccatum
852 684 918 704 non
961 680 1076 704 contra
1117 683 1194 704 con-

212 715 393 747 scientiam.

298 757 389 798 Ergo
424 759 465 789 ad
496 758 654 789 Minorem
690 759 738 789 sic-
772 764 823 789 est
859 758 1042 789 dicendum.
1090 757 1194 789 Maria

212 810 279 831 non
302 801 420 832 volens
444 799 544 843 elegit
569 801 632 831 boc
657 808 839 841 peccatum,
864 802 924 831 sed
948 802 1079 832 ermiit.
1120 800 1194 831 Fuit

213 844 310 885 igitur
334 851 506 884 peccatum
527 843 619 874 Evae
643 844 759 881 maius,
784 843 860 885 quia
882 851 1012 884 sponte,
1036 851 1067 875 et
1088 850 1195 874 mente

212 887 377 917 iudicante
400 885 549 927 deliquit,
574 885 678 917 Maria
702 897 782 917 vero
806 896 867 927 per
889 888 1109 927 ignorantiam
1133 897 1193 918 seu

213 939 370 960 errorem.
417 930 483 959 Sed
507 940 572 960 non
597 930 640 959 ita
669 927 767 961 facile
797 930 856 960 suit
878 929 1023 967 Mariae,
1056 930 1194 961 durante.

213 971 302 1003 lucta
330 973 475 1003 invenire
506 971 703 1003 solutionem
738 971 834 1003 huius
869 973 1069 1014 argumenti,
1106 973 1195 1014 quod

215 1015 260 1045 ita
283 1024 353 1045 eam
379 1015 516 1055 pressit,
549 1021 581 1045 ut
606 1015 776 1046 interitura
799 1013 936 1052 suisset,
966 1016 994 1046 si
1019 1014 1115 1047 dolor
1140 1016 1183 1046 du

214 1064 324 1089 rasset
349 1058 476 1088 diutius

302 1098 455 1141 Plerique
489 1107 639 1131 nostrum
680 1102 725 1132 ita
763 1111 878 1132 sumus
918 1101 1038 1143 ingrati
1074 1102 1196 1132 nostris

213 1144 418 1184 parentibus,
441 1151 475 1174 ut
497 1153 538 1173 ne
556 1144 686 1184 quidem
706 1144 903 1185 cogitemus,
927 1144 1004 1185 quid
1023 1151 1053 1175 et
1074 1150 1197 1185 quanta

215 1196 269 1217 res
293 1186 334 1216 sit
358 1185 454 1216 dolor
477 1184 568 1216 talis:
593 1197 666 1217 cum
691 1193 799 1217 tamen
823 1193 899 1226 post
919 1186 1010 1218 illum
1034 1186 1196 1225 dolorem,

218 1229 272 1270 qui
297 1229 480 1259 immediate
504 1234 555 1259 est
579 1239 700 1260 sensus
731 1230 798 1260 irae
819 1228 901 1267 Dei,
933 1231 1075 1261 omnium
1104 1229 1197 1260 dolo-

214 1282 286 1302 rum
310 1281 457 1302 summus
481 1271 540 1310 sit,
569 1272 623 1313 qui
647 1272 757 1303 existit
783 1282 824 1303 ex
847 1271 1032 1304 calamitate
1054 1272 1197 1310 sobolis,

214 1315 246 1345 in
271 1315 461 1355 parentibus
484 1324 550 1345 non
574 1315 781 1346 monstrosis.
826 1317 860 1347 In
883 1315 989 1346 Maria
1019 1325 1100 1347 vero
1129 1326 1196 1346 am-

212 1355 300 1399 plius
321 1355 442 1398 aliquid
460 1354 532 1395 fuit,
555 1367 653 1398 quam
671 1359 702 1388 in
724 1358 864 1389 caeteris.
883 1359 1087 1399 parentibus.
1123 1358 1196 1400 Ego

213 1400 254 1430 de
277 1410 351 1430 mea
373 1405 478 1430 morte
500 1411 567 1431 non
591 1401 641 1431 sic
666 1401 856 1438 excrucior,
888 1411 988 1442 quarn
1019 1401 1060 1432 de
1088 1400 1195 1433 salute

212 1442 401 1474 liberorum.
446 1442 503 1473 Sic
525 1444 627 1473 vestri
655 1448 809 1484 parentes
839 1443 976 1475 faciunt.
1021 1443 1132 1475 Vitam
1163 1450 1194 1475 et

212 1484 351 1517 salutem
381 1491 525 1516 vestram
555 1485 660 1526 pluris
695 1484 836 1524 faciunt,
871 1496 969 1527 quam
1003 1496 1108 1517 suam.
1154 1486 1194 1517 Et

212 1529 476 1570 quotusquisque
500 1535 647 1559 vestrum
676 1534 726 1560 est
755 1529 810 1570 qui
838 1529 881 1560 sit
909 1535 1025 1570 gratus
1052 1540 1113 1570 pro
1136 1527 1194 1560 illa

212 1572 334 1613 στοργῇ,
359 1581 457 1612 quam
480 1577 653 1612 pareutum
679 1571 836 1603 cordibus
860 1572 996 1603 inseruit
1018 1571 1130 1610 Deus,
1158 1577 1192 1603 ut

212 1612 486 1646 commonefaciat
508 1623 571 1645 nos
601 1614 642 1645 de
672 1623 734 1645 sua
762 1619 876 1657 storge
904 1625 986 1657 erga
1014 1613 1131 1654 filium,
1160 1620 1193 1646 et

211 1667 292 1700 erga
314 1666 388 1689 nos.

298 1700 365 1731 Sed
395 1700 496 1732 redeo
527 1700 570 1731 ad
599 1700 776 1732 discrimen
805 1701 934 1742 peccati
968 1707 1085 1732 contra
1116 1711 1193 1732 con-

210 1744 392 1781 scientiam,
410 1749 441 1774 et
459 1744 586 1783 peccati
606 1753 673 1775 non
692 1749 808 1775 contra
828 1744 1075 1776 conscientiam.
1106 1743 1194 1775 Inter

210 1787 293 1818 haec
315 1786 441 1818 infinita
465 1791 516 1817 est
539 1787 705 1818 distantia.
746 1786 823 1818 ldeo
846 1787 1001 1818 dicimus:
1036 1786 1099 1822 Qui
1118 1797 1194 1828 pec-

212 1835 265 1861 cat
289 1835 406 1861 contra
427 1829 664 1860 conscientiam
688 1830 799 1861 sciens
819 1835 849 1860 et
869 1827 998 1868 volens,
1022 1840 1096 1861 eum
1116 1840 1193 1861 con-

211 1873 345 1904 tristare
368 1877 400 1903 et
424 1878 579 1903 excutere
601 1872 758 1913 Spiritum
781 1878 951 1911 sanctum,
976 1879 1010 1904 et
1033 1874 1194 1911 damnari,

211 1915 344 1957 quando
370 1924 436 1946 non
466 1915 679 1946 convertitur.
724 1914 776 1947 De
805 1916 955 1956 peccatis
983 1926 1049 1947 non
1078 1922 1194 1947 contra

212 1958 467 1990 conscientiam.
497 1964 530 1988 ut
554 1964 631 1989 sunt
654 1956 755 1989 multa
778 1964 918 1999 peccata
941 1959 1130 1990 omissionis
1162 1964 1194 1990 et

210 2002 220 2032 i
270 2001 435 2038 orantiae,
468 2001 532 2032 hoc
561 2011 626 2032 non
657 2001 816 2039 dicimus,
848 2012 932 2042 quae
960 2002 1123 2043 pertinent
1151 2002 1194 2033 ad

211 2045 220 2075 i
249 2055 300 2075 am
330 2042 492 2086 regulam:
537 2043 665 2075 Delicta
695 2045 767 2085 quis
794 2045 960 2085 iratellfiqit:
990 2045 1032 2076 ab
1062 2045 1194 2076 occultis

212 2088 290 2119 mei-e
310 2087 428 2118 munda
450 2097 507 2117 me.

299 2129 359 2161 Est
378 2136 487 2161 tamen
506 2135 538 2161 et
557 2129 622 2160 hoc
639 2130 915 2162 considerandum
935 2130 977 2162 de
996 2131 1193 2172 ignorantia.

212 2172 289 2205 Alia
313 2178 363 2204 est
385 2171 556 2210 affectata,
585 2182 670 2214 quae
697 2179 749 2204 est
777 2179 951 2214 peccatum
975 2179 1092 2205 contra
1116 2184 1194 2205 con-

212 2216 401 2254 scientiam,
454 2215 507 2246 uia
531 2214 685 2246 voluntas
716 2226 781 2247 non
806 2215 876 2247 vult
904 2216 1086 2258 inquirere,
1116 2226 1193 2248 con-

212 2257 302 2291 sulco
334 2264 367 2289 et
394 2269 436 2290 vo
453 2269 512 2290 ens
543 2259 721 2290 contemnit
755 2269 794 2290 ac
827 2257 909 2300 sugit
936 2260 1192 2301 inquisitionem.

212 2301 302 2335 Talis
336 2307 386 2332 est
419 2301 517 2333 etiam
551 2301 704 2332 affectata
738 2301 892 2339 omissio,
926 2312 1011 2343 quae
1044 2301 1194 2334 similiter

215 2345 450 2387 aequiparatur
471 2350 611 2386 peccato
630 2350 745 2375 contra
765 2345 1015 2383 conscientiam,
1039 2346 1124 2377 sicut
1144 2345 1193 2377 lu·

214 2385 404 2419 ris-consulti
423 2388 547 2425 dicunt,
566 2387 723 2419 affectata
738 2385 836 2429 culpa
853 2389 1088 2429 aequiparatur
1102 2388 1190 2421 dolo.

214 2431 282 2463 Sed
305 2429 370 2462 alia
398 2437 448 2461 est
476 2431 660 2473 ignorantia
687 2440 754 2462 non
781 2430 951 2469 affectata,
979 2441 1064 2472 quae
1092 2431 1193 2463 babet

215 2474 472 2506 excusationem.
518 2473 585 2505 Sed
608 2473 649 2505 de
677 2472 730 2505 his
757 2474 858 2505 rebus
885 2475 1054 2515 copiosius
1083 2475 1193 2516 dispu-

214 2523 302 2549 tatur
329 2517 360 2547 in
390 2517 539 2548 doctrina
566 2515 795 2559 philosophica
823 2522 855 2548 et
884 2515 1089 2560 theologica,
1118 2528 1192 2550 cum

215 2560 324 2602 agitur
346 2560 386 2590 de
410 2558 538 2591 delictis
561 2557 714 2591 consulto
737 2564 793 2591 aut
815 2558 1005 2592 inconsulto
1023 2560 1192 2599 admissis,

215 2603 291 2635 item
315 2603 357 2634 de
378 2609 517 2643 peccata
539 2608 699 2644 regnante
722 2608 754 2634 et
775 2612 842 2635 non
864 2608 1035 2646 regnante.

907 195 1018 227 PHIL.
1042 195 1145 227 MEL.
1169 195 1356 228 SGRlPTA
1380 194 1644 228 EXEGETICA.

2159 198 2224 231 268

1557 292 1621 333 De
1653 293 1772 334 tertia
1803 294 1902 335 loco.

1333 398 1368 430 ln
1392 402 1488 431 tertio
1512 399 1588 431 loco
1617 401 1860 433 consideranda
1889 408 1939 433 est
1970 400 2104 434 collatio
2134 403 2226 434 mini·

1246 442 1347 480 sten'i,
1373 449 1405 473 et
1428 443 1634 474 obedientiae
1658 444 1787 475 debitae
1809 445 2012 485 parentibus.
2036 444 2109 476 Fuit
2131 444 2225 476 Chri-

1246 492 1318 516 stus
1350 495 1432 525 puer
1461 496 1577 517 amans
1607 493 1797 527 parentum,
1838 494 1869 518 et
1900 489 2104 529 morigeruS,
2141 489 2226 519 sicut

1245 527 1462 569 Evangelista
1478 529 1598 570 inquit:
1645 529 1726 560 Erat
1750 529 1897 561 subditus
1919 532 1994 561 t'Ile's.
2017 530 2092 569 ‚Sed
2117 537 2225 562 tamen

1246 581 1327 602 suos
1353 572 1514 612 quosdam
1543 579 1651 603 motus
1681 572 1810 603 dixinos
1845 574 1963 611 habet,
1991 573 2046 614 qui
2076 584 2142 605 non
2170 583 2225 605 ca-

1246 613 1325 645 dunt
1350 614 1382 644 in
1408 625 1611 645 communem
1637 613 1795 656 regulam.

1334 655 1406 687 Nos
1431 658 1576 688 sciamus
1600 658 1699 689 xitam
1729 667 1805 688 esse
1835 659 2014 700 regendam
2044 659 2227 691 secundum

1247 699 1383 730 verbum
1407 698 1487 736 Dei,
1511 701 1543 730 in
1568 700 1631 731 fide
1651 708 1680 731 et
1706 701 1882 741 operibus,
1914 703 2004 733 iuxta
2028 700 2121 733 illud.
2166 701 2226 731 Lu-

1248 752 1339 770 cerna
1357 741 1492 780 pedibus
1514 744 1588 771 meis
1612 743 1729 772 verbnm
1752 748 1843 773 Ιιιιιιη.
1890 746 1954 775 lam
1983 755 2064 775 vei-o
2088 745 2226 776 verbum

1248 785 1343 815 dieit:
1368 786 1405 813 Si
1427 786 1496 823 quis
1515 785 1663 815 dilexerit
1682 790 1804 825 patrem
1824 791 1877 815 1111!
1900 791 2026 816 matrem
2043 786 2118 826 plus
2136 798 2226 827 qnam

1248 837 1311 861 me,
1336 838 1396 855 mm
1431 831 1476 856 est
1506 838 1550 857 me
1579 828 1701 867 diffluas.
1760 831 1900 870 Oportet
1934 830 2033 872 igitur
2059 829 2226 861 anteferre

1250 868 1496 901 consessionem
1531 871 1703 903 doctrinae
1732 873 1894 903 mandatis
1922 880 2117 914 parentum,
2146 873 2226 904 bem

1248 913 1463 944 ministerium
1486 914 1518 944 in
1542 913 1593 944 his
1618 915 1673 956 qui
1696 922 1867 946 vocantur.

1336 956 1477 991 Quando
1501 963 1553 987 est
1576 967 1676 988 casus
1699 955 1940 996 consessionis,
1965 959 2124 991 debemus
2148 969 2226 990 con-

1249 998 1351 1036 fiteri,
1376 1005 1432 1030 aut
1457 1000 1589 1040 quando
1613 1001 1837 1031 vocamurad
1860 1001 2092 1039 ministerium,
2117 1008 2148 1032 et
2172 1011 2227 1033 ne·

1249 1042 1390 1073 cessitas
1422 1041 1595 1073 Ecclesiae
1630 1049 1727 1085 urget
1761 1043 1919 1074 debemus
1955 1045 2081 1076 servire
2110 1043 2228 1076 Eccle—

1249 1086 1337 1121 siae,
1373 1086 1445 1115 sive
1474 1085 1573 1116 velint
1603 1092 1782 1126 parente-5,
1815 1086 1886 1116 sive
1920 1096 1986 1117 non
2021 1086 2134 1118 velint.
2178 1087 2227 1118 lta

1249 1126 1402 1158 Christus
1421 1134 1491 1159 erat
1514 1135 1670 1166 vocatus,
1708 1136 1739 1159 ut
1764 1127 1957 1170 fungeretur
1984 1129 2164 1161 ministetio
2193 1131 2228 1161 in

1249 1171 1313 1201 isto
1337 1169 1479 1211 populo,
1505 1177 1536 1201 et
1560 1171 1680 1209 scivit,
1708 1181 1745 1202 se
1769 1172 1840 1202 eius
1864 1173 1911 1203 rei
1934 1173 2103 1214 specimen
2127 1173 2229 1206 edere

1249 1213 1394 1250 debere,
1426 1213 1524 1244 etiam
1547 1215 1579 1245 in
1604 1212 1660 1245 illa
1687 1224 1749 1245 sua
1772 1221 1881 1245 aetate
1909 1222 2033 1246 tenera.
2078 1215 2157 1247 Ideo
2180 1216 2228 1248 in-

1249 1256 1331 1296 quit:
1356 1256 1404 1284 Αη
1428 1255 1621 1289 nesciebatis,
1644 1257 1729 1296 quod
1751 1258 1783 1286 1‘11
1806 1257 1854 1286 his
1866 1268 1945 1296 quae
1953 1260 2059 1297 patrii·
2077 1260 2136 1288 met’
2146 1262 2227 1294 sunt,

1248 1309 1313 1327 csse
1336 1309 1380 1327 me
1399 1303 1522 1338 oportet
1531 1300 1544 1328 ⁴?
1589 1299 1759 1331 Discernit
1783 1306 1908 1340 patrem
1931 1311 2026 1332 suum
2051 1312 2070 1332 a
2092 1300 2226 1343 loseph,

1248 1347 1279 1372 et
1301 1340 1447 1382 praefert
1471 1343 1679 1373 obedientiae
1692 1343 1896 1383 parentibus.
1920 1343 2057 1375 alteram
2071 1345 2227 1376 obedien·

1247 1385 1324 1415 tiam
1349 1385 1492 1415 debitam
1512 1385 1704 1416 ministerio.
1729 1385 1814 1417 Hinc
1831 1384 1928 1417 facile
1951 1393 2002 1418 est
2023 1387 2227 1428 respondere

1246 1427 1291 1458 ad
1312 1434 1560 1469 argumentum:

1333 1494 1473 1524 Debetur
1491 1495 1678 1534 parentibus
1696 1495 1884 1525 obedientia.

1333 1537 1477 1567 Christus
1499 1549 1559 1567 non
1580 1540 1742 1577 praestitit
1761 1539 1945 1578 parentibus
1968 1539 2183 1570 obedientiam.

1332 1580 1421 1620 Eryo
1440 1590 1500 1610 ιιοη
1519 1582 1687 1619 rectcfecn‘t.

1332 1640 1534 1682 Respondeo
1566 1642 1609 1673 ad
1639 1640 1811 1673 Maiorem.
1858 1642 2055 1674 Parentibus
2089 1642 2228 1675 debetur

1247 1683 1450 1722 obedientia,
1472 1682 1601 1716 scilicet
1634 1687 1720 1726 qua'e
1741 1695 1808 1716 non
1832 1685 1986 1726 impediat
2017 1686 2226 1718 vocationem

1246 1724 1344 1757 aliam
1372 1727 1526 1758 divinam.
1572 1726 1678 1758 Recte
1709 1727 1807 1769 igitur
1834 1726 1913 1759 fecit
1937 1727 2111 1767 Christus,
2135 1735 2227 1761 ante-

1247 1767 1359 1800 ferens
1383 1779 1441 1808 ea,
1471 1779 1557 1811 quae
1586 1770 1629 1801 ad
1652 1769 1805 1801 Divinam
1829 1772 2036 1803 vocationem
2059 1772 2130 1804 eius
2153 1781 2227 1814 per-

1247 1813 1406 1844 tinebant.
1430 1813 1518 1844 ldem
1543 1819 1651 1844 tamen
1676 1819 1795 1854 postea
1819 1813 1991 1845 descendit
2015 1825 2091 1847 cum
2109 1825 2227 1857 paren·

1247 1855 1336 1886 tibus
1360 1856 1511 1893 domum,
1541 1862 1573 1887 et
1592 1862 1739 1897 praestat
1764 1857 1983 1888 obedientiam
2011 1858 2044 1889 in
2074 1858 2142 1889 vita
2171 1867 2227 1890 oe·

1248 1899 1475 1936 conominica,
1504 1909 1568 1940 que
1591 1909 1657 1929 non
1681 1899 1813 1940 impedit
1841 1900 2049 1932 vocationem
2072 1901 2229 1940 divinam,

1248 1951 1308 1972 seu
1331 1940 1554 1982 principalem,
1601 1940 1674 1973 noe
1704 1941 1889 1983 exemplum
1927 1943 2134 1975 obedientiae
2180 1945 2228 1976 iu-

1247 1984 1362 2026 primis
1391 1985 1597 2015 meminerint
1621 1983 1864 2017 adolescentes.
1909 1985 1984 2018 Non
2019 1986 2153 2019 dubium
2175 1992 2228 2019 est

1249 2027 1346 2066 enim,
1370 2027 1447 2068 quin
1459 2026 1555 2059 Deus
1577 2027 1689 2069 puniat
1713 2034 1940 2071 contemptum
1958 2035 2144 2071 parentum,
2166 2039 2229 2062 seu

1247 2069 1512 2111 ingratitudinem
1537 2081 1616 2112 erga
1641 2078 1806 2111 parentes,
1825 2078 1856 2103 et
1881 2082 1946 2114 quo
1969 2073 2117 2104 atrocius
2140 2072 2228 2115 quis·

1248 2123 1331 2155 que3
1356 2112 1490 2144 offendit
1514 2120 1691 2154 parentes,
1716 2123 1756 2145 eo
1780 2115 1887 2146 mavis
1911 2115 2053 2157 punitur.

1334 2155 1456 2187 Extant
1480 2165 1519 2187 ea
1549 2157 1591 2188 de
1624 2166 1661 2188 re
1695 2156 1818 2189 multae
1876 2164 2013 2190 onestae
2046 2158 2228 2191 sententiae

1247 2199 1343 2230 etiam
1366 2199 1453 2239 apud
1472 2197 1652 2237 hinniens,
1677 2210 1717 2231 ex
1743 2201 1862 2242 quibus
1893 2201 2088 2233 commendo
2116 2199 2228 2234 adole·

1245 2242 1416 2274 scentibus
1439 2241 1503 2273 lios
1526 2237 1740 2275 dulcissimos
1763 2242 1951 2276 versiculos
1974 2244 2157 2286 Euripidis:

1287 2317 1370 2354 ’ὅστις
1388 2318 1420 2350 δὲ
1443 2319 1510 2355 τούς
1532 2320 1667 2356 τεκόντας
1689 2323 1719 2350 ἐν
1740 2321 1800 2363 βίῳ
1823 2322 1913 2361 σέβη,

1288 2361 1332 2393 ὁδ’
1355 2364 1417 2394 ἐστὶ
1438 2365 1487 2393 καὶ
1511 2363 1570 2401 ζωἾ·
1591 2365 1641 2393 καὶ
1664 2363 1770 2394 θανών
1791 2366 1876 2399 θεοῖς
1899 2366 1996 2405 φίλος.

1332 2430 1395 2464 Qm·
1407 2435 1557 2471 parentes
1579 2433 1610 2461 in
1635 2432 1699 2463 υἱέα
1717 2431 1813 2470 colit,
1841 2431 1895 2461 t'lle
1917 2436 1947 2462 et
1970 2433 2054 2464 οἰοου
2085 2437 2116 2464 d
2144 2443 2223 2464 nov·

1354 2478 1424 2503 tuus
1448 2474 1517 2504 Deo
1541 2485 1633 2505 caru-r
1656 2478 1712 2505 est.
1759 2474 1856 2507 Item:

1286 2559 1335 2589 mix
1353 2562 1415 2590 ἐστὶ
1438 2562 1527 2590 παισὶ
1545 2560 1646 2592 τούτου
1667 2561 1789 2592 κάλλιον
1811 2565 1896 2603 γέρας

1287 2599 1305 2641 ἢ
1328 2601 1441 2645 πατρὸς
1463 2604 1578 2634 ἐσθλοῦ
1599 2602 1635 2634 no‘
1657 2603 1779 2644 ἀγαθοὸ
1800 2608 1962 2645 naq-dvm

1286 2648 1337 2676 nat
1359 2649 1419 2682 ῐοῖς
1437 2646 1566 2677 τεκοῦσιν
1587 2645 1676 2685 ἀξίαν
1697 2646 1784 2686 ιιμιὶν
1805 2651 1909 2686 vtpm.

2315 1718 2324 1788 ᾳ,
