2324 2958
113 145 176 179 391

117 239 205 271 ldem
227 235 349 268 accidit
372 233 465 266 Sauli
489 240 521 265 et
544 232 640 272 Cain,
661 233 717 275 qui
745 231 881 263 clamat:
910 230 1016 260 Maior
1044 233 1090 259 est

115 281 266 321 iniquitas
288 288 363 312 mea,
387 287 477 317 quam
505 279 539 306 ut
562 275 637 305 milti
664 276 847 305 remittatur.
891 273 974 304 Nam
1004 271 1090 303 mles

117 321 342 364 blasphemiae
366 325 560 361 sequuntur,
582 318 713 361 quando
736 328 796 349 cor
819 325 1014 357 oppressum
1038 319 1091 346 est

117 365 302 398 doloribus.
354 362 448 394 Facit
470 361 553 394 Cain
583 371 721 403 regnum
750 358 884 391 Diaboli
911 358 1090 399 potentius,

117 419 215 451 quam
249 405 307 438 filii
329 405 405 443 Dei,
427 405 597 446 anteponit
617 403 748 446 peccati
771 403 821 433 sui
844 401 1022 442 potentiam
1045 399 1091 431 di-

117 452 213 483 vinae
236 449 417 492 potentiae,
441 447 549 479 abiicit
572 453 675 478 totum
698 443 925 487 Evangelium.

204 493 239 524 ln
263 490 385 523 talibus
409 488 570 532 exemplis
594 489 808 530 conspicitur,
828 493 982 528 quantam
995 495 1091 527 opor-

118 543 183 568 teat
209 544 287 567 esse
308 533 430 566 luctam
455 532 681 564 conscientiae
704 532 734 562 in
759 530 886 572 magnis
910 527 1093 566 doloribus,

117 586 151 611 et
176 577 409 610 tentationibus
446 574 510 607 illis
544 573 696 612 Diaboli,
735 583 817 615 quas
859 570 1092 603 adolescentes

117 621 262 654 noudum
285 620 366 651 satis
388 617 583 661 intelligunt.
629 619 731 649 Senes
754 614 864 656 aliquo
893 614 991 645 modo
1019 623 1092 645 sen-

118 666 199 697 tiunt
224 662 482 705 magnitudinem
506 659 617 692 talium
640 659 863 690 certaminum.
888 657 955 688 Sed
985 662 1093 688 tamen

117 708 264 740 iuniores
285 706 383 738 etiam
403 702 713 737 commonefaciendi
737 707 813 733 suut
844 701 884 731 de
907 700 959 731 his
982 699 1094 737 rebus,

119 757 154 783 ut
176 750 307 781 discant
329 749 443 779 vivere
466 748 498 778 in
522 747 638 778 timore
659 744 736 783 Dei,
759 754 824 775 non
838 748 1025 780 accersant,
1039 751 1094 773 ne-

166 804 184 825 e
210 793 389 833 praebeant
411 790 623 821 occasionem
651 785 794 819 Diabolo
817 786 980 817 insidianti
1002 785 1094 826 ipsis.

119 802 193 868 Silnt
216 833 391 877 diligentes
415 834 445 864 in
469 832 660 874 quaerenda
688 837 718 862 et
743 829 913 860 retinenda
944 829 1095 865 veritate,

120 877 337 911 consolentur
361 887 398 908 se
418 875 481 907 hac
505 875 653 906 doctrina
671 874 702 904 in
727 873 814 904 omni
836 872 912 903 vita.

207 921 282 952 Non
312 927 362 951 est
391 918 465 950 leve
493 916 675 959 periculum
705 917 737 947 in
766 914 822 947 illa
853 914 1096 957 imaginatione,

121 974 218 1007 quam
241 962 433 995 confirmant
458 960 706 997 Entbusiastae‚
735 959 829 1000 quasi
861 967 955 989 nemo
990 957 1097 998 possit

120 1008 275 1049 accipere
309 1004 572 1047 promissionem.
606 1003 669 1033 nisi
700 1001 792 1034 Deus
828 999 988 1032 violenter
1023 1009 1096 1031 eum

122 1049 242 1087 trahat,
267 1048 346 1080 ltem
369 1048 456 1089 quod
491 1046 590 1078 bomo
620 1056 759 1086 prorsus
793 1054 830 1075 se
861 1043 982 1074 habeat
1015 1052 1097 1084 pure

122 1093 267 1134 passive,
292 1092 378 1123 sicut
408 1096 552 1121 statuae:
615 1088 723 1118 Trahit
746 1087 844 1125 Dens,
871 1086 927 1116 sed
952 1086 1096 1115 volentem

122 1135 230 1166 trahit.
262 1134 352 1172 Item,
383 1132 556 1162 praeeunte
591 1133 708 1171 qratia.
735 1132 900 1161 eomitante
929 1129 1095 1159 voluntate.

122 1177 215 1211 Talia
238 1178 339 1215 dicta,
363 1176 571 1217 quantumvis
596 1175 721 1211 brevia,
745 1181 821 1206 sunt
847 1171 982 1215 regulae
1001 1170 1097 1203 utiles

123 1222 154 1253 in
178 1220 326 1252 maximis
345 1219 642 1250 (liiudicationibus.

211 1264 246 1295 Si
272 1263 369 1294 homo
394 1261 530 1293 haberet
549 1271 586 1292 se
610 1270 690 1301 pure
713 1261 859 1301 passive,
886 1266 953 1290 tum
979 1264 1098 1288 tracta-

125 1309 170 1339 tio
193 1313 285 1338 esset
307 1304 405 1346 plane
426 1303 588 1341 violenta,
611 1304 684 1334 sine
707 1301 776 1334 ullo
803 1308 920 1333 nostro
949 1307 1037 1331 motu
1067 1305 1099 1330 et

125 1349 226 1385 lucta,
249 1355 303 1380 aut
327 1354 418 1379 certe
441 1345 534 1378 fieret
558 1346 746 1383 conversio,
769 1351 805 1376 ut
834 1355 907 1376 cum
937 1353 1022 1384 aqua
1053 1343 1100 1373 in-

125 1391 272 1424 funditur
294 1392 326 1422 in
351 1389 484 1421 dolium.
531 1388 602 1421 Hae
620 1389 871 1430 imaginationes
897 1392 973 1418 sunt
1003 1386 1100 1426 depo-

126 1436 266 1471 nendae,
290 1443 374 1475 quas
398 1433 527 1474 quidem
551 1433 621 1472 ipsa
645 1431 844 1472 experientia
868 1428 1002 1466 refutat,
1026 1428 1102 1470 quia

127 1477 303 1510 conversio
328 1486 392 1507 non
417 1475 451 1506 fit
476 1476 548 1506 sine
571 1485 690 1516 magna
712 1473 819 1511 lucta,
843 1480 875 1504 et
897 1473 981 1504 haec
1011 1470 1102 1503 lucta

127 1527 280 1558 testatur,
304 1519 393 1561 quod
417 1517 516 1549 homo
539 1528 605 1549 non
629 1517 749 1549 habeat
778 1526 815 1547 se
849 1526 930 1556 pure
959 1516 1102 1556 passive.

125 1564 258 1596 Interim
282 1570 388 1594 tamen
412 1571 544 1602 semper
566 1560 630 1592 boc
653 1565 763 1591 manet
781 1570 906 1596 verum,
931 1558 1018 1600 quod
1042 1556 1104 1589 tol·

126 1606 213 1639 latur
236 1606 396 1643 meritum,
415 1605 474 1636 sed
498 1615 576 1642 non,
595 1610 630 1635 ut
643 1614 703 1634 nos
727 1601 804 1634 nihil
818 1611 968 1644 agamus,
990 1611 1104 1632 verum

126 1656 162 1682 ut
196 1650 303 1681 honos
339 1648 502 1680 tribuatur
536 1646 603 1677 lilio
639 1646 717 1683 Dei,
752 1652 783 1676 ct
817 1645 992 1687 promissio
1040 1653 1105 1674 ma-

130 1700 203 1724 neat
229 1699 330 1723 certa.

332 1865 470 1896 ”0311ss
479 1865 547 1895 {tux
574 1862 901 1896 SEXAGEsmAl-z.

375 1968 488 1998 Evan
505 1966 652 2009 gelium
677 1967 812 1997 Lucae
834 1967 855 1997 8

310 2059 384 2088 Cum
410 2058 497 2087 ‘urba
517 2058 649 2091 plurium
675 2058 858 2088 rmwmn'yet,
879 2060 935 2084 ptr.

224 2154 308 2190 Quid
335 2152 498 2194 significat
530 2151 720 2182 Sementis'!
747 2150 962 2192 Significatnc
986 2159 1110 2179 semen.

139 2196 190 2229 vel
216 2202 323 2228 actum
345 2196 497 2226 serendi?
522 2195 555 2225 ln
570 2194 690 2226 (ic-nesi
716 2192 851 2235 legitur:
878 2193 1015 2223 Protulit
1029 2197 1110 2221 terra

137 2241 257 2270 herbum
273 2242 425 2277 virentem,
445 2242 472 2267 el
489 2239 652 2276 facientem
676 2247 783 2266 semen.
797 2239 886 2266 turm
905 2247 1000 2275 symm-r
1019 2247 1111 2266 suurn„

138 2288 165 2313 et
191 2283 304 2321 Iifflmm
327 2283 519 2320 pontiferwn,
548 2281 660 2310 halwm
685 2280 916 2320 unumquodque.
947 2283 1112 2309 srnmnemn.

139 2326 301 2355 ser-mulum
325 2326 454 2364 ,ψη-’Ῥω
478 2336 572 2353 snum.
627 2323 687 2355 11Ῑο
710 2324 888 2364 improprie
911 2323 1040 2364 ponitur
1064 2332 1113 2352 Se—

140 2371 256 2401 mentis
276 2380 336 2410 pro
359 2369 497 2402 somine,
524 2366 574 2398 iel
598 2367 706 2409 potius
730 2378 789 2408 pro
810 2367 839 2397 vi
865 2365 1022 2397 senunali.
1047 2366 1112 2395 sou

140 2413 271 2464 proprie
296 2411 460 2451 significat
487 2417 594 2441 netum
620 2411 769 2443 serendi,
799 2410 829 2440 id
855 2416 923 2446 est,
953 2409 1114 2439 sationem

142 2466 256 2497 ipsum.
303 2454 457 2484 (ammoni
484 2454 662 2492 nominant,
689 2454 732 2485 bic
756 2453 870 2487 §.iuti-7
903 2453 1034 2494 qumulo
1063 2462 1113 2482 se-

141 2508 214 2529 men
252 2498 312 2528 iam
337 2497 441 2538 coepit
468 2495 646 2537 pullulare.
672 2497 727 2527 rm*
756 2498 839 2528 ben-'n
871 2495 898 2531 iss
929 2495 1113 2535 uuffqnuqctt.

142 2540 279 2582 Semper
303 2541 430 2572 ‹ictu-us
444 2551 602 2581 quaerero
618 2540 848 2581 proprietatem
863 2538 1114 2580 significationis

141 2594 270 2616 vocum.

709 175 715 181 ¹
748 137 860 170 PfflL.
884 136 987 169 MEL.
1006 134 1196 169 scmP'rA
1217 132 1481 167 EXEGE'ncA.

1133 1859 1135 1884 ἶ
1184 1857 1279 1882 mato.

1134 1900 1135 1925 1
1159 1862 1328 1935 {xagitent
1350 1903 1421 1930 eos,
1446 1904 1530 1934 quos
1554 1894 1712 1923 «ulerunt.
1747 1899 1776 1923 ct
1803 1893 1999 1923 conturbent
2023 1890 2139 1923 Eccle-

1136 2091 1137 2095 ,
1164 2072 1276 2106 raptus
1300 2066 1413 2096 nescia»
1439 2076 1531 2105 quos.

2054 136 2118 169 392

1227 226 1264 258 ln
1297 226 1467 258 Matthaeo
1502 227 1636 259 dicitur:
1671 227 1770 258 Aliud
1802 228 1875 258 tulit
1904 230 2118 268 triyecupham,

1142 269 1231 300 aliud
1252 269 1501 309 eezaqecuplum,
1525 270 1614 299 aliud
1632 269 1811 309 centuplum.
1849 270 2024 306 Quomodo
2053 270 2120 304 hoc

1141 310 1320 355 intelligis?
1343 311 1379 343 ln
1401 311 1466 344 bac
1489 319 1603 343 nostra
1627 313 1773 354 regione,
1796 319 1945 354 quaeest
1963 323 2119 352 arenosa,

1141 365 1202 398 pro
1226 365 1292 387 uno
1325 354 1435 387 modio
1465 355 1688 387 mediocribus
1710 356 1805 387 annis
1828 355 1935 387 reddit
1955 362 2044 388 terra
2067 365 2120 388 se-

1141 403 1230 440 ptem
1249 403 1305 429 aut
1318 403 1394 429 octo
1414 397 1552 429 modios.
1588 397 1623 429 ln
1635 396 1828 441 Thur-ingia,
1840 396 2054 441 plaerumque
2069 398 2119 430 12.

1141 446 1198 472 aut
1220 439 1388 482 aliquanto
1412 439 1525 482 plures
1549 440 1679 472 modios
1705 440 1811 472 reddit
1833 451 1893 482 pro
1917 451 1984 472 uno
1997 441 2118 474 modio.

1142 483 1210 515 Sed
1232 483 1335 515 maior
1358 488 1411 514 est
1432 483 1496 514 ista
1519 481 1690 521 fertilitas,
1714 484 1808 515 cuius
1837 484 2036 515 mentionem
2068 482 2122 516 bic

1143 531 1254 558 textus
1277 524 1374 564 facit,
1397 535 1471 557 cum
1495 533 1584 557 terra
1595 525 1690 557 affert
1710 525 2008 568 trigecuplum,aut
2030 536 2122 558 sexa·

1144 566 1332 611 gecuplum,
1365 575 1421 599 aut
1445 569 1541 600 etiam
1568 567 1768 609 centuplum.
1804 568 1839 600 ln
1862 568 2002 601 historia
2025 568 2122 601 Isaac

1143 617 1310 642 narratur:
1334 610 1432 640 Deum
1452 611 1576 641 dedisse
1599 613 1629 641 ei
1646 611 1821 650 centuplum
1833 634 1840 641 .
1866 615 2002 651 tempore
2015 613 2120 650 Ῑαηιίι.

1144 653 1192 685 lta
1211 653 1379 685 benedixit
1401 654 1430 685 ei
1453 653 1547 685 Deus
1571 652 1685 696 fruges
1709 660 1818 691 satas,
1840 660 1877 685 ut
1894 664 1955 696 pro
1967 664 2033 685 uno
2056 664 2124 685 mo-

1145 697 1198 727 dio
1221 696 1385 737 reciperet
1407 702 1547 728 centum.
1593 696 1650 728 Sic
1672 695 1797 729 Plinius
1821 697 1946 734 scribit,
1969 698 2000 728 in
2025 695 2124 738 Liby-

1145 738 1342 813 phoenicum
1365 738 1501 781 regione
1532 750 1606 771 cum
1629 740 1810 772 centesima
1843 738 1939 782 fruge
1967 738 2125 782 agricolis

1161 793 1179 812 0

1183 791 1266 813 enus
1286 781 1426 812 reddere
1447 788 1578 813 terram.
1602 782 1636 813 ln
1651 781 1764 814 Sicilia
1777 783 1943 824 quondam
1957 792 2029 825 agri
2052 782 2125 814 red-

1147 825 1299 857 diderunt
1322 822 1551 866 trigecuplum.

1353 989 1507 1043 &copus
1540 988 1762 1028 Parabolae
1794 989 1920 1028 huius.

1237 1080 1290 1111 Ad
1296 1080 1385 1121 quod
1394 1085 1493 1120 caput
1502 1079 1672 1110 doctrinae
1681 1080 1822 1120 pertinet
1831 1078 1913 1111 haec
1921 1077 2081 1121 paralpla
2088 1079 2130 1110 de

1151 1122 1304 1155 Scmine‘?
1327 1121 1363 1153 ln
1381 1122 1532 1153 omnibus
1554 1123 1773 1154 concionibus
1793 1122 1952 1153 debemus
1969 1131 2130 1163 quaerere

1150 1164 1364 1208 principalem
1388 1163 1510 1202 locum,
1535 1170 1566 1196 et
1589 1175 1662 1196 eum
1683 1165 1936 1196 accommodare
1950 1165 1990 1196 ad
2004 1171 2131 1196 certum

1150 1214 1249 1250 caput
1278 1208 1449 1239 doctrinae
1472 1206 1654 1239 Ecclesiae.
1692 1207 1878 1239 Videndum
1892 1214 1941 1239 est
1956 1208 2053 1245 enim,
2067 1216 2132 1248 qua

1150 1254 1192 1283 de
1204 1261 1240 1282 re
1252 1251 1393 1289 dicatur,
1408 1257 1439 1281 et
1453 1251 1495 1281 ad
1505 1261 1600 1292 quam
1609 1257 1735 1292 parssem
1746 1251 1882 1281 materia
1892 1249 2064 1281 reserenda
2077 1251 2131 1287 sit,

1150 1300 1258 1326 utrum
1271 1294 1312 1325 ad
1332 1292 1452 1335 legem,
1475 1304 1516 1325 an
1530 1293 1573 1324 ad
1587 1294 1695 1334 capita
1707 1292 1860 1336 symboli.
1895 1293 1999 1325 Nemo
2011 1292 2134 1324 utiliter

1152 1337 1268 1374 discit,
1291 1336 1351 1366 nisi
1376 1337 1457 1374 boc,
1491 1336 1580 1377 quod
1605 1337 1718 1373 discit,
1752 1335 1899 1367 includat
1934 1337 1966 1366 in
1992 1345 2133 1377 corpus.

1151 1379 1197 1411 Ut
1219 1379 1421 1410 architectus
1445 1378 1679 1410 aedificaturus
1713 1379 1856 1416 domum,
1891 1379 1989 1410 habet
2023 1378 2135 1410 ldeam

1153 1422 1271 1454 ‹lonnis
1294 1421 1517 1459 extruendae,
1540 1419 1701 1453 inclusam
1724 1421 1757 1452 in
1781 1428 1906 1453 mente:
1936 1421 1983 1452 lta
2006 1421 2135 1453 discen-

1155 1472 1205 1497 tes
1229 1470 1358 1506 oportet
1384 1470 1492 1495 mente
1516 1463 1691 1505 complecti
1710 1464 1818 1496 ldeam
1843 1465 2080 1502 doctrinarum,
2102 1463 2136 1496 id

1156 1514 1217 1546 cst,
1241 1508 1412 1549 principia,
1435 1508 1705 1550 progressiones,
1727 1507 1825 1539 finem
1849 1513 1879 1538 et
1902 1508 2010 1538 exitus
2022 1516 2135 1537 earum

1156 1561 1384 1592 rerum,‚quas
1408 1550 1549 1581 discunt.
1596 1551 1734 1592 Oportet
1761 1557 1791 1581 te
1816 1556 1918 1581 totum
1931 1559 2054 1590 corpus
2078 1549 2135 1579 do·

1156 1595 1283 1627 ctrinae
1316 1599 1441 1631 tenere,
1475 1604 1541 1625 non
1576 1603 1673 1624 unam
1708 1591 1859 1623 laciniam
1890 1601 2082 1633 excerpere,
2104 1598 2135 1622 et

1157 1648 1228 1669 eam
1252 1635 1414 1673 lacerare,
1439 1644 1469 1667 ut
1496 1634 1666 1667 caniculae
1712 1645 1833 1666 annum
1858 1633 2015 1665 lacerant.

1244 1678 1418 1721 Vagantur
1442 1679 1572 1720 quidam
1596 1645 1799 1715 nebuibnes,
1825 1678 1997 1708 turbantes
2020 1675 2137 1709 Eccle-

1156 1724 1251 1759 siam,
1275 1726 1311 1752 ut
1333 1722 1538 1759 &dunendiclt'
1563 1728 1593 1752 et
1618 1720 1684 1753 alii,
1709 1721 1763 1762 qui
1787 1731 1852 1751 non
1866 1721 1977 1751 dicunt
2002 1720 2043 1750 de
2068 1726 2139 1752 toto

1159 1775 1298 1806 corpore
1323 1765 1504 1798 «lauriane,
1528 1774 1592 1794 non
1618 1765 1735 1795 docent
1750 1762 2053 1804 bominesintegre,
2078 1762 2138 1794 sed

1159 1806 1383 1839 vociferantur
1407 1808 1448 1838 de
1472 1806 1581 1848 aliquo
1616 1807 1762 1837 absurdo
1788 1814 1818 1836 et
1853 1806 2044 1847 prodigioso
2079 1807 2137 1837 do-

1325 1849 1513 1890 Excerpunt
1538 1848 1659 1891 aliquid
1684 1859 1722 1880 ex
1755 1847 1892 1880 aliorum
1921 1849 2071 1890 scriptis,
2106 1854 2138 1880 ut

1161 1938 1242 1974 sias,
1266 1943 1297 1967 ut
1326 1935 1529 1968 Cet-lurcndr'ctr
1556 1934 1757 1966 vocifera-itur
1792 1942 1907 1966 contra
1942 1945 2016 1972 ηοε,
2051 1934 2139 1976 quod

1162 1980 1342 2011 doceamus
1377 1977 1519 2009 literam:
1555 1979 1684 2009 nimium
1713 1976 1803 2009 affixi
1826 1978 1929 2009 simus
1955 1978 2059 2009 verbo
2083 1988 2140 2009 vo·

1163 2020 1236 2053 cali.
1306 2022 1378 2062 lpse
1402 2022 1530 2052 doum-it
1558 2022 1707 2052 lwmincs
1730 2022 1771 2052 ad
1804 2020 2074 2058 Enumsiasmos,
2108 2026 2140 2052 et

1600 2061 1691 2095 Talia
1723 2065 1815 2098 liunt.
1840 2074 1912 2095 cum
1936 2074 2001 2096 non
2025 2064 2142 2095 ordine

1163 2108 1299 2139 discitur
1322 2118 1442 2148 corpus
1466 2107 1643 2138 universae
1667 2108 1836 2138 doctrinae
1859 2106 2044 2138 Ecclesiae.
2069 2106 2141 2138 Hoc

1165 2162 1255 2182 vcro.
1291 2151 1343 2192 qui
1379 2151 1486 2180 animo
1522 2149 1685 2181 inclusum
1720 2149 1974 2188 circmnscmnt,
2010 2147 2140 2182 facilius

1166 2202 1300 2235 possum
1339 2195 1536 2225 distribuere
1577 2194 1744 2230 inmeritis,
1777 2201 1807 2225 et
1835 2193 1959 2225 resen-‹-
1983 2193 2024 2224 ad
2050 2200 2141 2224 certa

1165 2238 1270 2278 capita
1297 2235 1347 2267 κε’.
1372 2235 1466 2277 logis.
1492 2235 1543 2267 vel
1568 2235 1751 2278 Evangelii.

1253 2280 1315 2310 lsta
1341 2278 1500 2321 parabola
1523 2286 1576 2310 cst
1599 2280 1708 2320 imago
1734 2277 1921 2313 Ecclesiae,
1946 2286 1974 2309 et
2023 2278 2140 2309 ertinet

1166 2323 1205 2354 ml
1231 2331 1326 2364 vaput
1354 2324 1383 2354 in
1408 2321 1582 2365 Synibolo:
1610 2322 1712 2353 ‘'r-mlo
1733 2321 1904 2351 Eva-lesina·
1931 2323 1990 2350 t'ne
2014 2320 2138 2350 olivum.

1167 2366 1239 2397 Non
1264 2367 1419 2397 ‹lit-imus:
1456 2365 1565 2397 fredo
1590 2366 1620 2396 in
1647 2363 1843 2397 Ecclesiam.
1878 2365 1960 2395 sicut
1986 2364 2136 2395 dicimus,

1167 2409 1275 2440 s'wuo
1300 2410 1331 2440 in
1356 2410 1508 2450 Spiritum
1533 2415 1695 2440 sanctum.
1733 2406 1897 2439 l‘urtirula
1921 2409 1951 2436 c'n
1976 2408 2003 2438 si
2031 2406 2140 2438 urticat

1169 2452 1332 2489 ildariam,
1367 2461 1396 2483 ut
1437 2463 1509 2483 rum
1534 2452 1564 2482 in
1595 2452 1697 2492 primo
1729 2449 1867 2482 articulo
1897 2419 2038 2493 synluffi
2064 2449 2141 2481 ‹lici-

1167 2507 1255 2526 nius:
1293 2496 1395 2524 ‘'ra-alo
1419 2497 1450 2523 ιή
1478 2495 1583 2524 Deum.
1606 2498 1737 2533 patr-rm.
1762 2502 1790 2524 ct
1817 2501 1948 2534 postca:
1984 2493 2087 2521 Predo
2109 2493 2141 2521 ἡ·

1164 2540 1265 2573 fllium.
1337 2539 1393 2569 stc
1418 2541 1514 2569 ctiam
1539 2538 1692 2568 ‹lit-imus:
1719 2538 1822 2567 ('re1!‹›
1845 2538 1876 2565 in
1900 2538 2051 2566 r'u‘n‘emn
2074 2546 2140 2563 ιιιη-

1167 2586 1260 2611 ι-Ιιιιιι.
1296 2582 1326 2613 ic!
1361 2589 1430 2617 cst.
1468 2592 1533 2612 mm
1558 2579 1665 2612 solum
1697 2580 1798 2611 credo
1822 2590 1895 2611 esse
1955 2590 2046 2613 euni·
2081 2578 2141 2609 sed
