2324 2958
153 150 221 183 883
786 147 899 181 PHIL.
921 147 1027 182 MEL.
1053 142 1251 182 SCRIPTA
1271 148 1535 182 EXEGETIGA.
1595 142 1602 146 ’
2103 153 2173 187 884-

1702 229 1717 237 a

158 243 359 285 manipulum
380 242 526 285 frugum,
549 251 634 284 quas
647 242 887 284 decerpserunt
908 253 950 275 ex
965 244 1138 286 segetibus
1161 245 1167 279 ἔ

157 287 247 324 suis;
281 287 357 328 quia
392 292 653 317 consentaneum
681 290 734 317 est
756 286 789 316 in
823 284 890 317 illis
922 285 1008 318 locis
1039 287 1138 318 citius

156 330 357 362 maturuisse
378 327 510 371 fruges,
541 338 639 370 quam
661 327 696 359 in
724 327 776 360 his
799 329 924 360 nostris
953 328 1082 371 frigidis
1106 334 1138 359 et
1189 321 1282 371 Quo
1314 321 1476 363 consilio
1521 330 1617 363 sunt
1646 324 1828 365 instituta
1860 324 1981 375 festa,
2025 336 2068 368 et
2098 342 2170 369 eur

157 369 483 413 septemtrionalibus
506 371 709 412 regionibus.
764 370 818 402 Ex
851 371 924 402 istis
953 371 1048 403 novis
1070 369 1137 402 sru—

156 415 254 456 gibus
287 413 411 455 aliquid
445 413 620 445 dedicabat
648 412 724 446 Deo
757 414 937 446 sacerdos:
976 412 1137 454 reliquum
1394 399 1610 452 quotannis
1640 406 1735 440 sunt
1765 401 1993 444 celebrata?

157 455 353 489 conserebat
375 457 417 488 ad
440 465 535 488 suum
558 462 590 487 et
624 454 829 498 collegarum
862 467 970 488 usum.
1020 455 1137 487 Fiebat

155 499 201 531 ibi
224 500 401 541 gratiarum
423 499 529 533 actio,
562 508 622 540 pro
646 499 903 530 conservatione
925 497 1069 540 frugum,
1105 504 1137 530 et
1274 496 1374 528 Festa
1400 503 1479 529 sunt
1511 498 1608 540 signa
1631 499 1961 534 commonefacientia
1988 503 2030 534 de
2060 505 2167 545 operi-

105 578 112 581 ·
155 543 318 583 precatio,
353 547 388 573 ut
420 540 563 582 posthae
591 551 724 583 quoque
758 547 1037 574 conservarentur
1069 539 1137 573 fru—
1188 538 1252 570 bus
1274 538 1350 578 Dei,
1373 537 1428 571 vel
1449 542 1650 582 praeteritis,
1685 541 1739 574 vel
1761 541 1898 583 futuris,
1931 543 1985 577 vel
2008 546 2168 588 utrisque.

156 595 229 627 ges,
253 591 368 615 contra
390 583 596 616 calamitates
620 590 790 616 vastantes
813 590 961 626 segetes.
1187 580 1247 612 Vir
1270 581 1427 623 politicus
1450 589 1544 624 putat
1566 585 1723 627 distingui
1746 595 1867 618 annum
1889 585 1998 626 festis,
2022 595 2058 620 ut
2080 599 2167 621 com-

1186 622 1411 656 monefaciant
1432 624 1583 658 homines
1606 628 1648 659 de
1672 629 1882 661 distinetione
1903 636 2108 672 temporum,
2135 637 2170 663 et

242 627 336 658 Sicut
359 633 467 659 autem
491 627 545 658 liic
568 627 639 659 dies
653 628 824 668 proximus
837 627 985 658 Sabbato
1003 637 1137 669 magne,

1187 676 1325 708 operum
1361 669 1668 702 oeconomicorumz
1701 677 1736 702 ut
1758 671 1893 704 Pascha
1925 680 1997 705 erat
2029 672 2078 706 illi
2110 684 2168 716 po-

154 671 332 712 quotannis
356 676 427 701 erat
448 670 572 711 primus
600 671 670 701 dies
701 670 922 711 septimanae,
956 669 1010 710 qui
1040 670 1136 701 nobis

155 718 207 744 est
229 714 300 744 dies
327 714 513 745 Dominica:
545 713 596 745 sic
631 712 906 754 quinquagesima
939 713 1011 743 dies
1039 713 1135 743 etiam

155 755 295 786 cadebat
328 762 489 797 perpetuo
523 755 555 786 in
590 755 675 786 diem
709 754 929 786 Dominicam.
991 755 1037 786 lbi
1071 756 1136 786 iam

153 797 278 839 elapsis
297 808 335 829 se
361 799 490 829 timanis
513 804 640 839 septem
664 805 739 839 post
761 807 916 828 maenum
940 798 1134 836 Sabbatum,

153 851 221 873 non
262 809 402 882 amplius
431 840 656 872 offerebantur
689 841 843 880 manipui
884 838 1033 882 frugum,
1075 850 1136 872 seu

152 884 266 925 spicae
290 882 441 925 impletae
464 885 588 925 granis,
612 894 696 925 quae
719 892 862 914 excussa
884 889 1039 924 poterant
1060 884 1134 915 usui

152 936 231 958 esse
250 927 499 958 sacerdotibus:
534 926 600 957 Sed
630 935 732 967 panes
767 923 846 957 facti
879 935 921 957 ex
950 936 1038 957 novo
1068 925 1135 957 sru-

152 976 263 1000 mento
287 969 525 1001 offerebantur:
551 969 625 1010 quia
648 970 773 1000 interea
796 967 884 1000 facta
907 976 978 1000 erat
1002 970 1135 1007 messis,

152 1018 209 1043 aut
247 1011 365 1044 saltem
398 1012 551 1044 inchoata
585 1019 656 1042 erat
694 1012 824 1043 messis.
884 1011 1000 1042 Fiebat
1033 1013 1135 1054 igitur

153 1060 221 1086 tum
255 1053 423 1086 oblatione
463 1065 624 1086 novorum
657 1064 778 1096 panum
819 1055 1000 1096 gratiarum
1033 1055 1134 1093 actio,

176 1107 213 1127 ro
249 1096 389 1129 feliciter
428 1098 590 1129 demessis
624 1096 792 1139 frugibuS,
832 1102 865 1128 et
898 1098 1065 1137 precatio,
1099 1103 1135 1128 ut

187 1149 246 1171 eus
271 1141 482 1172 benediceret
501 1141 611 1178 victui,
635 1139 774 1181 pelleret
792 1137 914 1177 samen,
938 1141 1031 1171 daret
1044 1139 1134 1171 vale-

152 1183 297 1214 tudinem
322 1185 460 1215 bonam.
494 1193 627 1224 pacem,
663 1189 696 1214 et
730 1181 795 1214 alia
831 1183 1003 1214 commoda
1038 1182 1133 1214 huius

151 1226 251 1257 vitae.

1186 708 1266 760 pulo
1288 710 1413 761 initium
1435 710 1551 743 Veris:
1580 711 1781 746 Pentecoste
1811 715 1999 757 propinqua
2020 722 2094 748 erat
2110 717 2168 748 ini-

1186 758 1230 784 tio
1264 759 1419 791 aestatis,
1452 760 1486 786 et
1513 757 1633 787 messis
1666 764 1836 789 venturae.
1893 758 2028 790 Festum
2061 759 2168 791 taber-

1185 794 1382 827 naculorum
1405 803 1479 828 erat
1500 797 1624 830 initium
1646 799 1773 832 hiemis.
1841 800 1916 833 Hoc
1943 802 2042 833 modo
2071 802 2169 834 etiam

1186 837 1318 869 Ethnici
1341 838 1528 871 habuerunt
1550 849 1612 872 sua
1633 840 1731 881 festa,
1753 844 1786 874 in
1803 844 1923 885 quibus
1942 844 2066 876 fiebant
2089 854 2169 876 cou-

1187 890 1328 923 gressus
1362 881 1406 912 ad
1436 883 1679 916 distinctionem
1708 892 1907 926 temporum;
1946 887 2007 918 etsi
2041 888 2102 928 ipsi
2135 888 2169 919 in

1187 924 1347 955 eiusmodi
1370 926 1587 958 conventibus
1610 927 1707 959 etiam
1725 928 1892 961 habebant
1912 928 2169 962 deliberationes

1186 976 1267 997 suas
1298 967 1339 998 de
1373 966 1516 1008 publicis
1550 970 1703 1011 negotiis.
1757 970 1820 1002 Hic
1853 978 1905 1003 est
1939 971 2014 1004 finis
2043 978 2169 1004 tantum

1186 1007 1353 1050 politicus.
1399 1009 1560 1042 Videmus
1583 1013 1616 1042 in
1638 1013 1680 1044 iis
1703 1013 1845 1054 oppidis,
1867 1024 1953 1055 quae
1974 1021 2053 1045 sunt
2074 1021 2170 1046 vetu-

1186 1052 1302 1090 stiora,
1326 1052 1416 1094 quod
1438 1060 1603 1086 mercatus
1625 1055 1673 1087 ita
1705 1056 1849 1087 distincti
1882 1057 1948 1088 sint
1981 1057 2014 1088 in
2037 1055 2170 1098 singula

1185 1095 1263 1126 anni
1286 1101 1446 1135 tempora,
1477 1102 1513 1127 ut
1535 1095 1729 1140 plerumque
1752 1099 1871 1140 quovis
1899 1109 1986 1131 anno
2010 1100 2076 1131 sint
2098 1105 2169 1131 tres

1186 1144 1364 1169 mercatus.
1412 1137 1454 1169 Ut
1476 1139 1509 1169 in
1533 1149 1607 1171 mea
1629 1142 1747 1181 patria,
1775 1142 1901 1183 primus
1923 1148 2093 1174 mercatus
2115 1148 2170 1174 est

1185 1179 1361 1211 Domtntca
1384 1183 1555 1221 int-ocavit,
1585 1183 1641 1214 ubi
1663 1184 1814 1215 homines
1837 1191 1949 1216 emunt
1973 1185 2066 1217 cibos
2091 1193 2168 1216 con-

1183 1222 1357 1254 venientes
1381 1225 1519 1263 tempori
1542 1225 1822 1268 quadragesimali
1870 1233 1902 1258 et
1925 1234 2041 1268 parant
2066 1237 2104 1259 se
2125 1226 2170 1259 ad

1185 1265 1358 1296 sationem.
1409 1265 1586 1298 Secundus
1615 1275 1801 1307 mercatuS,
1831 1275 1882 1300 est
1909 1276 1986 1301 ante
2015 1279 2169 1308 messem,

1186 1308 1317 1348 quando
1347 1315 1500 1340 emuntur
1522 1310 1742 1342 instrumenta
1767 1312 1913 1349 rustica,
1947 1318 1982 1345 ut
2005 1310 2112 1343 falces
2136 1318 2168 1343 et

1185 1348 1261 1380 alia.
1317 1349 1464 1388 Tertius,
1499 1358 1551 1382 est
1582 1359 1659 1393 post
1682 1354 1889 1391 vindemiam,
1918 1364 1993 1385 cum
2016 1354 2167 1386 hominen

1185 1398 1264 1423 sunt
1285 1390 1415 1423 liberati
1437 1393 1480 1424 ab
1504 1396 1636 1435 operis,
1669 1402 1701 1426 et
1734 1402 1852 1436 parant
1885 1405 1924 1427 se
1955 1397 1999 1427 ad
2027 1396 2168 1429 hiemen

1186 1433 1404 1473 tolerandam,
1428 1442 1538 1467 emunt
1560 1444 1686 1476 vestes,
1707 1445 1772 1470 etc.

1271 1476 1340 1509 Sed
1373 1478 1406 1509 in
1436 1477 1592 1511 Ecclesia
1614 1480 1708 1512 Deus
1741 1491 1807 1512 non
1841 1480 1912 1512 vult
1944 1490 2009 1512 nos
2041 1486 2167 1513 tantum

1185 1521 1365 1552 convenire
1399 1519 1542 1553 humano
1577 1522 1735 1559 consilio;
1776 1524 1837 1555 sed
1871 1524 2035 1555 ordinavit
2068 1522 2168 1561 festa,

1184 1563 1354 1604 sapienter
1371 1564 1547 1597 distributa
1571 1567 1670 1597 certis
1693 1567 1770 1597 anni
1793 1567 2014 1607 temporibus,
2044 1572 2080 1598 ut
2101 1567 2168 1598 sint

1186 1605 1523 1640 commonefactiones
1556 1610 1598 1640 de
1632 1611 1733 1641 rebus
1766 1610 1930 1646 maximis,
1963 1619 2048 1650 quas
2070 1608 2167 1641 Deus

1186 1655 1343 1691 operatus
1366 1657 1419 1682 est
1440 1652 1474 1683 in
1496 1651 1662 1684 Ecclesia.

152 1390 370 1439 Quomodo
387 1390 572 1443 congruit
593 1389 646 1429 ad
669 1389 990 1428 numerationem
1015 1390 1132 1442 quin-

151 1466 429 1520 quagesimae,
478 1466 588 1520 quod
635 1465 771 1505 Moses
818 1465 956 1506 scribit
999 1466 1132 1520 legem

339 1543 478 1583 datam
510 1557 597 1583 esse
629 1556 767 1582 mense
799 1541 946 1582 tertio?

238 1649 348 1682 Verus
372 1650 443 1681 dies
468 1649 655 1689 paschatis,
678 1650 711 1680 id
734 1656 796 1687 est,
818 1649 1029 1681 mactationis
1046 1650 1135 1692 agni,

155 1701 186 1725 et
223 1693 428 1735 egressionis
470 1703 510 1724 ex
543 1694 700 1735 Aegypto
742 1693 833 1734 (quia
876 1693 992 1724 eadem
1026 1701 1135 1731 nocte,

150 1746 224 1768 cum
248 1737 377 1777 vesperi
402 1742 603 1767 mactassent
637 1746 759 1778 agnum
783 1733 994 1776 paschalem,
1025 1737 1135 1767 coacti

149 1786 226 1810 sunt
261 1777 431 1810 israelitae
466 1779 556 1810 exii-e
590 1788 632 1810 ex
664 1779 849 1820 Aegypto)
882 1778 942 1810 {uit
981 1779 1052 1809 dies
1084 1778 1134 1809 14.

149 1823 244 1864 primi
268 1822 403 1853 mensis.
450 1821 590 1853 Res-tunt
614 1822 712 1863 igitur
735 1831 774 1852 ex
797 1831 912 1852 mense
934 1822 1039 1862 pn'mo
1062 1821 1134 1853 dies

1187 1806 1303 1857 Quae
1342 1815 1405 1849 est
1442 1822 1562 1848 causa
1604 1816 1768 1862 propter
1807 1822 1930 1861 quam
1969 1807 2166 1861 colligitur

149 1865 304 1896 sedecim.
352 1864 409 1895 Usi
446 1865 531 1895 enim
562 1871 635 1895 sunt
662 1863 769 1895 ludaei
804 1865 974 1895 mensibus
998 1864 1134 1895 Lunari-
1589 1884 1602 1896 η
1710 1884 1718 1892 .
1759 1884 1778 1911 9

148 1908 211 1939 bus
235 1907 419 1949 sjnmlicis,
444 1918 582 1948 qnorum
616 1906 737 1948 singuli
773 1907 941 1938 continent
974 1907 1044 1938 (lies
1078 1908 1133 1938 tri·
1571 1884 1771 1925 hedesm·

149 1951 254 1994 ginta.
305 1950 401 1981 Adde
432 1951 530 1992 igitur
563 1959 709 1981 mensem
740 1951 923 1981 secundum
958 1951 1133 1991 integrum,

147 1999 180 2025 et
204 1992 403 2035 colligentur
436 1994 505 2024 dies
541 1993 759 2034 quadraginta
789 2003 859 2023 sex.
916 1992 985 2024 Sub
1008 1993 1132 2024 initium

147 2044 255 2068 autem
286 2036 369 2067 tertii
393 2036 517 2067 mensis
552 2042 713 2069 venerunt
749 2034 916 2066 israelitae
951 2037 983 2066 in
1018 2035 1132 2067 solitu-

149 2081 257 2110 dinem
282 2080 322 2109 ad
349 2085 491 2109 montem
516 2078 621 2115 Sinai,
656 2085 685 2109 et
722 2079 774 2109 dic
808 2079 903 2109 tertia
929 2086 1022 2119 post,
1057 2079 1133 2109 datu

147 2130 200 2154 est
224 2121 289 2153 lex.
347 2122 403 2153 Sic
426 2121 467 2152 de
489 2121 723 2162 supputatione
747 2121 872 2151 mensis
895 2121 980 2152 tertii
1003 2131 1058 2152 res
1081 2127 1130 2151 est

149 2163 258 2206 plana.
305 2165 356 2195 An
383 2175 461 2195 vcro
481 2165 632 2204 praecise
651 2165 722 2195 dics
743 2164 1015 2205 quinquagesima
1036 2163 1131 2195 suerit

149 2208 246 2239 dntac
269 2206 366 2249 legis,
390 2206 541 2249 relinquo
566 2207 596 2237 in
621 2207 778 2239 medium:
810 2207 886 2247 quia
910 2217 976 2237 non
1001 2213 1131 2237 constat

147 2258 270 2293 quotus
291 2252 360 2281 alies
383 2251 588 2290 septimanae
618 2257 696 2281 tunc
725 2248 819 2281 suerit
849 2249 918 2280 <lies
950 2249 1132 2290 paschatis,

148 2295 202 2335 qui
228 2293 339 2324 incidit
365 2293 394 2323 in
420 2293 661 2334 oppositionem
685 2291 775 2323 Solis
799 2297 830 2323 et
856 2291 989 2330 Lunae,
1023 2293 1131 2334 proxi-

148 2347 232 2367 mam
257 2337 467 2377 aequinoctio
493 2346 614 2371 verno;
651 2342 681 2366 et
717 2334 899 2367 secundum
929 2334 1054 2373 legem,
1084 2333 1130 2365 se-

148 2384 235 2410 stum
259 2380 527 2419 septimanarum.
563 2389 622 2409 sen
649 2379 864 2414 Pentecoste,
897 2380 1131 2409 numerabatur

148 2432 214 2453 non
240 2433 257 2453 a
283 2423 334 2453 «lic
349 2421 536 2459 l'nschntis,
561 2421 618 2451 sed
633 2432 651 2452 n
666 2422 827 2460 Sabbato‚
853 2422 942 2463 quod
965 2421 1129 2452 incidebat

149 2465 179 2495 in
205 2472 308 2495 totum
332 2463 412 2495 illud
437 2463 557 2495 festum
582 2473 783 2506 azymorum.

236 2509 314 2538 Sive
338 2514 448 2539 nutem
468 2508 509 2538 sit
533 2506 587 2537 illc
613 2508 684 2549 lpse
708 2508 797 2544 «ties,
831 2507 904 2538 sive
927 2517 1008 2546 non,
1042 2506 1129 2537 haud

149 2549 283 2581 multum
308 2549 418 2581 refert.
476 2550 564 2581 Satis
589 2557 649 2587 est,
687 2551 817 2581 circiter
840 2549 1060 2581 Pentecosten
1084 2548 1130 2581 sa·

149 2600 235 2624 ctam
259 2604 335 2624 esst:
360 2592 655 2634 promulgationem
679 2591 775 2635 legis.

1272 1983 1372 2015 Filius
1411 1984 1474 2016 Dei
1514 1985 1712 2024 deprecator
1755 1995 1816 2025 pro
1850 1966 1972 2026 generis
2002 1971 2164 2026 lnumano,

1185 2028 1239 2069 qui
1264 2034 1441 2070 propterea
1465 2027 1498 2058 fit
1522 2027 1721 2068 redemptor.
2002 2029 2016 2036 ”

1331 2175 1549 2225 Quomodo
1589 2175 1784 2229 colligitur
1815 2175 2015 2216 Ecclesia?

1184 2309 1207 2341 ς
1271 2266 1519 2299 praedicatione
1541 2277 1602 2299 seu
1626 2277 1709 2298 voce
1732 2264 1914 2309 Evangelii.
1939 2267 2016 2298 dato
2040 2266 2161 2307 Spiritu

1184 2330 1191 2339 .
1211 2317 1320 2341 uncto.

1245 2458 1344 2508 Quis
1377 2468 1439 2499 cst.
1470 2459 1558 2498 linis
1590 2459 1832 2499 collectionis
1866 2456 2101 2498 Ecclesiae?

1272 2549 1346 2580 Vita
1370 2556 1514 2582 aeterna.
1560 2549 1607 2581 lta
1641 2550 1738 2581 nobis
1765 2550 1797 2579 in
1828 2548 1925 2580 Novo
1947 2547 2158 2580 Testamenta

1183 2592 1265 2623 ordo
1289 2591 1448 2625 festorum
1471 2599 1522 2625 eat
1539 2596 1669 2634 pictura
1690 2602 1802 2624 earum
1824 2601 1946 2628 uerum,
1968 2601 2055 2632 quae
2077 2591 2158 2623 fiunt
