2324 2958
102 150 166 184 921

187 245 330 276 Additur
363 249 470 275 autem
505 241 727 281 Universalis,
765 243 875 275 Omnis
907 246 963 283 qm*
994 246 1080 275 invo-

101 291 240 321 canerit:
273 288 360 327 Eryo
382 290 477 318 erunt
500 287 606 325 multi,
640 289 694 326 qm·
721 286 926 317 inrocabmzt:
959 285 1080 321 Quam-

102 341 199 373 quam
222 339 302 370 prae
325 327 529 359 multitudine
551 329 754 370 pereuntium
783 329 981 360 videbuntur
1004 338 1080 359 esse

100 373 211 415 pauci.
257 371 351 402 Hanc
369 370 591 402 universalem
614 380 716 411 saepe
738 372 857 411 repetit
880 370 1016 408 Paulus,
1047 377 1080 402 et

101 421 154 448 est
175 424 295 455 magna
318 413 523 452 consolati03
557 414 633 454 quia
660 419 738 444 sunt
771 414 855 445 duae
882 415 1080 455 praecipuae

100 458 320 494 tentationes,
364 467 449 498 quae
493 457 633 487 maxime
672 454 837 497 repellunt
875 457 1038 487 hominem
1061 466 1081 487 a

100 501 188 532 Deo.
211 500 235 530 1.
260 500 301 530 de
323 499 547 540 magnitudine
569 499 699 539 peccati
722 499 842 529 nostri:
877 499 942 537 Ah,
967 506 1000 530 tu
1023 499 1081 530 ha-

101 545 163 576 bes
186 543 282 574 nimis
305 552 426 583 magna
449 547 597 582 peccata.
652 540 816 571 Diabolus
847 541 979 573 cuilibet
1002 540 1082 573 facit

101 584 235 623 vulnus,
258 584 346 626 quod
369 594 442 615 eum
467 584 653 622 excruciat,
685 590 717 614 et
751 582 952 625 languesacit
985 584 1081 615 fidem

101 635 134 661 et
162 628 418 659 invocationem.
474 627 510 659 Si
543 627 575 657 in
598 625 664 657 hoc
697 633 872 666 peccatum
906 638 972 658 non
1003 628 1080 658 inci-

101 672 222 708 disses,
256 669 411 707 haberes,
447 680 511 710 quo
544 669 602 699 niti
636 678 771 710 posses:
805 680 927 710 posses
962 680 1080 701 secure

100 714 264 746 accedere
292 713 334 743 ad
357 711 475 743 Deum.
531 711 594 742 Hic
627 718 759 753 oportet
791 718 824 743 te
848 714 983 744 credere
1006 723 1081 753 pro-

101 757 293 789 missionem
322 755 363 786 de
385 754 467 785 Filio
492 753 554 785 Dei
578 763 655 785 esse
678 755 862 796 gratuitam.
919 756 1026 787 Adam
1049 756 1081 786 in

100 806 207 832 morte
229 809 296 830 uon
326 797 436 828 debuit
478 797 603 828 dicere:
637 796 803 836 Domine,
847 799 950 829 abeas
973 809 992 829 a
1015 809 1080 836 me,

101 843 186 874 sicut
209 841 328 872 Petrus
360 838 460 871 stulte
493 840 580 870 dicit.
626 840 692 871 Sed
723 841 822 872 debet
855 842 991 873 obedire
1012 841 1081 872 Do-

101 886 201 922 mino,
223 883 372 914 offerenti
395 883 624 914 remissionem
646 890 869 923 peccatorum.

188 925 306 958 Altera
340 926 477 956 tentatio
511 931 562 956 est
584 926 625 957 de
643 925 918 966 particularitate:
953 926 1083 968 Cogita-

100 979 174 1002 mus
196 969 304 1001 Deum
332 967 458 1000 habere
493 966 682 1010 catalogum
718 970 817 1000 nobis
851 970 1017 1011 ignotum,
1052 970 1084 1000 in

101 1023 167 1056 quo
190 1012 304 1052 scripti
327 1012 404 1049 sint,
437 1011 492 1052 qui
515 1017 593 1042 sunt
626 1010 795 1042 salvandi:
830 1018 862 1042 et
885 1013 1084 1050 dubitamus,

100 1062 208 1088 utrum
231 1064 294 1085 nos
317 1055 541 1095 pertineamus
570 1054 612 1085 ad
635 1053 728 1085 illum
757 1064 928 1086 numerum
952 1053 1084 1085 salvan-

101 1099 229 1130 dorum.
275 1096 343 1128 Sed
366 1097 523 1128 debemus
545 1098 700 1128 assentiri
724 1099 840 1135 verbo,
868 1098 996 1128 etiamsi
1017 1107 1084 1128 non

101 1141 212 1172 omnia
240 1150 417 1180 possumus
441 1138 631 1177 conciliare,
659 1150 744 1181 quae
767 1149 805 1170 se
828 1141 861 1170 in
884 1140 1086 1171 contrarium

100 1184 253 1215 offerunt.
289 1181 460 1213 Debemus
483 1191 651 1223 opponere
677 1182 932 1223 promissionem
955 1183 1085 1213 univer-

100 1225 220 1259 salem:
255 1226 363 1257 Omnis
385 1228 440 1264 qm·
460 1227 660 1256 invocaverit.
705 1224 804 1255 ltem:
842 1227 947 1256 Vem‘te
976 1234 1086 1256 omnes

98 1270 155 1310 qui
180 1271 308 1300 onerati
346 1270 431 1299 escis.
476 1266 569 1298 Item:
613 1268 774 1299 conclusit
795 1278 904 1299 omnes
925 1269 984 1299 sub
1009 1277 1085 1308 pec-

97 1316 178 1352 cato,
200 1315 236 1342 uc
255 1310 393 1342 omnium
412 1313 613 1341 misereatur.
651 1309 789 1342 Talibus
813 1311 907 1342 dictis
926 1311 1086 1342 debemus

98 1365 162 1386 nos
186 1353 406 1392 exsuscitare,
429 1358 465 1384 ut
487 1362 710 1394 repugnemus
734 1351 945 1385 diffidentiae.
989 1352 1085 1388 Quod

100 1407 176 1429 cum
209 1394 367 1434 facimus,
389 1396 453 1426 etsi
483 1405 598 1427 sumus
626 1401 676 1427 tre
701 1396 744 1426 idi
768 1402 801 1427 et
823 1396 952 1434 infirmi,
976 1401 1085 1427 tamen

99 1440 305 1482 esperiemur
316 1449 376 1479 per
387 1438 630 1470 meditationem
641 1444 676 1470 ta
689 1439 753 1470 ium
767 1439 926 1470 dictorum
935 1439 1005 1470 dari
1013 1438 1086 1480 Spi-

100 1483 198 1515 ritum
213 1488 381 1514 sanctum:
410 1482 465 1523 qui
482 1487 609 1513 mentes
628 1481 800 1513 confirmat
824 1487 857 1513 et
876 1483 1084 1514 corroborat.

205 1647 270 1687 De
303 1646 428 1686 dicto:
460 1652 634 1690 Efftmdam
667 1653 709 1684 de
742 1653 867 1693 Spiritu
899 1662 978 1685 meo.

189 1737 355 1769 Aeternus
396 1736 496 1768 Pater
540 1743 572 1768 et
612 1736 716 1768 Pilius
763 1738 890 1778 spirant
928 1739 1084 1779 Spiritum

103 1786 255 1813 sanctum
277 1780 309 1810 in
332 1786 423 1810 tuum
446 1790 522 1816 cor,
558 1779 715 1821 copulant
737 1786 768 1811 te
799 1781 881 1819 sibi,
917 1781 1084 1813 vivificant

102 1829 154 1861 te,
200 1820 232 1853 et
272 1821 418 1853 efficiunt
457 1829 566 1854 motus
600 1821 724 1854 similes
769 1824 843 1854 sibi.
911 1824 1084 1866 Significat

101 1872 212 1898 autem
234 1864 478 1896 inchoationem
502 1865 657 1897 novitatis
680 1877 740 1907 per
761 1876 877 1897 vocem
901 1868 1082 1906 ministerii,

102 1909 179 1950 quia
199 1909 291 1939 dicit:
327 1908 577 1947 Prophetabtmt:
612 1909 643 1940 id
667 1915 739 1946 est,
775 1910 835 1939 erit
869 1910 1082 1941 ministerium

101 1950 287 1993 Evangelii.
333 1949 379 1980 lta
403 1951 576 1982 inchoatur
606 1952 736 1983 novitas
759 1951 938 1992 spiritualis
962 1953 993 1983 in
1019 1953 1082 1985 hac

101 1995 186 2026 vita:
220 2004 280 2034 per
302 1992 520 2033 Evangelium
553 1991 718 2026 illucescit
750 1995 846 2026 nobis
871 1996 985 2027 notitia
1006 1995 1083 2034 Dei,

101 2037 162 2068 sed
185 2037 328 2077 Spiritus
351 2043 488 2067 sanctus
511 2036 601 2066 addit
623 2043 757 2068 motum.

189 2080 281 2111 Sicut
304 2079 397 2110 scitis
422 2079 614 2109 discrimen:
648 2079 790 2111 Notitiae
824 2087 901 2112 sunt
936 2081 966 2111 in
992 2091 1083 2113 cere-

102 2123 176 2160 bro,
201 2132 260 2153 cor
282 2128 391 2153 autem
412 2122 517 2163 gignit
540 2122 692 2162 spiritus3
715 2123 769 2164 qui
793 2130 869 2154 sunt
882 2123 1082 2162 flammulae,

101 2171 135 2197 et
164 2175 293 2207 organa
327 2166 506 2205 praecipua
539 2165 682 2196 omnium
715 2166 882 2197 actionum
919 2168 1082 2208 corporis,

102 2215 135 2240 et
168 2209 384 2239 instrumenta
425 2207 623 2238 affectuum:
664 2213 700 2239 ut
734 2210 865 2249 quando
899 2210 1083 2248 irascimur,

102 2257 226 2293 quanta
239 2250 273 2281 fit
287 2249 500 2281 inflammatio
514 2249 635 2281 halitus
649 2256 679 2281 et
693 2250 857 2291 impulsio.
893 2252 926 2283 ln
951 2253 1083 2285 immine

101 2293 201 2333 θυμὸς
224 2300 276 2324 est
310 2303 494 2325 concursus
530 2292 720 2324 venularum
745 2300 777 2324 et
799 2295 1001 2328 arteriarum.
1047 2296 1082 2327 ln

101 2336 166 2367 isto
189 2335 266 2368 loco
289 2337 448 2367 sentimus
480 2336 641 2377 insignem
666 2335 834 2374 dolorem,
866 2339 997 2378 quando
1022 2340 1083 2370 ira-

101 2379 240 2410 scimur:
265 2380 341 2410 item
360 2380 504 2410 rubescit
531 2386 599 2409 tota
625 2377 741 2417 facies,
765 2381 896 2421 quando
916 2380 949 2411 fit
969 2381 1082 2423 impul-

102 2423 153 2453 sio
189 2422 369 2462 spirituum.
438 2422 484 2452 lta
526 2423 709 2463 cogitemus
742 2422 897 2464 Spiritum
932 2432 1082 2456 sanctum

102 2473 180 2496 esse
203 2465 407 2506 agitatorem.
445 2464 503 2496 llle
528 2464 702 2496 effunditur
726 2465 757 2495 in
781 2466 882 2497 corda
905 2465 1082 2507 hominum,

101 2513 134 2538 et
156 2508 374 2548 permiscetur
410 2508 474 2539 tuis
509 2508 678 2549 spiritibus
702 2507 857 2539 vitalibus
881 2515 913 2541 et
935 2510 1081 2543 animali·

101 2550 173 2581 bus,
230 2549 304 2581 Non
335 2561 514 2592 possumus
543 2551 605 2581 iam
630 2558 706 2591 post
729 2550 858 2593 lapsum
882 2555 1081 2594 perscrutari

101 2602 186 2634 opus
210 2593 399 2633 creationis,
422 2594 483 2625 sed
506 2600 616 2626 tamen
640 2594 672 2625 in
691 2595 899 2636 reparatione
921 2598 1080 2629 sentimus

785 148 1003 182 POSTILLA
1030 148 1429 185 MELANTHONIANA.

2051 155 2116 187 922

1131 243 1165 274 iu
1189 243 1420 275 consolatione
1439 254 1501 275 nos
1523 244 1684 277 vivificari
1706 245 1831 286 Spiritu
1853 253 1982 279 sancto.
2034 246 2117 279 Dia-

1133 284 1200 316 boli
1223 287 1463 326 permiscentur
1497 288 1668 328 impiorum
1702 289 1871 327 spiritibus
1901 290 1933 320 in
1957 290 2059 321 corde
2082 296 2115 323 et

1132 329 1164 359 in
1189 329 1352 365 cerebr03
1386 329 1487 360 iniicit
1516 329 1679 361 Diabolus
1714 330 1864 369 furores,
1898 331 2115 364 tumultuatur

1133 372 1165 402 in
1188 371 1335 412 ipsorum
1358 372 1485 409 animis,
1509 372 1598 403 iuxta
1620 371 1717 403 illud:
1748 376 1887 406 Intravit
1907 378 1939 406 in
1963 386 2032 407 eum
2056 378 2114 408 Sa-

1133 418 1238 446 tanas.
1285 413 1381 445 ltem:
1414 414 1573 445 Diabolus
1604 419 1689 447 tenet
1716 420 1842 455 captim
1875 419 1973 449 corda
1996 428 2113 451 eorum.

1220 456 1287 487 Iam
1322 457 1487 497 cogitate,
1532 464 1641 488 utrum
1680 457 1789 489 velitis
1832 470 1908 490 esse
1949 460 2115 493 domicilia

1134 499 1276 541 Spiritus
1300 499 1418 536 sancti,
1439 499 1509 540 regi
1533 500 1574 530 ab
1598 500 1662 530 isto
1687 501 1909 540 vivificatore,
1941 513 1981 533 an
2006 503 2113 534 velitis

1133 542 1204 573 fieri
1229 540 1366 572 cloacae
1389 547 1548 573 tetrorum
1571 541 1703 573 illorum
1732 549 1765 573 et
1798 544 1998 576 incestorum
2022 548 2114 587 spiri-

1134 591 1225 616 tuum
1257 583 1503 616 Diabolorum?
1565 584 1633 616 Sed
1668 595 1800 616 oremus
1828 586 1943 618 filium
1966 587 2045 626 Dei,
2079 595 2115 620 ut

1133 638 1193 668 per
1227 637 1321 658 suam
1362 637 1515 667 magnam
1557 628 1817 659 misericordiam
1853 629 2007 661 defendat
2051 641 2114 663 nos

1135 676 1251 702 contra
1275 668 1405 701 furores
1418 669 1564 708 Diaboli,
1589 671 1643 701 det
1668 670 1763 701 nobis
1777 671 1932 711 Spiritum
1951 680 2113 712 sanctum,

1134 724 1230 754 quem
1263 713 1335 754 ipse
1370 718 1403 744 et
1435 719 1591 744 aeternus
1616 713 1715 745 Pater
1749 713 1920 745 effundunt
1955 716 1987 746 in
2011 717 2113 747 corda

1133 757 1310 788 hominum.

1256 814 1317 846 ‘'Ov
1339 818 1471 854 ἐποίησε,
1489 816 1569 847 (Ιιέἰι
1595 816 1646 847 hic
1668 817 1796 855 Petrus,
1829 827 1921 856 quem
1943 815 2024 857 fecit
2046 819 2115 850 Sal-

1306 863 1462 890 calorem:

1264 903 1350 941 Eryo
1373 905 1460 933 recte
1481 903 1595 934 Ariani
1616 903 1727 933 dicunt
1747 903 1863 933 Filium
1885 913 1955 934 esse
1981 906 2115 943 factum.

1222 969 1435 1011 Respondeo.
1474 969 1549 1000 Non
1573 967 1718 1011 loquitur
1741 971 1782 1001 de
1806 971 2017 1012 generatione
2040 973 2116 1003 sub-

1135 1013 1289 1050 stantiae,
1311 1013 1371 1043 sed
1394 1013 1435 1043 de
1465 1013 1698 1044 constitutione
1732 1012 1853 1052 officii,
1886 1014 1918 1045 id
1942 1020 2010 1053 est,
2040 1025 2116 1046 con—

1138 1056 1241 1087 stituit
1266 1065 1339 1086 eum
1363 1053 1580 1086 Salvatorem.

1223 1100 1414 1138 Baptizetnr
1434 1101 1672 1138 unnsquisque]
1723 1098 1771 1130 lbi
1793 1099 1928 1137 videtis,
1962 1099 2058 1141 quale
2081 1100 2117 1131 fit

1138 1150 1276 1182 regnum
1300 1139 1440 1177 Christi,
1476 1139 1630 1172 collectio
1664 1140 1855 1173 Ecclesiae:
1897 1143 1973 1173 item
2008 1142 2117 1184 qualis

1138 1184 1179 1214 sit
1203 1193 1283 1214 vera
1307 1183 1494 1219 conversio,
1517 1189 1548 1214 et
1577 1184 1788 1225 poenitentia.
1840 1185 1965 1216 Textus
1995 1187 2116 1227 inquit:

1142 1227 1329 1267 Compmzct'z
1351 1230 1428 1257 sunt
1447 1227 1554 1257 corde.

1223 1270 1390 1299 Μετανοεΐν
1413 1274 1463 1300 est
1480 1268 1724 1309 reprehendere
1742 1271 1885 1311 priorem
1909 1271 2117 1303 sententiam.

1139 1310 1377 1352 Complectitur
1402 1311 1430 1342 1.
1455 1312 1702 1350 contritionem,
1725 1313 1756 1343 2.
1793 1313 1906 1351 fidem,
1928 1312 1961 1344 3.
1996 1324 2118 1346 novam

1139 1355 1371 1386 obedientiam.
1417 1355 1453 1385 Si
1475 1354 1549 1396 quis
1582 1355 1683 1386 habet
1712 1355 1951 1387 distinctionem
1976 1367 2117 1388 comnio-

1139 1398 1281 1436 diorem,
1314 1397 1436 1429 habeat
1458 1407 1558 1435 sane,
1591 1398 1766 1430 dummodo
1789 1397 1847 1430 illa
1869 1399 1911 1433 sit
1933 1409 2118 1431 accommo-

1139 1441 1215 1471 data
1238 1441 1281 1471 ad
1304 1440 1474 1472 docendos
1506 1440 1662 1472 iuniores.
1715 1441 1855 1482 Oportet
1884 1452 1959 1473 esse
1987 1441 2117 1484 aliquos

1138 1482 1286 1521 dolores,
1309 1489 1342 1514 et
1353 1493 1530 1524 pauvoreS,
1552 1484 1643 1515 iuxta
1659 1482 1757 1516 illud:
1781 1486 1911 1516 Im'tz'nm
1927 1486 2117 1526 sapientiae,

1135 1528 1232 1558 timor
1253 1527 1391 1558 Domini.
1436 1526 1500 1557 Ubi
1521 1525 1587 1558 hoc
1609 1526 1658 1565 fit,
1681 1528 1770 1569 quod
1788 1534 1840 1559 est
1861 1529 1948 1570 apud
1973 1527 2117 1570 Prophe-

1137 1575 1221 1608 tam,
1256 1571 1454 1601 Erubescere
1487 1573 1693 1610 nescierunt,
1738 1571 1782 1602 ibi
1816 1581 1920 1612 prope
1956 1578 2007 1602 est
2041 1582 2117 1603 con-

1137 1613 1314 1644 demnatio.
1360 1612 1458 1647 Quod
1479 1618 1588 1643 autem
1610 1613 1642 1644 in
1666 1614 1740 1645 istis
1775 1614 1871 1645 etiam
1900 1614 1999 1646 fuerit
2022 1614 2117 1653 fides,

1137 1656 1315 1687 ostendunt
1332 1654 1421 1695 haec
1444 1656 1547 1687 verba
1564 1655 1668 1688 Petri:
1692 1659 1882 1697 Baptizetm·
1903 1661 2118 1698 unusquisque

1137 1702 1170 1730 in
1194 1702 1321 1731 nomine
1347 1699 1474 1731 Christi.

1138 1863 1246 1914 Quid
1277 1863 1497 1918 respondes
1534 1864 1587 1904 ad
1625 1871 1927 1918 argumentum:
1976 1872 2118 1912 Apostoli

1136 1943 1260 1970 malane
1278 1941 1423 1978 formam
1446 1939 1612 1978 baptismi:
1634 1940 1720 1978 Eryo
1741 1941 1815 1971 licet
1825 1940 1994 1980 Epis-copis
2002 1942 2116 1979 facere

1373 2001 1562 2030 mutationes
1585 2002 1617 2030 e'n
1641 2000 1883 2031 Sacromentc's‘?

1222 2082 1432 2124 Respondeo.
1468 2083 1622 2125 Apostoli
1646 2084 1700 2116 hic
1724 2084 1904 2126 loquuntur
1921 2085 1961 2116 de
1980 2084 2115 2121 effectu3

1135 2126 1212 2157 item
1247 2126 1287 2156 de
1322 2127 1481 2158 doctrina.
1539 2129 1576 2159 In
1610 2138 1725 2159 nomen
1759 2128 1897 2159 Christi:
1929 2129 1959 2158 id
1985 2134 2047 2165 est,
2082 2128 2115 2158 in

1136 2170 1335 2210 agnitionem
1371 2168 1504 2201 Christi.
1562 2170 1618 2200 Sic
1652 2171 1747 2201 etiam
1777 2170 1915 2201 Roman.
1939 2170 1967 2201 6.
2002 2170 2114 2211 Bapti-

1135 2213 1202 2243 soti
1223 2216 1256 2244 in
1278 2214 1549 2245 resurrectionem
1576 2214 1703 2245 Christi.

1134 2377 1257 2418 Estne
1290 2378 1507 2433 propositio
1540 2391 1652 2417 vcra:
1689 2382 1854 2415 Dirinilas
1886 2387 1935 2416 est
1968 2383 2116 2415 mortua?

1476 2469 1563 2506 Non,
1609 2467 1712 2500 Estne
1732 2479 1823 2507 vera,
1853 2471 1940 2501 Deus
1962 2474 2010 2501 est
2032 2480 2115 2501 mor-

1133 2516 1233 2544 tuus?
1278 2513 1335 2543 lta.
1381 2512 1465 2547 Quid
1490 2512 1650 2542 interest?
1695 2512 1836 2547 Quando
1863 2513 1953 2544 dicot
1989 2512 2113 2544 Divini-

1133 2562 1184 2585 tas
1209 2561 1261 2586 est
1284 2561 1427 2591 mortua3
1461 2555 1504 2585 ibi
1529 2555 1560 2584 in
1584 2555 1755 2586 abstracto
1791 2556 1977 2587 nominatur
1995 2563 2114 2588 natura

1132 2599 1313 2630 secundum
1349 2608 1386 2629 se
1421 2597 1641 2629 considerata.
1704 2598 1869 2630 Divinitas
1903 2605 2012 2630 autem
2045 2609 2115 2631 non

1219 2469 1431 2511 Respondeo.
