2324 2958
213 173 254 203 67
863 167 973 198 vnn..
998 166 1098 198 MEL.
1124 163 1310 196 SCRIPTA
1332 161 1594 194 EXEGETlCA.
2002 154 2007 159 ⁴
2178 165 2222 198 63

213 265 295 296 siam
319 264 424 295 voce?
445 262 485 294 Et
510 269 616 293 tamen
641 261 846 293 verissimum
870 267 932 298 est,
958 259 1044 301 quod
1069 268 1127 299 per
1150 256 1187 288 il·
1239 266 1308 294 rea,
1326 262 1359 288 et
1381 257 1458 298 quia
1479 258 1617 298 putabat
1641 256 1731 289 illum
1755 267 1851 289 suum
1874 255 2066 298 inquilinum
2087 256 2221 291 fidelem

212 307 278 339 lam
301 316 418 337 vocem
441 304 534 336 Deus
557 305 599 335 sit
619 301 749 342 efficax,
772 305 857 335 sicut
879 303 1010 334 dicitur:
1048 303 1185 339 El'anye·
1239 301 1328 336 esse,
1362 309 1429 330 non
1463 299 1655 332 occultabat
1688 301 1730 331 ad
1748 310 1823 331 eum
1846 308 1943 331 suum
1964 300 2065 332 istum
2087 299 2220 334 thesau-

213 353 290 382 Ie'mn
325 354 374 381 esc
401 351 546 389 potentia
568 348 631 378 Dei
669 348 714 378 ad
746 349 881 380 salntem
914 348 1002 377 omni
1032 344 1184 375 eredenti.
1239 352 1321 373 rum·
1366 341 1470 374 Miser
1486 341 1543 374 ille
1562 343 1690 374 iuvenis
1713 343 1866 374 incitatus
1888 351 1909 373 a
1931 341 2088 382 Diabolo,
2110 350 2220 376 motus

212 393 304 430 ltem,
329 392 535 429 Eranqele‘nm
558 394 607 421 ext
628 392 838 421 ministerium
861 391 1002 428 spiritus.
1069 385 1109 416 Et
1132 385 1187 415 hic
1239 394 1299 426 spe
1333 386 1493 426 pecuniae
1526 384 1728 417 auferendae
1760 384 1915 416 interficit
1949 394 2080 424 senem,
2111 386 2221 419 aufert

213 435 347 466 dicitur:
382 434 457 464 sum
492 442 550 463 roa:
586 433 820 466 clamantis,
856 431 886 462 id
921 437 987 468 est,
1022 427 1077 459 filii
1111 426 1186 465 Dei,
1239 428 1424 470 pecuniam,
1447 434 1481 460 et
1501 429 1671 470 egreditur
1693 439 1737 459 ex
1760 428 1893 469 oppido.
1918 426 2073 460 Pervenit
2095 435 2221 461 tantum

212 477 268 519 qui
291 486 331 507 ex
355 476 429 507 sinu
452 475 556 516 patris
580 473 713 516 protulit
736 472 972 516 Evangelium,
1006 477 1037 502 et
1061 471 1114 511 qui
1138 468 1185 500 1ο-
1238 470 1281 502 ad
1302 476 1443 512 portam,
1464 481 1528 503 nec
1545 472 1649 513 potuit
1660 470 1800 504 ulterius
1823 471 1990 513 progredi.
2014 470 2064 502 lta
2085 481 2221 513 oppres-

212 520 321 561 quitur
343 528 403 560 per
425 518 604 556 ministros,
627 524 657 549 et
681 523 731 548 est
754 515 873 548 efficax
897 525 956 555 per
967 514 1104 545 verbum
1127 521 1186 543 vo·
1238 519 1351 544 serant
1374 523 1449 546 011111
1471 512 1616 546 dolores.
1684 514 1792 546 Vicini
1815 512 1983 555 patefacta
2010 514 2110 546 domo
2126 524 2221 557 repe-

213 560 294 593 cale.
362 560 437 591 Non
461 566 513 592 est
534 561 632 602 igitur
656 566 781 591 tantum
804 569 867 589 vox
894 557 1035 588 humana
1059 565 1185 586 sonans
1238 556 1325 588 riunt
1348 557 1470 588 bonum
1501 567 1614 589 senem
1645 556 1838 600 iugulatum.
1907 555 2083 592 Quaeritur
2110 557 2222 589 statim

212 605 244 635 in
277 603 470 641 ministerio,
505 603 566 635 sed
601 603 754 634 Clnistus
789 603 870 642 ipse.
905 607 937 631 et
960 598 1104 640 loquitur
1126 607 1186 640 per
1238 604 1336 630 autor
1357 600 1483 638 caedis,
1508 607 1541 632 et
1563 601 1729 632 invenitur
1751 606 1828 631 ante
1851 606 1997 641 portam,
2030 598 2166 632 latitans
2188 601 2222 631 in

211 647 390 684 ministros,
414 652 445 677 et
468 656 527 687 pcr
549 655 666 676 vocem
688 643 775 675 illam
799 650 847 674 est
871 641 1000 674 efficax.
1240 641 1440 673 domuncula
1462 643 1605 684 quadam
1628 644 1691 675 sub
1715 643 1874 685 gradibus
1897 641 2076 674 scalarum.
2142 643 2222 675 lade

297 688 440 720 Additur
463 695 590 720 autem:
621 687 662 719 In
684 689 820 719 deserta.
889 685 922 715 111
953 685 1093 725 pertinet
1117 684 1186 725 qui·
1239 684 1415 716 abducitur
1436 685 1469 716 in
1489 695 1669 718 carcerem.
1713 686 1788 728 Ego
1811 691 1844 717 et
1866 684 1920 717 alii
1941 684 2142 717 visitatores
2165 695 2221 718 ve-

213 732 286 763 tlem
298 732 340 763 ad
352 731 626 762 circumstantiam
644 729 709 762 loci
731 731 763 760 in
776 728 1024 770 praedicatione
1037 726 1186 757 loannis:
1239 726 1410 759 niebamus
1446 737 1486 759 eo
1521 734 1669 770 tempore
1701 731 1884 761 lsenacum.
1951 727 2011 760 llle
2039 728 2141 760 miser
2161 739 2222 771 per

213 774 281 806 Sed
304 780 408 805 totum
443 784 548 816 genus
577 774 751 805 humanum
775 777 826 802 est
849 771 1012 802 desertum
1037 775 1067 801 et
1091 769 1187 801 mise·
1239 780 1321 802 suos
1344 771 1508 812 quosdam
1530 773 1658 804 amicos
1681 773 1809 813 orabat,
1838 777 1870 803 ct
1894 771 2126 803 obtestabatur
2147 781 2222 810 nos,

210 827 282 849 rum
305 817 376 848 sine
395 816 470 848 luce
492 814 673 857 Evangelii.
699 814 784 850 Quid
807 813 866 845 fuit
888 812 1061 854 pulchrius
1084 811 1187 844 Athe·
1238 819 1275 844 ut
1298 823 1360 854 pro
1382 814 1457 855 ipso
1476 813 1768 846 intercederemus.
1813 814 1885 846 Nos
1909 824 1946 846 re
1969 813 2152 846 deliberata
2175 815 2221 846 di—

210 861 276 898 nis,
312 860 445 901 quando
474 858 532 891 fuit
555 860 587 890 in
611 858 715 889 flore?
750 863 779 888 et
804 863 913 888 tamen
937 863 987 887 est
1011 854 1107 887 locus
1131 855 1186 887 de·
1240 857 1409 894 cebamus,
1433 866 1499 888 non
1522 865 1626 898 posse
1648 857 1714 889 hoc
1736 858 1889 895 obtineri.
1920 864 1954 889 ut
1977 858 2046 889 vita
2068 857 2097 888 ei
2120 857 2221 889 done-

211 909 332 940 sertus,
356 903 430 944 quia
455 912 520 933 non
544 908 593 933 est
618 901 660 932 ibi
679 899 733 931 lux
757 898 940 941 Evangelii.
1239 905 1304 938 tur,
1327 900 1418 941 quod
1441 898 1573 931 facinus
1597 900 1692 932 nimis
1716 906 1812 932 atrox
1837 906 1929 932 esset
1943 908 1974 932 et
1998 901 2148 935 immane,
2172 900 2221 932 in-

297 945 332 976 In
367 945 492 976 verbis:
531 946 648 975 Parate
687 947 769 974 riam
803 944 953 979 Domino,
989 941 1186 973 describitur
1240 943 1391 974 terficere
1424 941 1590 984 hospitem
1618 949 1652 974 et
1680 944 1766 975 bene
1793 944 1953 975 meritum.
2021 942 2090 975 Sed
2113 948 2222 975 tamen

209 998 337 1020 summa
361 987 529 1019 doctrinae
552 986 730 1018 ministerii.
783 984 841 1015 Est
866 985 950 1016 enim
974 985 1088 1016 eadem
1111 993 1186 1016 sen·
1238 985 1305 1017 hoc
1339 986 1573 1027 impetraturos
1596 995 1616 1016 a
1645 991 1774 1024 senatu,
1806 996 1849 1018 ne
1882 992 1956 1017 rota
1987 985 2223 1028 frangerentur

211 1031 311 1062 tentia
335 1041 408 1062 cum
432 1029 495 1061 illis
518 1030 630 1061 dictis:
654 1030 802 1068 Excipite
815 1031 990 1059 renienlem
1003 1029 1185 1069 Dominum,
1238 1029 1302 1069 ipsi
1336 1029 1484 1060 membra
1519 1029 1683 1069 corporis,
1717 1029 1778 1060 sed
1812 1034 1848 1060 ut
1881 1029 1990 1070 capite
2011 1026 2221 1070 plecteretur.

209 1075 398 1105 osculamini
437 1074 545 1111 filium.
612 1072 705 1110 Aque
733 1074 960 1111 poenitentium
1002 1075 1034 1102 e!
1066 1072 1187 1102 credite
1211 1092 1215 1112 Ι
1239 1072 1397 1103 Accessit
1419 1072 1462 1103 ad
1487 1082 1561 1103 eum
1585 1071 1775 1103 Fridericus
1797 1071 1978 1110 MiconiuS,
2012 1072 2124 1103 docuit
2147 1081 2223 1104 eum

211 1117 389 1155 Eranyele'o.
445 1115 536 1147 Haec
560 1114 616 1145 suit
640 1114 843 1155 praedicatio
867 1113 1008 1152 loannis,
1043 1120 1075 1145 et
1109 1123 1187 1145 esse
1212 1113 1215 1162 j
1239 1124 1300 1156 per
1323 1119 1428 1146 totum
1450 1115 1604 1153 triduum,
1627 1115 1687 1146 sed
1710 1113 1768 1146 ille
1790 1121 1946 1156 tanquam
1964 1120 2124 1156 stupens,
2151 1113 2223 1146 11111·

211 1159 307 1190 debet
332 1159 473 1190 omnium
496 1158 716 1188 ministrorum
739 1155 922 1188 Ecclesiae.
952 1156 1047 1188 Hanc
1071 1166 1187 1188 vocem
1239 1157 1293 1189 las
1317 1155 1567 1189 consolationes
1590 1158 1733 1190 admisit.
1778 1157 1861 1189 Post
1890 1157 2032 1189 triduum
2055 1155 2146 1190 velut
2167 1167 2223 1189 ex-

210 1201 329 1232 debent
354 1201 448 1232 etiam
472 1200 585 1233 audire
608 1210 740 1237 omncs,
772 1200 825 1241 qui
849 1197 965 1231 volunt
987 1209 1065 1231 esse
1088 1210 1186 1231 mem-
1241 1198 1455 1242 pergesactus
1489 1211 1529 1232 011
1563 1199 1728 1242 profundo
1763 1210 1881 1233 somno
1917 1200 2012 1232 dixit:
2036 1211 2056 1232 o
2079 1200 2224 1233 Domine

210 1244 270 1275 bra
292 1242 473 1275 Ecclesiae.
1212 1253 1216 1293 ἰ
1241 1243 1421 1281 Fridericc,
1445 1244 1477 1275 in
1501 1251 1628 1286 quanta
1650 1245 1833 1277 tentatione
1855 1241 1912 1281 fut,
1936 1249 1968 1275 et
1992 1254 2090 1286 quam
2107 1254 2223 1285 parum

296 1285 335 1317 Et
359 1285 601 1317 assuefaciendi
625 1292 701 1317 sunt
722 1286 831 1323 animi,
861 1290 898 1316 ut
920 1285 1087 1318 discamus
1111 1285 1187 1316 diri·
1211 1297 1216 1351 ἰ
1240 1285 1356 1325 abfuit,
1380 1292 1415 1318 ut
1436 1286 1513 1318 mihi
1539 1287 1785 1319 consciscerem
1808 1294 1965 1325 mortem,
2002 1287 2062 1318 sed
2080 1285 2144 1318 Dei
2168 1288 2224 1319 be-

210 1339 291 1371 gere
313 1335 439 1361 mentes
464 1334 496 1360 et
519 1328 621 1360 corda
643 1329 675 1359 in
700 1338 817 1359 vocem
841 1335 1018 1360 sonantem
1039 1329 1072 1360 in
1095 1329 1187 1360 mini·
1240 1329 1360 1362 neficio
1390 1339 1463 1361 sum
1497 1328 1674 1368 eluctatus,
1709 1336 1742 1362 et
1776 1330 1878 1362 credo
1912 1328 1960 1360 illi
1989 1328 2222 1368 consolationi,

209 1372 324 1409 sterio,
349 1378 382 1403 et
404 1372 619 1413 acquiescere
642 1370 718 1402 huic
741 1371 828 1410 voci,
850 1377 1007 1413 tanquam
1024 1370 1111 1404 filius
1122 1371 1187 1403 Dei
1241 1382 1340 1414 quam
1361 1382 1414 1404 me
1437 1373 1580 1404 docuisti
1614 1383 1657 1404 ex
1690 1374 1795 1405 verbo
1828 1371 1905 1410 Det,
1935 1373 2024 1414 quod
2058 1372 2222 1406 Dominus

207 1414 380 1446 nobiscum
403 1413 593 1456 loqueretur
611 1414 651 1445 de
676 1413 782 1446 coelo.
838 1413 1005 1456 Prophani
1035 1415 1186 1446 homines
1239 1415 1341 1448 iurat:
1370 1417 1437 1447 Viro
1460 1426 1526 1456 eqo,
1545 1418 1618 1448 nolo
1635 1420 1772 1448 mortem
1788 1418 1981 1456 peccatoris,
2018 1417 2080 1448 sed
2099 1421 2137 1448 ne
2150 1427 2224 1450 con-

207 1467 273 1488 non
297 1463 413 1489 curant
436 1456 510 1488 hoc.
555 1456 598 1488 Et
621 1463 833 1489 contemnant
852 1467 948 1489 sane.
983 1458 1050 1490 Sed
1074 1459 1106 1489 in
1129 1467 1186 1490 ve·
1239 1463 1384 1490 vertatur
1418 1463 1452 1490 et
1476 1462 1565 1491 citat.
1632 1458 1729 1491 Nunc
1752 1457 1830 1490 volo
1853 1464 2027 1501 praestare
2047 1457 2123 1491 Deo
2145 1460 2223 1492 obe-

207 1500 254 1531 ris
277 1498 460 1537 doloribus,
484 1506 516 1531 et
539 1500 774 1532 tentationibus
798 1500 1086 1542 experimurhunc
1110 1510 1187 1533 esse
1211 1498 1214 1524 Ι
1240 1501 1393 1533 dientiam
1426 1501 1459 1533 in
1492 1500 1668 1544 supplicio,
1702 1508 1736 1534 et
1769 1502 1841 1534 scio
1875 1500 1952 1533 mihi
1982 1502 2124 1534 remissa
2146 1512 2223 1535 esse

206 1543 338 1574 unicum
361 1549 490 1584 portum
514 1541 762 1575 consolationis.
830 1543 931 1576 Certe
960 1550 1093 1586 oportet
1122 1554 1185 1575 nos
1238 1551 1379 1587 peccata
1411 1551 1548 1587 propter
1582 1544 1764 1576 Christum:
1799 1543 1921 1576 Postea
1944 1550 2095 1576 mortuus
2119 1551 2171 1577 est
2190 1546 2222 1576 111

206 1583 313 1617 Deum
337 1586 505 1625 invocare,
528 1586 582 1628 qui
606 1587 737 1618 tradidit
762 1587 859 1618 nobis
881 1585 968 1619 hanc
986 1597 1102 1619 vocem
1126 1597 1187 1630 per
1211 1601 1213 1630 ;
1239 1585 1453 1619 consessione
1476 1594 1508 1619 et
1537 1588 1747 1620 invocatione
1770 1585 1826 1619 filii
1855 1586 1936 1625 Dei,
1968 1592 2144 1619 contentus
2166 1598 2222 1619 au-

206 1627 320 1659 filium:
359 1629 520 1669 Quidquid
544 1633 706 1669 petiere'lz's
729 1635 861 1670 patrem
890 1634 922 1662 in
957 1633 1083 1663 nomine
1104 1641 1185 1671 meo,
1211 1635 1214 1673 J
1239 1631 1308 1663 dita
1325 1640 1411 1662 voce
1432 1629 1605 1673 Evangelii
1624 1637 1656 1662 et
1679 1632 1711 1662 iu
1735 1640 1775 1662 ea
1797 1631 2026 1672 acquiescens.

206 1672 293 1703 dabit
315 1673 410 1703 robis.
467 1672 569 1703 Huius
593 1673 826 1713 promissionis
854 1672 976 1705 fiducia
1000 1679 1131 1715 oportet
1154 1680 1185 1705 te
1211 1678 1214 1701 1
1327 1673 1460 1705 Tertius
1479 1672 1575 1706 locus
1599 1680 1650 1706 est
1668 1675 1710 1706 de
1721 1673 1894 1715 Baptismo
1907 1672 2051 1704 loannis.
2076 1673 2223 1711 Quaero,

208 1714 402 1746 confirmare
437 1715 590 1753 animum,
625 1722 657 1746 111
690 1722 818 1748 statuas
854 1723 885 1747 te
914 1727 934 1748 a
956 1715 1031 1748 Deo
1055 1717 1187 1748 exaudi·
1211 1706 1214 1760 1
1241 1727 1283 1748 an
1307 1717 1349 1748 sit
1372 1717 1458 1747 idom
1480 1716 1672 1758 Baptismus
1708 1717 1841 1748 loannis
1865 1722 1897 1747 ct.
1921 1717 2025 1748 nostri
2049 1716 2222 1757 pastoris?

206 1762 273 1788 tum
296 1757 341 1788 iri.
1211 1761 1214 1789 i
1240 1759 1452 1800 Respondeo.
1497 1759 1585 1791 ldem
1609 1767 1658 1791 est
1683 1760 1874 1800 Baptismus
1897 1758 2042 1797 loannis,
2072 1769 2147 1791 011111
2169 1769 2221 1797 00,

294 1799 446 1841 Propone
483 1801 671 1841 cogitationi
707 1809 780 1833 tuae
810 1801 973 1834 hominem
997 1803 1187 1835 damnatum
1240 1803 1296 1845 qui
1319 1813 1406 1834 nunc
1430 1809 1482 1834 cst
1508 1803 1539 1833 in
1559 1801 1732 1840 Ecclesia,
1766 1803 1828 1834 nisi
1851 1802 1939 1844 quod
1970 1800 2147 1834 inchoatus
2169 1809 2221 1834 est

207 1843 249 1874 ad
269 1842 474 1884 supplicium.
520 1844 605 1878 Quid
629 1845 679 1875 vis
702 1843 758 1876 tali
783 1844 1047 1877 consolationum
1065 1856 1188 1888 propo·
1239 1856 1260 1877 a
1283 1845 1417 1884 Ioanne,
1441 1852 1597 1887 tanquam
1621 1847 1725 1888 primo
1742 1846 1892 1876 ministro
1917 1845 1993 1876 novi
2005 1843 2221 1876 Testamenti.

207 1887 313 1917 nere?
338 1896 402 1916 non
427 1886 529 1917 debes
555 1897 627 1918 cum
651 1898 692 1919 co
715 1889 884 1930 disputare
907 1889 949 1920 de
973 1899 1097 1921 arcana
1120 1888 1186 1921 010-
1239 1888 1392 1920 Andreas
1428 1888 1601 1921 Masculus
1636 1887 1927 1920 Francosurtensis
1961 1887 2092 1920 Doctor
2120 1887 2220 1919 edidit

208 1929 331 1960 ctione:
364 1939 429 1959 11011
462 1930 625 1961 deducere
649 1932 690 1961 ad
714 1941 847 1963 sensum
872 1941 1034 1963 novorum
1059 1938 1089 1963 et
1113 1931 1186 1964 illu·
1238 1932 1483 1973 propositiones
1507 1938 1584 1963 ante
1607 1931 1731 1973 aliquot
1753 1942 1872 1969 annos,
1895 1932 1926 1962 in
1946 1931 2065 1973 quibus
2088 1940 2220 1962 assere-

207 1971 323 2002 strium
346 1978 489 2003 motuum
513 1971 577 2004 1100
601 1974 717 2004 modo:
742 1975 776 2005 Si
800 1985 838 2006 es
859 1973 997 2012 electus,
1021 1974 1115 2006 Deus
1139 1973 1186 2007 fa·
1239 1976 1293 2006 bat
1317 1974 1521 2016 Baptismum
1545 1975 1677 2006 loannis
1707 1985 1772 2006 non
1805 1975 1961 2006 habuisse
1990 1974 2220 2005 remissionem

210 2015 273 2045 ciet
298 2014 327 2044 in
355 2021 384 2045 te
410 2026 529 2046 novum
553 2023 685 2055 motum,
705 2024 738 2048 ut
751 2017 897 2049 hilariter
909 2023 941 2049 et
954 2016 1095 2049 libenter
1117 2029 1186 2049 mo-
1238 2023 1464 2059 peccatorum,
1488 2017 1725 2059 Apostolorum
1744 2023 1853 2049 autem
1865 2017 2069 2057 Baptismum
2095 2026 2220 2048 annun-

208 2058 320 2094 tiaris,
353 2064 381 2088 et
408 2058 515 2089 omnia
540 2064 742 2091 contenmas.
809 2060 876 2092 lmo
905 2071 986 2092 vero
1010 2061 1059 2092 sio
1083 2061 1112 2092 ci
1136 2067 1187 2093 est
1238 2061 1320 2092 tiare
1343 2061 1571 2093 remissionem
1590 2067 1813 2102 pcccatorum.
1881 2060 1991 2102 Atque
2018 2060 2062 2091 ita
2084 2059 2218 2100 scripsit

1239 2104 1335 2135 etiam
1369 2102 1530 2147 Magister
1560 2105 1807 2136 sententiarum.
1875 2102 1914 2134 Et
1940 2108 2015 2134 sunt
2039 2100 2094 2133 alii
2115 2101 2221 2139 multi,

1240 2148 1295 2189 qui
1318 2147 1363 2178 ita
1387 2147 1544 2180 sentiunt.
1570 2148 1623 2189 qui
1649 2146 1856 2179 delectentur
1878 2146 1960 2177 suis.

1325 2189 1398 2232 Ego
1432 2190 1482 2221 sic
1516 2191 1605 2222 dico:
1640 2190 1830 2232 Baptismus
1865 2189 2019 2220 divinitus
2053 2188 2219 2221 institutus

1240 2233 1382 2265 continet
1420 2239 1523 2265 totam
1558 2234 1801 2274 poenitentiam.
1870 2232 2076 2264 l’oenitentia
2110 2236 2220 2263 autem

1240 2277 1313 2308 sine
1331 2276 1528 2307 remissione
1552 2283 1763 2317 pecc-ntorum
1786 2286 1852 2307 11011
1865 2275 1971 2307 differt
1994 2285 2013 2306 a
2039 2274 2219 2316 tragoediis

1240 2317 1419 2360 Sophoclis
1443 2325 1473 2350 ct
1497 2318 1677 2361 Euripidis:
1702 2319 1742 2350 Et
1766 2319 1960 2361 praedicare
1984 2317 2219 2359 poenitentiam

1240 2367 1362 2394 tantum
1385 2363 1425 2394 ad
1451 2364 1681 2394 omiti-itionem
1705 2368 1755 2394 est
1781 2360 1900 2404 legalis
1918 2361 2049 2398 concio,
2077 2369 2144 2391 non
2163 2370 2220 2391 au-

1210 2617 1213 2644 1

1207 2646 1213 2663 l

208 2100 398 2131 dicendum:
424 2100 520 2137 Audi,
544 2101 607 2132 hoc
631 2109 680 2132 cst
716 2104 902 2135 mandatum
927 2104 1087 2135 divinum:
1123 2106 1187 2144 ,1ῃο

208 2146 448 2183 poenitentiam.
473 2149 504 2174 e!
525 2146 622 2175 crede
648 2146 823 2185 Eranffldio.
871 2146 968 2177 ltem:
1001 2149 1058 2178 llic
1082 2152 1133 2178 est
1150 2149 1187 2187 li-

207 2188 270 2217 lins
294 2196 383 2217 mens
406 2188 550 2220 clt'lvclnx,
579 2187 687 2227 Ipsum
709 2191 827 2221 (tadilo.
852 2189 930 2220 ltem
944 2188 1030 2221 lilius
1054 2188 1116 2221 Dci
1141 2191 1187 2221 di-

209 2229 268 2260 cit:
294 2231 347 2259 Sl(-
371 2228 461 2261 Dens
483 2231 596 2261 dilen?
617 2233 774 2262 annulum.
801 2232 892 2263 1111111·
917 2244 1032 2264 vocem
1056 2239 1186 2265 statuas

209 2278 239 2302 et
263 2272 317 2302 tibi
343 2272 496 2303 «livinitus
520 2273 670 2305 traditam
690 2285 786 2306 csse.
811 2282 838 2305 01
867 2275 929 2306 11110
953 2286 1036 2307 voce
1060 2282 1090 2307 tc
1114 2285 1186 2307 sus-

211 2320 334 2346 tentes.
371 2322 402 2345 ut
427 2316 625 2357 acquiescas
650 2317 681 2347 in
707 2315 772 2348 lilio
797 2316 869 2349 Dci.
929 2318 1024 2354 Quod
1050 2319 1077 2349 si
1102 2318 1187 2351 secc-

208 2357 267 2393 115,
291 2356 430 2388 habebis
456 2357 730 2397 consolationem,
754 2367 784 2391 et
810 2372 845 2392 es
871 2361 932 2392 iam
961 2360 1079 2392 haeres
1102 2363 1187 2394 vitae

208 2407 373 2431 aeternae.

297 2442 375 2474 Erat
416 2443 541 2475 lscnaci
582 2445 712 2486 quidam
752 2446 852 2477 miser
895 2446 1010 2478 11011111.
1047 2447 1185 2487 iuvenis,

209 2485 345 2517 differat
368 2498 524 2518 uxorem.
561 2498 625 2518 non
651 2488 807 2520 didicerat
830 2489 1020 2522 artificium.
1056 2491 1186 2530 egebat.

208 2527 304 2561 Alius·
327 2530 457 2571 quidam
480 2540 582 2561 senex
605 2530 785 2569 solitarius,
815 2539 922 2563 motus
947 2533 1185 2569 misericordia,

209 2579 379 2613 receperat
403 2583 475 2604 eum
501 2574 530 2604 in
554 2574 666 2606 aedes.
734 2574 851 2607 Habuit
877 2574 998 2618 aliquid
1029 2578 1186 2617 pecuniae

210 2624 309 2646 senex
335 2615 397 2646 istc
416 2627 536 2646 :intr-os
562 2617 693 2648 circitor
723 2619 895 2660 wxngtnta
920 2619 951 2649 in
977 2626 1106 2651 moneta
1130 2631 1185 2651 au-

1240 2411 1304 2437 tem
1328 2404 1541 2446 Evangelica.
1582 2406 1673 2438 Sicut
1692 2415 1773 2448 crgo
1819 2404 1996 2436 raedicatio
2020 2404 2119 2434 totius
2142 2402 2218 2433 novi

1239 2447 1439 2480 Testamenti
1463 2449 1617 2481 itu-homa
1641 2455 1692 2480 est
1714 2459 1774 2490 pcr
1791 2416 1960 2480 loannem.
1983 2447 2027 2478 ita
2046 2445 2219 2477 eumuna-

1239 2491 1378 2533 ptismus
1402 2490 1531 2523 loamnis
1546 2492 1655 2523 habuit
1668 2502 1735 2523 non
1755 2491 1853 2522 modo
1872 2489 2119 2522 accusationem
2141 2497 2218 2530 pec·

1240 2534 1316 2572 cati,
1351 2535 1410 2565 sed
1445 2536 1542 2566 ctiam
1566 2535 1852 2567 annunciationem
1874 2533 2081 2565 remissionis
2103 2540 2217 2574 pecca·

1239 2583 1358 2609 torum.
1426 2577 1578 2610 Continet
1605 2579 1702 2630 igitur
1725 2577 1954 2609 contritionem
1979 2582 2009 2607 ct
2033 2575 2152 2613 tidem,
2185 2581 2218 2606 et

1241 2621 1453 2652 contii-mahat
1481 2632 1552 2656 cos.
1577 2633 1629 2664 qm
1656 2621 1924 2663 baptizabantur,
1947 2619 2035 2661 quod
2058 2617 2217 2649 haberent
