2324 2958
127 144 193 178 439
761 144 871 177 Puto.
894 143 997 176 MEL.
1020 143 1205 177 semera
1226 143 1488 177 EXEGETICA.
2056 149 2120 182 440

128 239 248 271 duntur
268 238 404 280 spiritus
426 236 596 276 animales,
618 243 652 270 et
674 237 804 276 vitales,
827 239 891 270 iam
917 243 992 269 ante
1015 247 1096 278 quo·
1148 238 1285 275 cauetur,
1306 238 1420 279 inquit.
1464 238 1574 271 Utitur
1604 239 1709 270 verbo
1734 237 1895 271 Danielis.
1937 238 2065 273 Annuit
2086 249 2120 274 et

127 291 192 324 que
225 281 370 323 corrupti
404 290 446 312 ex
479 278 576 312 fumis
607 279 923 313 adhaerescentibus
959 281 1097 311 cerebro
1150 279 1182 310 in
1205 280 1346 312 caeteris
1368 282 1522 313 membris
1556 281 1598 313 ad
1631 281 1786 314 vaticinia
1807 282 2012 323 prophetica,
2035 293 2121 324 quae

127 330 161 356 et
182 324 285 356 cordi.
1150 322 1338 363 cogitantes
1377 333 1549 362 crescere,
1583 324 1741 355 debemus
1773 325 1806 355 in
1840 335 1919 357 vera
1951 326 2120 368 agnitione

213 365 320 398 Oseas
332 363 481 397 similiter
498 365 591 397 dicit:
612 367 761 398 Ebrietas
783 371 816 397 et
834 367 985 397 scortatio
1007 367 1097 404 aufe·
1150 363 1281 396 Christi.
1322 365 1406 398 Nam
1429 366 1513 398 haec
1536 366 1640 407 prima
1664 377 1744 398 cura
1767 376 1844 399 esse
1867 367 1964 399 debet
1976 368 2119 400 omnium

127 413 204 441 runt
225 418 289 448 cor,
311 408 343 440 id
366 413 429 446 est,
450 407 639 440 temulentia
661 407 753 440 affert
770 407 1010 449 neglectioneni
1022 405 1097 444 Dei,
1148 406 1326 446 hominum,
1349 409 1440 440 iuxta
1462 415 1674 450 praeceptum
1697 407 1834 441 Psalmi:
1861 411 2067 449 Oce-ulmum,
2087 411 2119 443 id

127 457 161 483 et
181 452 392 482 securitatem
414 449 592 483 carnalem.
659 450 780 482 Paulus
804 451 946 481 nominat
974 448 1095 487 τίναλγη-
1148 456 1212 488 est,
1234 451 1408 492 agnoscite
1431 450 1531 483 filium
1555 457 1587 483 et
1610 450 1841 493 amplectimini
1864 461 1950 484 eum.

127 498 205 525 σίαν.
227 493 386 525 Videmus
408 491 528 525 multos
550 494 658 534 perire
680 494 712 524 in
736 494 807 534 ipsa
830 493 998 524 ebrietate.
1026 491 1096 522 Nec

127 536 253 568 frustra
286 537 409 568 dictum
436 542 504 568 est:
537 538 636 568 Multo
664 538 776 576 plures
808 535 924 567 occidit
954 537 1095 574 crapula,

127 588 221 619 quam
239 579 376 619 yladius.
442 577 541 610 Certe
564 579 605 610 de
627 578 712 609 aulis
734 577 939 609 Germanicis
962 576 1027 607 hoc
1050 577 1094 608 ni-

127 622 188 653 mis
218 631 332 654 verum
358 627 420 653 est.
487 621 560 653 Non
591 622 644 653 diu
667 629 729 658 est,
759 631 831 652 cum
855 619 943 650 venit
966 618 1031 650 huc
1054 629 1095 650 ex
1223 613 1439 664 Quomodo
1478 623 1541 657 est
1571 623 1707 657 autem
1740 617 2046 671 agnoscendus?

129 664 281 696 convivio
303 664 456 706 quodam,
478 663 641 695 Dominus
664 663 704 694 de
717 663 926 703 Schonberg,
950 662 1002 702 qui
1022 672 1095 694 cum

127 712 277 739 mortuus
299 713 400 745 esset,
424 712 457 738 et
480 716 602 747 corpus
625 706 695 737 eius
717 706 910 746 aperiretur,
934 704 998 735 vidi
1017 713 1096 745 epar
1235 704 1389 744 Primum,
1413 707 1652 739 consideranda
1676 713 1727 738 est
1750 717 1910 747 persona3
1934 714 2051 748 postea
2073 706 2120 739 of-

128 750 198 781 eius
216 748 395 781 laceratum
417 750 449 780 in
495 747 677 780 anniculos.
741 748 810 779 Nec
843 748 913 778 sine
947 746 1096 788 periculo
1150 747 1270 779 ficium.
1315 747 1417 780 Filius
1439 751 1619 790 assumpsit
1642 756 1790 781 naturam
1808 750 1991 790 humanam,
2012 756 2049 782 ut
2071 759 2121 782 es-

127 793 320 834 aegrotabat
350 790 434 824 alter
491 801 599 829 omeS,
628 791 720 822 cuius
745 797 851 822 tamen
874 791 942 821 vita
964 795 1097 821 servata
1149 796 1200 821 set
1223 790 1363 822 victima.
1429 791 1513 823 Sunt
1534 793 1632 834 igitur
1655 793 1739 824 duae
1762 800 1899 824 naturae
1922 794 1954 824 ia
1978 803 2122 834 persona

136 841 190 867 251,
1151 832 1288 869 Christi3
1320 843 1362 864 ac
1395 841 1571 875 propterea
1607 842 1760 866 servatur
1794 846 1899 876 genus
1934 835 2121 873 humanum,

212 877 299 909 lnter
320 875 448 909 nobiles
470 875 648 918 plerosque
670 877 767 907 etiam
791 882 883 907 extra
905 875 998 906 aulas
1022 880 1095 906 sunt
1150 876 1226 917 quia
1259 881 1311 906 est
1344 875 1467 908 factum
1491 877 1668 916 decretum,
1690 884 1726 909 ut
1749 876 1836 909 filius
1857 884 2007 910 assumat
2030 885 2121 910 natu·

128 920 280 952 convivia
303 918 540 952 Centaurorum
558 926 590 950 et
609 918 830 960 Lapitharum.
875 917 1020 950 Fuerunt
1042 927 1098 948 au·
1151 928 1220 949 ram
1241 917 1434 951 humanam:
1458 917 1580 960 alioqui
1604 926 1721 951 natura
1741 919 1883 952 humana
1913 921 2049 953 redacta
2070 930 2122 952 es·

126 970 192 995 tem
225 961 382 995 Centauri
422 969 454 994 et
494 960 653 1003 Lapithae
693 960 738 992 illi
774 962 900 1003 equites
934 958 1097 992 Thessali.
1151 967 1202 992 set
1223 961 1256 992 in
1278 960 1424 993 nihilum.
1469 961 1529 993 Est
1551 968 1660 994 autem
1683 972 1801 1003 magna
1830 961 1994 995 humilitas
2017 964 2050 995 in
2071 962 2120 994 Fi·

126 1005 223 1037 Hanc
245 1005 514 1037 consuetudinem
536 1003 627 1035 multi
640 1011 782 1036 vestrum
806 1003 945 1035 afferunt
967 1004 999 1034 in
1015 1003 1098 1033 Aca·
1151 1003 1207 1041 lio,
1226 1004 1314 1045 quod
1337 1014 1401 1035 non
1425 1005 1548 1036 exserit
1571 1014 1665 1036 suam
1676 1004 1854 1044 potentiam
1872 1005 1907 1036 in
1925 1004 2124 1045 depellenda

127 1048 263 1080 demias.
330 1047 381 1086 Et,
416 1047 504 1089 quod
540 1046 777 1088 deplorandum
807 1054 869 1084 est,
891 1056 992 1087 saepe
1015 1046 1099 1076 inter
1151 1048 1318 1088 passione,
1354 1047 1412 1078 sed
1435 1053 1581 1087 praestat
1605 1046 1690 1078 hanc
1715 1046 1931 1078 obedientiam
1953 1047 2057 1088 patri,
2089 1052 2125 1078 ut

128 1092 316 1132 potationes
340 1090 421 1121 istas
445 1100 485 1121 ex
510 1100 576 1121 uno
601 1089 758 1128 verbulo,
780 1096 835 1121 aut
858 1089 954 1121 etiam
978 1099 1018 1120 ex
1043 1099 1098 1129 ge·
1151 1095 1269 1120 natura
1299 1090 1440 1121 humana
1471 1089 1620 1131 crucifigi
1643 1095 1676 1120 et
1698 1090 1780 1120 mori
1807 1096 1935 1129 posset.
2000 1088 2037 1120 ld
2059 1088 2124 1121 lre-

127 1139 179 1165 stu
202 1132 313 1175 aliquo
336 1134 466 1174 ingrato
489 1131 573 1170 aliis,
596 1138 779 1173 sequuntur
801 1133 938 1170 caedes,
966 1137 999 1162 et
1022 1141 1098 1161 con·
1150 1142 1254 1163 naeus
1277 1131 1467 1173 significare
1489 1130 1602 1169 voluit,
1626 1143 1700 1164 cum
1718 1132 1831 1173 inquit,
1852 1132 1937 1171 λόγον
1959 1135 2123 1171 quievisse,

128 1174 257 1208 ciliatur
289 1175 398 1207 luctus
432 1182 464 1206 et
505 1173 600 1206 dolor
634 1174 861 1206 inenarrabilis
897 1175 1097 1216 parentibus-
1149 1175 1182 1206 id
1206 1180 1268 1211 est,
1291 1185 1357 1206 non
1379 1176 1569 1206 exseruisse
1591 1184 1684 1206 suam
1708 1175 1898 1215 potentiam.
1942 1174 1983 1206 Et
2015 1181 2050 1206 ut
2072 1184 2124 1206 ῶ-

126 1217 167 1249 Ει
191 1228 388 1259 quamquam
422 1227 488 1249 non
521 1221 653 1259 semper
676 1219 827 1249 convivia
849 1223 925 1248 sunt
949 1222 1098 1254 cruenta,
1151 1224 1201 1248 set
1224 1217 1327 1259 λύτρον
1348 1215 1532 1255 sufficiens,
1554 1218 1698 1259 oportuit
1725 1217 1811 1256 λόγον
1839 1216 1926 1249 velle
1949 1218 2045 1249 istam
2067 1216 2125 1249 hu-

126 1268 234 1292 tamen
257 1258 444 1292 miserabile
467 1265 530 1298 cst,
554 1261 642 1301 quod
668 1261 768 1292 corda
792 1266 823 1291 et
852 1269 992 1300 corpora
1017 1258 1098 1289 Ger·
1151 1259 1326 1291 militatem.

126 1313 295 1335 manorum
329 1304 361 1334 in
394 1304 560 1335 iuventute
593 1303 678 1334 adeo
712 1310 964 1343 corrumpuntur
985 1300 1098 1332 helua-
1236 1302 1310 1333 Non
1334 1309 1386 1334 est
1397 1309 1506 1334 autem
1523 1303 1744 1344 cogitandum,
1757 1302 1846 1344 quod
1865 1302 2026 1334 beneficio
2048 1313 2124 1344 pas-

126 1346 282 1378 tionibus.
1152 1345 1257 1375 sionis
1282 1351 1406 1376 tantum
1429 1354 1491 1375 nos
1514 1345 1631 1375 iuverit
1654 1344 1820 1382 Christus,
1841 1351 1877 1376 ut
1899 1343 1990 1377 multi
2002 1344 2124 1377 habent

210 1388 357 1420 Fuerunt
385 1388 482 1419 etiam
500 1386 591 1419 »olim
616 1387 771 1418 Germani
793 1397 873 1428 prae
896 1385 970 1418 aliis
994 1387 1098 1428 genti·
1152 1397 1298 1418 crassam
1333 1387 1615 1429 imaginationem,
1650 1387 1738 1429 quod
1762 1385 1914 1420 Christus
1936 1393 2060 1420 tantum
2082 1388 2125 1420 sit

127 1432 188 1463 bus
211 1429 473 1473 indulgentiores
496 1431 529 1461 in
552 1431 614 1461 hac
637 1440 682 1461 re.
728 1429 797 1461 Sed
826 1435 933 1460 tamen
963 1439 1030 1460 non
1054 1429 1098 1459 ita
1150 1439 1272 1471 passus
1305 1439 1365 1470 pro
1388 1429 1505 1467 nobis,
1537 1439 1577 1461 ac
1599 1435 1716 1470 postea
1740 1428 1819 1461 nihil
1841 1431 2012 1462 nobiscum
2035 1436 2124 1472 agat,

127 1479 310 1512 certarunt,
338 1474 423 1504 sicut
445 1482 549 1511 nunc,
579 1482 641 1504 nec
664 1478 845 1514 coegerunt
869 1470 952 1503 alios
976 1471 1018 1502 ad
1040 1481 1098 1511 po·
1151 1472 1211 1504 sed
1234 1473 1394 1504 debemus
1421 1473 1516 1504 etiam
1543 1481 1730 1515 agnoscere
1760 1471 1926 1504 Christum
1948 1474 2124 1506 resuscita-

125 1517 269 1548 tandum.
335 1516 428 1548 Haec
457 1516 603 1557 cogitent
630 1513 875 1547 adolescentes.
904 1515 1097 1556 praesertim
1151 1521 1230 1553 tum,
1263 1513 1496 1557 glorificatum,
1529 1521 1731 1557 regnantem,
1761 1515 1934 1548 efficacem
1956 1517 1989 1547 in
2016 1517 2123 1548 nobis.

126 1560 182 1600 qui
203 1560 382 1591 abutuntur
403 1559 588 1600 sumptibus
611 1559 693 1590 suis.
723 1557 885 1589 Caeteros
909 1557 999 1598 cogit
1022 1566 1098 1630 ege·
1151 1557 1192 1589 Et
1214 1557 1280 1590 hoc
1302 1563 1354 1589 est
1376 1557 1520 1589 officium
1543 1558 1677 1597 Christi,
1712 1559 1801 1599 quod
1835 1568 1900 1589 non
1924 1563 2048 1590 tantum
2070 1564 2124 1590 est

126 1609 207 1640 sum,
241 1609 277 1634 ut
304 1602 370 1633 sint
391 1601 659 1633 abstinentiores.
704 1600 771 1633 Sed
795 1602 965 1632 veniamus
989 1600 1030 1631 ad
1068 1609 1098 1631 e·
1150 1601 1349 1642 redemptor,
1372 1601 1576 1642 propitiator,
1600 1601 1744 1638 victima,
1766 1600 1827 1632 sed
1849 1601 1944 1632 etiam
1967 1599 2124 1633 Salvator

126 1646 266 1678 ctionem
289 1642 469 1686 Evangelii.
1151 1645 1283 1675 assidue
1316 1653 1378 1675 nos
1412 1653 1563 1681 servans,
1597 1642 1778 1675 defendens
1801 1642 1997 1681 Ecclesiam,
2020 1643 2123 1674 vivifi·

1152 1697 1233 1718 cans
1267 1687 1454 1724 credentes,
1489 1687 1572 1718 sicut
1597 1686 1716 1728 inquit:
1752 1687 1817 1726 Eyo
1840 1690 1935 1718 tilam
1958 1690 2124 1718 aeter-nem·

1151 1731 1192 1761 clo
1213 1733 1270 1761 eis.

200 1827 424 1868 Praedictio
457 1827 602 1868 Christi
636 1827 687 1867 de
721 1827 901 1881 passione
942 1842 1022 1867 sua.
1123 1822 1126 1866 ἓ

1121 1889 1126 1959 ff
1171 1894 1252 1936 sed
1285 1910 1416 1935 annon
1450 1896 1518 1935 ‹lat
1558 1904 1672 1949 pater
1711 1895 1836 1934 vitam
1869 1897 2098 1934 aeternam?

215 1944 250 1975 ln
285 1944 348 1975 hac
381 1952 430 1975 est
467 1945 602 1985 primuni
627 1944 783 1975 narratio.
818 1944 982 1984 quomodo
1008 1953 1125 1991 prae-¹

127 1988 243 2019 dixerit
276 1986 428 2017 Christus
462 1985 634 2028 Apostolis
669 1987 854 2027 passionem
895 1993 925 2017 et
962 1992 1099 2017 mortem
1237 1985 1445 2027 Respondeo.
1516 1986 1612 2017 l'ater
1636 1987 1690 2016 dat
1713 1996 1772 2026 per
1796 1984 1906 2016 tilium.
1975 1985 2014 2016 Et
2037 1984 2124 2017 filius

127 2041 233 2069 suam,
255 2037 285 2062 et
313 2031 597 2061 resurrectionem.
644 2029 785 2060 Pertinet
809 2036 918 2060 autem
941 2030 982 2059 ad
1015 2027 1100 2059 hanc
1151 2029 1249 2060 hoino
1273 2027 1381 2061 factus
1405 2039 1569 2070 nunquam
1583 2034 1753 2070 separatur
1777 2039 1796 2059 a
1819 2037 1929 2065 carne,
1953 2038 2050 2070 quam
2073 2039 2120 2059 se

127 2073 382 2114 praedictionem
405 2072 554 2103 doctrina
578 2072 618 2103 dc
642 2070 862 2103 lnmiiliationc
887 2078 917 2103 et
937 2070 1099 2113 glorifica·
1124 2087 1125 2110 ἦ
1151 2070 1215 2103 mel
1238 2072 1426 2113 assui-ipsit.
1494 2072 1568 2113 Agit
1601 2072 1700 2113 igitur
1736 2072 1796 2103 iam
1831 2071 1917 2109 io'Jog
1934 2071 1976 2106 >jn
2005 2078 2122 2103 natura

127 2118 213 2147 tione
236 2115 391 2147 messiae.
438 2115 537 2146 Filius
552 2114 612 2146 Dei
637 2121 685 2146 est
711 2115 843 2153 missus,
867 2113 1099 2156 principaliter,
1153 2116 1290 2146 humana
1316 2116 1434 2147 onniia.
1459 2125 1542 2156 quat».
1566 2116 1643 2157 agit.
1668 2114 1740 2145 Non
1764 2115 1851 2151 dico,
1873 2115 1962 2155 qumi
1985 2124 2044 2154 per
2067 2124 2123 2145 na-

127 2167 159 2191 ut
184 2160 274 2190 fieret
301 2159 441 2189 victima.
1123 2141 1126 2178 l
1153 2166 1256 2189 turam
1282 2158 1452 2189 humanam
1477 2158 1584 2189 ‹mmia
1608 2165 1701 2199 agat:
1727 2158 1788 2188 etsi
1813 2155 1914 2188 multu
1939 2157 2122 2189 liuntmini—

214 2201 303 2233 llaec
327 2208 377 2231 test
401 2199 579 2243 singularis
603 2201 761 2241 sapientia
775 2200 928 2231 divinitus
942 2198 1098 2237 revelata,
1124 2198 1125 2232 Ῐ
1152 2201 1251 2232 sterio
1286 2208 1419 2232 naturae
1455 2200 1633 2237 humanae,
1667 2210 1751 2241 quae
1773 2201 1813 2231 ad
1839 2198 1983 2232 officium
2007 2200 2122 2241 capitis

129 2255 234 2286 neque
268 2251 319 2275 est
354 2250 431 2275 nota
465 2242 520 2275 ulli
556 2250 744 2280 creaturae,
776 2244 846 2274 sine
871 2242 1099 2283 patefactione.
1154 2243 1324 2275 Ecclesiae
1356 2244 1526 2285 pertinent.
1591 2243 1659 2275 sod
1690 2243 1817 2274 dicuin
1843 2248 1957 2274 natura
1981 2243 2122 2274 hnmana

129 2288 235 2318 ludaei
260 2288 521 2328 pertinacissime
546 2287 683 2318 retinent
708 2286 989 2327 imaginationem,
1012 2286 1098 2327 quod
1152 2288 1259 2317 (annia
1284 2287 1351 2317 tieri
1376 2298 1394 2317 a
1422 2288 1496 2329 ling>
1522 2287 1703 2319 incarnato,
1729 2292 1862 2327 propter
1880 2283 2121 2326 copulationem

130 2331 272 2362 Messias
296 2331 333 2360 ⁴sit
362 2328 487 2361 futurus
512 2336 631 2371 potens
653 2339 693 2360 ac
723 2339 862 2367 magnus
891 2330 1044 2370 princeps
1068 2329 1098 2359 in
1151 2329 1408 2361 indissolubilem
1433 2331 1568 2361 duarum
1597 2336 1784 2360 naturarum
1815 2329 1844 2359 in
1869 2327 2013 2359 (aristo.
2081 2327 2119 2358 Et

130 2373 260 2405 nmmh».
308 2374 546 2404 Ain-minantur
570 2373 678 2409 istum,
701 2382 871 2413 queminus
897 2373 1100 2407 iuvat-amus,
1152 2373 1213 2403 hnc
1249 2374 1385 2414 pertinet
1421 2373 1461 2404 ad
1498 2371 1636 2413 gloriam
1669 2372 1765 2402 istius
1789 2377 1923 2403 naturae
1948 2371 2120 2407 humanae,

153 2423 301 2457 rapu-rea
337 2416 422 2456 qiiod
459 2416 648 2456 profitemur
681 2425 753 2446 eum
788 2426 863 2445 esse
898 2414 1097 2445 vrucitixum.
1122 2415 1124 2485 ν
1152 2415 1210 2446 llic
1234 2424 1282 2447 est
1307 2417 1430 2457 primus
1453 2414 1546 2447 locus
1570 2416 1601 2447 in
1625 2414 1686 2446 hac
1704 2415 1890 2446 narratione
1909 2411 2120 2454 livungelica·

129 2428 206 2490 lileo
231 2458 352 2490 l'aulus
378 2459 491 2499 inquit,
516 2461 604 2490 llanc
626 2469 697 2489 esse
708 2461 910 2498 sapientiam,
933 2468 1014 2497 qum·
1036 2468 1098 2488 mm

129 2507 171 2533 nil
192 2506 350 2544 sapientia
374 2504 558 2541 Principum
581 2503 700 2532 mundi.
1122 2536 1123 2543 ἵ

215 2544 366 2576 Christus
400 2543 523 2585 allegat
557 2544 739 2576 testimonia
785 2543 1032 2585 propin-tarum.
1067 2549 1123 2573 et*

132 2587 217 2619 haud
242 2588 338 2619 dubie
362 2588 496 2628 copiose
521 2585 709 2619 declaravit.
758 2588 857 2619 ruins
886 2587 1022 2619 hottet'm's
1049 2597 1096 2617 vc·
1120 2577 1124 2617 Ι
