2324 2958
202 187 266 220 359

202 283 382 313 stianorum
408 280 501 312 liberi
526 281 555 310 in
576 281 646 312 suis
665 279 805 318 scholis,
829 289 916 322 quae
933 281 977 311 ad
996 279 1184 320 disputandi

202 331 305 356 artem
329 331 362 355 et
385 323 606 365 eloquentiam
630 325 844 365 pertinerent.
879 323 1069 364 Scriptores
1093 321 1185 352 Chri-

202 368 301 399 stiani
332 367 363 397 in
393 367 463 398 suis
495 367 627 406 scriptis
650 372 727 398 sunt
760 367 887 406 copiosi
922 367 953 397 in
989 364 1186 407 refutatione

201 408 409 442 idololatriae
432 409 605 441 Ethnicae.
650 409 838 440 monstrant
860 409 1090 449 turpitudinem
1116 408 1186 438 ido-

202 453 328 490 lorum,
360 460 391 483 et
422 453 592 493 disputant
621 451 772 494 legaliter
793 462 834 483 ex
858 453 1000 489 ratione,
1031 451 1119 492 quod
1143 451 1185 481 sit

202 503 310 537 turpe,
333 494 445 527 colere
468 495 704 527 multitudinem
728 495 886 526 Deorum.

289 537 414 570 Contra
448 538 632 570 haereticos
667 549 747 570 vero
782 547 922 579 prorsus
956 537 1183 568 necessarium

203 581 274 618 suit,
300 581 532 614 adolescentes
556 582 676 613 erudiri
695 583 726 613 in
745 579 883 618 scholis,
907 590 968 611 nec
987 579 1095 610 solum
1116 590 1184 611 mu·

205 626 264 657 niri
290 630 406 656 contra
424 623 555 657 furores
574 625 773 656 Arianorum
797 630 828 654 et
847 622 944 661 alios,
968 621 1084 664 quales
1107 628 1183 653 tem-

203 677 286 710 pore
308 667 424 699 Basilii
448 669 706 710 grassabantur,
737 668 795 698 sed
821 667 918 698 etiam
942 666 1058 696 instrui
1082 667 1183 697 armis

202 711 245 742 ad
269 721 382 742 eorum
405 722 536 743 errores
560 718 591 742 et
614 716 807 752 argumenta
831 709 1014 740 refutanda.
1133 741 1136 745 ¹

289 753 361 785 Nec
390 755 435 786 ita
464 753 589 785 delituit
620 752 764 784 Basilius
792 753 825 783 in
852 751 910 783 iilo
939 762 1000 782 suu
1031 761 1182 789 secessu,

202 805 238 829 ut
260 807 425 839 nunquam
449 798 606 839 prodiret.
652 796 699 827 lta
723 802 861 836 partitus
885 802 935 827 est
959 801 1122 836 tempora,
1147 800 1183 826 ut

202 838 285 873 alias
309 841 523 871 eruditionem
546 850 641 871 suam
669 839 851 870 domestica
877 838 1089 869 meditatione
1116 836 1183 869 ale-

204 890 270 921 ret,
293 883 379 914 alias
402 884 536 914 doceret
561 884 645 914 inter
667 892 748 914 suos
772 880 967 919 familiares,
994 880 1078 912 alias
1102 891 1182 913 vero

202 927 358 968 prodiens
391 925 519 957 alienae
553 924 680 957 utilitati
710 925 888 956 serviebat.
934 925 1043 964 Saepe
1071 925 1183 955 adibat

203 970 328 1001 vicinas
351 969 522 1001 Ecclesias
546 970 577 1000 in
602 968 726 1006 Ponto,
753 967 815 998 has
839 968 997 1004 docebat,
1029 968 1182 998 emenda-

203 1014 271 1051 bat,
295 1012 511 1043 confirmabat
535 1020 652 1043 contra
675 1012 831 1042 Arianos.
872 1011 906 1042 ln
929 1009 1089 1051 Epistolis
1113 1011 1182 1041 suis

203 1054 300 1088 valde
333 1056 497 1097 praedicat
533 1066 627 1086 suam
655 1054 878 1091 Monasticen,
914 1054 991 1095 quia
1019 1054 1183 1094 prodesse

201 1098 291 1130 illam
313 1099 377 1129 sibi
400 1099 580 1137 sentiebat,
610 1109 650 1129 ne
680 1098 914 1138 impedirentur
937 1097 1039 1138 ipsius
1063 1097 1182 1128 studia.

202 1142 272 1174 Sed
294 1143 338 1173 ita
363 1142 416 1179 iit,
446 1152 541 1173 suum
571 1142 689 1183 cuique
713 1141 894 1172 institutum
920 1139 1096 1171 blanditur.
1142 1139 1183 1171 Et

202 1193 310 1217 tamen
335 1195 407 1216 cum
433 1196 549 1216 :nunus
573 1185 715 1216 docendi
747 1194 811 1214 non
836 1184 1042 1224 deposuerit,
1071 1183 1183 1214 mode-

202 1229 285 1260 stius
321 1238 394 1259 eum
433 1228 473 1259 de
510 1229 584 1269 ipsa
617 1227 804 1258 Monastice
838 1227 986 1258 sensisse
1020 1226 1182 1263 existimo,

202 1282 299 1313 quam
324 1278 441 1311 postea
469 1278 644 1302 senserunt
673 1271 820 1302 recentia
849 1271 981 1311 agmina
1006 1269 1183 1300 Monacbo-

202 1325 286 1352 rum,
309 1315 364 1356 qui
388 1314 453 1345 boc
476 1315 563 1346 vitae
582 1324 689 1355 genus
709 1311 985 1344 transformarunt,
1009 1313 1039 1343 in
1060 1311 1183 1343 cultum

201 1357 278 1396 Dei,
301 1365 331 1388 et
357 1358 543 1398 opinionem
567 1357 671 1388 meriti
695 1357 901 1398 addiderunt,
925 1362 957 1387 et
976 1356 1185 1386 nominarunt

202 1399 446 1442 perfectionem.

289 1442 413 1475 Basilio
445 1444 672 1480 occasionem,
704 1449 739 1474 ut
770 1442 852 1479 dixi,
885 1442 1037 1483 praebuit
1072 1448 1122 1477 tut
1153 1442 1183 1471 in

201 1496 373 1518 secessum
397 1485 488 1518 illum
510 1496 548 1517 se
572 1485 751 1523 conferret,
773 1486 806 1516 in
830 1483 952 1520 fundos
971 1495 1030 1516 seu
1050 1484 1185 1524 praedia

200 1537 352 1572 paterna,
374 1535 407 1561 et
430 1530 472 1561 ibi
496 1530 680 1561 institueret
705 1536 822 1560 coctus
841 1527 1082 1560 scholasticos)
1107 1537 1184 1558 con-

202 1573 304 1605 tentio
331 1573 489 1615 Episcopi
514 1571 761 1609 Caesariensis,
790 1578 864 1604 orta
893 1582 935 1603 cx
963 1570 1185 1602 aemulatione

202 1622 319 1648 contra
339 1615 506 1648 Basiliam.
544 1615 579 1646 ld
599 1623 649 1647 est
669 1613 865 1656 exemplum,
889 1615 978 1656 quod
998 1624 1185 1645 commone-

201 1658 279 1691 facit
302 1670 382 1697 nOS,
411 1670 451 1691 ne
477 1659 596 1700 ubique
620 1666 652 1690 et
674 1669 822 1700 semper,
850 1664 881 1689 et
905 1664 1022 1689 contra
1045 1658 1184 1699 quosvis

201 1713 397 1745 pugnemus.
432 1702 570 1744 Oportet
597 1712 674 1733 esse
697 1702 829 1733 modum
847 1702 1070 1733 certaminum.
1108 1700 1184 1731 Par-

202 1746 343 1778 cendum
365 1752 417 1777 est
440 1746 585 1783 civibus,
609 1753 641 1776 et
664 1745 820 1777 serendae
843 1751 921 1776 sunt
943 1742 1185 1775 imbecillitates

202 1787 418 1831 collegarum,
441 1796 473 1820 et
497 1790 689 1826 amicorum,
712 1794 747 1820 ut
771 1790 802 1819 in
819 1787 1014 1830 Thucydide
1032 1785 1185 1827 pulcher-

202 1833 282 1864 rime
313 1833 447 1870 dicitur‚
478 1832 528 1862 οὐκ
558 1832 685 1873 αἰσχρὸν
713 1833 832 1862 οἰκείων
860 1834 986 1866 οἰκείους
1016 1830 1184 1868 ἡσσᾶσθαι.

204 1875 278 1907 Non
301 1880 348 1907 est
372 1880 467 1916 turpe
489 1876 678 1906 dorrwsticos
701 1876 883 1906 domesticae
907 1875 1030 1905 cedern.

290 1918 431 1955 Quidam
461 1918 585 1950 habent
614 1919 699 1950 banc
728 1917 850 1949 fatuam
880 1919 1076 1959 opinionem.
1124 1917 1186 1948 Pu-

203 1968 274 1993 tant
296 1972 390 1994 suam
414 1960 534 1993 samam
557 1960 769 1999 labefactari,
797 1961 825 1992 si
853 1971 918 1992 non
946 1961 1106 1991 acerrime
1129 1970 1186 2001 pu-

203 2012 304 2048 gnent
329 2011 445 2037 contra
469 2006 619 2046 quosvis.
654 2004 779 2036 Contra
797 2004 915 2035 hostes
933 2005 1092 2035 debemus
1111 2012 1187 2034 esse

205 2049 275 2080 viri.
320 2048 408 2081 later
430 2049 557 2080 amicos
582 2048 652 2080 fieri
675 2048 792 2085 debet,
823 2048 912 2089 quod
936 2046 1112 2087 Euripides
1141 2047 1187 2077 in-

203 2093 285 2134 quit:
322 2091 456 2123 Duobus
486 2092 570 2123 inter
599 2102 634 2122 sn
663 2091 894 2128 irascentibm,
928 2091 1109 2130 sapientior
1140 2094 1187 2120 est

202 2136 272 2173 ille,
303 2136 360 2176 qui
380 2136 465 2166 cedit
489 2135 596 2166 alteri.
643 2134 684 2165 Et
708 2134 862 2165 Christus
885 2134 1063 2176 praecipit.
1088 2138 1120 2164 ut
1145 2134 1186 2164 si-

203 2189 271 2210 mus
292 2179 486 2219 prudentes,
516 2179 599 2209 sicut
622 2182 805 2218 serpentem,
833 2181 863 2208 et
892 2178 1053 2216 sinzpliras·
1081 2181 1115 2207 ut
1138 2187 1187 2206 ro-

201 2222 335 2254 Inmbae.

291 2265 467 2301 Quomodo
485 2263 551 2297 hoc
570 2265 690 2296 dietum
708 2263 829 2296 Christi
850 2269 899 2295 est
920 2262 1189 2305 intelligendum?

203 2307 347 2340 Primum
371 2309 411 2339 dn
434 2308 585 2340 columbis
614 2317 670 2340 res
701 2306 876 2339 manifesta
899 2313 960 2338 est.
1007 2305 1189 2338 Columbae

203 2358 281 2384 sunt
302 2353 375 2384 sine
399 2351 486 2384 selle.
533 2351 591 2383 Sic
618 2362 684 2382 non
715 2351 872 2382 debemus
903 2350 1079 2391 concipere
1107 2350 1187 2387 iras,

204 2395 292 2433 odia,
316 2406 357 2427 cu
382 2395 526 2427 iditatem
550 2394 732 2432 vindictae,
755 2401 787 2425 et
810 2392 935 2425 similes
959 2394 1098 2425 attactus
1124 2399 1188 2424 tur-

206 2439 312 2470 bidos.
376 2439 518 2470 ›icamus
548 2439 719 2470 veritatem
753 2438 826 2468 sine
861 2435 958 2474 selle,
993 2437 1065 2467 sine
1098 2437 1188 2470 odio.

203 2482 436 2519 amaritudine,
464 2492 612 2520 veneno,
643 2488 676 2513 et
703 2481 892 2523 asperitate.
940 2480 1002 2511 Vix
1026 2478 1110 2511 nlius
1138 2486 1190 2511 est

206 2532 314 2557 motus
337 2526 454 2562 animi,
477 2525 533 2567 qui
550 2535 601 2556 ma
628 2525 656 2556 is
679 2525 850 2566 perturbet
871 2533 978 2566 genus
1002 2524 1190 2561 humanum,

205 2575 238 2599 et
272 2566 437 2610 publicam
473 2575 544 2600 tran
572 2570 602 2600 ui
630 2570 759 2606 itatem,
791 2577 890 2610 quam
924 2567 1088 2608 cupiditas
1122 2568 1190 2597 vin-

206 2612 334 2650 dictae,
363 2618 399 2644 ut
428 2611 551 2644 lovena
565 2612 594 2643 ia
623 2612 684 2644 ait:
722 2612 764 2643 Ae
792 2610 939 2642 vindicta
972 2611 1087 2641 malum
1121 2610 1190 2641 rita

205 2656 375 2687 inmmdim
395 2656 471 2696 ipsa
492 2659 549 2686 est.

839 185 952 218 PfflL.
976 184 1078 217 MEL.
1101 184 1285 217 SCRtPTA
1311 183 1572 216 EXEGETtCA.

2153 186 2217 219 36⁰

1325 278 1389 310 Sed
1423 288 1526 320 quare
1559 279 1636 310 dicit
1669 278 1841 311 Christus:
1877 278 2063 312 prudentes
2096 283 2218 320 estote,

1237 324 1271 352 ut
1294 322 1484 362 serpentes?
1529 321 1607 353 Vult
1630 332 1692 353 nos
1720 332 1907 365 agnoscere
1930 322 2046 355 hostes
2069 330 2217 356 nostros.

1238 363 1386 405 Serpens
1413 366 1505 396 novit
1534 364 1664 396 hostem
1696 375 1802 396 suum.
1854 365 1988 397 Etiamsi
2018 365 2132 408 plures
2161 367 2218 399 ho·

1238 408 1342 438 mines
1365 406 1460 439 simul
1485 408 1549 439 sint
1572 409 1604 439 in
1628 418 1694 439 uno
1718 407 1812 446 loco,
1842 416 1950 440 tamen
1974 410 2126 451 agnoscit
2150 420 2218 441 ser-

1238 458 1321 490 pens
1343 460 1436 488 eum,
1465 462 1485 482 a
1508 462 1573 492 quo
1597 458 1649 482 est
1673 450 1804 489 laesus,
1835 461 1909 482 eum
1931 453 2027 493 petit,
2056 459 2088 484 et
2111 454 2219 494 parcit

1235 491 1383 534 reliquis.
1428 493 1475 525 lta
1504 504 1567 524 nos
1601 494 1798 525 deberemus
1833 495 2022 526 discernere
2053 496 2145 527 cives
2174 497 2216 528 ab

1236 535 1399 568 hostibus.
1446 537 1509 567 Sed
1535 537 1675 568 maxima
1698 547 1776 577 pars
1801 544 1853 568 est
1877 537 2065 576 Periclaea,
2093 537 2218 570 vocife-

1236 580 1339 609 rando
1369 586 1401 610 et
1424 578 1600 610 clamando
1629 587 1660 610 et
1690 581 1885 611 insectando
1917 582 2027 619 cives,
2056 588 2089 613 et
2116 583 2218 613 absti-

1236 622 1344 652 nendo
1368 622 1496 653 interim
1519 624 1561 654 ab
1585 621 1748 654 hostibus.
1785 624 1838 654 isti
1862 633 1977 665 pacem
2001 623 2124 656 habent
2143 635 2217 656 cum

1235 663 1408 703 hostibus,
1444 671 1477 696 et
1511 673 1588 697 sunt
1622 664 1772 697 furentes
1805 667 1968 697 adversus
2003 668 2217 699 domesticos.

1237 705 1316 738 Plus
1339 713 1389 739 est
1417 708 1448 738 in
1477 709 1525 739 eis
1554 709 1745 740 acerbitatis
1776 717 1892 740 contra
1922 709 2090 752 collegaS‚
2121 720 2218 752 quam

1236 757 1353 781 contra
1376 750 1502 782 hostes.
1549 751 1675 783 Gerunt
1700 764 1738 783 se
1762 751 1863 790 tales,
1891 758 1925 784 ut
1954 754 1982 784 si
2013 751 2220 784 colluderent

1237 803 1311 824 cum
1341 793 1505 825 hostibus
1552 793 1713 836 Exempla
1747 801 1824 827 sunt
1858 797 1901 826 ob
1936 794 2053 827 oculos
2081 797 2218 838 passim.

1234 835 1309 867 Non
1332 847 1418 877 opus
1441 843 1504 875 est,
1526 837 1644 878 procul
1668 848 1708 870 ea
1730 848 1916 870 accersere.

1322 878 1452 911 Deinde
1476 886 1527 911 est
1551 879 1656 912 altera
1679 891 1810 923 quoque
1833 883 2018 923 proprietas
2041 881 2125 913 haec
2147 892 2219 914 ser-

1236 928 1384 963 pentum,
1407 924 1496 964 quod
1522 924 1553 954 in
1578 925 1813 956 certaminibus
1836 926 1984 956 muniunt
2008 931 2116 966 eaput.
2161 925 2220 957 Sic

1235 976 1297 996 nos
1322 972 1471 997 tueamur
1495 967 1570 1004 hoc,
1595 967 1683 1008 quod
1707 967 1888 1009 principale
1913 975 1974 999 est.
2016 968 2221 1000 Accessoria

1235 1009 1396 1049 quaedam
1428 1016 1542 1051 tegere
1572 1016 1604 1041 et
1634 1020 1756 1041 sonare
1786 1011 1990 1043 studeamus,
2035 1011 2110 1042 Non
2140 1021 2220 1053 pos-

1235 1058 1313 1082 sunt
1336 1053 1445 1083 omnia
1471 1054 1502 1083 in
1525 1053 1589 1084 hac
1611 1053 1678 1084 vita
1707 1052 1802 1084 salva
1826 1064 1911 1085 esse.
1958 1053 2070 1085 Manet
2096 1053 2220 1096 aliquid

1235 1093 1469 1127 imbecillitatis
1492 1097 1524 1127 in
1548 1095 1697 1138 singulis.
1740 1096 1811 1128 Nos
1834 1098 1897 1128 iam
1922 1098 2153 1129 contendimus
2178 1097 2219 1129 de

1236 1138 1364 1179 privata
1387 1140 1641 1177 existimatione,
1673 1138 1796 1171 relictis
1819 1141 1930 1172 causis
1953 1139 2108 1181 publicis·
2153 1140 2220 1172 De-

1237 1181 1396 1212 bebamus
1421 1181 1591 1213 occultare
1614 1183 1677 1213 ista
1702 1183 1846 1224 privata-
1871 1193 1937 1214 non
1961 1193 2112 1225 pugnare
2135 1184 2220 1215 odiis

1236 1230 1268 1255 et
1297 1224 1457 1256 incendiis
1486 1226 1642 1266 privatis,
1676 1227 1812 1257 deserta
1841 1236 1944 1257 causa
1972 1226 2116 1268 publica.
2164 1227 2220 1258 Sic

1236 1266 1381 1298 Basilius
1407 1270 1509 1299 cessit
1534 1268 1717 1309 Episcopo,
1747 1271 1896 1310 pepercit
1927 1271 2090 1301 communi
2121 1268 2220 1301 saluti

1238 1309 1419 1342 Ecclesiae,

1323 1353 1391 1385 Sed
1410 1360 1517 1385 tamen
1538 1359 1570 1385 et
1588 1353 1776 1395 Episcopus
1795 1362 1913 1395 postea
1926 1354 2138 1387 »simultatem
2158 1357 2222 1397 pri-

1237 1397 1357 1427 stinam
1380 1397 1544 1437 deposuit.
1585 1397 1690 1428 Antea
1714 1396 1863 1429 doluerat
1887 1408 2041 1430 crescere
2063 1399 2221 1429 autorita-

1239 1446 1304 1470 tem
1332 1438 1464 1477 Basilii,
1495 1446 1527 1470 et
1555 1440 1696 1481 quadam
1725 1439 1991 1481 pusillanimitate
2020 1441 2151 1478 metuit,
2180 1451 2222 1472 ne

1238 1483 1300 1513 sibi
1324 1481 1550 1523 praeferretur
1574 1484 1606 1513 in
1630 1482 1842 1524 Episcopatu.
1889 1483 2013 1515 Postea
2035 1493 2109 1515 eum
2133 1483 2222 1515 vide-

1238 1531 1287 1556 ret
1310 1536 1347 1557 se
1371 1527 1529 1567 imparem
1553 1536 1630 1557 esse
1654 1533 1770 1558 contra
1794 1527 1952 1563 Arianos,
1977 1527 2032 1569 qui
2055 1527 2207 1558 conaban

1239 1576 1292 1599 tur
1315 1578 1482 1610 occupare
1506 1568 1693 1601 Ecclesiam
1716 1571 1749 1600 in
1772 1571 1855 1601 urbe
1878 1570 2064 1607 Caesarea,
2091 1577 2124 1601 et
2151 1570 2223 1612 ipse

1239 1619 1393 1643 censeret
1417 1613 1660 1653 antagonistam
1691 1612 1756 1644 illis
1781 1614 2015 1654 opponendum
2042 1623 2137 1650 esse,
2166 1613 2222 1654 qui

1239 1653 1365 1686 valeret
1387 1656 1531 1697 ingenie.
1555 1657 1750 1690 eruditione.
1774 1662 1805 1687 et
1829 1655 2034 1698 eloquentia,
2059 1665 2222 1688 assensus

1238 1707 1291 1730 est
1314 1697 1463 1730 consiliis
1487 1709 1618 1737 eorum,
1649 1701 1703 1741 qui
1732 1700 1921 1731 iudicabant
1944 1698 2104 1730 Basiliam
2127 1709 2223 1731 revo-

1239 1741 1379 1773 candum
1410 1751 1498 1773 esse.
1546 1742 1670 1774 Missus
1701 1750 1751 1774 est
1782 1753 1865 1785 ergo
1890 1743 2138 1780 Nazianzenus,
2167 1743 2221 1785 qui

1239 1786 1413 1816 reduceret
1436 1796 1508 1817 eum
1533 1796 1572 1816 ex
1598 1785 1656 1817 iilo
1686 1796 1840 1818 secessu.
1873 1787 1967 1827 quasi
1995 1787 2027 1816 in
2056 1787 2160 1817 aciem
2190 1791 2221 1817 et

1262 1826 1363 1859 raelia
1387 1839 1460 1859 cum
1483 1828 1645 1860 hostibus.

1325 1871 1470 1903 Basilius
1494 1883 1681 1913 quanquam
1702 1871 1877 1903 dulcedine
1895 1873 2080 1913 praesentis
2100 1872 2168 1909 otii,
2190 1878 2223 1903 et

1239 1915 1398 1947 memoria
1420 1916 1610 1947 iniuriarum
1634 1917 1848 1953 movebatur,
1871 1926 1955 1956 quas
1974 1922 2072 1946 antea
2092 1915 2134 1945 ab
2149 1914 2175 1945 E
2200 1915 2224 1945 i-

1239 1968 1344 1999 scopo
1368 1965 1557 1999 acceperat,
1580 1966 1688 1990 tamen
1713 1959 1842 2001 utrique
1865 1958 1910 1989 rei
1934 1957 2087 1999 praetulit
2106 1925 2223 1989 Ecci’o-

1239 2002 1310 2032 siae
1340 2003 1584 2033 necessitatem.
1632 2002 1744 2043 ltaque
1773 2011 1931 2033 reversus
1959 2001 2098 2042 primum
2125 2002 2224 2032 obse-

1240 2045 1317 2087 quio
1351 2051 1382 2076 et
1411 2046 1574 2076 suavitate
1608 2046 1652 2077 ita
1681 2047 1771 2076 senis
1802 2044 1959 2086 Episcopi
1989 2046 2132 2076 animum
2151 2045 2224 2079 ,sthi

1240 2089 1397 2125 devinxit,
1420 2095 1455 2119 ut
1475 2089 1656 2121 concordia
1676 2099 1754 2120 vere
1775 2095 1807 2120 et
1826 2098 1867 2119 ex
1886 2089 1995 2119 animo
2015 2094 2118 2123 sarta,
2142 2098 2225 2119 nun·

1241 2142 1339 2172 quam
1367 2131 1484 2163 deinde
1513 2131 1691 2164 dissiliet-it.
1740 2132 1963 2163 Adversarios
1992 2140 2073 2162 vero
2102 2131 2225 2162 doctri-

1242 2184 1304 2206 nae
1328 2176 1538 2215 incorruptae
1562 2181 1654 2206 tanta
1677 2176 1840 2217 gravitate
1863 2174 2030 2212 refutavit,
2054 2181 2090 2205 ut
2113 2180 2145 2205 et
2164 2173 2225 2205 Ec·

1242 2217 1366 2250 clesiac
1391 2228 1592 2249 consensum
1617 2220 1782 2255 retineret,
1805 2224 1838 2250 et
1860 2217 1958 2259 lupos
1977 2215 2055 2248 illos
2075 2218 2166 2249 brevi
2183 2218 2225 2248 ab

1243 2260 1394 2293 Ecclesia
1418 2260 1475 2293 illa
1498 2263 1539 2293 de
1564 2261 1691 2294 elleret.
1771 2259 1773 2261 ’

1328 2304 1388 2336 Est
1418 2306 1516 2347 igitur
1556 2306 1600 2336 tic
1633 2304 1818 2347 exemplum
1850 2302 2129 2335 reconciliationis
2159 2314 2228 2335 mu-

1242 2356 1334 2386 tuae,
1366 2349 1499 2390 dignum
1524 2347 1630 2381 laude.
1680 2349 1845 2381 Homerus
1868 2346 2008 2389 pulchre
2035 2348 2132 2386 dicit,
2159 2347 2226 2378 dn·

1241 2395 1309 2423 σιαὶ
1333 2391 1363 2422 δι’
1389 2397 1492 2432 φρένες
1514 2393 1653 2430 ἐσθλῶν,
1677 2393 1709 2423 id
1737 2399 1804 2429 est.
1833 2391 1997 2422 amabiles
2025 2394 2099 2422 ment
2128 2391 2230 2422 aniani

1241 2436 1411 2469 boum-nm.
1440 2436 1571 2471 ffronnm·
1595 2438 1668 2468 iente
1690 2436 1776 2473 iusim
1803 2437 1887 2472 itmrn
1916 2435 2014 2477 ingen,
2044 2434 2162 2466 Sinum
2188 2443 2227 2466 ae

1242 2480 1377 2510 moneri.
1425 2478 1494 2510 Etsi
1525 2479 1687 2510 interdum
1719 2478 1875 2511 labuntur
1906 2483 1963 2509 aut
1992 2483 2150 2519 peccant.
2180 2484 2226 2510 ta-

1243 2533 1315 2553 men
1340 2522 1479 2553 redeunt
1502 2523 1544 2554 ad
1567 2523 1741 2554 sanitatem
1761 2519 2030 2554 commonefacti:
2054 2521 2225 2552 autetiam

1243 2576 1308 2597 non
1333 2566 1542 2597 monentibus
1564 2565 1654 2599 aliia.
1684 2572 1859 2607 postquam
1889 2563 2085 2607 deflagravit
2112 2565 2224 2597 incen-

1242 2609 1330 2640 dium
1347 2608 1500 2646 affectus,
1524 2609 1647 2641 rectius
1665 2609 1821 2645 iudicant.
1843 2609 1929 2640 sieut
1946 2607 2079 2639 dicitur:
2115 2606 2225 2639 fluv-

1242 2653 1349 2682 ru'ore's
1372 2652 1584 2693 coffi'enttones
1611 2656 1684 2684 Mt
1710 2653 1944 2693 :apinam-es.-
1976 2650 2113 2691 διέπερσε
2135 2662 2222 2691 ⁹0⁰·-

2292 2360 2324 2479 ὲ
