2324 2958
129 148 192 181 867

129 248 206 275 sunt
228 243 290 273 ista
312 239 512 282 intelligere,
538 246 572 270 ut
594 238 754 270 seniores.
800 237 1004 269 Grandiores
1027 243 1106 268 natu

130 286 251 317 debent
285 294 324 315 ea
359 283 572 315 considerare
605 281 813 313 accuratius:
846 286 879 312 et
906 287 1014 311 tamen
1044 279 1106 319 ipsi

129 336 262 370 quoque
284 336 470 369 agnoscere
493 325 614 357 debent
637 333 732 355 suani
753 323 984 355 infirmitatem.

489 437 507 455 ,Ι

130 493 239 544 Quid
279 500 341 533 est
379 492 574 536 Persona,
617 498 658 530 et
697 489 872 543 loquitur
903 486 1079 527 Ecclesia
1088 485 1106 526 ἓ

214 583 274 616 Est
297 583 504 620 subsistens,
526 592 644 619 unum,
667 579 867 623 intelligenS‚
890 577 1106 615 individuum,

127 624 445 664 incommunicabile,
468 635 533 657 non
557 629 776 656 sustentatum
799 623 831 653 in
849 620 924 653 alio.
960 619 1045 655 Quid
1062 619 1105 650 si-

129 670 263 713 gnificat
288 679 425 709 persona
453 667 580 699 Latinis
609 667 837 707 Scriptoribus
867 670 961 695 extra
990 660 1105 693 Eccle-

129 713 237 746 siam?
282 712 431 744 Persona
460 711 594 752 proprie
617 710 734 740 dicitur
756 707 867 745 larva,
899 717 963 748 qua
986 704 1105 746 aliquis

128 757 282 794 indutus,
308 765 367 797 per
390 765 461 786 eam
485 753 640 795 loquitur.
686 751 793 783 Habet
817 759 936 781 nomen
960 761 980 781 a
999 758 1106 787 perso-

128 800 244 833 nando,
269 799 356 840 quod
380 808 438 838 per
459 796 540 830 illud
564 795 699 827 schema
723 795 862 825 sonabat
886 802 961 823 vox.
1003 790 1106 822 Grae-

130 843 179 875 cis
203 848 253 874 est
276 841 454 882 πρόςωπον,
478 851 498 871 a
520 839 596 880 πρὸς
619 845 649 869 et
674 836 734 875 ὂψ,
759 836 848 872 ὀπόςε
872 834 925 866 vel
947 836 988 866 ab
1013 833 1104 869 ὅπτω,

129 885 236 919 video,
260 885 356 926 quasi
380 884 488 922 dicas,
517 882 640 923 aliquid
664 880 884 921 propositum,
915 884 951 909 ut
975 876 1105 917 conspi-

130 929 252 965 ciatur,
285 938 346 959 seu
376 927 464 968 quod
487 932 536 957 est
560 926 591 956 in
616 929 808 964 conspecta.
867 921 1003 962 Proprie
1030 919 1106 960 πρό-

129 981 229 1008 ςωπον
252 977 303 1002 est
321 971 433 1008 [ποίεε.
487 968 552 999 Ρει·
581 966 811 1008 metonymiam
842 965 1006 1006 significat
1034 972 1106 1003 per-

129 1024 258 1046 sonam.
305 1013 493 1054 Scriptores
509 1009 738 1042 Ecclesiastiei
760 1008 967 1040 nominarunt
991 1014 1106 1047 perso-

128 1067 205 1089 nam
228 1057 398 1098 πρόςωπον,
417 1055 505 1096 quod
528 1052 611 1085 alias
636 1053 754 1084 dicitur
776 1050 986 1091 ὑφιστάμενον,
1011 1047 1105 1077 subsi-

129 1104 229 1137 stens3
251 1099 397 1140 inprimis
421 1108 501 1129 vero
526 1098 557 1128 in
579 1096 705 1127 naturis
725 1093 992 1136 intelligentibuS,
1015 1097 1050 1122 ut
1074 1091 1106 1121 in

129 1142 218 1180 Dec,
242 1141 384 1183 angelis,
409 1147 442 1172 et
464 1140 660 1171 hominibus.
706 1139 947 1170 samosatenus
971 1134 1106 1175 negavit

130 1185 248 1218 Filium
270 1185 351 1223 Dei,
374 1194 435 1216 seu
459 1184 563 1222 λόγον,
587 1183 674 1223 apud
697 1180 875 1212 Iohannem
900 1188 977 1210 esse
999 1175 1107 1217 hyphi-

128 1233 297 1259 stamenon.
354 1226 508 1258 Ecclesia
540 1223 681 1256 affirmat
710 1234 788 1255 esse
816 1221 1106 1264 hyphistamenon‚

128 1272 163 1304 id
191 1277 259 1309 est,
287 1280 354 1302 non
383 1278 588 1301 evanescens
617 1267 788 1309 quiddam,
818 1266 877 1296 sed
906 1264 1106 1298 subsistens,

128 1320 164 1347 et
186 1313 316 1356 quidem
339 1313 526 1343 distinctum
551 1322 570 1342 a
594 1310 692 1341 Patre
713 1309 914 1351 proprietate
938 1305 1108 1338 characte-

128 1358 244 1389 ristica
278 1362 309 1387 et
343 1352 652 1386 incommunicabili.
713 1350 934 1383 Tertullianus
976 1348 1107 1389 quando

153 1400 274 1436 uaerit,
297 1397 411 1429 Utrum
435 1397 517 1436 λόγος
539 1397 579 1427 sit
605 1396 704 1434 σῶμα,
727 1392 877 1435 intelligit
902 1391 1108 1432 ὑφιστάμενον.

164 1443 275 1485 pponit
311 1442 395 1473 enim
432 1450 549 1471 vocem
583 1439 719 1478 σώματος
749 1437 899 1479 imagini,
933 1444 994 1465 seu
1023 1442 1108 1464 sono

129 1485 356 1518 evanescenti.
414 1481 536 1514 Paulus
571 1483 667 1513 etiam
702 1481 751 1511 sic
783 1478 942 1521 loquitur:
977 1477 1013 1508 ln
1043 1486 1108 1517 quo

130 1529 237 1560 deitas
260 1528 387 1559 habitat
410 1526 604 1565 σωματικῶς,
627 1525 659 1556 id
684 1530 754 1562 est,
776 1521 990 1557 ὑποστατικῶς.
1052 1556 1057 1559 ἢ

217 1570 299 1603 Cuni
334 1571 430 1601 dicis:
467 1569 609 1600 Roscius
644 1568 729 1609 gerit
759 1575 934 1608 personam
966 1564 1110 1605 Agame-

130 1615 279 1647 mnonis:
303 1614 379 1655 quid
403 1612 568 1654 significat
591 1611 634 1642 ibi
658 1611 824 1640 Persona?
858 1608 1027 1644 Umbram,
1049 1615 1110 1637 scu

130 1656 374 1690 similitudinem
410 1655 591 1697 significan
625 1661 658 1686 et
693 1660 744 1685 est
776 1654 809 1684 iu
842 1651 1110 1693 praedicamento

131 1701 317 1731 Relatiom's.
364 1699 450 1736 Quid
474 1698 657 1740 siguificat,
689 1697 821 1738 quando
845 1695 964 1727 Cicero
992 1693 1111 1734 inquit:

132 1745 279 1783 filu-quum
303 1747 346 1772 es!
369 1745 400 1772 in
424 1741 597 1781 Republica
615 1742 765 1770 sustinere
781 1748 947 1778 personum
967 1735 1112 1769 consulis,

133 1791 187 1817 aue
214 1787 394 1826 principis?
446 1784 618 1827 Significat
649 1782 793 1815 officium
822 1792 883 1813 seu
912 1789 1031 1812 munus
1055 1789 1113 1821 pti-

135 1829 266 1862 blicum.

136 2005 250 2055 Quae
284 2012 378 2044 sunt
419 2002 673 2042 definitiones
714 2013 976 2055 personarum
1010 1997 1114 2037 divi-

542 2078 708 2118 nitatis?

225 2174 323 2204 Pater
346 2178 395 2203 est
420 2172 524 2213 prima
547 2180 691 2211 persona
715 2168 912 2204 divinitatis,
937 2177 1001 2197 non
1026 2173 1116 2200 nata,

137 2228 199 2249 nec
222 2215 356 2248 aliunde
380 2215 578 2256 procedens.
596 2213 655 2244 sed
680 2222 766 2254 quae
788 2212 829 2241 ab
850 2217 986 2241 aeterno
1007 2209 1117 2251 genuit

138 2259 266 2294 Filium,
290 2259 464 2300 imaginem
488 2266 592 2289 suam.
618 2262 648 2287 ct
673 2266 692 2286 a
715 2265 779 2297 qua
804 2254 952 2295 procedit
978 2253 1117 2294 Spiritus

137 2310 288 2341 sanctu«,
307 2309 339 2333 et
362 2311 446 2343 quae
470 2311 542 2332 cum
569 2298 651 2330 Filio
671 2304 703 2329 et
722 2298 844 2339 Spiritu
864 2303 981 2327 sancto
1002 2305 1117 2327 omnes

139 2357 194 2378 res
224 2346 366 2382 creavit,
394 2351 425 2376 et
460 2354 572 2375 earum
602 2342 806 2374 substantias
834 2346 1024 2371 conservat.
1083 2337 1116 2369 ln

138 2388 292 2421 Ecclesia
316 2389 434 2419 debent
460 2397 535 2418 esse
555 2387 749 2428 perspicuae
767 2391 799 2416 et
817 2381 984 2424 simplices
1005 2381 1118 2413 delini-

139 2439 266 2470 tiones,
290 2438 446 2473 quantuni
469 2431 601 2461 omniuo
626 2429 694 2459 fieri
718 2433 839 2469 potest.

229 2475 330 2507 filius
366 2481 415 2506 est
450 2474 597 2505 secunda
631 2482 775 2513 persona
806 2469 999 2506 divinitatis,
1034 2462 1147 2510 quael

141 2527 191 2550 est
226 2520 354 2559 integra
389 2525 420 2549 et
454 2513 684 2548 substantialis
719 2515 827 2555 imago
862 2511 988 2550 Patris,
1023 2521 1118 2552 quam

142 2562 252 2599 Pater,
271 2572 347 2592 sese
371 2562 500 2592 intuens
524 2559 752 2591 considerans.
771 2558 813 2587 ab
837 2563 972 2588 aeterno
996 2555 1117 2596 gignit.

142 2613 174 2637 et
198 2606 295 2636 nobis
323 2605 371 2635 sic
402 2604 566 2646 patefacta
597 2609 667 2639 est,
698 2602 786 2642 quod
810 2600 853 2631 sit
875 2609 1035 2641 persona,
1060 2608 1120 2639 per

760 143 870 176 Pinh-
891 142 996 175 MEL.
1018 141 1204 175 SCRIPTA
1225 140 1489 173 EXEGE'ricA.

2072 141 2150 175 w.

1158 243 1256 275 quain
1274 233 1374 265 Pater
1396 234 1475 265 dicit
1497 234 1668 266 decretum
1689 240 1724 266 et
1745 236 1849 266 totum
1869 236 2019 267 ordinem
2039 246 2139 268 crea·-

1158 277 1258 307 tionis
1286 282 1318 306 et
1348 278 1565 318 reparationis
1595 275 1781 314 hominum
1809 284 1842 308 et
1861 278 1956 320 quod
1977 279 2135 317 mittatur,

1158 324 1193 350 ut
1215 324 1365 350 assumat
1387 319 1562 350 humanam
1587 326 1748 358 naturam,
1771 325 1804 351 et
1826 321 1869 352 sit
1891 321 2062 359 mediator,
2085 331 2136 353 re-

1129 365 1136 431 Ι
1159 361 1326 402 demptor,
1348 361 1564 400 iustificator,
1588 368 1622 393 et
1644 361 1813 394 salvator.-

1339 524 1448 575 Quid
1479 534 1541 567 est
1572 526 1742 582 Spiritus
1772 528 1958 569 sanctus?

1244 614 1304 646 Est
1340 616 1437 648 tertia
1476 627 1622 658 persona
1662 618 1856 656 divinitatis,
1896 620 2082 660 procedens
2115 629 2137 651 a

1157 657 1259 708 iffatie
1281 664 1314 689 et
1337 658 1439 697 Filio,
1469 666 1501 691 et
1530 667 1579 691 est
1605 660 1833 692 substantialis
1851 672 1962 700 amor,
1991 668 2022 693 et
2044 661 2136 694 laeti·

1157 707 1200 731 tia
1224 707 1404 751 coaeterna
1429 702 1517 734 inter
1544 703 1678 735 Patrem
1703 711 1735 735 et
1756 703 1889 742 Filium,
1912 711 1944 736 et
1965 704 2016 735 sic
2040 706 2136 736 ncbifl

1157 742 1367 793 manifestata
1389 750 1452 782 est,
1475 746 1564 787 quod
1585 748 1728 778 mittatur
1747 748 1778 778 in
1798 748 1901 779 corda
1921 748 2135 786 credentium,

1158 793 1193 817 ut
1215 787 1401 818 sanctificet
1428 797 1484 827 ea,
1513 794 1546 819 et
1574 788 1659 820 tales
1689 796 1800 821 motus
1829 791 1860 821 in
1892 791 1939 821 eis
1962 791 2137 829 accendat,

1157 839 1304 880 amorem
1328 836 1360 860 et
1382 829 1539 861 laetitiam
1562 831 1594 862 in
1617 831 1691 864 Deo
1714 833 2003 874 acquiescentem,
2027 832 2137 874 qualis

1158 878 1211 903 est
1232 881 1314 912 ipse.

1181 957 1188 964 ¹
1228 915 1297 963 ’Ad
1320 913 1436 947 harum
1460 915 1686 948 definitionum
1715 917 1971 950 declarationem
2001 919 2137 960 prodest

1159 957 1364 999 distinguere
1403 959 1624 999 proprietates
1663 959 1867 1002 singularum
1908 971 2136 1002 personarum.

1159 999 1253 1035 Quae
1277 1007 1327 1031 est
1351 1001 1538 1041 proprietas
1561 1002 1686 1043 patris?
1732 1003 1880 1046 Gignere
1903 1003 2037 1037 Filium,
2061 1005 2138 1035 ima-

1159 1044 1269 1085 ginem
1292 1053 1397 1074 suain.
1442 1043 1556 1086 Aliqui
1579 1045 1708 1083 dicunt,
1732 1046 1907 1087 proprium>
1922 1047 2027 1087 patris
2050 1055 2140 1084 esse,

1158 1086 1242 1125 quod
1265 1086 1305 1115 iit
1336 1089 1469 1117 creator.
1526 1087 1592 1119 Sed
1620 1089 1710 1129 prius
1740 1088 1916 1120 dicendum
1945 1095 1997 1120 est
2030 1089 2070 1120 de
2093 1089 2141 1119 in·

1133 1129 1136 1139 '
1159 1135 1261 1178 mula.
1277 1129 1478 1169 proprietate
1508 1129 1696 1171 personali,
1726 1141 1791 1173 qua
1820 1131 2019 1163 discernitur
2040 1130 2141 1163 Pater

1159 1182 1179 1203 a
1201 1170 1285 1202 hlio
1309 1179 1341 1202 et
1363 1172 1487 1212 Spiritu
1509 1180 1638 1211 sancto,
1663 1175 1791 1205 etiamsi
1817 1175 1959 1206 mundus
1983 1173 2036 1205 hic
2060 1184 2142 1206 nun-

1160 1224 1259 1256 quam
1292 1221 1383 1245 esset
1416 1215 1580 1246 conditus.
1638 1215 1784 1255 Deinde,
1818 1219 1942 1248 creatio
1974 1223 2024 1248 est
2054 1227 2142 1248 com-

1160 1266 1258 1307 mune
1283 1267 1369 1306 ppus
1398 1256 1524 1307 Patris,
1559 1257 1648 1296 Filii,
1683 1266 1717 1290 et
1740 1259 1882 1301 Spiritus
1906 1260 2024 1291 sancti.
2082 1259 2142 1290 Est

1160 1306 1260 1342 igitur
1282 1306 1526 1340 improprietas,
1550 1301 1682 1342 quando
1706 1301 1839 1334 dicitur:
1865 1301 1980 1332 Crem-e
2003 1306 2048 1331 eet
2066 1312 2141 1341 pro-

1156 1343 1259 1381 prium
1283 1342 1403 1371 Patris.
1450 1341 1521 1373 Filii
1543 1345 1728 1384 proprietas
1752 1351 1803 1376 est
1826 1345 1920 1376 nasci
1941 1355 1962 1375 a
1981 1343 2091 1382 Patre,
2109 1350 2142 1375 et

1161 1395 1238 1416 esse
1260 1386 1435 1426 imaginem
1458 1384 1711 1417 substantialem
1730 1388 1856 1418 aeterni
1875 1386 1994 1418 Patris.
2039 1386 2144 1428 Spiri-

1160 1433 1214 1459 tus
1248 1429 1355 1458 saucti
1388 1428 1574 1469 proprietas
1609 1434 1677 1467 est,
1711 1430 1894 1470 procedere
1928 1439 1948 1460 a
1982 1429 2080 1461 Patre
2111 1433 2145 1460 et

1161 1469 1254 1501 filiu.
1300 1471 1435 1511 Spirare
1451 1471 1607 1512 Spiritum
1626 1478 1788 1511 sanctum,
1807 1478 1858 1504 est
1877 1473 2047 1514 utriusque
2068 1482 2143 1513 per·

1162 1523 1278 1551 sonae,
1294 1512 1403 1544 Patris
1422 1519 1455 1545 et
1471 1512 1555 1545 Filii:
1580 1521 1631 1545 est
1649 1517 1836 1555 proprietas
1856 1515 2038 1547 communis
2052 1513 2144 1546 Patri

1163 1563 1195 1588 et
1215 1556 1308 1588 Filio·

1250 1599 1294 1630 Ut
1323 1605 1432 1631 autem
1459 1600 1502 1630 sit
1533 1600 1741 1632 manuductio
1771 1599 1882 1642 aliqua
1910 1601 1951 1632 ad
1975 1599 2060 1631 haec
2083 1598 2142 1632 ali-

1164 1653 1230 1685 quo
1254 1643 1352 1674 modo
1383 1643 1574 1684 cogitanda:
1606 1641 1709 1675 voluit
1739 1643 1910 1685 Scriptura
1934 1644 1974 1675 de
1997 1643 2050 1675 liis
2074 1654 2142 1686 my-

1164 1687 1273 1718 steriis
1296 1685 1387 1727 loqui
1417 1688 1541 1717 nostris
1565 1687 1695 1724 verbis,
1726 1697 1759 1718 u.
1783 1686 1985 1729 significaret
2007 1687 2143 1718 umbras

1165 1728 1252 1761 illius
1276 1729 1458 1769 sapientiae
1482 1729 1512 1760 in
1537 1730 1632 1760 nobis
1656 1739 1836 1770 expressas
1860 1739 1948 1761 esse.

1252 1772 1337 1804 Sunt
1369 1772 1400 1802 in
1431 1778 1499 1802 tota
1530 1778 1647 1804 natura
1675 1771 1795 1810 multa,
1831 1783 1936 1814 eaque
1960 1773 2144 1803 innumera·

1167 1815 1244 1847 bilia
1267 1815 1453 1846 testimonia
1476 1815 1517 1846 de
1540 1815 1622 1846 Deo.
1669 1815 1766 1850 Quod
1791 1817 1830 1846 sit
1856 1815 1961 1852 Deus,
1984 1825 2049 1846 nor.
2073 1821 2144 1846 tau·

1166 1866 1234 1891 tum
1257 1864 1395 1889 testatur
1417 1858 1532 1889 notitia
1555 1859 1666 1889 inuata
1689 1860 1854 1890 mentibus
1878 1858 2062 1895 hominum,
2084 1858 2144 1889 sed

1168 1909 1270 1934 totum
1299 1901 1464 1942 opificium
1492 1903 1618 1933 mundi:
1652 1901 1683 1931 ii.
1712 1912 1777 1943 quo
1809 1912 1882 1932 cuni
1913 1900 2021 1933 luceat
2049 1901 2145 1938 ordo,

1167 1943 1264 1976 simul
1294 1944 1496 1982 ostenditur,
1525 1945 1613 1986 quod
1644 1944 1736 1976 Deus
1766 1946 1807 1976 sit
1837 1945 1991 1987 quiddam
2015 1945 2146 1975 ordina-

1168 1996 1246 2020 tum.
1293 1987 1360 2018 Sed
1389 1985 1468 2018 nihil
1497 1995 1564 2025 est,
1596 1988 1684 2029 quod
1714 1989 1819 2030 magis
1850 1988 2004 2019 ostendat
2033 1987 2064 2018 in
2089 1996 2146 2017 na-

1169 2040 1242 2063 tura
1266 2029 1484 2067 divinitatem,
1515 2041 1611 2072 qziam
1636 2041 1728 2062 mens
1751 2030 1902 2062 hominis.
1955 2030 1989 2060 ln
2014 2029 2148 2061 homine

1168 2080 1244 2106 sunt
1270 2074 1352 2104 liaec
1375 2074 1437 2104 tria
1461 2075 1653 2114 praecipua:
1676 2073 1793 2107 Mens.
1822 2075 1997 2116 cogitatio,
2021 2080 2052 2104 et
2076 2082 2146 2104 ino·

1170 2125 1242 2154 tus,
1271 2126 1331 2147 seu
1360 2117 1505 2158 agitatio.
1558 2116 1653 2148 Mens
1683 2125 1752 2154 est,
1781 2127 1866 2158 quae
1895 2117 1998 2158 giguit
2021 2116 2146 2158 cogita-

1170 2162 1307 2197 tionem,
1341 2159 1393 2190 νεὶ
1428 2170 1632 2191 sennonem:
1671 2162 1746 2201 quia
1781 2161 1937 2202 cogitatio
1971 2167 2002 2190 et
2036 2168 2146 2189 sermo

1171 2211 1245 2235 sunt
1271 2203 1394 2234 aitinia.
1447 2204 1564 2234 Sermo
1595 2210 1645 2234 est
1671 2204 1766 2245 quasi
1789 2201 1952 2245 explicata
1976 2202 2145 2244 cogitatio·

1173 2249 1245 2279 Non
1269 2253 1319 2278 est
1343 2247 1501 2287 cogitatio
1525 2248 1597 2278 siue
1621 2254 1738 2284 mente,
1757 2247 1815 2277 sed
1840 2252 1890 2277 est
1914 2245 2068 2287 quiddam
2091 2253 2148 2286 ge·

1171 2293 1269 2322 uitiiui
1295 2301 1313 2320 a
1338 2297 1456 2321 ιιιυιιιε.
1502 2289 1741 2331 Cogitationem
1765 2291 1914 2331 sequitur
1937 2294 2064 2325 motus,
2087 2297 2148 2319 seu

1170 2334 1322 2376 agitatio.
1345 2344 1404 2364 seu
1424 2333 1573 2364 affectus.
1627 2332 1692 2363 ista
1716 2340 1790 2363 sunt
1816 2333 1951 2363 umbrae
1975 2332 2006 2361 iu
2030 2338 2148 2362 natura

1171 2377 1310 2409 liomiuis
1334 2377 1374 2407 dc
1397 2375 1570 2409 'l‘riuitatvz
1599 2377 1657 2407 sed
1682 2376 1855 2407 ridendum
1880 2381 1947 2406 est.
1974 2384 2013 2404 ue
2037 2372 2147 2404 simili-

1142 2403 1146 2454 Ι
1171 2422 1336 2453 tudinibus
1369 2420 1572 2451 abducamur
1601 2430 1620 2450 a
1650 2420 1804 2454 veritate,
1833 2418 1892 2448 sed
1915 2418 2025 2458 potius
2047 2417 2148 2448 uddu—

1172 2475 1286 2496 camur
1309 2464 1350 2494 ud
1375 2464 1559 2495 veritatem:
1592 2470 1622 2493 ει
1654 2468 1787 2503 regatur
1816 2461 1939 2492 veritas
1971 2460 2073 2491 verbo
2098 2469 2148 2490 re-

1173 2508 1293 2539 velato.
1340 2506 1491 2539 Ducendi
1514 2512 1638 2538 tautum
1662 2515 1765 2536 causa
1789 2505 1852 2535 ista
1876 2504 1939 2535 liuc
1957 2502 2150 2540 afferuntur,

1172 2559 1205 2583 ut
1238 2550 1449 2583 declarentur
1482 2549 1783 2592 quomodocunque
1813 2546 1886 2582 illa.
1919 2555 2003 2588 quae
2027 2544 2149 2587 alioqui

1173 2597 1203 2627 in
1228 2596 1399 2635 Scriptura
1422 2600 1498 2626 sunt
1522 2593 1640 2624 tradita
1663 2591 1787 2623 uostris
1811 2587 1993 2621 vocabulis.
