2324 2958
145 153 211 186 953
835 150 1053 184 POSTlLLA
1073 151 1473 187 MELANTHONIANA.
2091 162 2156 195 954

147 248 304 285 historia,
340 248 428 288 qnod
447 247 575 278 venerit
609 245 664 277 ille
693 245 875 284 Dominus,
909 247 950 277 de
979 256 1045 287 quo
1074 245 1122 276 lo-
1177 246 1298 277 Graeci
1342 248 1509 279 nominant
1533 249 1597 281 hoc
1621 250 1788 291 ὁριστικαῖς,
1812 254 1899 294 quod
1922 263 1984 285 nos
2004 255 2154 294 dicimus,

146 296 290 332 quuntur
312 291 560 330 promissiones.
604 289 706 327 Dicit,
729 289 818 331 quod
840 287 943 320 multa
965 287 1124 320 miracula
1175 292 1349 329 assertive,
1378 292 1549 328 definitive,
1583 297 1771 331 caream-[ce.
1829 296 1875 326 lta
1908 297 2067 336 ὁριστικῶς
2103 299 2154 331 1110

146 334 273 371 fecerit,
296 333 385 374 quod
407 333 450 364 sit
473 331 652 363 crucifixus
676 337 709 363 et
731 333 960 371 resuscitatus,
979 338 1012 363 et
1034 332 1123 373 quod
1176 331 1296 362 dictum
1320 337 1382 369 est,
1407 334 1487 364 Huic
1519 336 1730 368 testiinonium
1759 340 1929 378 perhibent
1949 350 2059 372 onmes
2080 352 2154 382 pro-

146 376 208 416 ipsi
232 385 306 407 cum
330 385 369 406 eo
395 375 598 407 comederint
620 381 653 406 et
676 375 835 413 biberint,
858 381 891 407 et
913 373 1010 406 fuerit
1033 374 1122 406 fami·
1172 375 1299 414 plectae,
1323 380 1387 405 etc.

144 417 235 449 liaris
260 419 470 449 conversatio
493 424 569 458 post
592 419 879 450 resurrectionem,
903 424 936 449 et
958 419 1047 459 quod
1069 428 1123 449 ac·
1263 417 1355 448 llaec
1378 417 1531 449 doctrina
1553 420 1767 453 confirmatur
1784 423 1840 453 1110
1858 424 2059 456 miraculosa
2077 427 2153 457 01111-

146 461 294 501 ceper'mt
317 462 524 498 mandatnm,
553 467 587 491 ut
610 460 803 501 praedicent
825 461 914 493 hunc
937 471 1014 492 esse
1034 460 1124 492 Mes-
1176 461 1270 492 sione
1304 460 1445 500 Spiritus
1479 462 1596 493 sancti.
1664 463 1735 494 Hoc
1775 466 1965 497 miraculum
2002 474 2153 502 testatur.

144 504 246 541 siam,
281 503 345 534 hac
379 514 463 535 voce
494 502 606 545 colligi
633 502 831 535 Ecclesiam.
888 504 1010 535 Postea
1033 504 1122 535 addit
1176 503 1264 544 quod
1291 501 1385 534 Deus
1419 503 1491 534 sine
1524 502 1591 534 ulla
1621 505 1823 539 dubitatione
1859 516 1909 539 est
1943 508 2061 541 efficax
2096 504 2154 553 per

145 546 186 577 de
215 545 385 577 beneflciis
415 547 577 583 Messiae,
609 552 640 577 et
672 546 750 577 dicit
778 557 850 577 eum
880 556 956 578 esse
984 547 1123 578 iudicem
1175 556 1291 577 vocem
1304 545 1489 588 Evangelii,
1512 545 1581 577 vult
1606 548 1684 578 dare
1704 550 1857 589 Spiritum
1881 559 2046 585 sanctum:
2070 556 2153 586 sicut

145 589 296 620 vivorum
321 595 354 619 et
377 596 592 620 mortuorum.
643 588 721 619 Item
750 588 890 630 amplius
914 590 1007 621 dicit:
1039 590 1123 620 Huic
1176 589 1310 619 dicitur:
1356 590 1395 620 [Τί
1430 592 1597 628 accipiatis
1636 593 1882 630 pronu’ssimzenz
1916 596 2058 633 ›Spirilus
2094 608 2154 636 per

145 633 350 661 testimonium
376 632 538 671 perhibent
573 641 675 660 omnes
705 630 900 670 Prophetae,
932 643 990 671 per
1017 644 1122 663 nomen
1174 633 1281 672 fidem,
1305 636 1367 662 etc.
1422 631 1563 667 Quando
1586 638 1810 665 sustentamus
1846 646 1907 667 nos
1942 648 2024 668 voce
2048 633 2153 670 Evan'-

145 676 224 708 eius,
248 675 280 706 id
304 681 372 712 est,
396 686 457 716 per
479 674 679 717 agnitionem
703 674 827 715 ipsius,
849 676 963 717 agnito
987 686 1045 714 eo,
1075 687 1123 705 ac·
1178 672 1264 715 gelii,
1287 674 1360 705 sine
1383 672 1450 705 ulla
1473 674 1675 706 dubitatione
1708 677 1802 708 datur
1837 679 1977 719 Spiritus
2007 689 2153 713 sanctus.

145 718 249 756 cipere
282 719 487 747 remissionem
518 720 720 756 peccatorum
761 728 878 749 omues,
917 720 972 758 qui
994 719 1123 749 credunt
1263 715 1382 747 Proba.
1425 716 1510 752 Quia
1532 723 1642 749 textus
1661 717 1753 750 clare
1772 721 1860 758 dicit,
1882 723 2083 761 Eranffelimu
2108 731 2156 756 es!

143 761 177 789 in
199 770 273 792 eum.
1172 763 1316 799 potentia
1335 761 1397 791 Dei
1418 762 1464 791 ad
1483 763 1615 792 salutem
1638 763 1727 793 omni
1745 765 1898 795 credenti.
1933 765 2026 796 ltcm:
2050 769 2153 798 Eran-⁴

231 802 324 834 Haec
358 808 547 844 congruunt
581 812 655 834 cum
688 801 753 833 illis
789 803 899 835 dictis:
936 803 1042 833 Omnis
1071 807 1124 844 qui
1171 805 1291 841 aelittm
1313 807 1363 835 est
1384 806 1595 835 nu'ntsletimn
1618 804 1772 844 Spiritus.
1824 806 1918 838 Item:
1954 810 2058 848 Pater,
2081 821 2154 841 sme-

144 845 247 876 credit
268 847 301 875 ιἰι
324 845 458 879 Filium,
481 845 571 875 lmbet
596 847 687 875 ritum
710 850 883 876 aeternam:
903 848 957 887 qni
978 858 1038 876 non
1061 858 1123 877 cre·
1175 847 1279 884 ctifica
1317 855 1373 877 eos
1413 849 1446 877 in
1478 847 1632 887 feritate,
1677 847 1790 879 Sermo
1830 854 1903 881 tum·
1940 856 1989 883 est
2026 856 2152 884 rvrilus.

144 888 209 922 dit,
244 892 345 918 manet
375 890 425 917 ira
452 888 517 918 Dei
543 899 636 927 snper
659 899 732 918 enm.
778 888 874 921 Item:
902 890 1029 920 Nomia
1058 892 1124 920 eius
1174 887 1271 919 Item:
1309 890 1370 926 Qui
1389 890 1504 930 credit-
1512 890 1545 919 in
1569 899 1635 931 me,
1665 894 1768 931 fluent
1795 902 1836 923 et·
1865 898 1974 925 remre
2002 898 2072 926 eius
2097 899 2152 935 flu·

143 931 324 969 {unificabit
353 931 474 961 multos.
530 930 665 973 Allegat
698 938 807 963 autem
837 933 1023 964 testimonia
1053 934 1123 964 0111-
1174 935 1263 962 mina
1285 934 1364 963 rica.
1409 933 1476 963 Hoc
1499 933 1586 964 (Ιιζτίί
1605 935 1645 964 de
1661 935 1787 973 Spiritu
1810 941 1931 973 sancto,
1954 946 2044 976 quem
2067 948 2154 969 acce-

143 983 264 1005 versae
286 973 478 1011 Ecclesiae,
503 980 534 1005 et
556 973 658 1006 veluti
681 975 844 1016 synodum
868 976 958 1018 cogit
981 977 1122 1008 omnium
1170 977 1263 1013 pau-1·
1283 979 1393 1005 essent
1412 976 1579 1007 credente-s·
1600 979 1634 1007 in
1657 986 1734 1008 eum.
1768 976 1962 1020 Ubicunque
1985 986 2036 1011 est
2059 981 2152 1017 fides,

142 1015 387 1058 prophetarum.
443 1017 552 1048 Antea
581 1016 739 1059 allegas-it
765 1017 943 1057 miracula,
978 1025 1009 1050 et
1032 1021 1121 1051 testi·
1174 1016 1219 1047 ibi
1253 1017 1326 1048 sine
1355 1015 1423 1048 ulla
1450 1018 1654 1050 dubitatione
1689 1026 1739 1050 est
1763 1020 1904 1060 Spiritus
1933 1029 2089 1062 sanctus,
2123 1031 2155 1055 ct

142 1060 270 1097 monia,
294 1069 381 1100 quae
402 1060 474 1101 ipse
497 1061 634 1091 viderat.
679 1060 746 1091 lam
765 1061 854 1091 addit
873 1061 1014 1103 amplius
1032 1063 1121 1094 Scri·
1145 1077 1149 1089 ι
1173 1059 1217 1090 ibi
1235 1066 1313 1090 sunt
1335 1060 1425 1091 initia
1447 1066 1592 1092 motuum
1615 1061 1758 1102 Spiritus
1782 1065 1901 1094 sancti.

141 1108 259 1143 pturae
281 1103 485 1140 testimonia,
514 1109 547 1134 et
570 1104 760 1135 nominatim
782 1102 907 1145 allegat
928 1104 1122 1145 prophetas:
1147 1128 1148 1133 ,
1259 1102 1397 1143 Semper
1419 1103 1451 1133 10
1475 1113 1555 1134 vera
1578 1105 1790 1144 poenitentia,
1813 1107 1944 1147 quando
1968 1117 2009 1138 ex
2032 1107 2153 1140 dolori-

143 1143 250 1177 Simul
279 1146 375 1176 etiam
404 1152 455 1176 est
478 1146 642 1187 interpres
665 1147 872 1187 Scripturae3
901 1146 969 1178 vult
993 1148 1121 1179 dicere:
1146 1139 1149 1180 Ι
1174 1145 1236 1176 bus
1261 1151 1292 1176 et
1325 1146 1507 1186 pavoribus
1542 1145 1641 1178 homo
1672 1149 1809 1189 erigitur
1843 1149 2074 1182 consolatione
2096 1163 2154 1193 per

141 1187 213 1218 Nos
244 1188 354 1219 ludaei
383 1187 604 1219 intelleximus
635 1189 677 1219 de
710 1198 815 1230 regno
844 1191 1027 1227 mundano3
1062 1192 1120 1222 sed
1173 1187 1289 1226 fidem,
1316 1194 1395 1219 tunc
1423 1199 1542 1220 revera
1575 1190 1673 1222 datur
1706 1193 1734 1222 ei
1757 1191 1898 1233 Spiritus
1933 1200 2089 1233 sanctus,
2123 1202 2152 1226 ct

140 1229 238 1262 aliter
260 1240 298 1262 se
320 1240 375 1262 res
397 1229 513 1262 habet:
542 1231 710 1263 Habemus
734 1231 942 1270 mandatum,
972 1239 1007 1264 ut
1029 1244 1122 1274 prae-
1146 1260 1150 1280 ¹
1173 1240 1240 1261 non
1264 1237 1315 1262 est
1340 1232 1468 1263 otiosus
1492 1232 1524 1262 111
1548 1234 1728 1264 mentibus:
1752 1235 1814 1265 sed
1837 1241 1885 1266 est
1912 1235 2055 1275 Spiritus
2079 1248 2152 1279 gra-

141 1273 289 1305 dicemus
311 1273 562 1314 poenitentiam,
591 1279 625 1305 et
647 1274 874 1305 remissionem
897 1282 1122 1315 peccatorum,
1148 1286 1149 1314 j
1174 1274 1237 1304 tiae
1260 1280 1291 1304 et
1314 1284 1450 1314 precum
1474 1273 1622 1306 clamans
1642 1277 1728 1308 Abba
1747 1282 1862 1316 paler,-
1893 1279 1947 1318 qui
1971 1282 2151 1311 exsuscitat

141 1315 230 1357 quod
250 1316 321 1356 ipse
341 1317 382 1346 sit
400 1315 556 1354 Messias,
577 1322 609 1347 et
633 1318 720 1358 quod
744 1317 839 1348 detur
861 1324 997 1359 propter
1014 1320 1121 1360 ipsum
1146 1315 1150 1356 ἶ
1174 1322 1302 1347 mentes
1337 1317 1378 1347 ad
1412 1317 1668 1348 invocationem.
1724 1319 1787 1350 Ubi
1821 1331 1886 1351 non
1921 1327 1998 1352 sunt
2031 1332 2152 1354 sensns

140 1359 294 1389 remissio
327 1364 541 1399 peccatorum
574 1360 835 1402 agnoscentibus
866 1371 956 1399 eum,
991 1368 1023 1392 et
1052 1372 1121 1393 cre-
1173 1359 1298 1389 timoris
1321 1359 1377 1390 ubi
1400 1370 1467 1390 non
1501 1367 1551 1391 est
1585 1371 1699 1402 pugna
1722 1368 1753 1393 et
1777 1361 1865 1393 lucta
1886 1373 1958 1394 cum
1983 1365 2098 1396 timore
2123 1373 2153 1397 et

142 1401 296 1432 dentibus
319 1402 350 1432 in
375 1411 459 1432 eum.
1173 1402 1372 1442 pavoribus;
1402 1403 1457 1433 ubi
1481 1413 1547 1433 non
1579 1409 1629 1434 est
1651 1405 1832 1443 invocatio,
1855 1407 1909 1436 ubi
1935 1416 2000 1438 non
2023 1414 2072 1439 est
2099 1409 2152 1439 de-

1172 1445 1328 1476 siderium
1352 1444 1603 1485 consolationis,
1627 1447 1670 1477 ibi
1694 1457 1760 1478 non
1779 1454 1831 1479 est
1843 1449 1982 1489 Spiritus
1999 1458 2152 1482 sanctus:

1173 1487 1232 1518 sed
1256 1497 1329 1518 cum
1351 1488 1449 1519 adest
1472 1487 1616 1528 Spiritus
1640 1496 1778 1521 sanctus
1803 1492 1847 1522 ibi
1869 1492 1941 1522 sine
1964 1491 2032 1524 ulla
2060 1495 2151 1525 (10111-

1172 1530 1297 1561 tatione
1320 1528 1377 1561 illa
1401 1541 1532 1572 quoque
1555 1531 1651 1564 fiunt:
1685 1534 1826 1565 sentitur
1848 1535 1954 1574 timor,
1989 1542 2019 1566 et
2045 1534 2150 1574 dolor,

1173 1579 1205 1603 et
1223 1571 1432 1614 displicentia
1465 1575 1506 1605 de
1539 1581 1696 1615 peccato,
1731 1577 1872 1607 sentitur
1906 1577 2090 1610 consolatio
2120 1586 2151 1610 et

1170 1616 1348 1647 invocatio.

1259 1659 1433 1694 Fuit2tunc
1457 1660 1487 1690 in
1513 1660 1610 1691 domo
1634 1659 1778 1692 Cornelii
1809 1672 1928 1703 magna
1956 1661 2148 1704 frequentia.

1174 1701 1208 1732 ln
1246 1701 1415 1742 Propheta
1444 1703 1534 1734 0500
1558 1706 1599 1741 [c.
1627 1703 1690 1742 13.]
1727 1704 1865 1736 dicitur:
1905 1707 1994 1737 Inter
2023 1709 2150 1746 frclrns

1171 1746 1386 1784 fructzficabil.
1440 1744 1505 1776 Ubi
1529 1756 1613 1777 01105
1637 1752 1689 1777 est
1706 1747 1805 1778 homo
1829 1748 1921 1789 pius,
1957 1754 2009 1779 est
2031 1760 2150 1790 propa-

1174 1795 1270 1829 gator
1300 1788 1489 1827 doctrinae,
1523 1790 1687 1820 convertit
1719 1789 1820 1827 alios,
1855 1791 1884 1821 si
1919 1801 1982 1822 11011
2017 1791 2148 1826 multos,

1174 1838 1282 1862 tamen
1316 1829 1456 1872 aliquos.
1518 1831 1628 1863 oseas
1663 1834 1706 1872 [c.
1735 1833 1797 1872 14.]
1832 1831 1976 1875 loquitur
2009 1835 2050 1865 de
2083 1834 2148 1866 illis

1146 1426 1149 1437 l

227 1443 290 1475 Hic
319 1454 400 1475 vero
429 1443 527 1476 simul
551 1444 861 1485 comprehendenda
885 1452 935 1477 est
959 1445 1122 1487 particula
1146 1442 1149 1479 1

140 1488 262 1526 gyratis,
286 1497 383 1528 quam
409 1485 551 1519 inculcat
574 1486 717 1525 Paulus;
746 1489 833 1529 quod
863 1489 1015 1520 remissio
1045 1500 1121 1530 pec·
1145 1484 1150 1532 ζ

142 1535 291 1560 00101001
315 1530 410 1560 detur
432 1531 529 1561 nobis
553 1530 714 1572 indignis,
743 1540 810 1561 non
833 1532 974 1569 meritis,
997 1530 1119 1573 alioqui

140 1582 207 1603 non
230 1579 345 1613 posset
368 1582 445 1603 0550
468 1572 562 1603 fides.
616 1572 798 1604 Promissio
826 1580 879 1605 051
900 1575 1063 1616 gratuita,
1086 1581 1120 1606 ut

139 1613 266 1646 Paulus
302 1615 394 1646 dicit:
428 1615 507 1644 Ideo
539 1617 656 1655 yratt's,
692 1620 725 1645 ut
759 1618 800 1645 sit
824 1618 913 1654 firma
938 1618 1118 1656 promissio.

140 1657 176 1690 Si
201 1663 294 1688 esset
317 1656 570 1696 conditionalis,
599 1659 627 1690 si
650 1657 752 1690 fueris
776 1660 930 1698 1110111115,
955 1666 1016 1692 010.
1040 1659 1120 1691 1111111

139 1706 242 1732 05501.

228 1742 301 1773 Vos
335 1742 586 1781 adolescentes,
620 1745 740 1785 quibus
773 1745 918 1776 nondum
951 1751 1002 1777 est
1028 1744 1120 1777 sarni-

139 1783 232 1817 liaris
256 1783 313 1816 illa
335 1787 510 1825 sententia,
528 1787 700 1818 inscribite
723 1787 787 1819 11οο
811 1789 933 1820 dictum
955 1790 1120 1820 mentibus

141 1834 175 1860 et
197 1829 388 1870 pectoribus
418 1830 551 1861 vestris.
602 1829 685 1859 Huic
711 1841 813 1860 omnes
836 1831 1010 1870 prophetae
1038 1833 1121 1861 testi-

141 1873 273 1901 mom'um
300 1871 479 1910 perhibent:
513 1883 545 1901 es
573 1874 616 1902 ist
645 1875 693 1903 eiu
720 1873 832 1903 selmue
860 1873 1066 1913 consolatio,
1089 1881 1121 1906 et
1173 1873 1404 1915 pulcherrimis
1426 1873 1603 1913 fructibus,
1623 1877 1678 1916 qui
1702 1882 1883 1917 sequuntur
1908 1876 2017 1907 fidem:
2047 1879 2149 1918 Aufer

142 1913 323 1946 declaratio
349 1914 490 1946 omnium
513 1914 766 1957 prophetarum,
796 1923 828 1947 et
851 1927 979 1949 summa
1001 1918 1121 1949 doctri·
1172 1927 1295 1949 munem
1328 1917 1537 1957 iniquitatem,
1570 1921 1602 1950 et
1635 1920 1736 1949 redde
1769 1920 1890 1954 bonum,
1924 1924 1955 1950 et
1977 1922 2148 1959 afferemus

140 1967 221 1995 1100,
246 1957 311 1986 nml
334 1961 420 1996 saut,
451 1958 525 1999 quis
548 1959 592 1989 sit
614 1957 715 1991 Filius
739 1958 819 1997 Dei,
848 1966 881 1991 et
909 1970 992 2001 quae
1022 1961 1120 1992 bene·
1171 1961 1229 1991 tibi
1252 1961 1365 1991 viculos
1387 1961 1557 1992 labiorum:
1579 1961 1611 1992 id
1635 1966 1698 1998 est,
1720 1961 1885 1993 sacrificia
1907 1961 2079 1999 labiorum,
2102 1964 2147 1994 in-

139 1999 215 2032 ficia
237 1999 364 2031 afferat.
1172 2003 1379 2034 vocationem
1395 2025 1404 2041 ,
1444 2004 1627 2045 gratiarum
1666 2004 1845 2042 actionem,
1890 2003 2146 2046 confessionem,

226 2041 344 2074 Totum
376 2041 569 2085 Symbolum
602 2043 719 2075 recitat
746 2044 865 2076 Petrus
894 2046 926 2076 in
953 2055 1014 2078 sua
1042 2056 1118 2077 0011-
1171 2046 1366 2078 doctrinam.
1422 2046 1513 2078 Haec
1547 2047 1655 2078 onmia
1694 2047 2032 2088 comprehenduntur,
2073 2059 2146 2080 cum

1170 2089 1262 2121 dicit:
1298 2090 1516 2129 Fructi'ficabit
1549 2093 1633 2121 Inter
1663 2093 1800 2130 fratres.
1856 2090 1890 2121 111
1918 2097 2032 2122 nostro
2056 2098 2147 2122 textu

1170 2138 1235 2164 est:
1258 2132 1382 2164 dt’rae'tee.
1428 2132 1496 2164 Sed
1520 2133 1642 2164 erravit
1664 2134 1829 2174 interpres
1858 2134 1890 2164 111
1913 2132 2019 2165 litera.
2065 2133 2147 2164 (for-

1169 2175 1275 2207 nelius
1315 2174 1376 2206 fnit.
1414 2175 1584 2207 studiosus
1624 2176 1792 2207 doetrinae
1833 2186 1940 2207 verae.
1996 2176 2144 2207 lnvitavit

1170 2219 1265 2250 etiam
1289 2216 1454 2256 familiam,
1477 2224 1596 2259 postea
1618 2228 1655 2249 se
1677 2219 1895 2250 adiunxerunt
1918 2219 2012 2250 vicini
2036 2220 2144 2257 etiam,

1169 2267 1201 2292 et
1235 2260 1288 2293 alii
1322 2262 1473 2292 homines
1503 2261 1585 2292 istus
1620 2260 1702 2299 loci,
1738 2267 1770 2292 et
1803 2262 1835 2292 111
1870 2260 1926 2292 illa
1959 2261 2144 2303 frequentia

1169 2304 1294 2336 effusus
1316 2310 1367 2335 est
1390 2303 1531 2344 Spiritus
1555 2310 1692 2335 sanctus
1716 2302 1856 2344 publice,
1879 2303 1997 2335 visibili
2020 2305 2142 2345 specie,

1168 2348 1254 2380 sicut
1276 2352 1374 2379 antea
1396 2346 1520 2378 effusus
1544 2352 1614 2377 erat
1636 2348 1666 2378 in
1690 2345 1885 2387 Apostolos.

1253 2389 1326 2422 Nos
1343 2389 1388 2421 ita
1414 2395 1544 2421 utamur
1566 2389 1630 2420 hac
1651 2389 1807 2426 historia,
1840 2395 1876 2421 ut
1907 2399 2046 2430 agamus
2069 2388 2142 2421 Deo

140 2427 375 2466 confusiones,
398 2429 470 2459 sine
494 2427 575 2466 fine,
605 2429 677 2460 sine
699 2429 877 2470 principio,
906 2432 978 2462 sine
1001 2432 1116 2464 ordine
1139 2420 1144 2492 Ι
1167 2434 1304 2475 gratias,
1328 2443 1387 2473 pro
1411 2432 1585 2463 vocatione
1608 2432 1769 2474 gentium}
1793 2438 1825 2463 01
1843 2432 2142 2463 (1Ξ5001111151100111·

140 2471 320 2502 conciones
355 2471 494 2509 Christi,
527 2470 760 2512 prophetarum
795 2478 827 2504 01
860 2472 1115 2514 Apostolorum:
1168 2486 1241 2507 nam
1266 2477 1306 2507 de
1329 2475 1524 2506 remissione
1552 2480 1763 2515 peccatorum
1789 2475 1947 2516 gratuita,
1974 2475 2142 2506 discamus

129 2520 217 2545 -sunt
239 2514 473 2554 sapientissimi
497 2524 687 2553 sermones,
710 2513 916 2556 explicantes
939 2516 1003 2549 hoc
1027 2519 1114 2559 quod
1167 2519 1264 2550 etiam
1296 2518 1548 2559 promissionem
1587 2516 1808 2549 universalem
1841 2527 1928 2549 esse.
1985 2517 2141 2549 Exsusci-

139 2555 316 2588 voluerunt
338 2555 504 2597 explicare
532 2567 627 2593 vere,
655 2558 789 2596 ordine,
812 2559 1000 2601 perspicue,
1028 2567 1115 2592 cate·
1166 2567 1273 2593 temus
1295 2570 1375 2599 nos,
1403 2566 1438 2592 ut
1471 2559 1757 2602 apprehendamus
1790 2560 2042 2601 promissionem
2066 2560 2140 2597 fide,

140 2599 270 2642 gerice,
292 2601 466 2637 assertive,
490 2599 656 2641 ὀριστικιιῖς,
677 2607 922 2641 asseveranter,
939 2602 1114 2635 definitive.
1167 2611 1199 2636 et
1223 2604 1398 2635 credamus
1420 2613 1483 2635 nos
1506 2603 1606 2644 recipi
1641 2609 1674 2634 01
1696 2604 1859 2641 exaudiri,
1894 2609 1926 2634 et
1948 2604 2139 2635 invocemus

140 2086 252 2118 cione:
287 2085 450 2127 Loquitur
479 2086 519 2117 de
548 2085 638 2127 Deo,
673 2088 715 2118 ‹le
743 2086 841 2126 Filio,
875 2094 908 2120 et
931 2090 972 2120 de
995 2089 1119 2130 Spiritu

139 2134 275 2161 sancto:
312 2127 400 2160 Dicit
429 2129 470 2159 de
498 2127 685 2171 colligenda
712 2129 882 2169 Ecclesia,
915 2138 947 2163 et
975 2132 1015 2163 de
1043 2142 1118 2173 pas-

139 2172 235 2203 sione
265 2176 297 2202 et
325 2172 568 2204 resurrectione
598 2171 738 2211 Christi,
772 2179 805 2204 et
834 2174 876 2205 de
904 2181 1043 2207 venturo
1071 2176 1117 2206 iu-

140 2214 237 2246 dicio.
283 2213 452 2253 Homines,
470 2215 523 2255 qui
546 2213 662 2246 volunt
685 2221 774 2247 recte
797 2216 930 2255 docere,
955 2224 1118 2259 quaerunt

140 2266 286 2288 summas
320 2267 437 2288 rerum.
496 2257 543 2288 lta
570 2257 742 2298 Apostoli,
777 2264 941 2300 tamquam
971 2261 1116 2292 artifices

139 2299 172 2330 in
195 2309 258 2331 suo
281 2310 414 2342 genere,
437 2300 532 2331 etiam
556 2301 723 2341 sapienter
745 2302 949 2333 tradiderunt
971 2312 1116 2335 summas

138 2352 258 2375 rerum.

226 2385 301 2416 Non
329 2391 405 2416 sunt
433 2384 566 2416 fanatici
590 2395 780 2424 sermones,
809 2392 865 2418 aut
888 2386 1117 2428 phantasticae
