2324 2958
150 162 215 196 833

186 266 359 287 lsslonum.

153 267 352 340 {ccipiamur
381 303 516 338 propter
544 295 678 332 Filium;
711 296 786 337 quia
815 297 924 327 statim
951 297 983 328 in
1013 306 1126 337 preca-

154 342 242 372 tione
265 340 393 382 obrepit
415 340 513 371 nobis
536 338 601 370 hoc
623 344 868 381 argumentum:

282 399 369 428 Deus
385 402 571 438 peccatores
593 408 654 427 non
677 397 827 427 eoeaudit:

287 441 331 471 Tu
354 451 386 470 es
402 445 572 480 peccator:

284 483 372 523 Eryo
395 494 457 513 non
479 483 653 513 exaudiris.

241 541 369 573 Sino-uli
391 552 455 574 nos
478 543 528 574 sic
552 542 746 584 cogitamus
791 540 848 572 Sic
866 541 1052 582 cogitarunt
1065 540 1130 571 He-

155 584 235 623 lias,
257 568 444 620 Hel’isaeus,
468 595 502 616 et
524 585 655 626 quidem
678 585 795 625 magis,
819 593 915 624 quam
938 592 1015 614 nos:
1046 582 1132 617 Quia

155 626 213 665 illi,
237 638 303 668 quo
326 628 543 668 sapientiores
567 626 710 664 fuerunt,
729 637 768 657 eo
791 627 898 668 magis
923 631 1130 668 agnoverunt

155 670 275 701 sordes
298 679 391 701 suas.
436 670 507 701 Nos
530 679 596 700 non
627 670 672 700 ita
700 669 848 700 videmus
876 668 1132 710 magnitudinem

156 718 371 753 peccatorum
394 718 594 744 nostrorum.

179 891 289 942 Quid
321 906 418 946 ergo
451 900 512 933 est
544 892 871 946 respondendum
903 891 957 931 ad
988 903 1107 944 argu-
1155 879 1160 938 l

540 975 722 1008 mentum
734 969 753 1007 ἱ)

244 1058 458 1100 Respondeo.
503 1057 681 1100 Distinguo
704 1056 876 1089 Maiorem.
933 1055 1133 1089 Peccatores,

158 1099 298 1139 scilicet,
323 1112 383 1131 non
403 1105 528 1140 agentes
547 1102 780 1140 poenitentiam,
799 1099 886 1129 Deus
907 1108 968 1127 non
990 1098 1132 1127 exaudit.

158 1143 298 1176 Exaudit
318 1150 427 1175 autem
446 1149 584 1186 agentes
603 1143 852 1184 poenitentiam:
871 1141 948 1182 quia
970 1140 1046 1169 Vivo
1065 1150 1133 1179 eqo,

157 1187 237 1216 dicit
260 1186 426 1220 Dominus,
455 1186 527 1215 nolo
555 1189 680 1215 mortem
697 1185 893 1224 peccatoris,
927 1182 983 1211 sed
1006 1186 1039 1212 ut
1063 1192 1133 1212 con-

155 1233 307 1262 vertatur,
347 1233 376 1258 ec
413 1230 506 1257 vivae.
575 1227 649 1258 Huc
682 1228 823 1268 pertinet
854 1226 1020 1263 doctrina,
1054 1225 1133 1266 quid

156 1273 199 1302 sit
221 1271 437 1312 poenitentia,
467 1270 544 1312 quid
572 1270 773 1301 iustificatiO.
818 1268 924 1304 Quam
949 1267 1133 1299 doctrinam

155 1312 277 1356 singuli
295 1314 345 1345 sic
361 1323 464 1344 nosse
481 1313 614 1351 debent,
633 1319 668 1344 ut
686 1313 837 1343 novimus
855 1311 975 1352 digitos
987 1316 1132 1342 nostros.

242 1356 472 1397 Adiungamus
499 1361 609 1387 autem
640 1354 805 1395 exempla,
835 1363 918 1394 quae
942 1353 1132 1393 ostendunt,

156 1399 246 1440 quod
269 1398 424 1430 exaudiat
452 1397 548 1429 Deus
577 1404 773 1438 peccatores
800 1401 939 1438 agentes
961 1396 1132 1436 poeniten-

158 1443 247 1479 tiam,
267 1447 301 1473 ut
326 1439 524 1481 publicanus
549 1438 671 1471 fatetur
695 1449 732 1470 se
756 1448 832 1470 esse
855 1444 1078 1478 peccatorem,
1101 1443 1133 1468 et

156 1490 264 1515 tamen
289 1482 423 1515 clamat:
448 1482 614 1521 Propitius
631 1486 697 1511 esto
716 1481 790 1510 mihi
803 1481 976 1520 peccatori.
1023 1479 1132 1511 David

155 1527 277 1568 inquit:
311 1525 384 1556 Non
413 1525 630 1564 iustificabitur
652 1527 683 1554 in
707 1527 874 1562 conspectu
895 1526 949 1552 tuo
973 1524 1069 1552 omnis
1091 1524 1132 1551 vi-

156 1578 243 1603 vens3
267 1574 299 1599 et
322 1574 430 1599 tamen
459 1566 595 1599 clamat:
618 1567 667 1597 Ne
689 1567 880 1605 ingrediaris
901 1575 1012 1594 mecum
1035 1567 1067 1594 in
1089 1567 1132 1594 iu-

155 1610 281 1640 dicium.
327 1609 449 1641 Daniel
470 1611 590 1650 inquit:
615 1610 685 1639 Non
709 1611 741 1638 in
765 1610 887 1638 iustitia
910 1612 1017 1637 nostra
1042 1608 1131 1646 effim-

156 1653 257 1683 dimus
274 1663 386 1693 preces
408 1655 546 1681 nostras:
578 1652 634 1681 sed
657 1652 775 1681 exaudi
797 1662 854 1681 nos
870 1654 1005 1690 propter
1023 1650 1132 1679 Domi-

155 1706 232 1725 num.
278 1694 371 1726 Talia
402 1693 553 1735 exempla
581 1693 749 1726 illustrant
777 1695 1028 1734 promissionem
1058 1703 1132 1735 gra-

157 1738 238 1774 tiae3
271 1738 379 1779 quod,
409 1747 605 1779 quamquam
635 1747 749 1768 sumus
779 1737 889 1767 miseri
919 1741 1132 1777 peccatores,

157 1787 265 1811 tamen
288 1786 424 1820 propter
445 1779 662 1811 Mediatorem
686 1780 897 1820 recipiamur,
920 1785 954 1810 et
977 1779 1132 1810 exaudia-

157 1833 239 1853 mur.
295 1821 386 1853 Haec
419 1822 519 1863 igitur
550 1822 725 1864 promissio
759 1822 848 1852 initio
882 1831 1013 1861 semper
1043 1821 1131 1863 cogi-

157 1865 258 1896 tanda
278 1871 339 1902 est,
352 1870 383 1895 et
401 1864 631 1905 coniungenda
646 1865 846 1906 poenitentia
865 1873 925 1895 seu
944 1867 1129 1895 conversio.

244 1906 366 1938 Postea
395 1912 470 1938 sunt
499 1908 595 1938 etiam
623 1908 863 1948 promissiones
892 1907 932 1938 de
964 1906 1131 1937 beneficiis

157 1948 400 1990 corporalibus:
433 1956 485 1986 ut,
518 1948 628 1979 Bonus
653 1954 698 1980 est
720 1950 872 1980 Dominus
894 1953 923 1979 et
942 1952 1080 1988 patiens,
1103 1953 1132 1979 et

156 2002 242 2032 quem
271 1994 411 2031 poenitet
444 1991 532 2026 mali,
566 1991 693 2024 scilicet
726 2003 870 2034 poenae,
903 1994 997 2034 quasi
1029 1993 1131 2024 dicat:

157 2035 308 2066 Poenitet
331 2034 456 2072 Deum,
481 2035 569 2075 quod
593 2035 706 2067 durius
731 2037 860 2077 puniat,
889 2036 922 2066 id
945 2042 1013 2073 est,
1037 2035 1130 2066 Deus

157 2078 283 2119 mitigat
308 2087 446 2117 poenas.
491 2076 614 2108 Paulus
638 2088 798 2119 expresse
820 2079 913 2110 dicit:
944 2078 1055 2107 Pietas
1075 2078 1130 2107 lia-

157 2120 206 2150 bel
224 2122 447 2159 promissiones
460 2122 638 2158 praesentis
659 2125 689 2150 et
707 2122 834 2158 suturae
855 2122 946 2150 vitae.
993 2120 1035 2152 Et
1053 2131 1130 2152 cau-

157 2172 232 2201 sae,
265 2173 324 2194 cur
346 2163 484 2194 traditae
507 2169 583 2194 sunt
606 2164 843 2204 promissiones
867 2164 908 2195 de
929 2164 1031 2195 rebus
1056 2175 1129 2196 cor-

157 2203 342 2247 poralibus,
365 2205 443 2236 alibi
466 2215 567 2245 saepe
585 2213 660 2237 sunt
684 2207 863 2247 expositae.

244 2247 359 2280 Moses
384 2248 476 2279 dicit:
501 2248 587 2282 Quae
605 2253 651 2278 ese
672 2259 756 2287 (lens,
779 2259 858 2289 quae
874 2247 985 2278 habeat
997 2251 1130 2288 promis-

158 2292 260 2319 siones
282 2290 371 2325 tales,
394 2293 475 2320 sicut
497 2290 548 2320 lu'c
566 2291 713 2330 populns.
759 2291 843 2323 Sunt
865 2297 974 2323 autem
992 2293 1130 2333 promis-

158 2333 270 2364 siones
292 2332 357 2365 hoc
379 2334 568 2364 discrimine
590 2335 687 2365 nobis
706 2335 906 2375 propositae.
947 2333 1039 2366 Deus
1059 2346 1130 2377 gra-

159 2376 235 2406 tiam
259 2386 352 2407 suam
375 2377 531 2417 promittit
557 2377 628 2408 sine
653 2377 852 2414 conditione,
865 2376 919 2408 vel
938 2380 1130 2420 exceptione

159 2419 308 2449 omnibus
330 2419 371 2450 ad
395 2419 502 2460 ipsum
525 2420 710 2451 conversis.
755 2420 822 2451 Sed
842 2420 927 2451 bona
945 2420 1130 2461 corporalia

159 2461 306 2501 promisit
331 2471 405 2492 cum
429 2463 623 2503 exctptione
647 2463 757 2493 crucis
780 2469 812 2493 et
833 2464 1074 2505 castigationis:
1098 2471 1130 2497 et

158 2512 200 2534 ne
222 2505 488 2544 praescribamus
513 2504 586 2535 Deo
610 2505 740 2536 modum
765 2511 797 2536 ct
820 2512 958 2547 tempus.

245 2545 382 2578 Frustra
415 2554 524 2578 autem
560 2547 698 2578 traditae
730 2554 845 2579 essent
878 2549 1129 2590 promissiones,

160 2587 221 2618 nisi
255 2589 485 2630 acciperentur
516 2589 597 2625 fide3
630 2590 716 2621 sicut
745 2589 971 2623 Iurisconsulti
1001 2593 1129 2624 dicunt:

311 2647 497 2669 MELANTHON.
514 2649 593 2668 ortu.
609 2649 670 2668 VOL.
687 2648 770 2669 xxvi.

831 158 1049 192 Pos'rlLLA
1075 158 1472 192 MELANTHONIANA.

2089 160 2153 193 834

414 254 541 293 Prima,
575 259 627 285 est
655 253 832 294 promissio
860 255 1005 296 gratiae,
1039 253 1127 294 quod
1178 250 1281 280 Invito
1304 252 1386 290 eripi
1403 255 1521 289 potest,
1539 254 1594 282 secl
1617 254 1714 283 invito
1733 263 1793 283 non
1812 257 1917 293 potest
1943 254 2064 283 donari.
2105 254 2154 285 lta

1179 293 1355 335 promissio
1379 294 1489 324 divina
1512 301 1563 326 est
1586 296 1693 327 otiosa
1717 302 1749 327 et
1771 297 1878 327 inanis
1906 295 1969 334 illi,
1998 297 2051 338 qui
2081 306 2154 328 eam

1179 346 1246 367 non
1268 336 1424 376 adspicit,
1449 346 1515 367 uon
1537 337 1694 376 admittit,
1717 348 1785 369 non
1806 339 1928 379 accipit
1950 339 2024 370 tide.

1267 378 1393 412 Quarta
1426 378 1524 419 igitur
1557 381 1739 411 admonitio
1772 387 1821 412 est
1855 381 1896 411 de
1930 381 2004 412 fide.

1181 426 1313 461 oportet
1344 422 1526 461 praecipue
1554 420 1668 453 lucere
1696 423 1730 452 in
1760 424 1960 463 precatione.

1180 461 1282 501 illam,
1303 472 1388 504 quae
1406 463 1526 504 accipit
1544 465 1770 496 remissionem
1789 472 2014 506 peccatorum:
2039 472 2156 507 postea

1180 506 1213 536 in
1237 507 1360 546 specie,
1378 505 1467 546 quod
1484 507 1650 537 invocatio
1668 513 1783 538 nostra
1802 517 1867 538 non
1888 509 1930 538 sit
1948 508 2048 539 irrita.
2088 508 2156 540 Sed

1181 547 1236 578 bic
1264 557 1382 579 rursus
1412 548 1588 579 discrimen
1619 549 1830 590 cogitandum
1861 556 1921 581 est.
1977 549 2029 581 De
2061 552 2156 582 bonis

2061 381 2155 413 Hanc

2013 422 2155 455 Primum

1154 616 1156 625 ,
1182 589 1408 631 spiritualibus
1440 591 1640 622 credendum
1672 597 1739 629 est,
1775 590 1859 622 velle
1892 591 1998 623 Deum
2028 593 2093 634 peti
2124 599 2157 625 et

1182 633 1287 673 accipi
1310 643 1330 664 a
1351 632 1448 664 nobis
1470 631 1528 664 illa
1550 634 1759 670 nominatim
1783 634 1858 675 quia
1877 635 2063 666 nominatim
2083 646 2158 676 pro·

1182 675 1286 706 missa
1308 681 1394 706 sunt.
1441 674 1541 706 Certo
1565 681 1712 708 statuere
1741 676 1860 714 debes,
1892 678 1980 718 quod
2011 679 2156 719 accipias

1156 743 1157 746 ,
1182 718 1411 749 remissionem
1439 724 1651 759 peccatorum
1679 719 1782 760 gratis
1811 726 1946 760 propter
1973 720 2158 758 Christum

1155 753 1158 806 1
1183 760 1259 801 quia
1281 759 1345 791 hoc
1365 760 1560 791 beneficium
1578 767 1628 792 est
1645 761 1834 792 nominatim
1852 763 2062 802 promissum.
2106 762 2159 795 De

1155 807 1159 832 t
1184 801 1413 843 corporalibus
1436 803 1589 834 addenda
1611 809 1663 834 est
1685 804 1843 835 conditio:
1872 804 1923 833 Sit
1946 807 1991 835 ita
2015 805 2072 834 tibi
2088 806 2158 845 pla-

1185 848 1248 874 cet:
1271 850 1307 876 ut
1329 844 1439 876 David
1462 846 1494 876 in
1517 844 1614 877 exilio
1637 847 1733 889 petit:
1758 846 1890 876 Domine
1907 847 1995 877 Deus
2013 850 2160 878 restituas

1185 897 1245 924 me;
1268 887 1365 925 item,
1387 887 1550 925 Defendar·
1571 898 1616 918 me
1639 893 1749 918 contra
1768 889 1863 928 filium
1885 890 2080 920 sech'tioswn:
2104 891 2159 920 sed

1159 947 1161 964 ;
1182 930 1254 967 fiat,
1277 930 1361 969 quod
1383 930 1491 960 bonnm
1519 935 1565 960 est
1587 933 1619 960 in
1644 931 1742 961 oculis
1764 933 1839 961 tuis:
1862 933 1894 963 id
1918 939 1981 972 est,
2004 940 2080 974 peto
2102 935 2159 965 ml·

1159 966 1161 992 ¹
1186 973 1396 1013 tigationem3
1431 978 1464 1004 et
1493 973 1543 1004 sic
1572 980 1665 1015 peto,
1700 980 1735 1006 ut
1762 974 1899 1006 offeram
1928 986 1980 1007 me
2010 977 2052 1007 ad
2083 977 2159 1008 obe—

1186 1014 1350 1045 dientiam.
1406 1014 1455 1046 Ita
1487 1026 1550 1046 nos
1586 1016 1744 1049 debemus
1777 1023 1891 1058 petere
1925 1019 2012 1050 bona
2042 1029 2159 1060 corpo-

1185 1056 1286 1095 ralia,
1309 1063 1341 1087 et
1365 1058 1520 1096 credere,
1548 1060 1637 1100 quod
1666 1059 1760 1091 Deus
1790 1069 1831 1091 ea
1852 1061 1988 1092 daturus
2012 1062 2072 1099 sit,
2100 1061 2160 1093 sed

1184 1109 1270 1137 non,
1293 1105 1329 1130 ut
1351 1109 1413 1130 nos
1437 1101 1631 1141 cogitamus.

1271 1141 1363 1173 Haec
1385 1142 1543 1174 discenda
1565 1151 1642 1175 sunt
1664 1144 1695 1175 in
1719 1145 1886 1176 exercitiis
1908 1145 1991 1177 fidei.
2044 1146 2091 1178 Ibi
2115 1147 2160 1178 di-

1185 1184 1327 1222 scimus,
1357 1185 1446 1226 quod
1475 1185 1559 1217 fides
1583 1187 1722 1227 primum
1746 1193 1837 1218 certo
1860 1188 1978 1219 debeat
1999 1194 2159 1227 statuere,

1184 1227 1273 1268 quod
1300 1228 1498 1268 recipiamur
1524 1235 1659 1270 propter
1688 1228 1803 1260 Filium
1833 1229 1897 1262 Dei
1928 1232 2041 1272 gratis.
2093 1231 2160 1263 Ista

1184 1270 1267 1300 fides
1291 1269 1483 1310 simpliciter
1506 1278 1558 1302 est
1581 1273 1771 1303 necessaria
1794 1272 1826 1303 iu
1850 1274 1937 1304 omni
1959 1275 2160 1315 precatione,

1185 1312 1282 1343 etiam
1305 1323 1379 1344 cum
1408 1313 1496 1344 bona
1518 1312 1704 1355 corporalia
1731 1315 1891 1355 petimus,
1921 1316 2008 1349 sicut
2035 1315 2159 1350 Paulus

1185 1355 1276 1386 dicit:
1301 1354 1463 1388 Quomodo
1486 1356 1685 1391 invocabant,
1709 1359 1771 1386 nisi
1792 1358 1936 1388 credens!

1271 1397 1395 1429 Postea
1418 1399 1587 1437 discimus,
1611 1406 1763 1440 oportere
1785 1410 1862 1432 esse
1885 1401 1981 1433 fidem
2005 1409 2036 1433 et
2054 1412 2160 1443 spem,

1185 1449 1271 1481 quae
1304 1441 1419 1472 statuit
1450 1441 1694 1473 invocationem
1726 1453 1795 1474 non
1829 1453 1906 1475 esse
1940 1445 2084 1483 irritam,
2116 1455 2159 1476 ne

1185 1483 1316 1523 quidem
1338 1483 1371 1513 in
1396 1484 1490 1514 bonis
1513 1484 1756 1525 corporalibus,
1774 1486 1806 1517 in
1830 1487 1948 1527 quibus
1971 1493 2079 1519 tamen
2103 1488 2158 1519 de-

1186 1526 1301 1557 bemus
1334 1525 1408 1557 Deo
1442 1526 1679 1564 obedientiam3
1712 1529 1788 1569 quia
1817 1527 1889 1560 vult
1915 1529 2098 1561 Ecclesiam
2126 1531 2159 1561 in

1184 1567 1248 1598 hac
1270 1569 1337 1599 vita
1359 1568 1542 1600 subiectam
1565 1579 1641 1601 esse
1664 1571 1772 1602 cruci:
1803 1571 1897 1609 item,
1925 1571 1996 1604 vult
2018 1583 2080 1604 nos
2105 1583 2158 1604 ca-

1185 1611 1309 1652 stigare
1332 1618 1467 1652 propter
1489 1618 1644 1653 peccata,
1673 1620 1709 1644 ut
1732 1614 1833 1655 inquit
1855 1614 2040 1647 Michaeas:
2074 1615 2159 1644 Iram

1184 1653 1314 1682 Domini
1333 1654 1488 1694 stortub03
1511 1656 1585 1694 qnia
1603 1658 1736 1694 peccat-i
1757 1658 1796 1687 ei.
1842 1656 1908 1688 Sed
1927 1663 2034 1689 tamen
2053 1657 2158 1690 addit:

1186 1695 1261 1726 Cum
1283 1697 1392 1726 sedero
1415 1698 1447 1726 in
1473 1697 1617 1732 tenebris,
1641 1698 1793 1728 Dominus
1814 1701 1875 1729 crit
1897 1699 1953 1729 lux
1974 1711 2048 1730 mea.

1270 1738 1511 1771 Universaliter
1541 1741 1640 1782 igitur
1669 1743 1815 1782 precatio
1845 1748 1895 1773 est
1924 1750 2011 1774 rata:
2043 1750 2074 1775 et
2104 1753 2159 1775 res

1185 1782 1315 1823 quidem
1345 1781 1534 1824 spirituales
1561 1793 1601 1814 ac
1629 1791 1783 1815 aeternas
1815 1785 1999 1817 certissime
2022 1787 2157 1827 accipit:

1184 1826 1216 1855 in
1240 1824 1471 1866 corporalibus
1495 1835 1576 1857 vero
1598 1826 1749 1868 impetrat
1772 1834 1828 1858 aut
1845 1826 2083 1867 liberationem,
2102 1834 2159 1860 aut

1184 1868 1427 1911 mitigationem.
1467 1867 1561 1900 Deus
1584 1868 1639 1900 dat
1662 1870 1750 1911 quod
1769 1872 1866 1910 petis,
1885 1878 1940 1902 aut
1959 1870 2046 1902 aliud
2067 1871 2158 1912 quid-

1185 1912 1277 1949 dam,
1301 1910 1390 1952 quod
1414 1921 1454 1942 eo
1478 1911 1634 1951 pertinet,
1656 1913 1782 1944 etiamsi
1806 1923 1872 1944 non
1895 1914 1939 1945 ita
1964 1914 2036 1953 dat,
2065 1921 2099 1946 ut
2123 1920 2158 1945 tu

1183 1955 1384 1996 imaginaris.

1269 1997 1305 2027 ln
1327 1996 1487 2039 Syracide
1517 2002 1569 2028 est
1596 1996 1817 2039 pulcherrima
1846 1999 2007 2029 sententia
2031 1999 2072 2030 de
2095 1998 2158 2030 fide

1184 2040 1400 2072 exuscitanda
1427 2040 1458 2070 in
1494 2040 1719 2072 invocatione:
1752 2040 1793 2079 μή
1824 2040 2050 2081 ὀλιγοψυχῆσεις
2072 2044 2101 2072 ἐν
2123 2042 2159 2082 τῇ

1183 2083 1328 2124 προςευχῇ
1351 2094 1420 2114 cau:
1452 2082 1486 2113 id
1509 2089 1577 2119 est,
1607 2083 1681 2114 Non
1702 2084 1746 2112 sis
1765 2083 1974 2122 pusillanimis
1996 2085 2028 2113 in
2047 2094 2158 2123 preca·

1184 2128 1267 2157 tione
1291 2129 1353 2156 tua.
1407 2123 1486 2156 Vult
1508 2136 1571 2157 nos
1596 2126 1697 2157 multa
1721 2132 1752 2156 et
1776 2136 1896 2167 magna
1919 2127 2079 2158 audenter
2101 2137 2156 2167 pe-

1184 2176 1254 2201 tere
1277 2179 1297 2200 a
1320 2168 1405 2207 Deo,
1428 2174 1460 2198 et
1482 2178 1548 2199 non
1572 2169 1753 2200 absterreri
1774 2169 1871 2200 tidem
1894 2174 2042 2199 nostram
2065 2170 2156 2200 dubi-

1184 2212 1373 2249 tationibus,
1397 2209 1588 2250 diffidentia,
1611 2212 1831 2253 magnitudIne
1854 2210 2087 2252 periculorum,
2109 2212 2155 2243 in-

1182 2255 1341 2297 dignitate
1363 2261 1489 2285 nostra.

1270 2297 1415 2328 Pertinet
1437 2303 1546 2329 autem
1574 2297 1615 2328 ad
1643 2297 1799 2327 exercitia
1828 2296 1902 2327 fidei
1924 2295 1989 2327 hoc
2012 2306 2154 2338 quoque,

1184 2351 1256 2371 cum
1279 2351 1346 2371 non
1368 2340 1479 2371 statim
1509 2341 1621 2377 datur,
1651 2339 1736 2380 quod
1761 2339 1918 2379 petimuS,
1945 2345 2155 2380 oppugnatur

1183 2382 1266 2414 fides
1290 2381 1345 2413 illa
1368 2393 1459 2414 mora
1478 2389 1509 2413 et
1533 2382 1751 2413 cunctatione.
1797 2381 1860 2413 Sed
1879 2391 2075 2422 quamquam
2095 2380 2154 2412 dif-

1182 2425 1286 2457 fertur
1308 2425 1470 2462 liberatio,
1493 2432 1602 2455 tamen
1626 2434 1690 2454 non
1715 2424 1810 2454 abiici
1833 2424 1929 2455 debet
1953 2434 2040 2465 spes.
2087 2424 2153 2456 lmo

1183 2469 1278 2500 etiam
1302 2467 1418 2509 regula
1440 2467 1581 2498 tenenda
1604 2473 1671 2497 est:
1704 2465 1838 2495 Etiamsi
1867 2466 1993 2496 occidat
2023 2478 2066 2495 me
2091 2467 2152 2496 Do-

1183 2512 1296 2544 minus,
1319 2515 1416 2540 tamen
1439 2509 1570 2548 sperabo
1593 2511 1624 2537 in
1647 2519 1719 2538 etun.

1270 2553 1391 2588 Quinta
1421 2552 1597 2583 admonitio
1626 2557 1677 2582 est
1700 2552 1741 2582 de
1763 2552 1844 2592 ipsis
1869 2552 1967 2582 rebus
1990 2551 2150 2592 petendis.

1185 2594 1244 2627 ula
1273 2596 1358 2627 enim
1389 2594 1528 2635 petenda
1555 2600 1650 2632 sunt,
1677 2604 1762 2635 quae
1791 2593 1882 2626 Deus
1911 2595 1997 2626 iubet
2023 2600 2150 2635 petere:

1741 2654 1773 2678 53
