2324 2958
36 194 100 227 717

36 287 79 320 Et
100 286 256 319 Horatius
279 286 379 328 inquit
403 285 445 317 de
468 284 625 316 curiosis:
839 324 841 326 Ι

123 349 382 379 Percontatm·em
409 345 528 385 fuyito,
560 352 634 374 uam
665 346 820 384 yart-ulus
847 344 930 376 idem
953 349 1010 376 est.

122 413 158 445 In
178 414 308 445 Graeco
326 419 377 444 est
394 412 548 452 πάροικος,
575 410 664 452 quod
682 410 847 452 significat
859 412 1011 444 vicinum.

38 457 118 489 Inde
159 462 211 488 est
248 460 407 497 παροικία,
451 456 482 485 id
521 460 594 491 est,
633 452 780 484 vicinalis
816 462 1010 486 conventus.

38 499 101 536 Qui
130 499 265 541 regebat
289 497 447 529 eiusmodi
478 502 673 533 conventus,
703 496 872 529 dicebatur
895 500 1012 529 Paroe-
1035 487 1039 549 Ι

224 541 345 572 Postea
385 541 417 571 in
450 538 635 570 Ecclesiam
667 539 799 570 invecta
834 546 910 571 sunt
947 539 1038 581 alia,

37 582 210 617 vocabula.
265 583 331 614 Pro
355 587 496 626 παροικίᾳ
525 582 675 612 dixerunt
705 580 883 612 Par-oehia:
915 581 1010 614 Unde
1035 583 1038 637 Ι

36 544 157 575 cianus.

36 633 88 659 est
109 626 338 658 Germanicum
368 623 567 656 vocabulum
589 625 681 664 Pfar.
727 623 805 656 ltcm
834 627 1009 657 Paroelmm

36 669 197 706 dixerunt,
226 671 320 700 einen
343 669 506 708 Pfarlter:
533 667 592 697 sed
616 666 780 697 Graecum
812 667 1008 699 vocabulum

34 711 178 753 πόροχος,
200 709 288 742 aliud
317 711 469 752 quiddam
502 709 674 750 significat.
721 710 777 740 Sic
802 711 885 741 enim
910 712 1010 742 nomi-

34 754 160 785 nabant
182 763 316 794 promos
339 758 370 784 et
390 753 514 783 contlos
538 753 570 782 in
594 753 729 792 nuptiis:
766 752 843 784 ltem
867 764 1010 785 oecono-

34 804 108 826 mos
132 797 163 826 in
188 795 286 833 villis,
308 806 327 826 a
349 795 538 836 praebendo
563 802 594 826 et
618 793 813 826 exhibendo.
855 796 1009 827 Germani

34 843 157 868 vocant
179 840 272 868 einen
289 839 496 877 host'meister,
520 840 598 869 oder
621 842 690 869 roit.
732 838 770 868 Et
795 849 911 870 nomen
936 843 1008 877 coit,

35 885 88 911 est
109 889 130 911 a
151 880 272 914 miden,
306 878 360 909 vel
380 881 505 918 fm'den,
539 881 627 920 qnod
662 887 712 912 est
746 891 899 922 pascere:
923 882 1008 913 unde
1033 906 1037 920 ,

35 922 129 954 etiam
151 927 203 953 est
225 919 402 962 appellatio
427 919 527 952 feudi.

189 1083 309 1127 Unde
342 1093 403 1126 est
433 1101 583 1126 nomen
615 1085 841 1141 Cleophas‘?

118 1175 326 1208 Vocabulum
355 1175 541 1217 Cleophas,
577 1183 627 1207 est
660 1176 748 1208 haud
778 1178 874 1209 dubie
903 1177 1005 1210 Grae-

32 1228 122 1257 cum,
155 1229 176 1250 a
197 1219 379 1259 κλεόπατρος
412 1218 552 1256 factum,
587 1219 647 1250 sed
670 1219 863 1251 mutilatum:
895 1232 1005 1262 quam-

31 1271 129 1303 quam
153 1261 248 1292 etiam
270 1259 479 1303 Etytntdogia
502 1261 666 1293 Hebraica
691 1263 772 1293 tradi
796 1264 915 1304 possit:
945 1265 1005 1295 scd

30 1304 134 1334 simus
156 1304 300 1334 contenti
333 1303 542 1346 Etymologia
577 1304 718 1342 Graeca,
753 1305 944 1348 κλεόπατρος,
972 1308 1005 1339 id

31 1352 102 1384 est,
138 1355 179 1377 ex
212 1345 360 1387 glorioso
393 1353 505 1388 patre,
537 1346 591 1378 vel
626 1347 732 1389 gloria
765 1350 887 1389 patris,
922 1351 1006 1381 sicut

28 1387 166 1425 ὅπιπας,
190 1399 249 1429 pro
273 1389 459 1430 ἇιτίπατρος,
495 1390 526 1419 id
545 1396 613 1427 est,
651 1391 722 1421 vice
746 1392 858 1431 patris.
905 1392 1005 1423 Vetu—

30 1436 102 1462 stas
124 1440 184 1461 usa
207 1437 257 1461 est
291 1431 440 1462 honestis
475 1431 767 1473 appellationibus:
801 1433 926 1470 ἅντιπας
946 1433 1005 1466 fuit

29 1471 278 1504 Macedonicum
313 1485 447 1512 nomen,
481 1480 515 1505 ut
549 1481 578 1505 et
600 1475 744 1511 κλεᾰπαςε
774 1482 806 1507 et
840 1487 914 1508 cum
948 1476 1003 1509 illo

30 1515 166 1557 imperio
190 1523 375 1557 propagata
393 1523 470 1548 sunt
493 1517 535 1548 ad
552 1515 633 1548 alias
652 1524 780 1559 gentes.
814 1519 886 1550 Non
901 1519 1005 1561 finga-

28 1557 72 1589 tis
100 1557 246 1589 insulsas
279 1565 312 1590 et
344 1560 559 1590 inconcinnas
594 1559 829 1602 etyinologias3
862 1568 1004 1594 ut.cum

27 1598 127 1641 aliqui
151 1600 261 1631 dicunt
290 1603 563 1640 Bartholomaeus,
595 1603 627 1633 id
651 1609 712 1641 est,
741 1603 842 1635 Filius
865 1614 1004 1647 suspen-

29 1642 138 1673 dentis
167 1652 302 1683 aquam,
337 1654 357 1674 a
379 1645 498 1675 munim
532 1652 565 1676 et
588 1648 676 1677 tola:
710 1647 769 1677 sed
803 1652 854 1679 est
882 1658 901 1678 a
924 1648 1003 1688 Bar,

28 1684 61 1716 id
84 1691 146 1723 est,
168 1686 276 1726 Filius,
298 1692 329 1717 et
352 1687 558 1719 Ptolomaeus.

272 1816 430 1857 Utilitas
461 1818 757 1872 colloquiorum.

115 1905 287 1948 Colloquia
300 1908 501 1939 exsuscitant
522 1916 718 1950 quaerentes
732 1909 866 1952 aliquid.
903 1914 1003 1944 Einer

25 1949 93 1989 yibt
114 1950 176 1981 den
199 1952 321 1981 andern
346 1951 555 1982 occasionem
577 1963 616 1983 zu
637 1954 844 1994 clztspncieren.
878 1954 1003 1987 Multae

29 1998 106 2023 sunt
135 1992 485 2030 commonet'actioneS,
515 2004 596 2035 quas
628 2005 729 2038 saepe
763 1997 859 2028 etiam
881 2009 1003 2040 sugge-

28 2041 105 2066 runt
137 2035 308 2066 ineruditi:
349 2037 499 2067 Amanda
539 2037 636 2078 igitur
668 2045 720 2069 est
756 2038 935 2072 collocutio
970 2047 1001 2072 et

30 2077 179 2109 doctrina
201 2079 351 2116 candida,
374 2089 440 2110 non
463 2079 632 2111 insidiosa.
687 2081 839 2114 Christus
873 2085 1002 2115 accedit

28 2119 72 2150 ad
84 2121 166 2152 istos
179 2120 370 2163 discipulos,
394 2122 524 2163 quando
537 2121 769 2164 colloquuntur
789 2126 829 2157 de
841 2126 1002 2166 doctrina,

29 2164 90 2195 das
111 2165 196 2196 heis-c
215 2166 396 2217 esurientes
420 2163 563 2206 implevit
587 2166 692 2198 bonis.

30 2328 275 2370 Adhortatio
306 2331 358 2371 ad
393 2331 610 2385 legendum
649 2338 692 2372 et:
722 2333 999 2375 meditandum

370 2408 540 2448 verbum
572 2408 659 2448 Dei.

116 2495 216 2529 Filius
238 2497 301 2529 Dei
334 2499 383 2529 sic
414 2498 526 2536 adest,
560 2509 633 2530 cum
663 2499 835 2538 discimus,
868 2501 1000 2533 medita-

0 2534 1 2541 *
31 2549 120 2577 mur,
153 2545 186 2571 et
214 2541 397 2583 cogitamus
426 2542 562 2572 verbum
585 2539 664 2578 Dei;
695 2542 770 2574 ideo
799 2543 900 2574 simus
931 2543 998 2575 dili-

56 2587 148 2613 entes
166 2583 198 2613 in
216 2581 371 2625 legendo,
395 2584 583 2625 cogitando,
606 2590 637 2614 et
651 2586 884 2625 perpendendo
897 2588 1000 2618 verbo

65 2624 106 2656 ei·
149 2623 241 2657 Multi
263 2627 308 2658 ita
330 2632 408 2657 sunt
430 2627 563 2660 barbari
586 2633 618 2658 et
641 2627 858 2670 negligenteS,
880 2635 916 2661 ut
937 2639 1000 2661 nec

720 192 935 226 POSTILLA
958 191 1350 224 MELANTHONIANA.

1971 196 2033 229 718

1064 289 1170 314 textus
1182 283 1361 316 Bibliorum
1379 284 1501 326 legant.
1548 286 1656 328 Saepe
1672 289 1765 319 vobis
1784 289 1860 327 dixi,
1885 294 1919 321 ut
1937 300 2032 321 mane

1063 329 1094 354 et
1117 328 1247 365 xesperi
1278 334 1376 368 caput
1406 339 1504 359 unum
1544 335 1642 370 atque
1682 330 1820 363 alterum
1850 332 1881 362 in
1916 331 2033 364 Bibliis

1063 365 1193 407 legatis
1239 368 1333 400 Hunc
1364 369 1522 401 honorem
1547 371 1620 402 Deo
1651 379 1820 412 praestare
1850 374 2031 406 debebatis.

1063 408 1203 447 Nescio,
1229 408 1335 450 qualis
1359 412 1441 441 haec
1465 414 1505 443 sit
1529 420 1638 444 aetas:
1668 414 1744 446 mihi
1768 426 1870 456 puero
1893 415 1952 447 fuit
1975 427 2033 448 no-

1064 458 1116 481 tus
1146 458 1254 482 textus
1283 452 1482 489 Bibliorum,
1514 461 1544 484 et
1575 457 1701 487 avidius
1732 456 1900 499 legebam,
1935 469 2032 499 quam

1064 504 1149 524 nunc
1174 495 1207 525 fit
1229 505 1249 525 a
1272 495 1398 535 pueris:
1428 506 1512 536 quac
1542 494 1599 526 suit
1623 505 1714 529 aetas
1738 501 1842 540 inagis
1867 501 2031 533 studiosa:

1063 536 1125 566 iam
1149 535 1228 567 nihil
1250 544 1383 578 putatur
1406 536 1588 579 pulchrum,
1612 540 1673 569 nisi
1697 541 1737 570 sit
1761 542 1894 573 efferum
1917 549 1949 573 et
1968 543 2033 585 Cy-

1064 577 1240 619 clopicum:
1269 586 1301 611 et
1325 581 1509 611 nominatur
1531 587 1640 612 tamen
1670 580 1752 613 haec
1781 582 1919 615 libertas
1943 584 2034 617 Chri-

1062 621 1191 656 suanm
1219 623 1318 664 igitur
1347 633 1412 654 non
1447 624 1609 664 cogitate,
1644 625 1731 665 quod
1756 624 1899 666 Spiritus
1934 627 1976 657 sit
2002 628 2033 659 in

1062 664 1157 694 vobis
1181 663 1299 696 efficax
1326 667 1396 697 sine
1424 665 1576 697 lectione.
1622 666 1714 698 Deus
1742 677 1807 698 non
1837 674 1887 698 est
1914 667 2033 701 efficax

1061 706 1093 736 in
1116 705 1248 740 homine
1271 708 1460 750 negligente
1483 707 1668 746 lectionem,
1690 710 1899 748 auditionem,
1922 717 1954 741 et
1977 722 2033 743 vo-

1063 758 1133 779 cem
1157 750 1336 782 doctrinae.
1375 750 1545 791 Sapientia
1564 753 1737 782 amen-ertit
1754 756 1934 792 erpetentr‘s
1952 764 2032 793 eam,

1060 791 1092 821 id
1116 798 1178 829 est,
1202 794 1404 833 sapientiam.
1450 793 1547 825 Item:
1584 794 1687 825 Dabit
1711 796 1868 835 Spiritum
1890 800 2034 827 sanctum

1058 835 1245 873 petentibus.
1285 835 1380 867 ltem:
1404 837 1458 867 Ad
1480 837 1577 877 Ieyem
1594 841 1623 867 el
1647 838 1865 868 testimom'tmt.
1906 836 2033 870 Primus

1061 875 1215 908 Psalmus
1239 884 1271 909 et
1293 884 1363 909 tota
1386 880 1552 919 Scriptura
1577 878 1673 920 plena
1696 886 1746 911 est
1777 879 1888 912 talium
1913 881 2033 912 adhor-

1061 919 1231 950 tationum.
1264 923 1302 952 In
1324 922 1390 962 Ieye
1409 921 1534 953 Christi
1553 923 1701 953 voluntas
1724 924 1800 954 cius.
1835 923 1902 954 Sed
1926 933 2034 955 suma—

1059 970 1132 992 mus
1163 961 1284 993 dictum
1308 963 1420 995 Pauli:
1454 964 1568 996 Serum
1591 965 1715 996 (Vn-isti
1737 965 1858 996 habitet
1886 967 1919 996 in
1945 967 2034 998 vobis

1059 1003 1263 1035 abundanter
1291 1007 1323 1036 ιή
1346 1008 1431 1038 omni
1453 1008 1631 1048 sapientia:
1659 1012 1688 1038 et
1712 1009 1822 1040 docete
1849 1012 1879 1039 et
1907 1010 2034 1050 arguite

1057 1055 1116 1077 vos
1138 1051 1254 1078 mutuo.

1144 1089 1217 1121 Hoc
1240 1091 1327 1121 dicto
1350 1090 1502 1124 volumus
1527 1102 1605 1123 esse
1628 1094 1782 1125 contenti.
1821 1093 1964 1125 Primum
1987 1094 2033 1126 di-

1059 1131 1119 1161 cit:
1154 1133 1267 1163 sermo
1290 1134 1436 1172 Christi-1
1461 1136 1555 1176 quasi
1579 1136 1682 1173 dieat,
1711 1135 1767 1168 ille
1790 1146 1901 1167 sermo
1926 1137 2032 1168 disca-

1058 1179 1121 1211 tur,
1144 1175 1198 1215 qui
1222 1181 1273 1206 est
1295 1177 1451 1208 divinitus
1474 1179 1630 1215 traditus,
1654 1189 1750 1220 quem
1772 1178 1875 1210 Filius
1898 1178 2032 1220 protulit

1058 1226 1098 1247 ex
1128 1217 1202 1249 sinu
1230 1221 1354 1250 aeterni
1380 1220 1498 1251 Patris.
1545 1220 1648 1252 Totus
1678 1221 1891 1262 propheticus
1921 1232 2031 1254 sermo

1058 1266 1126 1297 est,
1155 1270 1252 1301 quem
1275 1261 1376 1293 Filius
1405 1262 1540 1303 protulit
1569 1273 1610 1294 ex
1639 1264 1715 1296 sinu
1744 1265 1870 1302 Patris,
1900 1269 1932 1295 et
1960 1265 2032 1305 ipse

1058 1301 1160 1334 Filius
1183 1301 1314 1335 locutus
1337 1311 1387 1336 est
1408 1306 1440 1336 in
1463 1302 1644 1347 prophetis.
1682 1307 1804 1338 Postea
1827 1307 1918 1338 dicit:
1942 1307 2030 1339 habi-

1058 1348 1101 1375 tet
1123 1346 1156 1376 in
1178 1346 1282 1378 robis:
1313 1349 1390 1389 quid
1414 1354 1482 1386 est,
1511 1358 1588 1380 esse
1611 1349 1894 1380 cohabitatorem?
1928 1348 2031 1382 Cuius

1058 1388 1104 1418 rei
1134 1394 1186 1419 est
1215 1390 1412 1423 antithesis?
1452 1391 1637 1433 Peregrini:
1672 1392 1788 1423 Sermo
1813 1392 1937 1424 Christi
1964 1403 2030 1424 non

1057 1430 1099 1460 sit
1132 1432 1326 1472 peregrinus
1360 1433 1496 1474 hospes.
1541 1437 1574 1466 ln
1603 1434 1721 1465 Plauto
1752 1435 1882 1466 dicitur:
1926 1435 2031 1467 Homo

1056 1473 1176 1504 Ιιοιηίηι·
1196 1475 1322 1515 iynotzm
1344 1477 1438 1516 lupus
1461 1480 1526 1507 est:
1553 1482 1586 1508 et
1609 1477 1654 1509 ita
1677 1476 1712 1508 fit
1735 1478 1767 1508 in
1790 1478 1915 1509 nostris
1937 1476 2031 1510 hisce

1057 1517 1266 1557 regionibus:
1300 1518 1334 1549 ln
1358 1518 1430 1551 aliis
1453 1517 1537 1550 locis
1566 1529 1632 1550 non
1663 1525 1714 1550 est
1738 1520 1826 1551 item.
1870 1520 2029 1552 Homines

1057 1559 1174 1590 sedent
1195 1561 1227 1590 in
1251 1562 1425 1593 conviviis:
1449 1572 1515 1593 non
1538 1560 1732 1603 loquuntur,
1757 1563 1853 1593 etiam
1876 1573 1950 1594 cum
1973 1563 2029 1595 da-

1056 1608 1108 1632 tur
1138 1604 1271 1634 occasio
1295 1602 1466 1646 colloquii:
1493 1610 1617 1636 tantum
1646 1605 1762 1636 intenti
1789 1611 1865 1637 sunt
1887 1606 1920 1637 in
1943 1616 2046 1644 eum,-

1056 1645 1110 1686 qui
1123 1643 1280 1687 loquitur,
1296 1652 1327 1676 et
1342 1653 1505 1688 tamquam
1525 1648 1736 1678 insidiatores
1753 1649 2028 1687 animadvertunt,

1055 1698 1097 1717 an
1121 1689 1251 1727 possint
1273 1687 1396 1730 aliquid
1419 1690 1582 1730 arripere,
1612 1691 1701 1731 quod
1730 1696 1848 1731 postea
1874 1690 1960 1723 male
1982 1691 2029 1722 in-

1055 1732 1264 1771 terpretando
1289 1733 1479 1773 depravent.
1524 1733 1632 1773 Saepe
1654 1733 1721 1764 hoc
1744 1734 1857 1771 video,
1881 1744 1955 1765 eum
1978 1743 2030 1765 se-

1056 1773 1117 1803 deo
1152 1775 1235 1804 inter
1269 1776 1483 1816 peregrinos,
1519 1781 1553 1806 ut
1587 1782 1619 1806 et
1653 1786 1758 1816 nuper
1790 1776 1866 1806 mihi
1897 1776 2027 1807 accidit.

1055 1814 1167 1857 Aliqui
1190 1822 1304 1857 putant
1326 1827 1403 1849 esse
1426 1818 1630 1857 sapientiam.
1663 1818 1723 1849 Est
1742 1817 1974 1858 inltnmanitaS,
1997 1826 2029 1851 et

1056 1859 1238 1890 barbaries.
1276 1859 1336 1891 Est.
1358 1859 1434 1898 hoc,
1459 1861 1547 1901 quod
1567 1860 1705 1892 Plautus
1730 1862 1823 1892 dicit:
1848 1861 1951 1892 Homo
1973 1861 2027 1893 ho-

1055 1902 1133 1931 mini
1152 1903 1246 1942 lupus
1269 1907 1331 1940 est,
1362 1913 1429 1934 cnm
1452 1905 1578 1943 iynottts
1601 1908 1656 1934 est.
1701 1905 1807 1944 Saepe.
1829 1908 1939 1935 tacens
1961 1905 2031 1935 odii

1054 1945 1175 1975 semina
1192 1946 1297 1977 cultim
1314 1945 1414 1977 Izalwt.
1449 1945 1509 1976 Est
1527 1944 1780 1986 pulcherrimum
1802 1947 1923 1978 dictum
1941 1948 2028 1988 apud

1056 1986 1308 2028 Xenophontem
1333 1989 1364 2019 in
1384 1989 1560 2020 conviviis:
1587 1990 1714 2020 Amatis¹
1734 1990 1897 2027 convivia,
1920 1996 2027 2021 amate

1056 2030 1151 2060 etiam
1175 2032 1357 2071 sapientum
1382 2030 1551 2073 eleganter
1574 2032 1660 2063 dicta
1685 2032 1726 2063 tle
1750 2033 1921 2064 conviviis.
1966 2033 2027 2064 So-

1055 2079 1164 2103 crates
1194 2074 1225 2104 in
1249 2073 1425 2115 Symposio
1453 2073 1683 2115 Xenophontis
1714 2075 1790 2105 «licit
1817 2074 1929 2106 alicui:
1963 2075 2027 2107 Dic

1054 2115 1144 2146 mihi:
1170 2117 1246 2157 quid
1269 2122 1321 2147 est
1343 2121 1494 2157 παροινία,
1518 2117 1550 2148 id
1574 2124 1636 2151 est,
1658 2118 1726 2148 sicli
1749 2118 1837 2148 nicht
1853 2119 1944 2150 recht
1960 2119 2026 2150 1ιαί-

1053 2163 1106 2189 !en
1129 2159 1160 2189 in
1185 2160 1360 2192 convivio?
1393 2159 1586 2200 Respondet
1609 2159 1670 2190 illi:
1704 2162 1786 2197 Quid
1806 2164 1851 2191 sit
1869 2170 1932 2191 non
1951 2171 2025 2201 pos·

1053 2211 1123 2232 sum
1146 2203 1262 2241 (licere,
1284 2204 1344 2234 sed
1364 2204 1442 2242 quid
1462 2204 1542 2234 mihi
1563 2204 1715 2242 rideatur,
1739 2203 1849 2233 (lt'cam.
1887 2202 1959 2234 Hoc
1982 2203 2025 2234 ci-

1055 2243 1162 2276 viliter
1181 2251 1230 2276 est
1250 2245 1386 2276 dictum:
1411 2246 1485 2286 quia
1510 2256 1611 2286 saepe
1629 2244 1749 2286 aliquid
1768 2244 1866 2276 alicui
1885 2246 2025 2283 videtur,

1053 2287 1142 2328 quod
1165 2293 1274 2319 tamen
1297 2298 1363 2319 non
1387 2295 1447 2319 est.
1493 2287 1612 2319 Postea
1635 2288 1736 2328 inquit
1760 2288 1935 2319 Socrates:
1965 2288 2024 2319 Di-

1053 2339 1108 2361 cas
1130 2330 1236 2369 tffltur,
1259 2333 1336 2371 quid
1357 2333 1481 2362 τιθείην
1504 2332 1583 2362 tibi?
1622 2330 1759 2361 Subiicit
1784 2328 1854 2361 ille:
1881 2332 1941 2362 Est
1960 2340 2024 2363 mo-

1052 2374 1145 2404 lestia
1169 2375 1302 2413 assic-ere
1324 2377 1487 2405 concitus:
1515 2376 1614 2403 λυπεῖν
1636 2372 1700 2408 τοῦς
1722 2373 1884 2410 συμπότας.
1931 2371 2024 2404 Talia

1054 2416 1207 2447 convivia
1222 2415 1348 2447 confert
1369 2417 1530 2447 conviviis
1549 2414 1655 2456 vulpis
1674 2421 1706 2445 ct
1724 2415 1824 2456 gruis.
1859 2413 1918 2446 Est
1936 2416 2023 2457 apud

1053 2457 1240 2499 Aesopum:
1276 2470 1349 2490 cum
1378 2458 1495 2499 vulpes
1524 2468 1637 2499 gruem
1671 2458 1801 2495 invitat,
1836 2464 1868 2489 et
1900 2457 2023 2499 pultem

1053 2501 1182 2532 instruit
1210 2502 1241 2532 in
1271 2503 1351 2532 orbe
1380 2500 1490 2542 plano.
1538 2498 1662 2540 Vulpes
1691 2499 1803 2541 lingit,
1833 2511 1913 2543 grus
1942 2512 2023 2532 vero

1053 2554 1120 2575 non
1143 2550 1254 2585 potest
1276 2543 1540 2585 apprehendere:
1564 2542 1680 2573 deinde
1704 2552 1784 2584 grus
1807 2544 1922 2575 iterum
1943 2544 2022 2575 invi-

1054 2593 1099 2618 tat
1122 2586 1270 2628 vulpem,
1306 2593 1336 2617 et
1366 2585 1501 2626 apponit
1530 2586 1637 2617 cibum
1667 2586 1698 2616 in
1728 2583 1890 2626 profundo
1913 2592 1946 2617 et
1966 2596 2022 2617 an-

1054 2635 1152 2671 gusto
1177 2629 1351 2660 cantharo:
1383 2627 1501 2668 vulpes
1530 2637 1595 2658 non
1624 2634 1752 2669 poterat
1780 2629 1926 2661 inserere
1954 2628 2021 2662 col-
