2324 2958
98 202 161 235 197

102 295 320 354 Appendix
350 293 556 333 historica:
589 293 651 332 cui
684 292 933 331 occasionem
955 306 1071 345 prae-

103 376 191 417 buit
214 372 309 412 -dies
342 369 532 424 Sylvestri
571 369 782 423 asscriptus
823 367 1070 408 calendario.

187 461 358 494 Crastinus
393 460 463 491 dies
492 465 543 491 est
572 457 703 490 ultimus
727 458 796 489 dies
820 458 907 489 unni.
954 458 988 488 ln
1013 456 1072 488 Ca-

103 505 246 539 lendario
280 503 466 534 nominatur
494 503 564 533 dies
588 500 761 543 sylvestri.
803 500 884 536 Quis
918 499 977 531 fuit
999 498 1072 542 syl-

104 547 236 582 vester?
292 546 365 577 Fuit
397 545 584 586 Episcopus
610 544 796 581 Romanus,
839 544 881 574 (le
915 552 980 584 quo
1015 541 1072 573 ali·

102 591 178 634 quid
208 589 380 620 dicendum
415 594 467 619 est
499 593 635 628 propter
663 585 783 617 stultas
813 584 955 623 fabulas,
989 596 1072 627 quae

101 633 253 676 leguntur
272 632 303 662 in
335 630 407 662 lure
427 629 611 667 Canonico,
642 630 761 670 quibus
791 629 909 660 dicitur
933 629 973 659 de
997 627 1072 669 Syl—

100 681 223 713 vestro,
258 675 346 715 quod
381 674 597 713 baptizaverit
630 671 898 709 Constantinum,
930 677 962 701 et
985 671 1071 712 quod

100 723 275 761 propterea
298 717 439 747 donatus
463 716 504 745 sit
527 716 567 745 ab
592 724 632 745 eo
662 715 743 746 urbe
770 714 889 745 Roma:
922 721 953 744 et
978 714 1073 744 Occi-

101 761 224 798 dentis,
254 760 300 798 (id
330 765 400 796 est,
436 756 559 794 ltaliae,
580 756 727 792 Galliae,
762 756 958 797 Hispaniae,
992 756 1073 787 Ger-

101 803 238 840 maniae,
257 809 288 832 ct
301 800 436 833 aliarum
451 801 692 842 provinciarum
706 800 901 838 vicinarum)
925 799 1072 840 imperio.

186 843 276 876 Haec
295 843 406 875 fabula
424 850 513 874 extat
526 842 619 874 titulo
633 842 830 873 Donationis
850 842 1072 873 Constantini:

101 888 143 921 Et
172 887 272 919 habet
305 887 544 927 praescriptum
576 895 692 916 nomen
717 885 829 916 Palea.
879 885 931 915 Ac
959 890 1075 925 putant

101 931 221 964 indocti
256 929 374 961 Paleas
413 929 475 960 dici
517 929 769 960 constitutiones
813 928 940 958 inanes.
1007 927 1073 957 Sed

99 975 253 1006 aberrant
276 973 308 1004 in
332 970 539 1013 Etymologia
563 971 668 1008 vocis,
689 981 772 1012 quae
795 980 859 1001 non
883 977 934 1001 estv
947 969 1074 1006 Latina,

100 1016 160 1048 sed
184 1016 324 1054 Graeca,
349 1022 381 1046 et
404 1014 571 1057 significat
595 1014 696 1051 idem,
729 1013 816 1055 quod
837 1023 954 1043 nomen
974 1016 1073 1043 retus.

100 1059 214 1091 Sciant
232 1059 331 1100 igitur
343 1059 499 1094 iuniores,
523 1057 709 1097 ubicunque
721 1058 877 1096 scriptum
892 1062 942 1086 est
956 1065 1074 1085 nomen

99 1100 212 1138 Palea,
234 1101 277 1132 ibi
300 1100 479 1142 significari
493 1099 654 1131 Graecam
672 1109 789 1130 vocem
812 1097 926 1128 παλαιά
946 1096 1075 1129 scilicet

100 1143 230 1183 διατολή,
253 1144 285 1175 id
308 1150 371 1181 est,
394 1150 489 1174 vetus
514 1142 715 1173 constitutio.
761 1141 828 1173 Sed
854 1141 937 1172 haec
967 1149 1075 1181 neque

99 1193 213 1225 vetuS,
245 1196 352 1228 neque
375 1196 453 1216 vera
467 1192 529 1222 est,
553 1191 588 1215 ut
599 1190 717 1225 postea
729 1184 846 1215 dicam.
882 1184 976 1214 Prius
991 1183 1075 1214 enim

99 1230 260 1272 quaedam
269 1229 310 1260 de
319 1228 537 1260 Constantino
547 1228 642 1258 vobis
654 1227 686 1257 in
699 1227 886 1258 memoriam
896 1227 1075 1263 revocabo,

99 1278 234 1314 propter
257 1272 480 1313 quaestiones,
505 1280 643 1312 quarum
656 1269 744 1301 utilis
767 1275 820 1300 est
843 1269 1074 1301 consideratio.

186 1314 259 1345 Fuit
282 1313 519 1345 Constantinus
543 1313 594 1343 vir
618 1319 812 1353 praestanS,
847 1318 879 1343 et
912 1312 1075 1342 excitatus

101 1358 254 1389 divinitus
278 1357 318 1388 ad
343 1356 528 1388 mutandam
564 1354 702 1386 formam
726 1355 848 1396 imperii
878 1361 910 1385 et
932 1355 974 1385 ad
996 1353 1075 1385 libe-

100 1401 236 1431 randam
260 1397 446 1430 Ecclesiam
476 1399 517 1428 ab
552 1398 748 1429 immanibus
777 1397 1075 1438 persecutionibus,

102 1452 186 1484 quae
210 1442 408 1473 duraverant
429 1441 502 1471 inde
525 1439 805 1481 usqueaNerone
817 1441 912 1470 annis
926 1440 1075 1471 ducentis

103 1491 135 1517 et
168 1483 316 1525 amplius.
378 1483 477 1514 Pater
510 1483 579 1514 eius
614 1481 673 1513 suit
708 1482 941 1520 Constantius,
981 1492 1077 1523 quem

105 1527 222 1568 Spirae
244 1526 415 1557 habitasse
439 1525 646 1557 manifestum
676 1531 743 1563 est,
776 1535 817 1556 ex
846 1525 1076 1562 monumentis,

103 1579 187 1611 quae
225 1568 334 1600 adhuc
378 1569 421 1599 ibi
466 1569 722 1609 conspiciuntur.
787 1568 914 1599 Nomen
961 1568 1076 1607 Spirae

103 1610 269 1652 significat
296 1610 478 1641 cohortem.
534 1610 608 1643 Fuit
640 1611 684 1641 ibi
720 1611 842 1641 cohors
876 1610 985 1652 regia,
1019 1611 1075 1642 bns

101 1653 264 1695 [yoffqet‘inb.
320 1653 404 1683 Nam
438 1659 587 1684 vetustas
622 1654 800 1683 nominavit
826 1652 996 1684 cohortem
1019 1654 1075 1684 bas

101 1695 263 1737 bnffgestnb.
307 1694 386 1726 lude
410 1701 459 1726 est
479 1695 685 1726 Curtisanus.
731 1695 771 1726 Et
795 1705 858 1737 ego
883 1696 982 1726 credo
1003 1705 1075 1726 eum

101 1738 204 1771 fuisse
227 1738 430 1770 conditorem
453 1739 544 1769 urbis
567 1738 692 1779 Spirae.

186 1780 259 1812 Fuit
283 1787 390 1812 autem
414 1780 640 1819 Constantius,
663 1791 748 1812 unus
767 1791 808 1811 ex
834 1780 974 1822 collegis
998 1778 1076 1810 alio-

101 1835 172 1856 rum
190 1826 433 1865 Imperatorum.
464 1823 546 1854 Nam
561 1824 601 1854 ad
616 1824 838 1861 securitatem,
861 1834 902 1855 ne
915 1824 1077 1854 orirentur

101 1868 280 1898 seditiones
304 1877 363 1908 per
385 1867 606 1904 ambitionem,
643 1865 836 1907 plerumque
858 1867 1075 1897 adiunxerunt

101 1910 165 1943 sibi
189 1910 417 1950 imperatoreS,
440 1907 570 1950 aliquos
595 1908 756 1951 collegas.
802 1908 969 1951 Coniuges
990 1908 1076 1939 Con-

100 1953 211 1984 stantii
231 1953 315 1983 duae
340 1952 489 1983 fuerunt:
522 1962 586 1982 una
600 1951 736 1990 Helena,
753 1959 858 1983 mater
870 1952 1076 1983 Constantini

100 1996 230 2038 Magni:
255 1994 359 2026 altera
377 1994 554 2026 Theodora
577 1993 645 2026 iilia
668 1995 866 2026 Maximiani.
901 1995 966 2026 Sed
991 1994 1077 2025 Con—

99 2039 241 2070 stantius
254 2037 406 2078 praetulit
415 2037 665 2068 Constantinum
674 2037 748 2068 filiis
759 2039 842 2069 natis
851 2048 891 2069 ex
902 2037 967 2068 filia
976 2039 1076 2079 regis.

187 2081 273 2112 Vivo
287 2081 385 2122 igitur
397 2080 590 2111 Constantio
608 2079 669 2112 fuit
681 2080 918 2112 Constantinus
933 2081 1075 2111 Caesar:

100 2134 167 2156 non
197 2125 384 2165 Augustus:
415 2124 498 2154 sicut
534 2123 566 2153 in
599 2123 737 2164 Imperio
773 2124 969 2154 Germanico
1001 2123 1077 2154 Fer-

101 2167 264 2198 dinandus
284 2167 464 2206 superstite
484 2164 606 2197 Carolo
638 2165 678 2197 V.
706 2164 765 2197 fuit
789 2166 913 2198 Caesar
944 2167 1076 2207 antiquo

101 2219 204 2245 more,
228 2210 333 2240 donec
352 2207 473 2239 Carolo
497 2209 671 2246 successit,
693 2210 874 2251 resignanti
894 2209 1075 2250 Imperium.

187 2251 290 2282 Erant
323 2258 430 2283 autem
464 2251 571 2292 magni
613 2258 719 2283 motus
750 2253 781 2283 in
818 2251 908 2283 ltalia
941 2257 1077 2293 propter

101 2295 351 2336 persecutiones
376 2294 650 2332 Christianorum,
681 2305 753 2325 cum
778 2296 915 2336 primum
939 2301 1077 2326 vocatus

103 2344 154 2369 est
176 2338 217 2369 ad
240 2338 408 2378 imperium
433 2336 680 2368 Constantinus.
727 2337 850 2380 Magna
880 2338 977 2369 etiam
1001 2347 1078 2368 con-

102 2379 189 2412 fusio
213 2386 283 2412 erat
312 2380 479 2411 libidinum
515 2385 591 2410 tunc
612 2381 644 2410 in
669 2379 778 2418 ltalia,
808 2382 893 2412 sicut
923 2381 1078 2411 scribitur

104 2423 283 2464 Sophrona
295 2429 388 2464 rapta
401 2423 607 2454 conscivisse
629 2422 765 2464 sibiipsi
783 2429 932 2461 mortem,
955 2422 1079 2454 Lucre-

103 2465 168 2497 tiae
191 2476 295 2498 more.
329 2465 375 2496 lta
398 2466 534 2497 occasio
558 2465 634 2496 data
656 2464 716 2496 fuit
728 2464 947 2497 Constantino
970 2472 1078 2497 trans-

104 2509 202 2539 eundi
234 2509 266 2539 in
295 2506 437 2539 ltaliam:
472 2507 513 2539 Et
537 2508 714 2546 dubitanti,
747 2518 789 2539 an
819 2507 957 2540 Romam
986 2518 1078 2540 exer-

106 2551 204 2582 citum
229 2552 364 2583 duceret
382 2557 498 2582 contra
521 2550 734 2588 Maxentium,
756 2550 944 2592 Tyrannum
964 2551 1079 2583 crude-

105 2592 284 2631 lissimum,
319 2599 350 2625 et
372 2594 634 2634 impurissimum,
670 2594 812 2625 ostendit
834 2593 927 2625 Deus
950 2593 1079 2625 illustre

105 2636 236 2678 signum
260 2637 428 2668 victoriae.
473 2636 556 2667 Nam
592 2636 698 2667 medio
733 2636 784 2667 die
818 2637 850 2667 in
880 2636 971 2668 clara
1004 2635 1079 2668 luce

776 194 991 227 POSTILLA
1020 193 1415 225 MELANTHONIANA.

2032 192 2093 224 198

1125 287 1204 317 vidit
1229 286 1466 317 Constantinus
1503 287 1533 317 in
1565 286 1658 319 coelo
1682 289 1811 329 igneam
1837 297 1987 324 crucem,
2022 297 2093 317 cum

1126 328 1240 365 literis,
1263 332 1292 359 ἐν
1315 329 1403 370 totiugi
1428 334 1507 367 νίκα,
1532 329 1566 360 ln
1590 330 1654 360 hoc
1677 332 1781 361 vince.

1210 379 1374 411 Eusebius
1398 380 1512 410 scribit
1536 390 1573 410 se
1596 381 1681 411 hanc
1709 381 1927 411 narrationem
1958 391 1997 411 ex
2023 382 2094 420 ipso

1126 422 1343 453 Constantino
1366 423 1543 453 audivisse.
1579 422 1676 453 Victo
1701 430 1806 454 autent
1821 423 1987 454 Maxentio
2011 422 2095 454 Con-

1126 466 1287 496 stantinus
1308 475 1380 495 cum
1403 465 1544 499 Licinio,
1579 476 1674 506 quem
1698 465 1891 496 Maximinus
1920 466 2097 496 Caesarem

1125 509 1361 545 nominaverat,
1385 514 1416 538 et
1440 508 1494 548 qui
1519 509 1649 538 tenebat
1670 507 1842 549 Illyricum,
1868 507 1943 539 set-it
1968 506 2097 545 foedus,

1125 556 1157 582 et
1179 560 1326 581 sororem
1357 560 1449 581 suam
1473 551 1762 591 consanguineam,
1798 550 2039 589 Constantiam,
2068 550 2098 581 ei

1125 604 1260 624 uxorem
1285 593 1382 624 dedit.
1451 593 1489 623 ui
1515 594 1611 635 igitur
1642 594 1705 624 duo
1730 594 1965 624 Constantinus
1995 600 2023 623 et
2044 593 2098 623 Li-

1126 637 1229 667 cinius
1253 636 1420 673 (extinctis
1434 636 1495 666 iam
1521 637 1661 666 caeteris
1680 635 1854 677 Tyrannis,
1878 635 2098 673 Diocletiano,

1125 678 1334 715 Maximiatm,
1368 678 1544 716 Maxentio,
1580 685 1611 709 et
1635 678 1825 709 Maximino)
1854 685 2006 719 tanquam
2031 676 2097 709 col-

1125 720 1220 763 legae
1242 726 1416 752 tenuerunt
1438 722 1625 762 imperium,
1655 728 1685 751 et
1710 720 1877 762 paulisper
1900 732 1964 762 pax
1988 720 2042 752 fuit
2064 722 2098 752 in

1125 765 1271 805 imperio.

1181 815 1246 846 Sed
1256 815 1399 845 Licinius
1411 821 1527 846 contra
1541 815 1657 852 edicta,
1671 825 1755 856 quae
1769 813 1866 845 simul
1880 821 1996 845 anteae
2011 814 2097 844 dide-

1127 865 1210 895 rant,
1229 864 1263 889 ut
1276 857 1471 889 Christianis
1490 864 1691 898 parceretur,
1710 857 1824 887 saeviit
1845 857 1875 887 in
1892 857 2097 887 Phristianos

1125 901 1158 931 in
1172 901 1318 938 Oriente,
1341 901 1395 931 ubi
1408 900 1600 941 imperabat.
1626 900 1703 930 lnde
1716 900 1814 930 extitit
1832 898 1964 937 bellum,
1988 901 2019 930 in
2033 909 2098 940 quo

1128 942 1366 974 Constantinus
1378 942 1535 973 Licinium
1556 943 1630 973 vicit
1655 943 1783 973 dnobus
1803 943 1929 984 magnis
1954 941 2097 983 praeliis,

1128 984 1252 1027 fuitque
1292 985 1454 1023 Licinius,
1501 997 1573 1016 cuin
1608 996 1671 1016 non
1707 986 1868 1016 desineret
1905 996 1959 1016 res
1994 994 2101 1016 novas

1128 1039 1182 1059 res
1206 1039 1311 1059 novas
1330 1027 1447 1064 moliri,
1471 1029 1602 1059 tandem
1618 1027 1810 1059 interfectus
1829 1026 2101 1065 Thessalonicae,

1126 1082 1145 1102 a
1169 1070 1372 1102 Constantini
1396 1071 1574 1112 praesidio.

1213 1131 1274 1162 Hic
1296 1131 1479 1172 quaeritur:
1508 1131 1561 1161 An
1591 1137 1680 1162 recte
1710 1129 1821 1161 fecerit
1852 1130 2100 1168 Constantinus,

1127 1174 1213 1216 quod
1239 1173 1360 1204 bellum
1385 1172 1492 1204 intulit
1521 1172 1671 1215 collegae
1708 1179 1738 1204 et
1763 1171 1852 1204 affini
1882 1184 1942 1204 suo
1963 1172 2101 1211 Licinio,

1127 1222 1283 1258 suscepta
1307 1214 1499 1247 defensione
1523 1215 1804 1247 Christianorum?

1212 1276 1420 1317 Respondeo.
1457 1276 1559 1307 Recte
1582 1276 1670 1307 fecit.
1706 1276 1790 1307 Nam
1810 1275 1956 1307 Licinius
1979 1274 2101 1306 violato

1127 1320 1227 1360 priori
1251 1321 1369 1357 edicto,
1394 1324 1527 1360 ruperat
1544 1319 1607 1350 iam
1624 1317 1759 1350 foedus:
1784 1318 1823 1349 Et
1847 1319 1933 1349 iusta
1953 1316 2100 1349 defensio

1127 1363 1223 1394 etiam
1259 1369 1374 1394 contra
1407 1363 1521 1394 socios
1561 1362 1603 1392 ad
1638 1361 1866 1403 depellendam
1895 1359 2101 1392 manifestam

1127 1406 1310 1436 saevitiam.
1355 1405 1457 1436 Erant
1482 1405 1563 1435 socii
1587 1405 1922 1436 Lacedaemoniorum
1943 1403 2100 1435 Thebani.

1127 1448 1168 1478 Et
1202 1454 1311 1479 tamen
1344 1448 1541 1479 adiuverunt
1574 1447 1833 1489 Tlffasybulum,
1863 1453 2026 1487 petentem
2060 1447 2102 1477 ab

1128 1491 1175 1521 eis
1209 1490 1331 1522 auxilia
1366 1497 1483 1521 contra
1506 1490 1548 1521 30
1570 1490 1763 1532 Tyrannos,
1799 1490 1908 1520 omnia
1931 1495 2101 1521 vastantes

1128 1532 1279 1571 Athenis,
1303 1533 1461 1564 caedibus
1484 1539 1514 1563 et
1540 1533 1672 1573 rapinis.
1718 1533 1777 1564 Est
1803 1534 1886 1563 enim
1906 1533 2102 1564 inomnibns

1126 1575 1317 1607 foederibus
1364 1581 1503 1617 excepta
1544 1575 1693 1607 defensio
1735 1577 1897 1606 adversus
1941 1575 2102 1606 notoriam

1127 1629 1287 1650 iniuriam.

1215 1677 1348 1709 Contra.
1383 1678 1523 1707 Licinius
1545 1689 1605 1707 mm
1628 1678 1749 1709 videtur
1768 1679 1866 1716 sitisse
1888 1677 2102 1716 impediemlns

1128 1722 1159 1749 ιή
1178 1731 1214 1749 ea
1232 1725 1327 1759 parte
1349 1722 1481 1760 imperii,
1515 1732 1603 1760 quum
1632 1723 1699 1759 ipse
1721 1721 1855 1759 reflabat.
1909 1720 1975 1751 Cur
2003 1722 2102 1761 igitur

1128 1762 1273 1794 defendit
1307 1763 1544 1794 Constantinus
1579 1763 1729 1801 alienos,
1765 1764 1819 1805 qui
1851 1770 1943 1794 erant
1975 1763 2102 1794 Licinio

1127 1806 1268 1837 subditi?
1313 1806 1398 1841 Quid
1417 1807 1458 1837 ad
1486 1806 1662 1837 Thebanos
1696 1807 1900 1848 pertinebat,
1938 1807 2102 1847 quomodo

1128 1849 1282 1889 Spartani
1315 1849 1465 1880 Athenas
1498 1860 1517 1879 a
1546 1859 1584 1879 se
1606 1850 1711 1880 victas
1746 1850 1989 1891 gubernarent?
2043 1848 2103 1880 Re-

1128 1893 1288 1933 spondeo.
1334 1892 1439 1923 Etiam
1463 1892 1614 1929 subditis,
1638 1894 1665 1923 si
1689 1894 1730 1923 sit
1753 1891 1927 1923 manifesta
1951 1892 2101 1929 saevitia,

1128 1934 1203 1966 licet
1228 1935 1298 1966 fieri
1321 1934 1498 1976 supplices,
1534 1934 1709 1974 implorare
1732 1934 1850 1966 auxilia
1873 1936 1915 1966 ab
1941 1933 2030 1965 aliis:
2062 1935 2103 1965 Et

1128 1979 1298 2018 suscipere
1332 1989 1443 2009 eorum
1478 1977 1702 2009 defensionem
1737 1977 1808 2009 aliis
1844 1978 1978 2019 regibus
2013 1977 2100 2009 licet.

1128 2024 1173 2053 lta
1197 2020 1272 2051 olim
1295 2021 1517 2052 Athenienses
1540 2028 1757 2062 susceperunt
1777 2020 2000 2051 defensionem
2027 2020 2103 2051 libe·

1129 2075 1238 2095 rorum
1262 2064 1426 2095 Herculis.
1483 2065 1539 2095 Sic
1573 2074 1645 2094 cum
1677 2063 1849 2095 manifesta
1873 2069 1961 2094 esset
1987 2066 2102 2094 crude-

1128 2106 1204 2138 litas
1239 2107 1394 2146 praesidii
1432 2106 1586 2138 Laconici
1621 2107 1651 2137 in
1678 2107 1916 2143 Athenienses,
1951 2105 2099 2136 Thebani

1129 2156 1218 2180 recte
1241 2150 1402 2187 fecerunt,
1427 2148 1571 2180 ferentes
1599 2149 1719 2181 auxilia
1744 2149 1999 2180 Atheniensibus
2024 2159 2102 2179 exu-

1128 2192 1226 2231 libuS,
1251 2193 1476 2233 repetentibus
1500 2193 1636 2233 patriam
1662 2194 1760 2223 armis
1792 2198 1908 2223 contra
1932 2191 2099 2222 Lacedae-

1129 2245 1268 2267 mOnlos.

1215 2295 1282 2327 Sed
1325 2294 1562 2327 Constantinus
1603 2296 1758 2325 maiorem
1808 2304 1940 2324 causam
1989 2293 2099 2325 hahuit

1130 2339 1359 2379 suscipiendae
1383 2337 1584 2369 defensionis
1609 2337 1887 2373 Christianorum,
1923 2336 2005 2371 Quia
2029 2337 2101 2377 ipse

1130 2387 1199 2412 erat
1233 2382 1281 2412 eis
1315 2382 1509 2412 coniunctus
1544 2381 1703 2411 societate
1740 2380 1813 2410 fidei
1850 2386 1880 2410 et
1919 2378 2098 2419 religionis.

1129 2424 1261 2456 Fuisset
1296 2423 1459 2455 scelerata
1491 2425 1637 2455 societas
1667 2422 1872 2453 Constantini
1908 2429 1940 2453 et
1975 2422 2101 2460 Licinii,

1130 2468 1157 2498 si
1194 2466 1430 2498 Constantinus
1471 2472 1604 2507 propter
1638 2464 1772 2502 foedus,
1814 2465 1907 2506 quasi
1949 2465 2101 2506 pactione

1130 2510 1271 2552 quadam
1295 2508 1474 2552 obligatuS,
1497 2519 1616 2550 passus
1641 2515 1729 2539 esset
1754 2508 1902 2550 grassari
1926 2507 2101 2548 collegam,

1130 2559 1161 2584 et
1185 2552 1338 2584 infinitam
1351 2553 1519 2583 saevitiam
1533 2552 1730 2582 exercerein
1744 2551 1961 2582 Christianos.
1992 2550 2031 2581 Et
2052 2556 2101 2581 est

1129 2595 1193 2626 hoc
1215 2596 1425 2637 praecipuum
1449 2605 1565 2625 munus
1589 2604 1786 2626 summorum
1811 2603 1924 2635 regum
1952 2603 1992 2625 ac
2015 2594 2100 2634 prin-

1130 2639 1249 2679 cipum,
1273 2639 1355 2669 tueri
1379 2637 1574 2669 Ecclesiam.

1846 2696 1896 2721 13·
