2324 2958
139 172 202 205 723
828 166 940 202 rum
963 165 1065 199 m.
1088 164 1274 199 semem
1297 162 1561 200 excomm.
1971 146 1974 147 ⁷
2075 165 2140 197 724

138 265 284 298 ostendit
313 263 409 296 aliam
433 263 579 305 speciem
605 261 788 303 exercitus,
826 259 923 293 aliam
956 259 1111 292 occultat.

139 306 304 340 Hannibal
326 307 421 339 mittit
443 307 475 338 in
495 304 599 337 silvas
621 306 727 337 boves
750 315 825 336 cum
848 302 989 341 facibus,
1012 308 1044 333 et
1065 303 1111 332 in-

141 357 231 383 terea
258 351 329 392 ipse
358 347 485 391 aufugit
507 358 549 380 ex
570 348 721 380 manibus
744 346 847 378 Fabii.
893 346 981 377 lnter
1003 353 1112 376 aman—

140 401 193 426 tes
215 392 294 424 nihil
317 392 471 425 usitatius
499 397 552 423 est
579 401 676 433 quam
704 390 881 421 ostendere
911 393 1038 430 gestum
1067 392 1112 416 ta-

141 436 223 475 lem,
252 446 292 467 ac
322 435 350 466 si
377 434 480 466 velint
506 434 696 471 discedere,
728 442 800 464 cum
825 438 935 462 tamen
959 430 1023 461 hoc
1046 438 1113 477 non

141 485 261 521 agant,
290 478 350 509 sed
373 476 430 509 illa
453 478 525 519 ipsa
548 474 756 508 simulatione
778 474 963 505 accendant
987 470 1114 502 deside-

141 524 224 553 rium
240 528 393 552 mutuum.
430 520 521 551 Haec
538 529 604 551 non
622 524 699 550 sunt
715 517 898 554 mendacia,
916 515 976 546 sed
988 514 1114 555 figurae

141 563 288 596 utilitatis
311 572 414 595 causa
434 569 623 603 usurpatae.

227 606 436 638 Mendacium
452 611 504 636 est
521 604 689 636 contraria
706 601 833 633 veritati
853 600 974 637 dicere,
991 597 1116 636 facere,

143 656 199 682 aut
221 649 418 686 ostendere,
439 658 572 690 quoquo
595 647 710 683 modo,
734 654 774 675 ex
796 643 957 680 vanitate,
980 640 1033 673 vel
1057 650 1115 671 no-

142 692 238 724 cendi
267 692 390 723 studio:
423 697 459 722 ut
487 690 617 721 Thraso
646 689 678 719 in
709 686 907 718 Comoediae
935 685 996 715 ait:
1032 683 1116 713 Fncli

143 745 204 765 uno
227 735 280 764 die
301 734 382 763 dms
403 733 548 772 Ieyiones,
572 732 700 761 alteram
722 731 754 758 in
772 728 895 762 Sicilia,
920 727 1058 761 alteram,
1083 727 1115 755 in

145 778 342 807 Macedonia.
377 775 468 807 llaec
488 781 538 806 est
557 774 698 811 vanitas,
715 781 781 803 non
799 779 989 813 congruens
1008 770 1115 801 bonae

143 827 299 858 naturae,
323 819 420 850 etiam
443 819 470 849 si
493 828 559 849 non
582 822 712 848 noceat.

229 863 321 892 Mane
339 862 494 890 nobiseum
513 860 654 891 Domine,
672 859 745 898 quia
763 856 1019 895 advesperascit]
1054 853 1116 885 Est

142 906 275 937 omnino
302 904 427 946 aliquid
457 901 676 944 significatum
706 901 745 931 de
774 899 838 930 fine
861 898 973 930 mundi
994 898 1027 928 in
1050 897 1116 928 hoc

143 949 247 980 dicto:
288 946 378 979 Finis
411 946 522 978 mundi
556 945 615 976 erit
649 943 871 984 perturbatior
900 951 998 982 quam
1029 938 1116 971 aliae

143 997 280 1023 aetateS.
325 989 409 1025 Quia
431 995 547 1020 natura
567 985 720 1029 paulatim
744 985 778 1016 fit
801 983 1011 1026 languidior,
1040 983 1114 1014 ideo

143 1032 358 1066 confusiones
381 1032 462 1063 fiunt
484 1030 635 1062 maiores.
691 1026 854 1059 Diabolus
884 1027 981 1058 etiam
1008 1025 1044 1057 fit
1065 1035 1118 1056 ra·

143 1076 278 1108 biosior.
323 1075 400 1106 Ideo
423 1075 580 1105 debemus
603 1081 680 1104 esse
703 1069 930 1113 vigilantiores
951 1075 983 1100 et
1001 1069 1118 1100 arden·

144 1120 246 1151 tiores
268 1119 300 1150 in
323 1116 499 1159 precando.
551 1116 606 1147 Sic
635 1121 792 1155 precatur
814 1113 885 1153 ipse
909 1111 1063 1143 Christus
1086 1111 1118 1142 in

144 1171 263 1200 cruce,
298 1167 330 1192 et
362 1159 471 1191 David
499 1159 532 1190 in
562 1155 710 1189 Psalmo:
745 1156 892 1189 Domine,
927 1165 965 1184 ne
994 1154 1118 1193 deficiat

143 1207 241 1235 virtus
270 1214 335 1232 mea
362 1204 394 1231 in
422 1205 554 1231 senecta.
603 1199 677 1235 Quo
701 1197 897 1235 deformior,
918 1196 1118 1239 languidior,

143 1254 175 1279 et
199 1244 381 1288 squalidior
402 1250 453 1276 est
477 1242 647 1280 Ecclesia,
675 1252 763 1273 nunc
786 1242 848 1272 sub
874 1240 969 1271 finem
995 1240 1118 1278 mundi,

144 1300 184 1321 eo
218 1289 324 1329 magis
359 1285 539 1319 clamemus
569 1295 643 1317 cum
676 1282 862 1325 discipulis:
897 1282 946 1312 Ala
975 1282 1119 1317 Domine,

145 1342 230 1361 mane
252 1330 416 1361 nobiscum.

235 1373 370 1413 Vespera
391 1374 453 1401 iam
474 1372 574 1404 venit,
597 1369 753 1400 nobiscum
777 1368 900 1399 Christe
921 1371 1060 1401 maneto;

230 1415 388 1455 Extinyui
409 1416 504 1445 lucem
526 1423 582 1442 nec
599 1413 728 1452 patiare
750 1415 843 1441 tuam.

229 1458 399 1490 Debemus
422 1465 519 1488 orare
541 1454 658 1487 Filium
674 1453 750 1492 Dei,
768 1460 804 1485 ut
823 1453 1024 1485 miserrimas
1043 1462 1121 1484 con-

144 1502 294 1534 fusiones
325 1499 500 1532 Ecclesiae
529 1504 640 1530 sanet:
674 1498 752 1539 quia
780 1495 904 1528 nullum
932 1502 985 1527 est
1007 1496 1120 1527 huma-

144 1555 221 1577 num
245 1542 432 1575 consilium:
455 1542 522 1572 Der
548 1543 673 1571 iammer
702 1541 745 1570 ist
767 1550 801 1570 ιιι
823 1550 915 1579 ῃνοε,
952 1549 1014 1568 mm
1044 1538 1121 1568 Gote

144 1587 221 1626 ltelff
235 1598 300 1617 uns.
353 1586 429 1617 Non
455 1589 567 1626 potest
596 1583 786 1625 magnitudo
817 1581 944 1614 doloris
968 1583 1065 1613 etiam
1088 1582 1121 1612 in

143 1630 364 1662 mediocribus
387 1628 573 1660 hominibus
599 1627 680 1658 satis
704 1626 786 1665 dici,
815 1635 913 1667 quem
935 1624 1043 1657 adfert
1066 1623 1123 1655 illa

144 1673 331 1705 tristissima
354 1670 459 1704 forma
481 1668 665 1703 Ecclesiae.

207 1846 315 1897 Quid
356 1845 545 1886 differunt
582 1858 743 1898 vesper,
782 1856 968 1897 vespera,
1008 1848 1049 1881 et

513 1920 751 1975 Hesperus?

232 2014 326 2045 Unde
345 2014 432 2045 venit
453 2013 596 2054 vesper?
619 2012 660 2042 ab
679 2011 803 2051 ἕσπερος
821 2020 838 2038 v
857 2015 887 2040 et
909 2009 927 2038 Ιι
951 2009 1121 2051 aspiratio,

146 2068 246 2099 saepe
269 2062 508 2098 permutantur,
531 2062 565 2086 ut
589 2054 717 2091 Heneti,
740 2053 869 2084 Veneti.
916 2051 1010 2083 Unde
1032 2053 1119 2083 venit

145 2101 287 2141 ἕσπερος-’ἔ
332 2100 384 2131 Ab
407 2101 436 2135 ἐς
458 2106 490 2130 et
513 2103 623 2139 πέρας,
671 2097 741 2128 uasi
767 2096 807 2127 ad
833 2095 947 2133 finem,
971 2105 1032 2126 seu
1056 2106 1120 2126 me-

145 2151 227 2176 tam:
251 2141 385 2174 Lucifer
408 2148 458 2173 est
481 2108 763 2181 έωςφᾰρος,(11100111
784 2137 906 2169 serens.
952 2137 1047 2168 Unde
1071 2144 1121 2169 est

146 2186 223 2223 ἵωςῖ
268 2185 328 2216 Est
357 2183 548 2226 simpliciter
570 2183 755 2215 Hebraeum
780 2180 870 2217 osa-lt,
901 2187 933 2211 et
955 2180 1120 2223 significat

145 2240 316 2266 auroram,
341 2227 394 2259 vel
416 2226 534 2259 stellas
558 2226 741 2258 matutinas.
788 2225 879 2255 Sicut
904 2222 1020 2254 literae
1043 2230 1120 2255 sunt

146 2280 215 2304 tres
238 2272 324 2313 apud
349 2271 516 2302 Graecos:
552 2270 601 2301 sic
630 2275 707 2299 sunt
730 2274 798 2299 tres
821 2266 909 2307 apud
934 2266 1119 2297 Hebraeos:

147 2316 296 2347 Vocatur
319 2315 414 2346 etiam
434 2314 602 2353 φωςφιῖρος,
622 2310 719 2342 stella
742 2309 897 2341 adferens
920 2307 1037 2340 lucem.
1085 2309 1119 2339 ln

149 2356 329 2390 Aristotele
353 2364 400 2387 est
426 2357 490 2387 οὐδὲ
515 2356 582 2393 ἕως,
606 2354 668 2385 οὐδὲ
689 2355 823 2394 ἕσπερος,
845 2350 917 2382 oilrm
937 2353 1024 2388 καλός
1042 2355 1119 2382 lma:

147 2402 177 2432 id
203 2408 271 2438 est,
326 2411 399 2439 eque
426 2399 566 2437 Lurifrr.
591 2408 685 2437 torque.
709 2396 866 2435 Ilespems
890 2399 951 2425 lam
967 2396 1121 2432 formosus

147 2448 190 2473 n!
215 2448 245 2472 nr
269 2445 400 2472 iustitia.
447 2441 553 2473 Stella
579 2441 718 2472 Veneris
741 2447 793 2471 est
812 2437 908 2470 valde
928 2439 1119 2479 conspicua.

235 2487 286 2517 Ab
310 2487 430 2526 ϊσπερος
455 2486 542 2516 dieta
571 2490 621 2516 est
644 2486 772 2523 ἑσπέρα,
804 2488 834 2514 et
860 2481 965 2512 Latini
990 2488 1120 2512 veteres

148 2531 348 2561 retinuerunt
374 2539 497 2567 ’Ἥρωνα
523 2537 646 2569 genere
669 2526 865 2558 foeminino.
889 2531 1008 2566 postea
1032 2525 1120 2555 dixe-

149 2579 222 2604 runt
252 2583 356 2611 rrqwr
386 2573 416 2602 in
448 2582 569 2611 genere
592 2568 786 2601 masculino.
833 2567 956 2601 Nescis,
979 2567 1056 2607 qnid
1078 2577 1120 2595 sn-

150 2627 199 2644 rm
228 2626 332 2653 verpe-r
363 2611 461 2642 rrlmts
512 2614 569 2645 Est
600 2614 719 2645 (lictum
750 2611 923 2643 Varroni&
970 2610 1054 2645 Quid
1078 2611 1120 2641 si-

1165 256 1323 299 gnificat?
1367 256 1426 288 Est
1456 254 1732 288 commonefactio
1763 257 1804 288 de
1833 255 2050 289 mutabilitate
2072 256 2140 289 for-

1163 306 1261 331 tunae
1284 305 1318 330 et
1340 301 1458 331 subitis
1481 300 1714 331 mutationibus
1738 309 1847 331 rerum
1869 299 2096 332 humanarum.

1273 349 1384 379 Omnia
1406 354 1476 380 sunt
1498 350 1648 380 ltoniirmm
1672 351 1756 379 teum·
1775 350 1946 389 pendentia
1965 350 2038 390 fi103

1271 392 1314 422 Et
1336 393 1437 425 subito
1460 404 1535 423 casu
1552 402 1630 433 quae
1651 392 1787 427 valuere,
1812 397 1912 423 ruzmt.

1251 441 1325 474 Una
1353 444 1443 483 dies,
1471 443 1524 475 vel
1554 454 1653 475 unum
1683 450 1882 475 momentum
1906 450 2016 484 potest
2037 443 2140 476 homi·

1165 495 1242 517 nem
1264 486 1460 527 opprimere.
1513 486 1650 522 Quoties
1673 486 1727 518 hic
1750 486 1878 517 vidistis
1901 487 2039 519 interfici
2062 487 2141 518 ado·

1166 527 1334 560 lescentes
1357 531 1499 571 vesperi,
1520 540 1594 561 cum
1617 535 1687 560 toto
1711 529 1763 560 die
1786 528 1926 560 fuissent
1949 528 2085 567 hilares,
2108 536 2142 562 et

1167 569 1247 601 nihil
1269 569 1335 602 tale
1353 573 1548 604 metuissent
1566 571 1620 603 vel
1639 573 1864 614 cogitassent?
1907 571 2040 604 Dictum
2057 571 2142 604 Var-

1167 614 1258 644 ronis
1280 613 1532 655 proverbialiter
1548 621 1740 656 usurpatum
1759 621 1827 652 est;
1851 625 2048 657 quamquam
2069 616 2142 648 sine

1168 656 1268 688 dubio
1291 662 1366 687 ante
1389 656 1576 689 Varronem
1599 658 1631 688 in
1654 668 1718 688 usu
1739 655 1808 689 suit.

1255 697 1363 740 Aliqui
1386 705 1501 740 putant
1522 710 1598 731 esse
1620 701 1705 731 idem
1729 710 1860 737 nomen,
1880 709 1941 731 seu
1962 701 2004 732 ab
2027 700 2141 732 eadem

1168 741 1297 783 origine
1326 751 1403 773 esse
1431 742 1550 783 ἕςπερος
1575 750 1605 774 et
1633 743 1799 784 έωςφόροςε
1835 742 1917 778 Quia
1940 743 2064 784 ἕσπερος
2087 743 2142 774 de-

1169 784 1291 815 ducunt
1312 785 1354 815 ab
1377 784 1536 826 έωςφόρος.
1581 786 1649 818 Sed
1671 787 1821 826 ὲωςφόρος
1844 795 1939 817 mane
1962 786 2091 824 dicitur,
2110 791 2143 817 et

1167 826 1291 868 ῗσπερος
1314 828 1460 867 vesperi:
1485 837 1550 858 una
1573 834 1682 859 tamen
1706 836 1738 860 et
1762 830 1874 860 eadem
1899 835 1950 860 est
1972 827 2078 860 stella.

1261 974 1376 1025 Quae
1409 981 1503 1015 sunt,
1533 974 1642 1015 vices
1674 974 1821 1016 Stellae
1857 976 2054 1017 Veneris?

1257 1065 1396 1107 Semper
1413 1076 1473 1106 per
1489 1076 1587 1097 unum
1605 1071 1777 1104 semestre,
1796 1065 1858 1096 etsi
1880 1075 1946 1096 non
1970 1066 2145 1108 integrum,

1171 1109 1338 1150 praeeedit
1360 1107 1476 1146 solem,
1495 1119 1556 1149 per
1578 1107 1715 1140 alterum
1738 1115 1900 1140 semestre
1923 1109 2070 1150 sequitur
2093 1118 2147 1139 so-

1171 1152 1246 1183 lem.
1299 1150 1423 1193 Aliquo
1453 1157 1601 1192 tempore
1631 1151 1726 1183 latet:
1761 1152 1823 1182 iam
1853 1152 2002 1192 sequitur
2030 1150 2149 1190 solem,

1170 1200 1207 1225 ut
1229 1193 1298 1225 fere
1321 1200 1390 1225 tota
1408 1200 1536 1225 aestate
1554 1200 1722 1235 sequetur.
1768 1194 1880 1225 Hieme
1899 1201 2005 1226 antem
2026 1203 2149 1236 magna

1171 1243 1264 1278 parte
1288 1237 1463 1268 antecedet
1485 1235 1599 1268 solem.
1644 1237 1704 1268 Est
1726 1237 1841 1268 eadem
1865 1235 1972 1274 stella,
1997 1237 2056 1268 sed
2081 1247 2147 1268 non

1172 1280 1288 1311 eodem
1311 1286 1457 1320 ternpore
1480 1290 1586 1317 mane,
1603 1286 1634 1311 et
1654 1280 1784 1320 vesperi
1803 1280 2015 1321 conspicitur.
2050 1279 2148 1315 Quod

1173 1332 1235 1353 nos
1260 1322 1398 1353 dicimus
1421 1323 1588 1363 ἑωςφόρος,
1610 1323 1643 1353 in
1666 1322 1723 1353 lob
1748 1323 1866 1354 dicitur
1889 1322 1969 1351 asch.

1259 1363 1384 1396 Multae
1413 1364 1643 1396 similitudines
1684 1372 1859 1396 sumuntur
1881 1366 1922 1396 ab
1954 1365 2016 1396 hac
2039 1363 2146 1397 stella.

1174 1407 1254 1439 ldeo
1283 1407 1492 1439 considerate
1521 1407 1793 1446 Grammaticam,
1819 1413 1851 1439 et
1874 1406 1971 1438 simul
1993 1408 2149 1450 cogitate,

1174 1461 1272 1492 quam
1295 1450 1338 1481 sit
1359 1449 1508 1482 mirabile
1531 1456 1563 1482 et
1586 1449 1758 1491 pulchrum
1781 1460 1865 1492 opus
1888 1450 1962 1489 Dei,
1984 1451 2073 1492 quod
2096 1460 2149 1482 or-

1173 1493 1298 1524 dinavit
1325 1493 1418 1524 vices
1447 1493 1571 1525 dierum
1601 1499 1634 1525 et
1661 1494 1821 1530 noctium3
1855 1500 1887 1525 et
1916 1503 2013 1535 quam
2042 1499 2150 1536 grata,

1174 1546 1272 1578 quam
1296 1534 1402 1567 dulcis
1425 1536 1467 1567 sit
1492 1536 1585 1578 quies
1609 1537 1806 1577 corporibus
1836 1537 1998 1568 humanis.
2050 1535 2149 1578 Cogi-

1173 1585 1239 1610 tate
1261 1578 1327 1610 hoc
1350 1578 1459 1617 etiam,
1474 1589 1536 1611 nos
1559 1577 1684 1610 sim=1es
1707 1589 1783 1611 esse
1805 1578 2059 1617 ambulantibus,
2078 1580 2150 1611 sive

1174 1623 1235 1653 iter
1267 1620 1465 1653 facientibus
1493 1629 1605 1653 noctu.
1660 1621 1759 1653 Tales
1789 1632 1861 1654 cum
1886 1622 1996 1653 vident
2020 1622 2148 1654 matuti-

1174 1675 1251 1697 num
1273 1666 1429 1696 ruborem
1452 1675 1608 1702 aurorae,
1632 1663 1806 1696 laetantur.
1823 1658 1838 1671 ⁴
1853 1665 1974 1696 Postea
1999 1675 2071 1696 cum
2095 1664 2149 1696 sol

1175 1708 1310 1749 prodiit,
1333 1706 1435 1739 multo
1458 1709 1563 1751 magis
1587 1706 1760 1738 laetantur.
1806 1707 1884 1738 Mihi
1908 1707 1986 1739 1111111
2009 1714 2061 1739 est
2083 1715 2149 1739 tam

1174 1751 1369 1788 taediosum,
1391 1761 1488 1791 quam
1512 1758 1611 1781 noctu
1634 1751 1695 1781 iter
1718 1749 1846 1782 facere:
1868 1751 1942 1781 ideo
1962 1749 2058 1782 valde
2081 1749 2149 1782 lae-

1176 1800 1246 1832 tor,
1277 1804 1350 1825 cum
1380 1794 1474 1824 video
1504 1804 1655 1824 auroram
1686 1794 1913 1824 ostendentem
1938 1793 2055 1825 lucem.
2102 1793 2148 1825 lta

1175 1846 1261 1868 nunc
1283 1846 1398 1867 sumus
1420 1837 1452 1866 in
1476 1835 1629 1877 caligine,
1646 1843 1677 1867 et
1701 1837 1807 1867 bonae
1831 1844 1956 1867 mentes
1980 1835 2147 1868 ambulant

1175 1887 1341 1920 tamquam
1370 1879 1568 1909 accedentes
1599 1879 1640 1909 ad
1675 1889 1840 1910 auroram.
1897 1879 2054 1910 Videmus
2089 1877 2146 1910 ali—

1174 1933 1270 1964 quam
1295 1920 1486 1963 particulam
1510 1920 1604 1953 lut-is.
1652 1922 1717 1952 Sed
1736 1929 1949 1962 expet-tamus
1969 1932 2078 1953 veram
2098 1921 2146 1953 lu·

1174 1976 1262 2001 cem,
1296 1971 1328 1996 et
1361 1963 1461 1995 multo
1496 1965 1601 2007 magis
1635 1963 1830 1996 laetabimur
1859 1965 2008 1996 videntes
2042 1963 2146 1996 solem

1174 2014 1342 2045 exortum,
1376 2008 1406 2037 id
1441 2015 1508 2044 est,
1545 2006 1658 2038 Filium
1693 2007 1754 2038 Dei
1786 2009 1816 2039 in
1847 2013 1914 2038 tota
1944 2008 2146 2039 aeternitate.

1173 2050 1226 2082 De
1249 2050 1377 2091 insignis
1401 2051 1500 2081 rebus
1525 2051 1685 2082 interdum
1709 2050 1762 2082 1110
1786 2050 1960 2093 loquimur,
1983 2051 2023 2081 de
2042 2058 2148 2082 aeter·

1173 2095 1288 2125 nitate.
1312 2093 1353 2123 de
1376 2094 1594 2134 providentia,
1619 2100 1649 2125 et
1672 2093 1875 2125 mirabilibus
1899 2093 2047 2125 consiliis
2073 2093 2148 2132 Dei,

1173 2137 1213 2168 de
1231 2135 1445 2167 fabricatione
1464 2136 1612 2167 hominis.
1648 2137 1712 2167 Sed
1732 2138 1807 2178 quid
1826 2136 2011 2178 loquimur?
2035 2136 2148 2168 Verba

1173 2187 1339 2220 utcunque
1370 2190 1544 2217 sonamus,
1575 2180 1669 2221 quasi
1700 2179 1798 2211 1101110
1829 2181 1861 2211 111
1890 2187 1988 2212 nocte
2017 2180 2077 2211 iter
2099 2177 2148 2210 sn·

1173 2233 1274 2255 ciens.

1260 2265 1402 2294 Christus
1436 2270 1565 2304 reflatus
1599 2270 1697 2295 manc!
1732 2277 1797 2295 rum
1827 2265 2018 2304 disripuh'sJ
2074 2264 2148 2297 Pul-

1173 2308 1287 2339 ebrum
1307 2305 1381 2345 ἦθος
1399 2316 1461 2341 est.
1481 2309 1568 2350 11111111
1588 2308 1800 2350 Evangelista
1814 2316 1922 2339 narrat
1944 2309 1984 2339 de
1997 2308 2147 2339 christo:

1173 2351 1259 2393 11111111
1285 2362 1358 2383 011111
1383 2353 1473 2393 prius
1497 2362 1576 2393 prae
1599 2362 1637 2383 se
1660 2348 1787 2383 tulisset
1812 2352 1953 2384 11111111111.
1978 2357 2010 2383 111
2030 2361 2147 2383 aeven-

1173 2396 1262 2425 deret
1293 2405 1405 2426 eorum
1437 2396 1583 2427 animos.
1613 2402 1642 2426 et
1672 2395 1732 2437 ipsi
1764 2395 1826 2425 iam
1857 2401 2005 2436 peterent
2029 2394 2070 2424 ab
2094 2404 2148 2432 eo,

1172 2444 1204 2468 ut
1241 2438 1360 2468 diutius
1395 2449 1506 2469 set-um
1542 2446 1706 2474 innuerem
1742 2448 1805 2468 111111
1837 2437 1995 2478 gravatim
2025 2437 2073 2468 eis
2104 2437 2148 2468 sit

1172 2481 1388 2523 gratificatus.
1436 2480 1543 2511 Manet
1569 2482 1652 2512 0111111
1684 2492 1756 2512 011111
1786 2481 1849 2517 eis,
1880 2480 2060 2521 ingreditur
2082 2489 2148 2511 una

1173 2524 1405 2556 diversorium.
1430 2525 1552 2555 assidet
1579 2535 1651 2555 euin
1676 2524 1724 2555 eis
1748 2525 1787 2554 nd
1813 2533 1969 2555 mensam.
2016 2521 2075 2553 l-:st
2099 2520 2147 2554 of·

1173 2567 1326 2600 ticiosua.
1357 2574 1386 2597 1-1
1413 2578 1484 2599 1111111
1509 2569 1671 2599 sumitate
1693 2567 1833 2609 quadam
1864 2565 1897 2597 fit
1928 2566 2038 2597 socius
2062 2565 2147 2597 eius-

1173 2611 1244 2640 dem
1270 2610 1421 2640 0111111111.
