2324 2958
342 956 853 1060 POSTILLA
921 923 1889 1027 MELANTHONIANA.

251 1208 540 1252 DOMINICA
579 1209 607 1249 1.
648 1184 963 1247 ADVENTUs.

315 1332 589 1377 Evangelium
619 1332 817 1364 Matthaei
843 1332 896 1363 21.

122 1454 307 1495 &plicatio
342 1453 566 1484 Grammatica
593 1453 838 1490 vocabulorum,
878 1453 911 1482 in
944 1452 1098 1484 Historia

215 1497 380 1538 ι’πρνεεεηε
403 1496 530 1527 Christi
549 1497 582 1526 in
604 1495 712 1526 urbem
735 1495 1000 1535 Hierosolymam.

206 1580 375 1612 Vetustas·
399 1581 577 1611 nominavit
611 1580 677 1611 hoc
717 1587 862 1621 tempus,
900 1580 1098 1619 Adventum,

119 1630 156 1656 ut
177 1629 268 1655 esset
301 1623 509 1664 praeparatio
543 1623 585 1654 ad
607 1621 740 1653 Festum
764 1621 963 1654 Natalitium.
1015 1623 1099 1655 Sunt

120 1673 230 1699 autem
264 1666 408 1697 distincti
437 1666 600 1696 adventus
635 1664 769 1696 Christi.
825 1665 903 1696 ldeo
937 1664 1098 1697 lectiones

120 1719 255 1784 {noque
294 1707 518 1750 Evangelicae
562 1709 716 1739 diversae
757 1714 986 1749 proponuntur
1025 1709 1098 1739 istis

156 1752 323 1790 ominicis,
356 1752 475 1793 quibus
504 1752 546 1782 ab
570 1751 715 1782 adventu
737 1761 855 1782 nomen
879 1758 928 1782 est
953 1751 1099 1782 inditum.

208 1795 367 1826 Hodierni
389 1792 561 1836 Evangelii
583 1800 693 1825 textus
722 1792 868 1835 loquitur
891 1795 933 1825 de
955 1795 1101 1825 adventu

123 1849 182 1871 seu
214 1840 368 1879 ingressu
398 1836 519 1868 Christi
548 1837 580 1867 in
615 1838 728 1868 urbem
760 1836 1024 1879 Hierosolymam
1058 1837 1100 1868 ad

123 1882 323 1924 patiendum.
368 1880 490 1911 Postea
517 1880 665 1922 sequitur
694 1878 793 1910 lectio
820 1881 861 1911 (le
890 1881 1033 1911 adventu
1058 1880 1100 1910 ad

123 1924 340 1957 novissimum
363 1924 525 1954 iudicium.
578 1922 802 1964 sequentibus
830 1924 960 1954 duabus
988 1921 1101 1953 Domi-

124 1968 208 1999 nicis
232 1967 340 2009 agitur
361 1967 402 1997 de
424 1967 569 1997 adventu
592 1965 714 1997 Christi
743 1966 785 1997 ad
809 1966 1102 2007 praedicationem,

125 2011 180 2043 ubi
210 2009 244 2040 fit
269 2007 365 2040 simul
393 2010 513 2040 mentio
543 2009 697 2040 lobannis
720 2008 908 2050 Baptistae,
955 2009 1008 2050 qui
1042 2007 1103 2040 suit

149 2062 325 2084 raecursor
354 2051 476 2083 Christi
509 2053 541 2083 in
568 2052 748 2083 ministerio
784 2052 861 2083 novi
891 2051 1103 2083 Testamenti.
1128 2058 1131 2065 '

154 2096 270 2127 andem
294 2096 326 2125 in
349 2095 421 2136 ipso
447 2093 534 2126 sesto
558 2094 711 2126 Natalitio
742 2096 936 2136 proponitur
965 2095 1103 2126 historia
1128 2108 1130 2113 ⁴

125 2139 288 2170 adventus
311 2149 369 2168 seu
394 2137 581 2169 Nativitatis
604 2137 726 2169 Christi
750 2138 782 2169 in
806 2148 951 2169 carnem.

127 2274 257 2299 narum.
304 2267 374 2298 Hoc
398 2272 522 2297 tantum
544 2275 674 2304 moneo,
698 2266 798 2298 filium
812 2265 875 2298 Dei
898 2267 974 2297 inde
996 2275 1102 2308 usque

127 2311 170 2342 ab
205 2311 297 2341 initio
332 2309 469 2340 missurn
504 2307 609 2340 fuisse
641 2310 683 2341 ad
705 2308 908 2347 Ecclesiam,
939 2310 982 2340 ad
1012 2316 1102 2350 pate·

127 2352 314 2385 faciendum
350 2351 575 2394 Evangelium.
639 2351 680 2382 Et
737 2363 900 2394 uanqnam
938 2352 1014 2383 anni
1044 2362 1104 2383 seu

129 2403 278 2437 tempora
302 2395 466 2432 diffemnt,
501 2394 688 2425 Nativitatis
724 2395 846 2434 ,ln-isti,
881 2401 913 2426 et
936 2396 1104 2436 praedica·
1129 2395 1131 2402 '

130 2439 229 2470 tionis
260 2439 330 2470 eius
353 2439 385 2469 in
410 2448 522 2475 came,
556 2443 587 2469 et
611 2438 791 2478 passionis:
823 2445 931 2469 tamen
956 2449 1103 2478 compre-

132 2523 322 2562 Adventus‚
349 2533 409 2554 seu
432 2523 598 2554 missionis
622 2522 742 2554 Clnisti
771 2525 813 2555 ad
836 2524 1103 2556 humiliationem.

132 2567 306 2598 Adventus
330 2576 409 2597 vero
432 2566 473 2596 ad
496 2564 640 2597 ultimum
664 2566 816 2598 iudicium
844 2569 901 2599 fiet
929 2568 969 2598 ad
994 2574 1104 2598 osten-

133 2610 272 2642 dendam
305 2607 442 2651 gloriam
476 2608 618 2647 Christi,
651 2615 684 2640 et
716 2608 845 2643 finalem
877 2609 1104 2643 liberationem

290 2679 435 2700 numm.
443 2677 523 2698 OPKB,
537 2677 600 2697 VOh.
613 2677 689 2696 XXIV.

1146 1198 1322 1232 Ecclesiae
1345 1197 1583 1241 glorificandae
1601 1198 1633 1228 in
1659 1203 1729 1228 tota
1758 1196 1965 1228 aeternitate.
2009 1195 2052 1227 Et
2074 1196 2124 1227 sic

1146 1242 1335 1284 Prophetae
1357 1240 1468 1272 solent
1490 1241 1681 1272 discernere
1703 1239 1866 1271 adventus
1891 1237 2026 1269 Christi.
2059 1238 2123 1269 Lo·

1148 1292 1292 1327 quuntur
1321 1285 1406 1315 enim
1438 1282 1521 1315 alias
1555 1283 1595 1314 de
1629 1281 1756 1313 Messia
1790 1280 1959 1314 humiliato
1993 1290 2035 1312 ac
2066 1291 2124 1322 pa·

1140 1329 1272 1359 tientet
1311 1326 1395 1358 alias
1436 1326 1477 1358 de
1516 1331 1676 1368 regnante
1717 1325 1827 1356 divina
1868 1324 2015 1365 potentia
2046 1330 2125 1364 post

1148 1369 1435 1413 glorificationem,
1457 1379 1518 1400 seu
1540 1368 1824 1399 resuscitationem
1847 1377 1887 1398 ex
1911 1372 2026 1397 morte.

1236 1412 1348 1444 Iudico
1383 1418 1491 1443 autem
1515 1410 1638 1442 utiliter
1669 1411 1796 1441 moneri
1824 1409 1992 1447 homines.
2028 1409 2125 1439 etiam

1150 1457 1191 1487 de
1212 1457 1318 1496 prima
1340 1456 1497 1487 missione
1519 1453 1575 1485 filii
1587 1453 1651 1484 Dei
1673 1453 1715 1483 ad
1738 1451 1999 1494 patefaciendum
2018 1451 2126 1482 Evan-

1151 1497 1272 1540 gelium
1312 1508 1345 1529 et
1382 1497 1424 1528 ad
1458 1495 1677 1538 colligendam
1710 1493 1895 1527 Ecclesiam
1929 1505 1970 1525 ex
2003 1502 2127 1535 genere

1151 1542 1294 1572 humano
1307 1541 1459 1571 omnibus
1481 1538 1696 1580 temporibus,
1719 1538 1817 1568 etiam
1836 1543 1913 1568 ante
1930 1536 2128 1576 assumptio-

1151 1593 1227 1615 nem
1256 1588 1394 1614 naturae
1427 1581 1599 1613 humanae.
1661 1580 1723 1611 Hic
1756 1580 1918 1611 adventus
1952 1580 2060 1620 coepit
2093 1579 2127 1609 in

1151 1625 1323 1657 Paradiso.
1357 1624 1441 1660 Quia
1465 1625 1550 1663 λόγος
1573 1633 1634 1655 seu
1656 1623 1744 1655 filius
1759 1623 1818 1653 Dei
1842 1623 1915 1663 ipse
1936 1620 2127 1663 alloquutus

1152 1674 1205 1699 est
1230 1667 1332 1698 Adam
1356 1667 1442 1698 edita
1464 1667 1703 1707 promissione,
1736 1665 1854 1696 Semen
1878 1663 2024 1696 mulieris
2049 1674 2128 1694 eon-

1153 1709 1298 1742 culcabit
1332 1715 1430 1750 caput
1463 1709 1640 1749 serpentis:
1676 1708 1718 1739 Et
1751 1713 1891 1738 sonante
1925 1707 1990 1738 hoc
2024 1707 2129 1737 verbo

1153 1759 1314 1790 externo,
1349 1753 1434 1783 idem
1469 1752 1555 1791 λόγος
1590 1752 1678 1782 intus
1713 1749 1773 1781 suit
1807 1748 1926 1781 efficax
1960 1750 1993 1780 in
2028 1750 2130 1780 cende

1153 1796 1247 1828 Adae
1271 1801 1303 1826 et
1326 1795 1418 1825 Evae
1447 1801 1480 1826 et
1507 1792 1735 1825 consolatione
1761 1793 1864 1824 erexit
1889 1802 1961 1830 eOS,
1992 1801 2034 1822 ne
2057 1801 2129 1823 rue-

1153 1845 1227 1870 rent
1249 1839 1282 1868 in
1306 1845 1472 1868 aeternam
1493 1843 1638 1868 mortem.
1675 1837 1797 1867 Postea
1814 1834 1868 1866 hic
1891 1835 1976 1874 λόγος
1999 1844 2130 1875 semper

1153 1880 1258 1916 adsuit
1279 1879 1470 1918 Ecclesiae,
1499 1886 1533 1910 ut
1560 1886 1651 1910 recte
1681 1879 1836 1909 irenaeus
1867 1879 1964 1908 dixit:
1998 1875 2130 1908 locutus

1154 1931 1206 1955 est
1229 1934 1303 1955 cuin
1326 1923 1493 1960 Patribus,
1517 1928 1549 1953 et
1568 1921 1671 1953 adluit
1694 1922 1742 1952 eis
1771 1922 1802 1952 in
1826 1920 2033 1962 gravissimis
2059 1929 2129 1950 cer·

1154 1967 1341 1998 taminibus.
1376 1964 1489 1997 Adfuit
1507 1965 1599 1996 Noae
1619 1966 1650 1995 in
1671 1974 1763 2001 arca,
1785 1962 1943 1994 Abrahae
1965 1963 1996 1993 in
2020 1961 2131 2000 exilio,

1155 2009 1295 2051 losepho
1318 2010 1351 2040 in
1375 2018 1521 2045 carcere,
1544 2006 1675 2038 Danieli
1698 2007 1782 2037 inter
1805 2005 1931 2037 leones.

1242 2052 1332 2083 llaec
1360 2057 1518 2092 perpetua
1547 2050 1660 2081 missio
1691 2048 1744 2080 filii
1776 2048 1837 2080 Dci
1872 2049 1914 2080 tul
1944 2046 2128 2079 Ecclesiam

1155 2095 1231 2126 inde
1254 2104 1359 2135 usqne
1381 2095 1422 2124 ab
1446 2094 1536 2125 initio
1559 2103 1624 2124 non
1649 2098 1699 2124 est
1723 2091 1912 2123 omittenda.
1959 2089 2000 2120 Et
2024 2099 2128 2130 saepe

1129 2138 1368 2180 ¹cogitandum
1402 2143 1453 2168 est
1486 2137 1527 2167 de
1560 2135 1695 2166 assidua
1733 2134 1920 2175 praesentia
1962 2132 2018 2163 filii
2051 2131 2127 2169 Dei,

212 2181 288 2212 Non
313 2179 390 2212 volo
414 2187 524 2212 autem
548 2180 716 2222 disputare
745 2181 899 2212 subtilius
931 2181 971 2212 de
995 2181 1102 2212 distri·
1156 2191 1240 2223 quae
1264 2181 1405 2222 pertinet
1441 2177 1668 2210 universaliter
1697 2179 1739 2209 ad
1766 2176 1950 2208 Ecclesiam
1987 2175 2130 2207 omnium

126 2225 261 2256 butione
295 2222 351 2255 illa
380 2224 603 2261 adventuum,
637 2234 721 2265 quos
755 2231 886 2255 veteres
919 2224 969 2254 sic
1002 2224 1130 2255 nomi-'

1155 2230 1355 2265 temporum:
1378 2221 1432 2253 De
1454 2232 1519 2263 qua
1542 2222 1673 2252 dieitur:
1704 2220 1760 2252 ubi
1783 2221 1848 2250 duo
1879 2224 1934 2249 aut
1960 2224 2028 2248 tres
2052 2227 2132 2248 con-

1156 2267 1284 2309 gregati
1307 2272 1383 2296 sunt
1408 2265 1586 2296 innomine
1608 2273 1694 2301 ineo,
1718 2272 1775 2293 ero
1800 2263 1832 2292 in
1851 2261 1958 2292 medio
1972 2261 2130 2301 ipsorum.

1128 2338 1130 2341 ,
1156 2310 1245 2348 item,
1275 2308 1348 2350 Ego
1371 2317 1443 2339 sum
1472 2308 1643 2339 vobiscum
1673 2315 1779 2347 usque
1807 2304 1850 2335 ad
1879 2303 2131 2335 consummatio—

1156 2363 1229 2384 nem
1253 2349 1367 2383 seculi.

1243 2394 1315 2426 Hac
1358 2393 1546 2434 praesentia
1591 2401 1651 2423 nos
1699 2400 1855 2432 quoque;
1906 2389 2128 2424 consolemur,

1130 2453 1131 2467 ι
1156 2438 1300 2469 sciamus
1330 2436 1430 2468 filium
1465 2435 1528 2466 Dei
1556 2445 1642 2466 nunc
1670 2435 1804 2474 quoque
1843 2432 2016 2463 nobiscnm
2040 2439 2129 2467 esse,

129 2479 228 2512 hendi
261 2481 324 2513 ista
357 2490 459 2521 opera
489 2481 596 2511 omnia
625 2486 765 2520 possunt
791 2483 853 2512 sub
882 2480 1104 2523 appellatione
1130 2498 1131 2502 =

1156 2487 1189 2512 et
1212 2481 1382 2511 audiamus
1416 2477 1649 2521 Evangelium,
1683 2485 1743 2516 per
1775 2475 1865 2515 quod
1899 2472 1969 2506 vult
1993 2482 2068 2503 esse
2097 2473 2129 2502 in

1156 2524 1253 2555 nobis
1292 2521 1425 2554 efficax.
1488 2521 1578 2552 Haec
1617 2518 1782 2549 sufficiant
1823 2517 1864 2548 de
1908 2514 2128 2556 appellatione

1157 2567 1252 2598 huius
1276 2565 1444 2605 temporis.
1488 2563 1584 2594 Nunc
1606 2562 1752 2593 dicemus
1775 2560 1816 2592 de
1845 2558 2018 2591 vocabulis
2041 2565 2126 2599 quae

1156 2615 1234 2641 sunt
1255 2609 1287 2640 in
1310 2608 1470 2640 hodierno
1493 2611 1594 2638 textu.
1929 2644 1941 2667 ¹
