2324 2958
114 157 182 190 909
347 173 356 181 .
527 130 537 138 ⁴
801 152 1019 186 POSTILLA
1041 151 1436 187 MELa-NTHONIANA.
2053 155 2118 186 910

203 251 301 287 Quod
334 256 443 282 autem
474 250 508 280 in
542 247 606 279 hac
639 247 778 279 historia
811 252 876 278 tam
909 246 1013 288 longa
1040 249 1092 277 est
1144 244 1220 277 cula
1250 244 1328 276 facit
1356 246 1469 284 Deus,
1504 255 1537 279 ut
1567 249 1730 285 sciamus,
1764 250 1851 291 quod
1881 250 1953 290 ipse
1975 249 2062 280 adsit
2085 249 2117 280 in

116 294 317 327 enumeratio
351 292 512 335 gentium:
545 300 585 322 ea
618 290 661 321 ad
689 289 778 321 hunc
801 289 899 320 finem
922 290 1090 326 recitatur,
1143 287 1314 326 Ecclesia,
1344 295 1375 319 et
1404 295 1438 320 ut
1465 291 1608 321 sciamus
1631 291 1717 323 hanc
1739 292 1843 332 ipsam
1866 292 2049 323 doctrinam
2075 292 2117 322 ab

115 342 150 370 ut
166 336 319 368 ostendat
330 334 516 367 Ecclesiam
534 342 610 365 esse
625 331 760 374 publice
777 331 951 364 collectam
969 340 1089 373 magno
1142 331 1214 372 ipso
1238 331 1390 362 traditam
1409 341 1494 362 esse.
1540 332 1707 364 Debemus
1728 334 1886 375 cogitare,
1904 334 2011 365 Deum
2031 343 2118 372 esse,

115 389 264 411 numero,
315 377 494 409 Adduntur
523 382 556 408 et
579 373 755 413 miracula,
782 385 868 416 quae
896 374 986 406 facta
1013 378 1090 405 sunt
1142 374 1197 415 qui
1220 373 1393 404 nobiscum
1422 372 1575 414 loquitur.
1625 375 1699 406 Non
1731 377 1915 418 cogitemus
1939 377 1971 407 in
1994 375 2117 417 angulo

115 423 148 453 in
169 421 328 453 missione
350 420 492 461 Spiritus
519 417 644 456 sancti,
673 417 793 459 quibus
822 417 900 448 moti
926 422 1004 448 sunt
1031 415 1089 447 ho·
1142 415 1250 447 Deum
1278 415 1425 447 locutum
1453 426 1547 454 esse,
1581 423 1613 448 et
1641 417 1860 449 revelationes
1888 420 1958 450 eius
1988 420 2029 450 ad
2054 429 2118 450 nos

115 465 238 502 mines,
272 470 308 494 ut
341 463 558 504 adiungerent
590 470 628 492 se
660 458 850 491 Ecclesiae:
883 465 919 490 ut
948 469 1022 491 cum
1055 458 1089 490 in
1141 456 1222 490 nihil
1252 459 1426 499 pertinere.
1484 458 1551 489 lmo
1581 469 1661 490 vero
1689 461 1732 491 ad
1760 471 1822 491 nos
1846 461 1995 503 singulos
2019 462 2117 502 perti—

115 512 208 539 textu
230 506 364 538 dicitur:
399 505 550 535 Andium
577 514 630 533 eos
657 502 814 543 loquentes
836 503 952 532 nostris
974 501 1090 541 linquis
1141 506 1236 539 nent,
1270 511 1356 542 quae
1385 502 1538 532 dicuntur
1565 502 1597 532 in
1626 504 1900 542 promissionibus
1931 511 1961 535 ct
1987 505 2117 535 commi-

113 549 271 589 maynalia
292 548 366 578 Dei.
1140 544 1327 575 nationibus
1350 544 1480 575 divinis.

199 591 316 633 Neque
337 600 418 622 vero
440 599 524 631 opus
546 595 597 620 est
614 587 716 630 longa
741 586 975 625 declaratione,
991 585 1089 628 quale
1227 586 1383 628 Sequitur
1416 593 1524 618 textus
1561 586 1674 618 loelis:
1720 589 1891 627 Effundam
1927 590 1967 620 de
1997 590 2118 629 Spiritu

113 634 212 666 fuerit
230 633 295 666 hoc
313 631 524 669 miracul-,mu
544 630 604 663 fuit
621 631 743 662 donum
761 629 955 672 linguarum.
991 629 1089 664 Quod
1140 638 1210 661 meo
1231 639 1330 670 super
1351 639 1473 661 onmem
1495 632 1653 668 carnem]
1699 629 1778 661 Erat
1798 630 2004 662 manifestum
2024 632 2117 662 mira-

112 678 220 718 ipsum
243 683 353 708 tamen
376 674 477 717 aliqui
499 672 685 706 calumniati
707 679 799 705 sunt:
823 672 986 703 Dixerunt
999 672 1088 712 Apo·
1141 671 1249 704 culum
1271 672 1384 703 missio
1408 672 1550 714 Spiritus
1573 673 1699 710 sancti,
1722 679 1752 703 et
1777 674 1897 704 donum
1921 673 2116 715 linguarum,

113 718 221 752 stolos
244 725 368 751 tantum
390 717 523 750 locutos
545 726 623 747 esse
646 726 707 748 sua
728 714 840 757 lingua
857 715 1032 749 Hebraica,
1056 720 1088 746 et
1141 720 1174 746 et
1196 713 1298 746 multa
1321 714 1386 746 alia
1410 713 1570 746 miracula
1589 717 1845 747 concurrebant:
1870 722 1976 747 tamen
1997 716 2116 747 Petrus

112 763 155 794 ab
194 763 346 794 omnibus
384 759 571 792 intellectos
611 769 705 795 esse3
744 759 838 800 quasi
877 757 1089 799 loquerentur
1141 758 1290 799 adiungit
1312 758 1498 789 testimonia
1521 758 1726 799 Scripturae:
1757 759 1843 789 sicut
1866 760 1961 789 ctiam
1985 760 2016 789 in
2041 769 2116 789 con-

111 804 236 847 linguis
259 803 385 836 illarum
409 803 568 845 gentium:
598 808 652 840 ut,
682 811 878 843 quamquam
901 800 1019 831 Petrus
1042 798 1088 831 lo·
1114 823 1117 831 .
1141 801 1294 831 versione
1325 799 1482 832 Cornelii.
1533 800 1617 831 Nam
1649 808 1680 832 et
1703 801 1747 831 ibi
1770 807 1863 832 erant
1885 800 2060 833 miracula:
2086 809 2117 832 ct

113 855 209 880 cutus
239 848 281 878 sit
310 857 372 878 sua
399 845 510 887 lingua
538 843 720 881 Hebraica,
748 849 857 875 tamen
881 844 992 874 dicunt
1014 853 1088 874 eum
1141 849 1250 874 tamen
1272 843 1419 885 adiungit
1442 843 1628 875 testimonia
1648 843 1897 884 Prophetarum.
1955 844 2039 875 Citat
2066 845 2117 875 hic

113 888 316 922 intellectum
339 899 417 920 esse
439 890 480 919 ab
505 888 656 919 omnibus
680 897 741 918 sua
764 887 909 928 ipsorum
932 885 1055 927 lingua.
1143 884 1338 926 Prophetam
1378 886 1568 918 recitantem
1601 887 1853 927 promissionem
1887 887 1971 918 Novi
2006 887 2117 918 Testa-

185 932 268 963 'Sed
291 932 497 963 sentiendum
527 937 577 962 est
600 928 789 971 Apostolos
819 939 936 960 revera
958 927 1089 960 locutos
1141 929 1260 966 menti,
1294 935 1327 960 et
1358 928 1446 960 illius
1474 930 1601 960 aeterni
1629 929 1722 970 regni
1746 930 1930 970 propriam.
1964 929 2117 961 videlicet

111 985 189 1007 esse
212 985 279 1006 non
302 985 364 1006 sua
387 980 526 1012 tantum,
545 974 606 1004 sed
629 972 765 1004 aliarum
789 981 922 1013 quoque
945 971 1089 1012 gentium
1141 971 1182 1002 de
1211 972 1388 1003 donatione
1419 972 1560 1013 Spiritus
1591 973 1709 1003 sancti.
1762 972 1804 1003 Et
1834 973 1930 1004 docet
1954 972 1983 1003 h«
2000 984 2018 1004 c
2041 982 2117 1004 esse

110 1016 245 1060 linguis.
295 1017 405 1048 Credo
432 1017 567 1048 Petrum
596 1026 670 1046 cum
698 1013 854 1046 Cornelio
883 1014 1011 1045 Graece
1040 1013 1089 1044 lo-
1141 1021 1285 1055 tempuS,
1309 1025 1374 1055 quo
1393 1015 1457 1046 ista
1481 1014 1576 1053 fiant,
1600 1024 1683 1056 quae
1705 1016 1876 1056 praedicta
1896 1023 1981 1047 sunt.

111 1067 224 1092 cutum
254 1070 349 1096 esse3
378 1060 452 1101 quia
476 1059 615 1090 Romani
641 1059 797 1090 tenebant
818 1056 964 1098 linguam
988 1056 1088 1087 Grae-
1225 1056 1328 1088 Recte
1353 1064 1384 1088 et
1408 1058 1525 1088 dextre
1548 1058 1625 1089 citat
1647 1057 1857 1099 Prophetam.
1903 1057 1991 1089 Dicit
2011 1058 2115 1089 initio:

111 1112 202 1140 cam,
225 1113 309 1144 quae
333 1110 402 1134 erat
427 1102 545 1134 usitata
576 1102 608 1132 in
631 1101 735 1142 Syria.
788 1099 896 1131 Credo
920 1109 986 1129 non
1009 1108 1087 1130 esse
1140 1098 1204 1130 hoc
1227 1100 1291 1130 iam
1315 1099 1402 1138 fieri,
1425 1100 1514 1141 quod
1538 1101 1581 1131 sit
1603 1100 1724 1131 dictum
1748 1101 1778 1131 in
1802 1101 1987 1141 prophetis:
2011 1108 2041 1132 et
2065 1111 2116 1132 or-

109 1155 205 1176 usum
228 1144 284 1176 illa
306 1144 419 1186 lingua
442 1143 591 1185 vulgari,
620 1154 685 1185 qua
709 1141 879 1173 israelitae
902 1143 1088 1179 utebantur,
1141 1142 1227 1173 ditur
1256 1142 1298 1172 ab
1326 1140 1384 1173 illo
1412 1143 1486 1182 ipso
1517 1143 1676 1174 beneficio
1706 1143 1897 1185 Evangelii,
1928 1145 2016 1185 quod
2040 1154 2114 1185 pro—

112 1198 210 1229 quam
244 1194 365 1219 vocant
395 1187 616 1220 Chaldaicam,
647 1186 679 1216 id
709 1190 776 1221 est,
812 1184 1008 1215 Hebraicam
1031 1183 1088 1214 ali·
1140 1184 1275 1215 missum
1305 1191 1373 1223 est,
1402 1184 1555 1217 videlicet
1585 1196 1604 1216 a
1634 1187 1809 1218 donatione
1833 1187 1974 1228 Spiritus
1999 1187 2114 1217 sancti.

111 1229 304 1272 quantulum
339 1235 542 1270 corruptam:
581 1228 673 1259 Sicut
706 1237 793 1258 nunc
827 1226 940 1258 Italica
973 1225 1087 1267 lingua
1140 1227 1235 1262 Quae
1257 1238 1331 1258 cum
1354 1229 1558 1266 nominatur,
1580 1230 1689 1260 onmia
1712 1229 1981 1270 complectimini,
2005 1230 2116 1260 remis-

110 1279 222 1313 potest
245 1273 308 1303 dici
327 1272 463 1309 Latina,
490 1271 551 1302 sed
581 1276 744 1311 corrupta.
801 1270 925 1301 Secuta
954 1276 1004 1300 est
1032 1267 1087 1300 illa
1140 1270 1266 1301 sionem
1288 1277 1518 1311 peccatorum,
1541 1272 1787 1313 imputationem
1810 1273 1969 1310 iustitiae,
1995 1273 2115 1303 donum

110 1315 278 1356 corruptio
302 1313 436 1356 linguae
463 1314 648 1346 Hebraicae
678 1319 755 1354 post
783 1313 923 1344 reditum
952 1322 994 1343 ex
1023 1311 1087 1342 Ba·
1140 1313 1280 1353 Spiritus
1309 1315 1433 1352 sancti,
1465 1320 1497 1344 et
1520 1315 1607 1345 vitae
1629 1321 1794 1345 aeternae.
1852 1315 1917 1346 lsta
1941 1315 2049 1346 onmia
2073 1316 2115 1346 si-

108 1356 252 1399 bylone,
282 1368 351 1386 mem
379 1357 450 1386 hats
475 1360 624 1396 yemenyt.
670 1354 869 1396 Plerumque
891 1355 1088 1386 addiderunt
1139 1354 1207 1386 mul
1230 1356 1439 1388 eontinentur
1462 1357 1558 1387 etiam
1582 1357 1612 1387 in
1637 1357 1702 1388 hoc
1726 1358 1831 1394 dicto,
1862 1358 1994 1399 quando
2023 1357 2115 1389 Chri-

108 1401 142 1431 in
166 1400 231 1431 fine
254 1400 438 1438 nominum,
473 1398 624 1430 vocalem
654 1401 701 1432 A,
732 1404 767 1429 ut
797 1397 887 1432 Ενεε,
922 1397 1087 1428 Hebraice
1139 1404 1209 1429 stus
1244 1399 1336 1429 dicit:
1372 1400 1474 1431 Sinite
1496 1402 1652 1439 parandos
1679 1401 1723 1431 ad
1751 1411 1798 1432 me
1827 1403 1952 1441 renim,
1988 1402 2116 1433 illorum

110 1449 162 1474 est
185 1446 285 1481 terra,
315 1441 429 1484 lingua
451 1440 633 1474 Chaldaica
655 1445 750 1473 artza.
804 1440 885 1479 Ciplz
907 1446 957 1471 est
975 1444 1086 1479 petr-113
1138 1446 1189 1472 est
1214 1451 1348 1481 regnum
1375 1445 1544 1474 coelorum.
1594 1442 1699 1473 Nemo
1729 1449 1779 1474 est
1806 1444 1837 1474 in
1868 1453 1973 1485 regno
2003 1443 2115 1475 coelo-

111 1484 289 1517 Chaldaice
314 1485 430 1524 Cepha.
482 1487 526 1518 Es
549 1488 591 1516 ist
611 1494 648 1516 so
670 1489 742 1516 eme
759 1484 860 1522 ,qrobe
878 1484 1087 1523 frenels-isam
1138 1495 1228 1521 rum,
1257 1485 1319 1515 nisi
1348 1483 1467 1516 habeat
1495 1485 1724 1516 remissionem
1746 1492 1975 1527 pcccatorum,
2005 1492 2036 1517 ct
2056 1487 2114 1518 im-

109 1527 306 1560 afformatio.
1137 1533 1282 1567 putatam
1304 1528 1469 1567 iustitiam,
1487 1534 1519 1558 et
1541 1528 1605 1559 nisi
1624 1529 1666 1560 sit
1685 1529 1828 1560 donatus
1848 1530 1967 1569 Spiritu
1986 1537 2113 1562 sancto.

195 1571 299 1602 Nobis
330 1569 454 1602 nullum
483 1572 614 1602 dubium
645 1579 721 1600 esse
745 1569 859 1607 debet,
890 1569 966 1610 quin
990 1569 1086 1599 mira·
1138 1570 1212 1600 Non
1242 1571 1338 1611 igitur
1365 1569 1534 1611 pueriliter
1563 1577 1595 1601 et
1625 1570 1753 1602 exiliter
1780 1571 1961 1614 intelligite.
2006 1571 2114 1604 Multa

109 1612 219 1644 culum
249 1613 313 1645 hoc
341 1613 438 1644 suerit
468 1614 588 1645 donum
618 1612 812 1653 linguarum
869 1611 941 1643 Hoc
964 1612 1085 1642 donum
1137 1614 1167 1643 in
1193 1624 1257 1644 uno
1281 1614 1372 1644 brevi
1396 1614 1485 1644 dicto
1508 1614 1841 1654 comprehenduntur.

109 1656 166 1687 dat
189 1655 282 1687 Deus
306 1657 475 1693 omnibus,
498 1657 595 1687 etiam
620 1655 734 1693 hodie,
765 1655 892 1687 etiamsi
915 1664 982 1685 non
1001 1664 1086 1685 sem-
1223 1656 1298 1697 lpsa
1327 1657 1444 1695 concio
1476 1655 1572 1687 loelis
1602 1664 1652 1687 est
1682 1656 1779 1688 valde
1806 1657 1955 1698 pulchra.
2002 1659 2112 1697 Efflm·

108 1707 169 1740 pet·
197 1699 312 1730 eodem
349 1699 457 1730 modo.
514 1699 678 1729 Excitavit
708 1699 804 1729 etiam
834 1704 949 1728 nostra
976 1702 1085 1728 aetate
1136 1701 1210 1730 dam
1243 1700 1284 1730 (le
1317 1700 1441 1739 Spiritu
1470 1709 1549 1731 meo.
1606 1699 1663 1730 Est
1698 1699 1875 1740 Emphasis
1908 1701 1940 1731 in
1970 1701 2112 1732 dictione

109 1741 219 1772 studia
247 1740 431 1784 linguarum
460 1743 502 1773 ad
530 1742 618 1774 hunc
641 1742 747 1782 ipsum
772 1751 883 1778 usum,
913 1746 947 1771 ut
970 1739 1083 1782 legau-
1135 1744 1219 1773 Meo:
1251 1742 1327 1782 quia
1355 1742 1497 1783 Spiritus
1528 1749 1579 1773 est
1609 1741 1731 1783 aliquid
1755 1744 1795 1774 de
1819 1744 2004 1775 substantia
2028 1744 2111 1781 cius,

109 1789 163 1815 tur
185 1781 309 1815 sonteS.
354 1784 490 1816 Etiamsi
513 1794 627 1815 sumus
646 1784 755 1815 miseri
779 1784 949 1821 homines,
973 1789 1083 1814 tamen
1108 1806 1111 1813 ,
1136 1785 1228 1815 cuius
1253 1791 1302 1815 est
1326 1786 1476 1826 Spiritus.
1521 1784 1598 1816 Dixi
1622 1784 1704 1816 alias
1721 1787 1817 1817 vobis
1835 1787 1898 1818 ista
1916 1787 2112 1818 adumbrata

109 1826 292 1867 cogitemus
315 1836 392 1858 esse
414 1837 568 1870 magnum
593 1828 723 1859 bonum.
759 1827 819 1858 Est
841 1825 937 1857 valde
955 1836 1081 1867 parum,
1107 1825 1111 1862 ἶ
1135 1837 1211 1858 esse
1235 1828 1267 1858 in
1291 1835 1419 1859 natura.

110 1869 198 1910 quod
232 1879 295 1910 ego
330 1869 401 1900 scio
432 1871 473 1901 de
501 1869 641 1912 linguis,
674 1876 782 1901 tamen
811 1870 890 1900 tanti
918 1869 1024 1906 facio,
1047 1874 1082 1899 ut

108 1921 175 1943 non
206 1910 303 1943 velim
334 1922 449 1944 carere
477 1913 541 1943 ista
569 1911 859 1955 quantulacunque
882 1912 1083 1954 cogitatione
1285 1950 1290 1951 V

108 1964 170 1996 pro
193 1960 261 1986 toto
285 1965 400 1996 regno.
447 1955 559 1987 Malim
581 1957 704 1987 habere
722 1957 816 1987 istam
836 1955 1080 1997 cogitationem,
1106 1965 1107 1991 ς
1270 1951 1404 2000 Quare
1438 1951 1557 1991 Filius
1588 1952 1818 1991 nominatur
1849 1957 1978 2003 Myos-2

107 2007 207 2038 quam
240 2008 378 2039 regnunt
408 1999 617 2039 quantumvis
646 1998 837 2040 opulentum
861 2006 892 2029 et
916 2008 1080 2039 magnum.
1106 2011 1107 2016 ¹

107 2039 169 2071 Est
203 2039 300 2071 valde
329 2051 482 2083 magnum
512 2042 705 2073 beneficium
734 2043 855 2073 donum
884 2034 1107 2083 linguarun1,¹
1219 2042 1301 2077 Quia
1336 2043 1537 2084 cogitatione
1571 2043 1728 2074 nascitur.
1793 2042 1828 2073 ln
1865 2042 1996 2074 homine
2031 2049 2108 2074 sunt

107 2089 144 2114 ut
175 2084 288 2123 possis
323 2085 428 2121 scire,
463 2084 540 2125 quid
569 2085 609 2115 sit
638 2085 669 2115 in
698 2083 856 2116 fontibus.
907 2084 1080 2120 Quomodo
1133 2085 1216 2116 duae
1240 2086 1424 2127 potentiae,
1450 2095 1661 2127 cognoscens
1685 2092 1719 2116 et
1741 2084 1872 2116 volens:
1905 2084 1980 2116 illae
2011 2086 2108 2116 etiam

107 2132 217 2166 potest
247 2125 368 2167 aliquis
397 2137 474 2158 esse
505 2134 613 2158 certus
633 2127 674 2158 de
696 2128 862 2165 doctrina,
891 2129 918 2159 si
942 2137 1081 2169 prorsus
1105 2122 1108 2164 Ξ
1132 2135 1208 2159 sunt
1230 2129 1260 2158 in
1285 2127 1370 2159 Deo.
1417 2128 1500 2159 Sunt
1523 2127 1606 2160 hacc
1631 2130 1751 2169 optima
1775 2134 1807 2160 et
1830 2139 1968 2166 summa,
1988 2138 2108 2169 cogno-

108 2169 238 2210 ignoret
258 2168 392 2200 fontes?
442 2169 518 2201 Ideo
542 2170 670 2201 debetis
693 2180 802 2202 amare
826 2171 933 2202 studia
956 2169 1082 2212 lingua·
1105 2188 1108 2211 t
1132 2181 1226 2202 scere
1257 2177 1289 2201 et
1319 2170 1407 2202 velle
1438 2172 1468 2202 in
1493 2171 1566 2202 Deo
1590 2177 1621 2202 et
1647 2172 1807 2203 creaturis
1831 2170 2104 2212 intelligentibus:

106 2221 199 2247 rum;
222 2210 316 2243 Deus
339 2212 493 2243 excitavit
517 2223 557 2244 ea
579 2213 675 2244 nobis
698 2214 783 2245 hanc
811 2214 915 2255 ipsam
940 2215 982 2245 ob
1007 2223 1082 2244 cau·
1105 2217 1108 2258 f
1131 2212 1232 2244 Filius
1255 2215 1401 2246 nascitur
1424 2214 1633 2256 cogitatione.
1680 2214 1844 2255 Cogitatio
1868 2221 1917 2244 est
1941 2215 2107 2254 potentiae

107 2263 196 2292 sam,
217 2261 251 2286 nt
277 2254 427 2295 legamus
451 2253 571 2286 fontes.
1106 2283 1107 2291 ,
1132 2259 1383 2298 cognoscentis:
1408 2256 1506 2289 Pater
1524 2267 1600 2287 sese
1619 2257 1774 2294 intuetur,
1794 2263 1825 2287 et
1844 2258 1888 2288 ita
1907 2267 1944 2288 se
1963 2258 2106 2295 intuens,

193 2296 270 2328 ldeo
299 2304 407 2329 autem
437 2298 553 2329 recitat
582 2305 689 2330 textus
720 2299 783 2330 hoc
807 2297 1017 2337 miraculum,
1047 2305 1082 2330 ut
1106 2313 1107 2344 i
1132 2301 1237 2342 gignit
1265 2301 1454 2341 imaginem:
1489 2301 1565 2341 quia
1601 2300 1755 2340 cogitatio
1786 2298 1905 2330 format
1934 2301 2104 2341 imagines.

107 2340 278 2378 ostendat,
306 2342 393 2382 quod
422 2340 513 2372 Deus
543 2342 730 2373 testimonia
759 2342 858 2373 addat
886 2352 967 2373 suae
990 2352 1082 2374 reve·
1106 2356 1107 2368 t
1130 2342 1198 2373 lsta
1233 2350 1361 2384 oportet
1403 2350 1568 2383 utcunque
1609 2343 1767 2383 cogitari,
1808 2349 1841 2372 ut
1872 2343 2105 2374 discernantur

106 2380 238 2420 lationi,
266 2390 299 2414 ut
331 2384 492 2421 sciamus,
527 2384 615 2425 quod
643 2385 684 2415 sit
707 2385 833 2419 divinaz
858 2384 957 2416 faciat
980 2395 1081 2426 opera
1105 2370 1107 2421 ἔ
1131 2396 1303 2426 personae.
1361 2385 1454 2417 Deus
1488 2384 1556 2416 vult
1588 2395 1650 2415 nos
1681 2385 1786 2419 scire,
1822 2386 1909 2426 quod
1941 2386 2006 2416 sint
2036 2392 2104 2417 tres

105 2425 278 2463 inusitata,
313 2433 344 2457 nt
381 2427 525 2458 sciamus
560 2426 669 2458 Deum
702 2437 779 2459 esse
809 2429 1079 2468 omnipotentem,
1104 2425 1107 2451 ἵ
1130 2439 1294 2469 personae
1328 2429 1522 2464 divinitatis,
1562 2434 1591 2458 et
1627 2428 1715 2468 quod
1749 2427 1850 2459 Pilius
1885 2429 2104 2470 assumpserit

106 2468 309 2499 conditorem
333 2476 487 2508 naturae,
511 2471 563 2511 qui
588 2471 693 2511 possit
716 2477 842 2502 mutare
863 2477 1023 2509 naturam,
1048 2477 1080 2502 et
1104 2471 1105 2474 ’
1129 2471 1304 2503 humanam
1336 2478 1501 2507 naturam,
1530 2471 1569 2501 sii
1602 2469 1778 2505 Mediator,
1810 2471 1850 2501 sit
1874 2468 2012 2512 passus,
2037 2483 2102 2502 non

104 2511 213 2550 possit
236 2510 370 2543 efficere
397 2522 437 2543 ea
461 2523 545 2554 quae
568 2514 743 2553 promittit,
774 2515 858 2546 sicut
880 2513 999 2545 alicubi
1021 2515 1079 2545 ad·
1103 2517 1105 2542 ἒ
1129 2513 1246 2552 Pater,
1270 2525 1334 2545 non
1359 2514 1499 2553 Spiritus
1524 2518 1671 2544 sanctus.
1717 2512 1795 2544 Vult
1818 2523 1856 2545 se
1879 2515 2015 2555 agnosci
2039 2514 2102 2546 sre-

105 2552 185 2583 didit
218 2554 504 2586 resuscitationem
538 2562 758 2594 mortuorum,
792 2567 876 2598 quae
909 2564 961 2588 est
994 2567 1077 2597 opus
1103 2558 1105 2562 '
1128 2558 1291 2588 mentibus
1315 2563 1348 2588 et.
1375 2556 1558 2587 furentibus
1585 2555 1744 2594 diabolis,
1774 2555 2046 2589 tumultuantibus
2070 2564 2102 2588 et

103 2601 199 2626 extra
228 2597 376 2629 ordinem
405 2605 542 2629 naturae
572 2599 668 2630 nobis
690 2605 813 2631 notum.
868 2598 961 2632 Talia
983 2601 1078 2631 mira·
1102 2609 1104 2639 ξ
1128 2600 1394 2642 oppugnantibus
1418 2598 1604 2630 haereticis.
1646 2598 1725 2630 Vult
1745 2609 1807 2630 nos
1825 2600 2010 2631 confirmari
2036 2611 2102 2632 ma·
