2324 2958
135 169 173 200 17

133 261 351 305 Martyribus:
381 260 548 293 Laverunt
573 259 678 292 stolas
701 271 798 299 suas,
831 271 890 293 seu
915 273 1055 303 corpora
1078 263 1110 294 in

133 306 296 347 sanguine
317 305 407 346 agni,
428 304 461 335 id
485 311 547 341 est,
568 305 658 345 passi
681 310 758 335 sunt
780 314 846 335 una
870 315 942 335 cum
965 315 1065 347 agno.

219 347 350 378 Adsunt
372 353 404 378 et
428 347 609 384 Pharisaei,
635 348 688 387 qui
712 346 852 378 fremunt
877 354 908 378 et
938 347 1108 389 indignan-

816 167 1033 201 POSTLLLA
1052 167 1450 200 MELANTHOMANA.

1133 260 1138 274 Υ

2097 174 2137 205 18

1161 269 1194 293 et
1224 261 1388 293 terribiles
1417 264 1649 303 quassationes
1678 275 1736 296 seu
1760 266 2034 296 concursationes
2057 266 2135 297 stcl-

1160 304 1277 342 larum,
1300 313 1331 336 et
1351 303 1415 336 alia
1437 304 1603 336 horrenda
1626 306 1817 347 spectacula
1831 308 2134 348 praeternaturalia.

1160 347 1244 379 Nam
1267 348 1329 378 etsi
1353 346 1483 378 infausti
1507 349 1654 388 positus,
1683 350 1777 380 etiam
1803 361 1875 380 cum
1898 351 2018 381 usitato
2043 361 2136 383 natu-

133 396 196 427 tur,
219 390 387 420 Christum
411 390 460 420 sic
483 390 601 429 excipi,
626 396 660 420 ut
682 389 851 420 Messium.
877 389 915 420 Hi
935 389 1109 429 prohibent
1133 398 1135 423 t
1161 401 1218 421 rae
1253 390 1368 421 ordine
1398 397 1638 432 congruentes,
1669 393 1750 422 satis
1781 402 1853 423 sunt
1878 392 2068 431 horribiles,
2102 401 2135 425 et

132 431 378 464 confessionem
401 442 594 473 puerorum,
630 438 661 462 et
685 431 850 463 clamores
873 431 996 473 populi.
1042 433 1108 464 Sed

132 474 284 507 Christus
308 476 503 516 respondet:
537 475 571 505 Si
596 475 648 505 isti
672 476 851 511 tacuerint,
888 475 1014 515 lapides
1044 474 1108 505 cla-

130 519 276 551 mabunt.
301 518 331 548 id
356 524 417 555 est,
448 527 578 558 semper
602 518 753 548 excitabit
775 516 866 548 Deus
889 516 1031 558 aliquoS,
1054 519 1108 558 qui

130 561 302 592 veritatem
333 559 588 598 confitebuntur,
618 560 729 591 invitis
764 561 953 601 potentibus
990 567 1020 591 et
1055 571 1106 591 sa-

129 603 294 645 pientibus
319 602 417 634 huius
441 603 562 635 mundi.

217 645 309 677 lianc
332 646 506 685 inme-‚inem
530 655 631 686 saepe
655 646 849 676 intueamur.
875 652 907 676 et
927 646 1105 683 discamus,

1131 623 1133 651 j
1160 602 1387 634 ternanti-alis:

1161 433 1291 474 quidem
1314 434 1375 464 sub
1401 433 1496 464 linem
1521 434 1628 464 mundi
1653 435 1851 472 crebriores,
1875 443 1905 466 et
1920 434 2134 467 terribiliores

1159 482 1269 507 erunt:
1301 483 1409 506 tamen
1444 477 1544 507 credo
1567 483 1643 507 ante
1666 478 1881 509 novissimum
1904 479 2004 515 diem,
2039 480 2135 510 etiam

1160 519 1365 549 turbationes
1388 517 1517 550 futuras
1541 528 1618 549 esse
1642 519 1865 551 ordinatorum
1890 530 2046 559 motuum,
2071 523 2134 553 sic—

1160 568 1192 591 ut
1217 562 1248 591 in
1272 562 1426 601 passione
1450 560 1570 592 Christi
1595 560 1680 592 sacta
1703 568 1753 593 est
1775 561 1916 602 Eclipsis
1931 563 2018 595 Solis
2043 575 2135 604 prae-

1434 603 1473 634 Et
1507 602 1609 635 multa
1639 610 1716 645 puto
1741 604 1900 636 hactenus
1925 607 2019 637 etiam
2044 605 2134 638 sacta

1130 654 1133 661 ¹
1159 656 1235 677 esse
1258 647 1288 677 in
1313 646 1421 683 coelo,
1442 653 1572 686 praeter
1596 658 1800 678 communem
1824 654 1958 679 naturae
1972 649 2134 680 ordinem:

130 689 218 730 quod
243 681 459 720 Ecclesiasit
483 687 625 729 populns
645 689 776 719 obviam
800 688 989 729 procedens
1013 688 1106 720 Chri-
1130 717 1131 721 ,

1130 733 1131 738 ’
1158 731 1363 772 prehendere
1387 739 1537 772 possunt,
1558 733 1613 774 qui
1638 733 1742 763 sciunt
1769 732 1865 763 hodie
1884 734 2135 774 insignitcrmu-

1130 778 1132 782 ’
1158 782 1257 805 latam
1281 785 1357 805 esse
1382 774 1681 812 Eccentricitatem,
1718 776 1748 805 id
1772 781 1833 813 est,
1859 777 1957 806 interi
1967 775 2066 807 allum
2089 778 2134 807 in-

129 738 194 769 sto,
219 741 408 773 agnosce-is
433 730 531 763 fllium
557 730 635 769 Dei,
672 738 700 762 ct
727 731 789 761 tide
813 732 981 772 accipiens
1007 732 1105 762 bene-

128 774 203 805 ficia
226 775 315 811 eiu&
345 781 375 805 et
400 775 580 805 ostendens
605 774 701 805 iidem
726 772 949 812 consessione,
972 774 1105 805 invoca-

128 817 233 854 tione,
268 823 299 847 et
329 815 448 848 officiis
479 829 518 849 ac
543 817 652 848 studio
677 817 898 848 conservandi
925 817 1104 848 ministerii.
1130 846 1131 849 ,

127 859 202 890 Νοη
226 867 334 891 autem
365 859 586 897 offendamur,
622 861 709 901 quod
745 869 875 900 semper
908 867 982 890 sunt
1014 857 1131 890 multi:

126 901 331 944 hypocritae,
354 901 532 934 frementes
556 910 671 934 contra
694 902 864 939 Mes-siam,
886 903 1105 933 adversantes
1129 905 1131 910 ⁸

126 944 323 987 Evangelio,
348 952 529 976 metuentes
554 955 657 987 regno
681 956 760 976 suo:
793 945 859 976 Sed
894 943 1105 976 consolemur

127 998 201 1025 noS,
225 989 313 1029 quod
325 987 419 1019 Deus
445 988 519 1019 velit
541 998 681 1019 servare
694 986 893 1025 Ecclesiam,
915 998 1102 1028 quanquam

128 1037 179 1061 est
202 1030 379 1068 imbecilla,
404 1032 540 1068 infirma,
567 1031 742 1072 languida,
772 1040 831 1061 nec
854 1029 953 1061 habet
978 1031 1103 1071 praesi-

127 1073 179 1104 dia
204 1073 357 1104 humana.
404 1073 493 1111 item,
517 1075 602 1115 quod
628 1074 701 1104 Deo
725 1072 875 1113 placeant
901 1073 989 1103 initia
1015 1073 1101 1110 fidei,

129 1115 298 1147 confessio
321 1124 448 1154 nostra,
474 1123 502 1147 et
528 1118 646 1147 caeteri
668 1114 787 1153 cultus,
811 1126 872 1147 seu
896 1125 1008 1156 opera,
1034 1116 1103 1157 qui-

128 1158 190 1189 bus
214 1159 385 1190 studemus
420 1170 538 1190 ornare
570 1157 708 1201 gloriam
733 1158 875 1195 Christi,
909 1165 941 1189 et
974 1160 1103 1189 servire

1126 1122 1130 1196 ἰ

1159 689 1251 723 Quae
1275 690 1335 720 etsi
1362 688 1479 730 vulgus
1503 700 1569 720 non
1593 692 1761 727 observat,
1785 697 1891 721 tamen
1915 691 2061 722 artifices
2080 693 2134 722 de-

1158 824 1207 848 ter
1248 823 1395 848 centrum
1440 819 1560 855 mundi,
1584 824 1615 848 et
1641 825 1787 849 centrum
1811 818 1997 850 Eccentrici
2044 820 2134 850 orbis

1156 859 1290 891 solaris.

1243 902 1335 938 Quae
1360 912 1414 933 res
1439 901 1587 943 profecto
1611 903 1826 934 admiratione
1850 904 1950 945 digna
1974 911 2036 935 est.
2069 904 2135 936 Du-

1158 946 1250 976 bitari
1275 946 1357 976 enim
1380 952 1507 986 potest,
1531 953 1639 977 utrum
1664 953 1799 986 propter
1821 953 1988 977 :senectam
2013 948 2134 985 mundi,

1155 989 1249 1029 quasi
1273 989 1422 1019 subsidat
1451 987 1596 1026 coelum,
1647 987 1803 1029 paulatim
1838 996 1950 1020 ruente
1974 999 2034 1021 scu
2058 1000 2135 1021 con-

1154 1033 1346 1061 tabescente
1371 1038 1487 1062 natura
1512 1041 1634 1062 rerum:
1659 1032 1711 1062 An
1743 1042 1821 1062 vero
1845 1032 1989 1062 inferiori
2014 1033 2136 1064 mundo

1154 1079 1309 1114 tanquam
1332 1073 1463 1111 effoeto,
1487 1080 1518 1105 et
1541 1075 1626 1104 sicut
1649 1075 1683 1104 fit
1700 1075 1729 1104 in
1746 1073 1905 1106 senilibus
1923 1076 2131 1114 corporibus,

1154 1117 1260 1157 magis
1288 1117 1461 1157 magisque
1489 1116 1744 1158 languescente,
1779 1128 1863 1157 opus
1900 1118 1940 1148 sit
1977 1119 2132 1149 viciniore

1154 1160 1264 1199 positu
1287 1158 1376 1190 Solis
1406 1170 1478 1190 eum
1502 1158 1655 1190 foventis.
1702 1160 1784 1190 Nam
1816 1159 1877 1191 boc
1904 1168 2049 1201 tempore
2072 1159 2132 1191 Sol

125 1199 314 1237 Ecclesiae,
356 1202 482 1232 etiamsi
523 1207 573 1232 est
607 1211 727 1243 magna
766 1202 941 1232 infirmitas
976 1208 1102 1238 nostra,
1127 1197 1129 1226 ἱ
1153 1202 1289 1243 propior
1319 1208 1370 1232 est
1401 1203 1517 1240 terris,
1549 1213 1646 1243 quam
1679 1201 1739 1233 fuit
1765 1202 1941 1244 Hipparchi
1967 1211 1997 1234 et
2022 1202 2132 1234 Ptolo—

125 1244 210 1274 sicut
233 1243 328 1274 etiam
359 1242 512 1285 Apostoli
536 1253 567 1275 et
597 1242 650 1275 alii
675 1243 802 1285 plurimi
827 1245 859 1274 in
890 1243 955 1275 hoc
979 1243 1102 1285 populo

125 1284 311 1317 habuerunt
353 1285 471 1318 multas
507 1287 680 1328 opiniones
720 1287 966 1324 incommodas,
1011 1287 1104 1318 multi
1127 1286 1129 1328 ξ
1153 1287 1315 1318 tricitatis.

124 1329 221 1360 etiam
244 1334 362 1369 postea
381 1330 411 1360 in
435 1330 592 1370 passione
614 1341 679 1361 non
704 1331 784 1361 satis
808 1330 891 1360 firmi
916 1330 1049 1361 fuerunt
1072 1330 1103 1360 in

125 1370 348 1403 confessione.
401 1372 485 1407 Quia
520 1373 552 1403 in
588 1372 652 1403 hac
688 1374 752 1404 vita
782 1373 877 1403 etiam
911 1373 942 1404 in
978 1373 1102 1404 sanctis

126 1423 256 1454 semper
280 1421 388 1445 manet
412 1413 547 1446 multum
571 1414 839 1455 imperfectionis.

321 1533 543 1566 DoMtNlCA
568 1534 604 1565 ΙΙ.
652 1533 904 1565 ADVENTUS.

360 1618 626 1662 Evangelium
648 1619 782 1651 Lucae
804 1619 863 1649 21.

207 1711 361 1743 Narratio
382 1711 478 1744 huius
492 1711 664 1755 Evangelii
688 1711 831 1754 loquitur
849 1713 890 1743 de
910 1722 945 1744 re
959 1713 1103 1744 omnium

121 1756 279 1794 maxima,
310 1755 462 1787 videlicet
486 1756 527 1787 de
552 1756 616 1787 fine
638 1755 735 1787 huius
755 1756 882 1794 mundi,
911 1762 943 1786 et
972 1756 1012 1787 de
1035 1766 1103 1787 mu·

122 1799 244 1830 tatione
268 1798 364 1830 huius
387 1804 504 1835 status,
536 1800 566 1829 in
591 1809 656 1840 quo
680 1805 883 1840 generantur
906 1805 936 1829 et
961 1799 1102 1829 moriun-

122 1847 175 1872 tur
198 1841 361 1879 homines,
383 1848 415 1872 et
437 1842 468 1872 in
489 1852 553 1883 quo
578 1852 637 1882 per
659 1851 786 1872 omnem
801 1843 900 1872 vitam
924 1847 998 1872 sunt
1024 1852 1101 1873 con-

120 1882 271 1915 fusiones
294 1882 485 1915 horribiles:
505 1883 545 1915 Et
568 1883 664 1915 simul
689 1884 847 1925 praedicit
870 1883 1031 1922 futurum,
1065 1890 1101 1915 ut

120 1926 274 1958 Ecclesia
297 1925 415 1958 habeat
437 1933 513 1968 post
536 1927 622 1958 hanc
636 1927 734 1958 vitam
758 1937 851 1958 suam
866 1927 1101 1958 beatitudinem

122 1975 154 2000 et
178 1968 437 2011 gloriam,·inipii
461 1980 585 2011 poenas
609 1977 771 2001 aeternas.
818 1969 876 2000 Est
901 1971 1000 2011 igitur
1023 1980 1100 2001 con-

122 2012 173 2043 cio
198 2011 281 2043 haec
305 2011 477 2044 referenda
496 2013 536 2043 ad
561 2012 720 2044 articulos
743 2011 903 2055 ¹symboli:
928 2013 1036 2044 Credo
1050 2023 1100 2043 re-

121 2055 358 2086 surrectionem
381 2061 600 2094 mortuomm,
624 2062 654 2086 et
679 2057 778 2087 vitam
802 2062 988 2093 aeternam,
1023 2055 1100 2087 item

121 2098 208 2139 quod
228 2098 393 2129 redituum
413 2099 454 2129 sit
478 2097 564 2130 filius
579 2098 639 2130 Dei
663 2099 703 2130 ad
729 2097 917 2130 universale
936 2099 1099 2130 iudicium.

119 2139 191 2171 Nos
214 2141 351 2180 primurn
376 2141 539 2172 vocabula
558 2142 718 2183 quaedam
742 2140 997 2173 declarabimus.

207 2183 288 2214 Cum
313 2183 447 2215 dicitur:
473 2185 607 2216 virtutes
625 2186 782 2216 coelorum
806 2185 1030 2222 movebuntur,
1054 2184 1102 2214 in·

119 2223 312 2268 telligantur
345 2227 521 2264 exercitus,
557 2237 618 2258 seu
651 2228 791 2269 agmina
815 2226 997 2265 stellarum,
1033 2226 1100 2259 OEess

120 2269 224 2306 bimele
259 2270 331 2301 beet.
376 2268 461 2300 Nam
496 2269 621 2308 δύναμις
646 2270 775 2302 Graece
806 2271 969 2312 significat
999 2279 1100 2311 saepe

120 2311 300 2343 exercitum
340 2312 425 2343 sicut
467 2322 528 2344 nos
564 2312 718 2344 Germani
760 2315 966 2344 nominamus
1008 2322 1099 2343 exer-

120 2355 220 2386 citum
257 2354 316 2386 cine
352 2357 450 2387 macht-
508 2354 604 2386 Multi
637 2354 761 2388 habent
796 2354 962 2387 mirabiles
997 2354 1099 2397 phan-

119 2397 223 2427 tasias
247 2397 287 2428 de
310 2398 375 2428 isto
398 2404 500 2435 textu,
525 2398 589 2429 Sed
614 2397 697 2430 haec
720 2406 771 2430 est
782 2398 1026 2440 simplicissima
1044 2408 1100 2429 ex-

118 2439 258 2480 positio:
291 2439 514 2472 Movebuntur
548 2441 679 2483 agmina
712 2451 770 2473 seu
796 2442 964 2473 exercitus
987 2439 1099 2472 stella-

118 2491 208 2512 rum:
231 2482 315 2514 sicut
339 2481 438 2524 paulo
462 2489 540 2514 ante
564 2484 656 2514 dixit:
679 2483 782 2516 Erunt
804 2485 902 2527 signa
924 2484 955 2515 in
975 2482 1055 2514 Sole
1067 2490 1099 2515 et

118 2523 214 2556 Luna
236 2531 267 2556 et
289 2525 410 2563 stellis,
433 2526 528 2567 quusi
547 2526 648 2557 dicat:
672 2525 776 2558 Erunt
794 2527 951 2559 horrendi
970 2527 1099 2568 positus

119 2568 283 2606 siderum,
313 2567 489 2600 horribiles
520 2569 772 2601 coniunctiones
809 2576 842 2602 et
869 2569 1127 2611 oppositiones!

1153 1245 1236 1275 niaei
1261 1245 1479 1286 temporibus:
1505 1245 1632 1276 Mutata
1657 1243 1726 1276 fere
1750 1253 1866 1286 quarta
1891 1252 1984 1286 parte
2006 1245 2131 1277 Eccen-

1371 1287 1445 1318 Fuit
1478 1289 1563 1319 enim
1605 1287 1785 1319 Ptolomaei
1831 1295 1979 1329 tempore
2023 1288 2131 1326 altior,

1127 1329 1129 1336 ⁴
1153 1341 1241 1362 nunc
1270 1340 1347 1361 vero
1377 1331 1528 1371 proprior
1559 1337 1610 1361 est
1632 1330 1692 1362 Sol
1730 1330 1892 1363 miliarum
1922 1331 2131 1363 Germanico-

1154 1384 1224 1404 rum
1249 1374 1319 1405 sere
1343 1374 1457 1404 decem
1477 1372 1629 1404 millibus.

1240 1416 1375 1453 Omitto,
1397 1426 1482 1456 quae
1504 1417 1647 1447 artifices
1669 1416 1835 1457 disputant
1859 1417 1899 1447 de
1922 1422 2010 1447 motu
2035 1418 2131 1457 trepi-

1155 1459 1296 1489 dationis
1320 1459 1350 1489 in
1376 1458 1592 1496 firmamento,
1627 1460 1658 1489 in
1695 1469 1760 1500 quo
1794 1465 1868 1489 sunt
1893 1458 2011 1490 stellae
2034 1460 2130 1490 fixae.

1155 1500 1222 1531 Sed
1246 1507 1341 1531 erunt
1364 1502 1426 1532 sub
1450 1501 1546 1532 linem
1571 1503 1680 1532 mundi
1703 1500 1769 1532 alia
1796 1512 1928 1543 quoque
1952 1500 2131 1540 horribilia,

1154 1553 1241 1584 quae
1264 1543 1430 1574 incurrent
1456 1545 1487 1575 in
1511 1545 1652 1574 omnium
1677 1551 1904 1585 conspectum,
1931 1554 2036 1585 neque
2054 1555 2130 1575 con-

1154 1586 1285 1616 venient
1321 1591 1429 1617 tamen
1475 1596 1548 1617 cum
1591 1588 1714 1618 usitato
1754 1593 1897 1618 motuum
1936 1586 2130 1618 coelestium

1127 1640 1129 1656 ι’
1154 1628 1279 1659 ordine.

1239 1670 1274 1701 ln
1299 1670 1363 1701 fine
1386 1677 1494 1702 textus
1511 1670 1843 1713 hodierniEvangelii
1863 1678 1931 1707 est:
1956 1673 2131 1710 Attendite,

1152 1723 1191 1743 ne
1211 1717 1390 1754 gyraverunt·
1414 1714 1516 1744 corda
1540 1718 1649 1745 restra
1672 1715 1821 1754 crapula.
1856 1709 1929 1745 Non
1954 1715 2030 1746 dicit
2053 1725 2132 1746 ven-

1153 1764 1233 1793 tres.
1268 1757 1345 1796 quia
1380 1755 1449 1787 vult
1482 1757 1609 1787 servari
1646 1757 1732 1787 bunc
1764 1757 1895 1788 modum
1930 1757 1961 1787 in
1996 1758 2070 1788 cibo
2100 1764 2136 1789 et

1152 1806 1245 1840 potu,
1279 1805 1314 1829 ut
1336 1809 1403 1829 non
1427 1805 1606 1842 graventur
1629 1800 1751 1837 corda,
1788 1800 1819 1830 itl
1853 1805 1923 1837 est,
1960 1801 2131 1842 cogitatio,

1153 1842 1290 1872 intentio
1324 1842 1433 1880 animi,
1468 1841 1606 1872 affectus
1640 1843 1785 1874 sobrius.
1832 1842 1894 1877 Qui
1923 1853 1988 1873 non
2023 1849 2132 1874 amant

1126 1885 1383 1921 *sobrietatenh
1418 1895 1483 1915 non
1518 1892 1656 1925 possunt
1693 1895 1770 1916 esse
1803 1885 1911 1915 idonei
1946 1886 1987 1917 ad
2018 1895 2132 1926 preca-

1153 1927 1290 1965 tionem,
1325 1934 1357 1958 et
1391 1927 1432 1958 ad
1467 1928 1687 1958 resistendum
1718 1929 1953 1959 tentationibus
1984 1934 2131 1959 satanae.

1153 1970 1187 2000 ln
1211 1970 1331 2001 ieiunio
1355 1971 1575 2011 cogitationes
1607 1976 1683 2001 sunt
1711 1969 1881 2008 meliores,
1911 1971 2131 2009 ardentiores,

1153 2013 1347 2044 sanctiores.
1378 2012 1513 2050 Contra,
1538 2012 1687 2054 frigidior
1709 2019 1757 2044 est
1782 2014 1944 2044 invocatio
1968 2020 2001 2044 et
2024 2015 2131 2045 onmia

1153 2055 1305 2087 exercitia
1330 2056 1459 2096 pietatis
1481 2055 1579 2096 pleno
1604 2062 1729 2086 ventre.
1761 2055 1836 2087 {deo
1861 2056 1979 2087 dicitur
2001 2057 2032 2087 in
2056 2067 2131 2097 pro-

1151 2097 1266 2140 pheta:
1291 2098 1457 2129 Scortatio
1481 2104 1513 2129 et
1536 2098 1680 2129 ebrietas
1703 2097 1853 2130 auferunt
1878 2109 1946 2130 cor.
1992 2100 2131 2139 Semper

1151 2141 1368 2182 prophanitas
1409 2142 1583 2172 comitatur
1617 2142 1786 2173 assiduum
1829 2151 1889 2173 seu
1929 2142 2130 2179 crebriorem

1151 2195 1247 2215 usum
1273 2182 1486 2215 voluntatum.

1237 2195 1382 2267 Crapuia
1411 2233 1588 2267 usurpatur
1617 2226 1810 2268 plerumque
1841 2227 1881 2258 de
1915 2224 2130 2265 helluatione,

1150 2270 1213 2301 sed
1235 2269 1300 2300 hoc
1322 2271 1358 2301 tit
1380 2279 1440 2311 per
1463 2270 1697 2311 Metonymiam
1721 2280 1781 2301 seu
1804 2267 2012 2310 metalepsin.
2048 2270 2127 2301 Pro-

1150 2313 1221 2353 prie
1243 2312 1407 2355 significat
1430 2314 1597 2344 materiam
1620 2311 1708 2344 illam
1733 2313 1877 2349 crudam,
1901 2322 1985 2353 quae
2003 2311 2129 2354 reliqua

1151 2362 1203 2386 est
1226 2366 1266 2387 ex
1290 2354 1560 2394 helluationibus,
1583 2366 1668 2397 quae
1690 2354 1786 2386 affert
1807 2354 1976 2386 fastidium
1997 2361 2029 2385 et
2047 2365 2127 2386 nau-

1150 2408 1241 2429 seam
1264 2399 1295 2429 in
1320 2397 1520 2437 ventriculo,
1549 2405 1581 2429 et
1610 2399 1677 2429 edit
1699 2396 1804 2428 malos
1828 2395 1971 2435 halitus,
1995 2398 2127 2428 turban-

1150 2447 1200 2472 tes
1225 2447 1332 2482 caput.
1377 2441 1504 2472 Nomen
1528 2447 1579 2472 est
1601 2452 1620 2472 a
1643 2441 1718 2480 κάρα
1749 2446 1780 2471 et
1802 2440 1925 2476 πάλλω,
1960 2441 1993 2471 id
2017 2446 2080 2478 est,
2109 2451 2128 2471 a

1149 2484 1334 2515 vibratione
1358 2484 1491 2524 capitis,
1514 2482 1624 2524 Vulgo
1647 2483 1815 2514 nominant
1836 2482 2013 2514 Nauseam.
2061 2482 2128 2514 Sed

1151 2527 1283 2558 Graeca
1308 2536 1373 2557 vox
1397 2525 1470 2568 plus
1493 2525 1731 2567 complectitur.

1235 2569 1319 2601 Nam
1358 2569 1391 2600 in
1430 2570 1588 2600 ebrietate
1615 2568 1799 2599 ascendunt
1831 2566 1961 2600 confusi
1993 2566 2127 2606 balitus,

117 2608 335 2651 planetarum,
351 2617 456 2643 tetrae
468 2609 620 2662 Eclipses
644 2610 860 2651 luminarium,
884 2612 975 2650 item,
998 2612 1100 2644 Dirae
1118 2610 1127 2648 1
1150 2613 1204 2654 qui
1240 2611 1491 2651 adhaerescuntl
1524 2612 1684 2649 cerebro,
1728 2611 1817 2642 sicut
1853 2609 1958 2652 fuligo
2005 2609 2125 2641 adhae-

274 2678 413 2698 nuu'ru
437 2679 517 2699 orta.
534 2679 598 2700 voL.
613 2679 692 2698 nlv.

1897 2671 1912 2694 2
