2324 2958
73 156 138 190 2⁷3

79 248 334 286 nummularios,
364 248 419 289 qui
446 247 572 279 lucrum
601 244 768 278 faciebant
797 255 838 276 ex
868 251 1046 277 commuta·

79 296 166 328 tione
187 292 344 334 pecuniae
366 291 397 321 in
421 290 568 321 emendis
592 296 625 320 et
647 289 828 320 vendendis
853 288 1003 320 victimis

164 334 246 374 Quid
269 334 433 375 siguificat
457 343 525 364 vox
548 331 720 363 Galilaea?

162 378 373 418 Respondeo.
420 375 572 407 Galilaea
595 376 678 406 idem
703 381 754 405 est
785 374 873 415 quod
896 373 987 415 regio
1011 371 1047 403 li-

80 423 237 460 mitanea,
262 420 333 451 &inc
352 428 449 461 grtntj.
495 418 566 448 Nos
589 418 620 448 iu
645 416 838 454 Germania,
869 415 944 447 loca
967 414 1047 446 limi-

82 472 173 498 tanea
196 472 355 493 vocamus
380 460 565 497 Man-tuias,
595 467 630 491 ut
654 470 727 491 cum
756 460 787 490 in
816 459 960 490 historiis
991 468 1048 488 uo-

79 508 215 541 minatur
239 504 386 536 Marchia
411 503 614 540 orientalis,
653 513 738 544 quae
779 503 875 533 hodie
910 507 1049 532 vocatur

77 549 240 586 Dſtrrreidt,
263 546 338 578 lteiu
363 545 509 578 Mart-hia
534 546 708 581 indensis,
731 543 878 575 Mai-chia
902 544 1049 575 Brande-

78 590 265 632 bui-gensis,
289 590 436 621 Mart-hia
459 589 646 619 misnensis.
670 589 752 619 Nam
776 587 871 618 linies
894 593 924 618 et
940 587 1049 618 :litarat

75 635 212 667 eandem
235 632 358 664 habent
382 632 671 673 significationem,
696 630 890 671 Quanquam
905 630 1049 661 Sabinus

75 687 142 709 non
171 675 376 715 ineleganter
405 673 601 705 vocabulum
630 673 801 704 Marc-hiae
832 673 1002 704 derivabat
1031 682 1051 701 a

75 716 273 751 Nomai-chia
288 741 297 756 ,
327 728 411 759 qnae
435 728 500 748 vnx
524 725 575 748 est
599 718 631 747 iu
654 715 737 747 libro
762 716 1049 751 Maccahaeorum,

75 761 117 794 Et
130 761 312 803 composita
331 767 382 792 est
394 770 413 791 a
428 760 514 799 νόμος
525 766 555 790 et
575 759 663 801 ἀρχη.
695 759 864 799 Significat
881 764 989 789 autem
1004 756 1050 787 νό-

74 816 129 845 μος
140 805 392 845 praefer-turam.
409 804 584 844 Aegyptus
598 803 652 833 fuit
670 803 822 833 distincta
835 803 865 832 in
879 799 1051 832 duodecim

73 847 190 886 νόμοῧς.
206 847 274 878 Sed
288 847 412 877 retineo
426 847 456 876 in
472 844 692 886 appellatione
706 845 874 876 Marchiae
886 841 1053 885 Etyniolo-

75 890 162 933 giam
180 896 417 931 congrutntcm
437 900 510 919 cuni
525 887 634 929 lingua
651 887 859 926 Germanica,
876 888 931 918 uhi
944 885 1052 918 :Dim-cfr

74 933 240 975 significat
265 931 406 965 limitem,
432 939 461 962 et
486 931 663 966 {marcatum
687 938 735 962 est
760 932 888 972 signum
911 928 1031 960 limitis.

162 975 238 1006 ldeo
262 982 371 1006 autem
396 973 566 1005 Galilaeae
588 974 653 1005 hoc
676 984 793 1004 nomen
813 974 966 1003 tributum
991 977 1053 1009 est,

75 1019 152 1061 quia
164 1016 221 1049 suit
236 1024 379 1048 extrema
394 1017 476 1048 hora
490 1015 710 1054 Palaestinae,
729 1017 761 1046 id
774 1023 834 1050 est,
849 1017 919 1046 eins
933 1020 1053 1051 terrae,

75 1071 172 1104 quam
186 1062 339 1092 tenebant
356 1059 537 1091 lsi-aelitae.
561 1059 612 1090 Ac
625 1058 753 1090 fuerunt
766 1060 797 1089 iu
812 1057 963 1089 Galilaea
977 1057 1053 1088 etin

75 1105 206 1142 vicinia,
224 1103 455 1134 amoenissima
478 1101 562 1133 loca.
598 1102 671 1133 Fuit
696 1103 739 1133 ibi
760 1102 852 1132 Cana
871 1099 1053 1137 Galilaeae,

74 1147 181 1185 Naitn,
193 1147 370 1183 Nazareth,
385 1145 604 1186 Capernaum,
613 1144 773 1176 Tiberias.
787 1144 857 1175 Nec
869 1141 985 1185 procul
997 1143 1054 1173 ab·

75 1188 135 1221 suit
153 1196 306 1231 stagnum
321 1188 540 1219 Genezareth.
574 1187 697 1219 Horum
717 1186 866 1218 locorum
884 1187 1001 1217 crebra
1020 1184 1054 1216 fit

75 1233 195 1265 mentio
218 1233 249 1263 in
274 1231 410 1262 historia
433 1228 648 1272 Evangelica,
672 1232 748 1272 quia
769 1231 802 1261 in
825 1227 966 1271 singulis
984 1227 1055 1259 fere

76 1275 242 1318 oppidulis
260 1275 331 1305 istis
344 1273 432 1305 facta
449 1280 524 1304 sunt
543 1274 684 1315 insignia
703 1271 862 1304 miracula
874 1283 894 1303 a
907 1270 1052 1303 Christo.

164 1318 259 1349 Naim
284 1317 383 1348 habet
406 1327 525 1347 nomen
549 1318 590 1348 ab
615 1317 832 1353 amoenitate,
856 1315 913 1346 Sic
937 1320 969 1346 et
992 1313 1053 1345 Ca-

77 1371 235 1402 pernaum
266 1360 431 1401 significat
458 1360 562 1398 idem,
598 1360 684 1400 quod
715 1357 792 1389 villa
821 1356 960 1399 pulchra
989 1357 1054 1389 obet

79 1402 266 1437 &ditium-ff.
311 1403 409 1443 Apud
433 1401 608 1443 losephum
631 1401 839 1442 Capernaum
868 1400 1054 1431 nominatur

79 1445 169 1478 lulia-
214 1444 380 1476 Nazareth
405 1455 524 1476 nomen
547 1445 647 1475 habet
671 1455 690 1475 a
714 1443 860 1475 surculo.

165 1486 374 1519 Vocabulum
405 1486 498 1518 Cana
532 1485 725 1528 simpliciter
759 1497 888 1527 expono
923 1485 1054 1517 arundi-

79 1540 173 1569 nem,
201 1536 234 1562 et
258 1531 408 1572 congruit
438 1531 471 1560 in
501 1529 612 1571 lingua
634 1529 751 1560 Latina
780 1539 900 1560 nomen
929 1528 1055 1565 Canna,

80 1572 164 1608 Quia
187 1571 288 1603 multa
312 1571 531 1603 vocabulain
562 1573 712 1604 omnibus
741 1571 862 1614 linguis
887 1571 1055 1602 Germani-

79 1625 138 1652 ca,
163 1613 367 1652 Vandalica,
391 1614 527 1653 Latina,
557 1615 706 1653 Graeca,
739 1621 814 1645 sunt
838 1625 879 1646 ex
902 1614 1057 1646 Hebraea

78 1657 210 1699 lingua,
232 1668 316 1698 quae
339 1664 389 1689 est
412 1658 515 1698 prima
538 1664 570 1689 et
594 1659 830 1699 antiquissima.
876 1657 953 1688 Ideo
977 1667 1055 1698 quo-

80 1701 143 1732 ties
166 1701 198 1731 in
222 1700 294 1731 aliis
318 1699 440 1742 linguis
463 1700 628 1732 vocabula
660 1701 822 1732 reducere
852 1710 991 1741 possum
1014 1699 1056 1730 ad

81 1741 192 1775 sontes
205 1743 377 1774 Hebraeae
399 1742 542 1785 linguae,
565 1742 659 1775 soleo
683 1754 760 1775 esse
784 1749 971 1781 contentus,
994 1751 1057 1773 nec

82 1796 207 1828 quaero
230 1785 406 1818 ulteriores
425 1786 667 1828 Etymologias.

169 1828 226 1861 Sic
249 1839 329 1870 ergo
349 1839 555 1861 communem
578 1828 983 1869 illaminterpretationem
1006 1838 1057 1859 re-

81 1872 170 1903 tineo
194 1872 226 1903 in
250 1873 382 1903 nomine
394 1871 517 1910 Canae,
540 1873 628 1914 quod
651 1873 701 1903 sic
724 1873 811 1903 dicta
834 1872 876 1902 sit
898 1872 940 1902 ab
959 1881 1057 1902 arun-

81 1915 169 1953 dine,
192 1916 267 1957 quia
291 1914 426 1946 multum
451 1925 490 1946 eo
513 1916 546 1946 in
569 1915 645 1947 loco
669 1914 727 1946 fuit
751 1915 957 1951 arundinum,
981 1924 1056 1955 pro-

79 1964 154 1999 pter
186 1957 326 1999 paludes
362 1958 499 1989 vicinas.
559 1957 685 1999 Estque
719 1958 829 1999 imago
871 1955 1056 1995 Ecclesiae,

79 2010 166 2042 quae
190 1999 337 2032 celebrat
359 2001 489 2042 nuptias
513 2001 545 2031 in
569 2001 773 2032 arundineto.

166 2043 405 2075 Arundinetum
429 2043 594 2085 siguificat
617 2044 699 2074 istas
722 2044 874 2082 miseras,
896 2042 1056 2080 infirmas,

78 2083 237 2129 fragiles,
268 2097 488 2117 aerumnosas
517 2085 668 2126 politias,
695 2087 728 2117 in
758 2087 876 2128 quibus
899 2084 1054 2117 Ecclesia

78 2127 180 2161 habet
197 2140 278 2161 suos
302 2128 442 2160 nidulos.
489 2128 685 2171 Quanquam
703 2130 788 2160 enim
817 2130 948 2170 proprie
968 2127 1054 2160 illius

77 2170 190 2214 populi
214 2170 327 2214 politia
350 2171 573 2213 significatur,
603 2180 710 2203 tamen
734 2173 765 2203 in
790 2182 912 2214 genere
936 2170 1054 2202 intelli-

78 2215 113 2257 gi
135 2222 279 2257 possunt.
297 2216 406 2246 omnia
427 2213 571 2256 hospitia
592 2213 779 2255 Ecclesiae,
805 2225 888 2257 quae
912 2213 1054 2256 plerum-

78 2268 142 2298 que
173 2264 249 2290 suut
271 2258 418 2296 infirma,
452 2264 484 2289 et
506 2256 672 2300 languida.
716 2257 791 2289 Non
814 2259 976 2299 praebent
999 2258 1053 2288 de-

76 2300 278 2339 fensionem,
301 2311 374 2332 cum
397 2310 482 2341 opus
504 2311 574 2338 est,
598 2310 660 2331 nec
682 2299 806 2332 habent
823 2299 975 2338 stabilem
998 2299 1054 2332 ali-

78 2354 175 2385 quam
199 2354 325 2385 pacem.
371 2343 439 2375 Sed
463 2350 495 2374 et
518 2353 580 2374 nos
611 2343 672 2384 ipsi
701 2344 734 2374 in
762 2350 853 2375 tanta
875 2342 1054 2386 fragilitate

76 2392 215 2418 naturae
232 2386 394 2418 humanae
407 2387 484 2428 quid
500 2396 614 2418 sumus
629 2385 718 2417 aliud
729 2387 791 2417 nisi
803 2387 1054 2418 arundinetum?

163 2429 215 2461 Fit
237 2431 269 2460 in
292 2429 356 2461 hac
379 2430 516 2461 historia
539 2429 637 2459 etiam
658 2429 777 2460 mentio
798 2429 1001 2471 hydriarum,
1021 2436 1054 2462 et

77 2471 246 2504 Metretae.
271 2471 332 2503 Est
354 2479 463 2504 autem
481 2471 623 2503 Metreta
647 2481 751 2513 genus
774 2482 951 2504 mensurae
974 2483 1052 2504 con·

79 2515 188 2546 tineus
211 2517 375 2546 sextarios
399 2515 591 2556 sexaginta,
618 2520 675 2545 aut
704 2515 838 2557 triginta
861 2515 1051 2554 cantharus,

77 2558 154 2599 quia
176 2557 242 2589 duo
264 2559 397 2589 sextarii
419 2556 544 2589 faciunt
566 2568 666 2589 unum
689 2557 892 2589 cantharum.
937 2557 1052 2589 Sexta-

77 2600 160 2632 rinm
183 2603 389 2634 nominamus
413 2601 472 2635 OEin
484 2601 580 2640 suntet,
603 2601 637 2631 id
659 2606 721 2640 est,
745 2600 831 2632 duae
850 2599 991 2643 cotylae.
1014 2600 1052 2633 Si

232 2661 379 2681 RELAHTE.
394 2661 475 2681 OPER,
491 2661 554 2680 VOL.
570 2660 648 2679 XXIV.

752 150 971 183 POSTILLA
992 147 1389 182 MELANTHONIANA.

1076 2574 1081 2618 l

2009 147 2073 179 274

1099 254 1182 286 ergo
1209 253 1275 275 una
1298 242 1415 284 hydria
1432 241 1546 274 habuit
1564 243 1647 274 duas
1659 248 1827 280 metretas,
1848 241 2013 284 quaelibet
2031 252 2073 274 ex

1097 286 1162 319 illis
1190 297 1248 318 sex
1277 286 1421 327 hydriis,
1451 286 1605 326 aequavit
1636 286 1849 326 amphoram,
1877 295 1975 326 quam
2008 295 2071 316 nos

1098 339 1257 362 vocamus
1288 329 1405 365 (Samen
1449 328 1594 359 Donavit
1623 337 1703 369 ergo
1732 327 1886 359 Christus
1916 337 1976 358 sex
2008 338 2074 359 am-

1098 373 1221 415 phoras
1245 372 1328 409 vini,
1351 372 1384 402 id
1408 376 1469 408 est,
1493 380 1552 402 sex
1576 370 1695 408 OExyntct,
1719 371 1810 412 quod
1833 376 2001 402 nostrates
2025 371 2071 402 di-

1100 421 1194 453 cunt,
1219 415 1276 447 δίη
1299 415 1364 445 buli)
1389 414 1469 451 t't'tbet
1491 415 1595 446 meins.

1185 455 1395 489 Vocabulum
1417 463 1567 487 nostrum
1591 455 1821 486 Germanicum
1835 455 1941 487 (Sumer
1963 460 2015 486 est.
2032 457 2074 487 ab

1100 500 1269 541 amphora.
1294 499 1343 530 Ac
1356 499 1481 530 Romae
1504 499 1535 529 in
1549 496 1711 539 Capitolio
1737 497 1795 528 fuit
1820 497 1895 529 olim
1915 499 2075 540 amphora

1101 553 1202 574 saxea
1226 548 1259 574 et
1281 543 1460 584 quadrata,
1483 552 1568 582 quae
1591 542 1635 572 ihi
1658 539 1825 572 collocata
1847 540 1922 579 suit,
1951 547 1987 572 ut
2008 552 2075 573 ma-

1103 592 1192 617 neret
1218 586 1379 617 certitudo
1402 594 1596 622 memurae,
1631 593 1671 614 ne
1695 593 1864 624 caupones
1889 594 2075 625 corrumpe-

1102 635 1174 660 rent
1196 638 1387 666 mensuras,
1417 628 1502 658 sicut
1531 627 1617 668 apud
1648 636 1710 657 nos
1740 627 1773 656 in
1802 624 1912 657 multis
1942 628 2071 667 oppidis

1101 671 1287 702 Medimuus
1311 681 1433 702 saxeus
1453 668 1637 701 collocatus
1661 676 1712 700 est
1735 670 1766 699 in
1793 668 1877 707 soi-0,
1910 671 1998 710 quod
2023 676 2075 702 est

1102 713 1180 746 utile
1204 713 1396 752 consilium,
1425 719 1461 744 ut
1483 718 1611 743 maneat
1635 713 1795 743 certitudo
1820 712 2016 750 Mensurae,
2044 718 2077 744 et

1102 763 1137 788 ut
1161 757 1308 798 suspicio
1321 756 1604 787 defraudationum
1617 761 1840 792 removeatur,
1865 756 1891 785 si
1912 755 1985 796 quis
2008 754 2073 786 for-

1103 805 1136 830 te
1154 809 1340 830 mensuram
1363 798 1590 841 angustiorem
1612 798 1689 829 velit
1706 808 1893 838 supponere
1915 798 1947 828 iu
1970 799 2077 839 priva-

1103 842 1144 873 tis
1168 842 1318 873 aedibus.

1190 882 1398 916 Vocabulum
1422 890 1530 915 autem
1552 883 1708 924 ampliora
1734 888 1785 914 est
1814 883 1949 924 originis
1973 882 2078 915 Grae-

1105 937 1176 965 cae,
1188 929 1229 958 ab
1243 927 1333 968 ἀμφὶ,
1351 927 1383 958 id
1396 933 1455 961 est,
1471 928 1604 964 circum,
1621 933 1651 957 et
1665 930 1746 967 φέρω
1761 932 1869 966 port0,
1889 926 2079 967 ἅμφιφορεύς

1105 970 1158 1001 vel
1183 970 1334 1011 &insepti-g
1353 975 1405 1001 est
1427 980 1498 1008 vas,
1522 970 1610 1011 quod
1633 975 1743 1010 potest
1756 970 1880 1010 gestari
1903 980 1976 1000 cum
2000 970 2078 1001 dua·

1105 1014 1167 1045 bus
1190 1014 1300 1051 ansis,
1322 1013 1381 1043 sed
1405 1010 1464 1044 suit
1487 1011 1716 1054 quadrangula
1738 1011 1908 1053 amphora,
1930 1019 1966 1043 ut
1989 1017 2079 1043 esset

1106 1057 1225 1087 certior
1249 1057 1430 1097 capacitas,

1192 1098 1351 1130 vetustas
1370 1098 1429 1129 suit
1452 1098 1601 1129 studiosa
1614 1096 1852 1135 Geometricae,
1876 1103 1907 1128 et
1927 1097 2080 1139 quicquid

1105 1140 1264 1173 habemus
1298 1140 1422 1172 utilium
1466 1141 1690 1172 inventionum
1723 1141 1756 1171 in
1794 1141 1938 1178 artibus,
1978 1139 2078 1171 habe-

1105 1195 1179 1216 mus
1202 1186 1244 1216 ab
1268 1183 1325 1215 illa
1348 1184 1489 1225 sapienti
1511 1184 1713 1225 antiquitate.
1758 1182 1799 1213 Et
1823 1183 1916 1214 Deus
1940 1181 2009 1214 vult
2032 1184 2078 1215 vi-

1106 1233 1171 1258 tam
1195 1227 1360 1259 homiuum
1383 1236 1460 1258 esse
1484 1227 1679 1265 ordinatam,
1702 1233 1732 1257 et
1754 1227 1882 1257 servari
1900 1225 2079 1257 similitudi·

1106 1280 1181 1302 nem
1204 1281 1433 1302 mensurarum
1456 1276 1486 1301 et
1511 1270 1700 1310 pretiorum.

1192 1313 1288 1348 Quod
1311 1323 1373 1345 nos
1398 1323 1556 1345 vocamus
1576 1313 1668 1344 tsincn
1688 1313 1804 1351 Grmer,
1827 1313 1859 1343 in
1883 1312 1934 1343 his
1957 1313 2081 1344 nostris

1105 1356 1314 1397 regionibus,
1342 1366 1409 1387 nou
1432 1354 1568 1387 muitum
1592 1356 1731 1386 discedit
1753 1366 1773 1386 a
1801 1355 1904 1386 veteri
1927 1365 2082 1387 mensura

1105 1399 1304 1440 amphorae,
1327 1398 1394 1430 Sed
1417 1408 1482 1429 non
1506 1399 1579 1429 dico
1598 1399 1661 1429 iam
1684 1399 1725 1429 de
1747 1398 1974 1439 praecisione,
2005 1399 2082 1440 quia

1106 1448 1263 1483 tempora,
1277 1448 1308 1473 et
1322 1440 1442 1472 malitia
1454 1440 1620 1473 hominum
1638 1450 1769 1481 semper
1785 1439 1907 1482 aliquid
1919 1441 2083 1472 abradunt

1106 1490 1137 1515 et
1149 1490 1286 1523 mutant,
1309 1486 1394 1516 sicut
1418 1485 1623 1515 meminimus
1647 1485 1743 1515 etiam
1762 1490 1879 1514 nostra
1891 1489 1999 1514 aetate
2016 1483 2082 1515 hoo

1106 1528 1275 1565 accidere,
1304 1533 1339 1558 ut
1361 1528 1509 1568 pondera
1532 1533 1561 1557 et
1586 1536 1760 1558 mensurae
1782 1527 1887 1568 magis
1909 1527 2082 1568 magisque

1107 1571 1325 1602 diminuantur
1347 1576 1483 1611 propter
1496 1570 1679 1608 avaritiam,
1702 1570 1936 1610 superindicta,
1959 1570 2082 1610 expila-

1107 1614 1230 1651 tiones,
1260 1619 1292 1644 et
1310 1615 1465 1654 βουλιμίαν
1487 1613 1694 1643 subditorum
1716 1619 1749 1643 et
1777 1613 2046 1654 gubernatorum.

1194 1655 1279 1691 Quid
1301 1656 1467 1697 signifieat
1487 1656 1650 1696 βουλιμίαῖ
1669 1654 1727 1685 Est
1746 1656 1884 1687 morbus
1907 1653 2083 1695 plurimum

1107 1699 1305 1735 vorantium,
1329 1705 1359 1729 et
1383 1704 1492 1730 tamen
1505 1698 1638 1729 assidue
1651 1698 1875 1735 esurientium,
1903 1698 1961 1730 &itt
1984 1699 2084 1735 mols&

1108 1743 1227 1783 hunger.
1277 1740 1369 1772 Talia
1397 1752 1485 1772 nunc
1517 1741 1641 1782 passim
1670 1746 1747 1771 sunt
1776 1740 1945 1783 regimina.
1996 1739 2083 1772 Exu-

1108 1790 1188 1826 gunt
1213 1790 1243 1815 et
1267 1783 1461 1815 exhauriunt
1484 1784 1678 1825 sauguinem
1701 1784 1845 1815 miserae
1868 1782 1994 1825 plebis,
2027 1794 2082 1816 ne-

1108 1837 1172 1868 que
1197 1828 1438 1869 gubernatores
1462 1827 1538 1857 inde
1570 1826 1744 1857 ditescunt.
1789 1826 1860 1858 llae
1891 1836 2083 1857 communes

1107 1871 1258 1901 miseriae
1280 1870 1311 1901 in
1336 1870 1402 1901 vita
1425 1868 1522 1900 simul
1545 1869 1808 1901 considerandae
1830 1875 1906 1901 sunt
1928 1870 1960 1900 iu
1984 1867 2084 1911 expli-

1109 1914 1240 1945 catione
1260 1912 1510 1944 vocabulorum.

1194 1956 1364 1987 Fortassis
1388 1954 1479 1986 multi
1505 1961 1652 1986 vestrum
1675 1955 1794 1993 sciunt,
1825 1955 2021 1996 quibusdam
2050 1956 2084 1987 in

1106 1997 1191 2030 locis
1216 1999 1346 2030 ostendi
1368 1997 1521 2040 hydrias,
1546 1997 1669 2029 similes
1698 1998 1883 2038 capacitate
1915 2008 1989 2029 cum
2019 1998 2083 2038 his,

1106 2043 1148 2073 de
1170 2043 1290 2083 quibus
1318 2047 1471 2073 narratur
1494 2042 1525 2071 in
1550 2039 1743 2082 Evangelio.
1789 2040 1861 2088 Ego
1893 2041 1957 2072 vidi
1986 2041 2081 2080 duas,

1105 2095 1204 2117 unam
1232 2084 1470 2126 Magdeburgi,
1501 2082 1639 2115 alteram
1666 2084 1885 2125 Bambergae.
1932 2083 2080 2125 Utraque

1105 2128 1365 2169 magnitudinem
1396 2133 1427 2158 et
1458 2125 1596 2158 formam
1628 2125 1796 2158 referebat
1826 2137 1910 2167 pene
1934 2125 2081 2157 similem.

1106 2171 1173 2203 Sed
1196 2181 1261 2202 nou
1291 2177 1370 2212 puto
1393 2171 1529 2212 probari
1558 2180 1676 2211 posse,
1706 2169 1794 2210 quod
1826 2169 1964 2211 hydriae
1991 2168 2081 2208 illae,

1106 2224 1190 2255 quae
1212 2220 1439 2245 monstrantur
1460 2214 1492 2244 in
1514 2211 1675 2244 Ecclesiis
1701 2211 1973 2250 Cathedralibus‚
2008 2222 2082 2244 eae-

1105 2258 1180 2288 dem
1203 2257 1268 2288 sint
1292 2267 1364 2288 cum
1387 2255 1475 2295 illis,
1507 2256 1548 2288 de
1571 2257 1690 2298 quihus
1713 2253 1933 2296 Evangelista
1956 2260 2081 2294 narrat,

1106 2301 1194 2342 quod
1217 2300 1339 2331 fuerint
1363 2298 1530 2341 lapideae,
1560 2305 1591 2330 et
1614 2298 1701 2340 quod
1731 2299 1774 2328 ibi
1796 2296 1918 2329 fuerint
1941 2299 2083 2339 positae,

1105 2343 1171 2374 hoc
1195 2349 1263 2381 est,
1293 2341 1496 2381 collocatae,
1517 2348 1552 2374 ut
1574 2352 1640 2374 uno
1664 2342 1696 2371 iu
1715 2340 1791 2372 loco
1815 2341 1943 2372 aedium
1965 2351 2082 2383 perpe-

1104 2393 1161 2418 tuo
1184 2391 1365 2417 manerent.

1191 2428 1307 2461 Potest
1329 2428 1420 2467 fieri,
1442 2434 1477 2459 ut
1500 2426 1619 2459 fuerint
1639 2425 1767 2467 lapides
1792 2426 1965 2462 excavati,
1997 2426 2066 2460 &eia

1105 2481 1174 2504 nem
1199 2472 1298 2513 trtigc:
1337 2471 1410 2503 Non
1429 2477 1538 2503 autem
1561 2470 1695 2511 hydriae
1718 2467 1835 2510 quales
1861 2467 1941 2500 fiunt
1963 2479 2004 2500 ex
2028 2480 2080 2501 ar·

1106 2513 1200 2557 gilla,
1225 2521 1258 2546 et
1280 2516 1366 2556 quae
1389 2515 1538 2545 manibus
1561 2518 1743 2553 portantur.
1787 2511 1887 2554 quue
1910 2513 2081 2553 capacitas

1104 2558 1237 2591 indicat.
1281 2557 1366 2589 Nam
1384 2554 1597 2599 Evangelista
1619 2555 1734 2596 inquit,
1756 2554 1906 2598 singulas
1929 2555 2084 2597 coepisse

1106 2607 1264 2632 metretas
1295 2600 1391 2632 binas
1419 2605 1475 2631 aut
1498 2605 1620 2630 ternas.
1667 2597 1807 2630 Tantum
1844 2596 1982 2640 liquoris
2015 2607 2082 2630 non

1899 2659 1930 2683 18
