2324 2958
81 144 144 177 395
713 143 824 175 pun..
849 143 952 176 MEL.
976 141 1163 175 scmP'rA
1187 139 1450 173 EXEGETICA.
2018 142 2084 175 390

170 237 310 278 Propter
343 236 404 267 has
438 243 548 268 tantas
571 236 740 275 utilitates,
774 238 875 268 verba
912 235 1055 278 symboli

82 280 225 321 quetidie
249 279 427 320 repetenda
446 286 534 310 sunt.

177 323 326 353 Addatur
345 330 374 353 et
398 321 482 353 haec
505 331 625 360 causa,
649 322 737 363 quod
756 331 897 354 neeesse
921 327 971 352 est
994 330 1056 351 nos
1082 327 1084 331 ·

83 366 273 407 praeparari
302 365 345 396 ad
376 363 467 396 illum
500 363 649 396 ultimum
682 374 823 407 agonem
857 365 887 395 in
918 361 1056 394 articulo

82 409 209 445 mortis,
242 408 297 439 ubi
334 408 527 448 disputatur,
560 418 625 439 non
661 408 701 438 de
736 406 823 438 linea
854 412 963 443 veste,
997 405 1057 436 sed

83 453 151 490 περὶ
175 449 244 488 ἴλης
267 451 346 486 ναός,
371 450 411 481 de
424 456 492 481 tota
506 451 592 485 navi,
605 450 636 481 id
649 456 712 488 cst,
731 451 926 490 disputatur,
951 454 1057 479 utrum

83 493 200 535 religio
226 499 338 524 nostra
361 493 403 523 sit
426 502 524 524 vera:
550 493 600 524 An
620 493 659 523 sit
684 491 793 533 aliqua
814 501 892 522 vera
906 489 1058 522 Ecclesia
1084 515 1086 535 ;

83 537 238 568 distincta
260 546 279 566 a
302 534 438 577 reliquis
462 536 616 577 gentibus
640 542 670 566 et
699 536 819 566 sectis:
857 534 906 564 An
940 543 1002 564 nos
1026 534 1057 564 in

83 589 122 610 ea
144 577 297 610 Ecclesia
319 579 438 610 simus:
466 579 514 609 An
538 577 726 618 placeamus
749 576 837 608 Deo:
861 576 913 607 An
937 575 1058 607 habea·
1084 585 1086 604 ;

84 631 157 653 mus
180 620 493 655 reconciliationem,
530 630 560 651 et
586 620 818 651 haereditatem
845 619 930 650 vitae
953 625 1058 650 aeter·
1084 627 1086 633 ’

84 674 156 696 nae.

173 706 223 737 De
245 705 296 737 his
320 700 448 747 magnis
473 707 571 737 rebus
584 706 747 747 agendum
771 711 821 735 est
845 706 876 735 in
901 702 955 735 illo
980 714 1058 745 ago-

85 761 137 787 ne,
161 750 204 780 ad
226 759 321 791 quem
348 756 378 779 ut
403 747 524 790 singuli
548 758 610 780 nos
624 758 788 789 paremus,
813 748 946 788 saepius
959 747 1058 777 debe-

84 803 158 824 mus
183 794 322 823 recitare
345 790 552 832 Symbolum,
576 798 607 821 et
632 792 662 821 in
688 792 752 821 tine
774 791 914 821 addere:
949 789 1058 820 (fredo

85 835 237 872 Domine,
261 835 319 865 sed
344 844 437 875 opem
462 833 512 865 ser
534 832 746 865 imbecillitati
769 843 871 864 meae.

171 877 299 909 Doctor
323 877 542 918 Hieronymus
564 875 707 914 Schurff,
732 877 781 907 vir
794 876 925 916 sapiens
950 883 978 905 et
1005 876 1061 905 do-

85 928 169 958 ctus,
204 928 280 951 ante
315 928 465 957 mortem,
500 930 572 951 cum
607 919 743 949 sentiret
775 925 922 950 naturam
946 918 1061 948 morbo

85 964 183 1001 vinci,
207 961 335 993 solebat
371 961 440 993 sere
473 961 613 1003 sing-dis
638 961 726 992 boris
750 968 899 1002 repetere
923 960 1063 1002 Symbo-

85 1006 162 1043 lum,
186 1012 274 1037 tanta
300 1005 397 1035 animi
422 1004 611 1041 alacritate,
647 1011 679 1035 ut
704 1005 882 1045 praecipue
905 1002 962 1034 illa
986 1013 1063 1034 con-

85 1049 232 1080 sessione
256 1048 316 1089 rigi
341 1054 371 1078 et
395 1048 581 1078 confirmari
606 1053 807 1078 cerneretur.

171 1090 311 1122 Eramus
351 1091 390 1121 ad
428 1089 525 1121 alium
561 1090 724 1131 quendam
759 1090 933 1121 honestum
957 1089 1063 1119 virnm

86 1133 228 1165 nobilem
253 1134 361 1163 vot-ati
385 1132 426 1164 D.
447 1132 607 1163 Martinus
628 1138 658 1163 et
684 1142 758 1174 ego.
805 1132 835 1163 is
858 1133 967 1168 etian‘,
991 1141 1063 1162 cum

85 1175 187 1208 multa
211 1184 298 1207 esset
325 1174 455 1206 locutus
480 1176 521 1206 de
535 1174 708 1217 Symbolo,
732 1176 828 1206 dixit:
852 1175 990 1210 Quoties
1014 1184 1063 1204 re-

87 1221 152 1251 cito
172 1217 383 1260 Symbolum.
409 1219 534 1259 aspicio
560 1217 814 1249 imbecillitatem
838 1228 955 1255 meam,
979 1224 1008 1248 et
1031 1217 1063 1247 in

86 1264 151 1293 tine
173 1268 331 1292 annecto:
359 1262 463 1293 Credo
488 1263 636 1292 Domine:
660 1262 720 1291 sed
740 1271 831 1301 opem
851 1264 908 1300 fer
931 1262 1064 1298 infirmi-

86 1310 145 1337 tati
168 1315 265 1336 meae.

174 1346 277 1378 Multo
301 1347 407 1389 magis
431 1357 493 1376 vos
517 1347 607 1386 pueri
632 1344 834 1377 assuefacite
864 1355 924 1376 vos
948 1346 990 1375 ad
1015 1355 1064 1375 re-

86 1391 270 1422 citationem
295 1390 443 1420 crebram
468 1387 630 1430 Symboli,
655 1388 828 1419 Orationis
858 1387 1066 1425 Dominicae‚

86 1441 117 1465 et
141 1431 323 1474 aliquorum
350 1430 569 1467 psalmorum,
593 1438 625 1462 ut
640 1431 710 1461 sitis
730 1431 882 1461 instructi
895 1431 936 1461 ad
950 1440 1064 1461 omnes

87 1476 296 1512 tentationes,
331 1474 414 1509 Quia
449 1475 511 1504 ista
547 1474 695 1504 recitatio
729 1472 902 1514 plurimum
937 1471 1065 1504 confert

86 1520 127 1550 ad
153 1518 435 1550 confirmationi-m
460 1517 600 1557 pietatis,
624 1522 653 1546 et
673 1516 949 1547 consolationem.
974 1515 1066 1547 Deus

87 1561 154 1592 vult
175 1571 251 1592 esse
274 1560 526 1601 paedagogiani,
548 1566 582 1590 ut
606 1560 708 1600 inquit
733 1558 874 1590 Paulus:
906 1561 1068 1590 lmtztztite

84 1615 204 1644 pueros
227 1608 259 1635 ln
283 1605 454 1643 disciplina
477 1607 509 1633 et
529 1604 676 1633 doctrina
695 1603 828 1633 Domine.
874 1600 968 1633 Multi
993 1602 1066 1633 reti-

89 1654 165 1678 nent
188 1648 218 1677 in
243 1644 375 1676 familiis
400 1645 485 1676 hanc
509 1645 790 1683 consuetudinem,
813 1652 846 1676 ut
872 1655 935 1686 ego
955 1655 1066 1681 servo,

89 1698 120 1722 et
146 1691 217 1721 seio
240 1688 362 1720 multos
386 1689 506 1719 doctos
519 1687 606 1719 hunc
630 1697 754 1719 rnorem
779 1688 932 1726 retinere,
954 1694 987 1718 ut
1012 1698 1067 1719 co·
1091 1700 1093 1726 ÷

88 1739 207 1807 fantur
230 1730 462 1763 adolescentes
487 1732 626 1762 recitare
640 1730 831 1773 Symbolum
852 1731 893 1761 ad
907 1741 1068 1767 mensam,
1091 1730 1093 1758 1

102 1787 164 1807 oco
190 1775 367 1817 gratiarum
392 1775 542 1805 actionis.
600 1775 694 1815 Opus
718 1780 768 1804 est
799 1772 920 1804 talibus
945 1773 1067 1804 exerci-

90 1820 155 1857 tiis,
192 1824 225 1849 ut
260 1817 408 1847 homines
444 1818 646 1848 retineantur
669 1817 698 1847 in
723 1815 846 1848 osiieio.
915 1815 978 1847 Ubi
1003 1826 1067 1847 non

89 1869 140 1894 est
163 1861 371 1903 paedagogia
406 1859 532 1901 aliqua,
568 1860 687 1891 crescit
724 1861 754 1890 in
785 1858 971 1890 bominibus
995 1860 1069 1890 bnt·-

91 1905 211 1936 barics.

176 1946 252 1978 Dixi
287 1946 327 1976 de
364 1944 584 1987 appellatione
620 1944 781 1987 Symboli‚
816 1952 846 1975 et
878 1945 919 1975 de
943 1945 1068 1981 causis,

89 2001 147 2023 cur
171 1990 286 2021 crebto
311 1989 487 2029 repetenda
522 1989 587 2019 sint
618 1989 719 2019 verba
743 1986 902 2029 Symboli.
973 1987 1068 2027 Apud

89 2033 258 2065 comicum
300 2037 366 2062 est:
409 2033 503 2063 lletlt'!
534 2033 716 2071 symbolam.
785 2031 869 2066 Quid
905 2030 1069 2071 signifieat

90 2075 242 2118 symbola
266 2076 297 2106 in
322 2084 445 2115 genere
458 2073 654 2105 foeminino?
677 2074 840 2117 significat
856 2074 1069 2104 contributio-

91 2130 176 2157 nem,
200 2129 260 2150 seu
285 2115 495 2149 collationem
520 2118 680 2159 pecuniae
704 2118 733 2148 in
759 2117 922 2147 convivio.
958 2114 1069 2157 Aliqui

89 2162 201 2205 legunt
226 2162 284 2193 ibi:
308 2160 405 2191 Dedit
431 2159 635 2202 Symbolum,
661 2161 718 2190 sed
743 2161 840 2191 debet
864 2159 946 2199 legi:
972 2157 1069 2189 Dedit

91 2204 294 2247 Symbolam.

228 2371 449 2426 Explicatio
482 2371 631 2411 articuli
673 2371 724 2410 de
758 2369 941 2409 Ecclesia.

184 2462 368 2493 Redeamus
402 2463 443 2493 ad
478 2463 695 2504 propositum,
727 2461 768 2492 de
791 2459 931 2492 articulo
954 2459 1070 2491 Eccle-

97 2509 176 2538 siae.
245 2505 338 2536 Unde
364 2511 412 2535 est
437 2505 670 2536 Germanicum
705 2514 824 2535 nomen
854 2504 975 2538 ssirdssr?
1042 2503 1069 2533 Α

98 2549 229 2580 Graeco
254 2550 388 2591 ινροιιιή,
412 2549 506 2589 quasi
531 2549 635 2583 «licus,
660 2547 731 2579 dies
767 2545 942 2578 Dominica
969 2547 1071 2586 πόριος

99 2592 264 2634 εἱςῃίῆωι
283 2591 470 2628 Dominum,
493 2603 510 2621 a
535 2592 632 2632 κῦρος,
658 2591 688 2621 ld
702 2597 765 2625 est.
788 2591 960 2626 amorim,
979 2598 1069 2630 prae-

1109 235 1240 271 stantia,
1264 235 1352 266 unde
1374 240 1426 266 est
1448 235 1544 266 etiam
1569 236 1672 273 curia,
1693 235 1802 276 κύριον,
1829 237 1860 266 id
1880 242 1944 274 est,
1974 242 2086 268 auten·

1109 277 1220 315 ticum,
1245 278 1332 318 quod
1357 287 1422 308 non
1446 284 1497 308 est
1521 288 1651 315 vanum,
1673 287 1733 309 seu
1755 278 1891 316 irritum,
1915 278 2012 320 κύριος
2035 284 2087 311 est
2106 310 2112 318 ,

1108 319 1284 357 Dominus,
1307 321 1361 362 qui
1384 319 1484 351 habet
1507 321 1706 351 autenticam
1729 327 1925 361 potestatem
1944 322 1976 352 in
1989 320 2086 352 alios.

1110 363 1174 395 ch
1198 372 1230 403 3¹¹
1254 363 1398 404 gebicthcn
1423 365 1480 397 bat,
1505 364 1560 394 rut*
1585 363 1731 394 nnbererm
1758 364 1842 405 captu]
1867 363 1907 399 ist.

1196 405 1407 437 Autenticum
1431 406 1517 436 unde
1541 406 1684 436 dicitur?
1717 407 1759 437 ab
1794 405 1896 444 αὐτὸς,
1931 407 1985 448 qui
2016 407 2087 448 ipse

1083 445 1086 486 t
1109 447 1209 479 habet
1232 449 1263 478 in
1287 455 1462 489 potestate,
1486 449 1572 490 quod
1593 449 1673 489 agit,
1699 454 1729 478 et
1749 449 1800 480 cui
1813 449 1985 490 praecipit.
2009 448 2088 481 iride

1112 491 1199 522 venit
1222 491 1318 522 etiam
1342 498 1449 521 autor.
1516 491 1589 522 Non
1614 497 1663 521 est
1688 492 1728 521 ab
1754 491 1928 533 augendo,
1963 491 2021 522 sed
2045 492 2086 523 ab

1084 538 1086 574 ζ
1110 533 1208 568 αὐτός.
1255 533 1332 564 ldeo
1355 544 1419 565 non
1443 540 1493 564 est
1517 534 1726 565 scribendum
1751 544 1809 574 per
1832 533 1875 565 th.
1899 534 1988 570 αὐτὸς
2010 532 2090 576 ὅρων

1084 575 1182 617 'ipse
1215 586 1366 614 movenS,
1402 586 1460 607 seu
1495 577 1567 618 ipse
1600 586 1719 618 agens,
1752 578 1838 608 unde
1873 578 1959 608 venit
1992 578 2089 608 etiam

1112 618 1219 659 ὄρσέω.

1198 660 1362 691 Graecum
1387 671 1504 693 nomen
1519 665 1656 700 ἐκκλησία
1678 661 1841 703 significat
1856 663 1914 694 ein-s
1929 664 2090 702 otbeutlicm

1111 704 1303 742 ceriamtunsp
1327 703 1508 746 Synagoga
1521 703 1720 746 generaliter
1733 705 1898 746 significat
1908 715 2090 747 congrega·

1113 747 1233 777 tionem
1242 744 1504 788 qualemcunque
1516 748 1587 778 sive
1600 748 1794 785 ordinatam,
1808 749 1951 779 sivenon
1961 747 2090 779 ordina-

1112 795 1187 819 tam.
1206 788 1272 826 Sed
1281 787 1432 819 Ecclesia
1441 796 1491 820 est
1505 790 1655 821 ordinata
1668 791 1895 832 congregatio,
1909 796 1943 821 ut
1959 790 2091 831 quando

1086 848 1087 864 2
1112 830 1252 862 Athenis
1262 831 1352 862 cives
1359 833 1631 864 convocabantur
1642 836 1674 864 in
1682 832 1878 871 Ecclesiam,
1888 834 1933 871 (id
1944 840 2007 871 est,
2015 842 2092 865 con-

1085 874 1088 905 l
1114 875 1255 911 cionem,
1278 880 1313 905 ut
1338 873 1475 905 Romani
1500 876 1679 913 vocabant)
1703 882 1772 907 erat
1797 875 1881 907 alius
1912 874 2008 907 locus
2033 875 2090 907 Se-

1085 909 1089 959 l
1115 923 1279 954 natorum,
1301 915 1386 947 alius
1410 918 1623 958 equestrium,
1645 917 1730 949 alins
1754 919 1963 958 promiscuae
1986 916 2091 950 multi·

1087 967 1089 991 t
1116 960 1248 995 tudinis,
1271 958 1357 989 alius
1382 959 1603 991 sacerdotum.

1087 1000 1090 1014 ⁸
1203 1002 1311 1032 Debet
1335 1002 1430 1032 vobis
1455 1009 1565 1033 notum
1590 1012 1668 1033 esse
1685 1003 1806 1034 dietum
1831 1001 1925 1033 illud:
1949 1002 2094 1031 Ecclesia

1116 1049 1161 1074 est
1181 1047 1261 1074 sicut
1286 1049 1459 1074 castrorum
1481 1047 1567 1074 aries
1585 1045 1744 1075 ordinata.
1813 1045 1897 1080 Quid
1929 1044 2093 1086 significat

1116 1089 1205 1119 acies
1230 1087 1437 1119 castrorum?
1505 1088 1578 1121 OEinr
1608 1088 1794 1120 felbtfdxtacbt,
1861 1088 1935 1119 Non
1959 1094 2008 1118 est
2033 1088 2094 1118 mei

1116 1139 1171 1162 aut
1196 1132 1240 1161 tui
1264 1131 1384 1162 iudicii.
1409 1130 1475 1161 Sed
1500 1141 1640 1173 magnae
1652 1131 1835 1171 sapientiae
1859 1131 2096 1172 praestantium

1117 1173 1260 1211 Ducum,
1287 1179 1376 1205 recte
1400 1174 1554 1204 ordinare
1576 1175 1681 1205 aciem
1701 1174 1742 1205 ad
1766 1174 1991 1215 pugnandum.
2020 1172 2095 1204 Non

1117 1215 1282 1257 intelligas
1308 1216 1347 1247 de
1372 1217 1490 1247 castris
1514 1226 1574 1248 seu
1593 1217 1756 1252 tentoriis,
1791 1226 1846 1248 nnn
1881 1219 1934 1248 ben
1967 1219 2095 1257 grteitcn,

1090 1267 1093 1304 Ι
1117 1261 1176 1290 sed
1204 1262 1242 1290 vle
1265 1258 1419 1290 militibus
1444 1257 1652 1290 collocandis
1676 1260 1707 1289 in
1733 1260 1822 1296 acie,
1859 1260 2020 1290 instructa
2054 1258 2096 1289 ad

1090 1306 1092 1310 ’
1118 1302 1346 1333 dimicandum.

1203 1343 1357 1375 Ecclesia
1382 1351 1431 1374 est
1457 1344 1608 1374 ordinata
1631 1345 1734 1380 acies
1758 1344 1789 1374 id
1815 1351 1877 1378 est,
1912 1343 2005 1375 Deus
2029 1353 2096 1375 ma·

1118 1397 1183 1428 gno
1208 1385 1346 1418 consilio
1371 1387 1532 1417 ordinavit
1556 1385 1753 1418 Ecclesiam.

1204 1428 1369 1471 Cogitate,
1393 1439 1490 1470 quam
1514 1427 1655 1470 pulcher
1678 1430 1760 1460 ordo
1789 1430 1831 1460 sit
1865 1430 1895 1460 in
1919 1430 1991 1461 acie
2017 1428 2098 1461 mili-

1118 1473 1188 1503 tari.
1246 1471 1463 1504 Collocantur
1502 1472 1534 1503 in
1569 1473 1680 1513 primis
1715 1473 1884 1504 ordinibus
1920 1473 2031 1513 optimi
2065 1478 2098 1504 et

1118 1516 1394 1556 praestantissimi
1418 1514 1548 1546 milites.
1617 1514 1675 1546 Sic
1709 1514 1802 1546 Deus
1837 1516 1868 1546 in
1898 1516 2002 1555 prima
2024 1515 2097 1547 acie

1092 1562 1093 1592 1
1119 1556 1295 1589 collocavit
1321 1558 1549 1589 Patriarebas:
1586 1558 1702 1595 Adam,
1739 1556 1830 1595 Seth,
1862 1557 1942 1595 Noa,
1966 1555 2095 1595 Enoch,

1091 1602 1215 1644 iSwn,
1251 1600 1435 1637 Abraham,
1469 1600 1584 1637 isaac,
1619 1599 1728 1631 lacob.
1796 1599 1916 1630 Postea
1950 1600 2098 1641 sequitur

1091 1678 1093 1681 ,
1119 1654 1273 1686 magnum
1299 1645 1412 1680 robur,
1436 1649 1468 1673 ut
1494 1642 1613 1679 David,
1648 1641 1751 1680 Elias,
1782 1641 1945 1679 Elisaeus,
1968 1641 2098 1680 Esaias,

1119 1687 1284 1718 ieremias.
1330 1686 1370 1717 Hi
1394 1692 1469 1717 sunt
1495 1686 1525 1716 in
1550 1685 1667 1716 medio.
1713 1684 1747 1716 ln
1768 1692 1937 1727 postremo
1967 1685 2099 1726 agmine

1120 1737 1168 1761 est
1195 1729 1270 1760 Dux
1295 1730 1378 1770 ipse,
1411 1728 1583 1760 Christus:
1619 1729 1702 1759 sicut
1726 1729 1758 1758 in
1781 1729 1852 1758 acie
1876 1727 1950 1759 Dux
1971 1733 2098 1769 partem

1092 1775 1093 1806 ζ
1120 1773 1337 1814 posteriorem
1362 1778 1515 1812 occupat,
1539 1778 1571 1802 ut
1596 1772 1700 1812 possit
1726 1771 1834 1801 omnia
1858 1771 1890 1801 in
1915 1776 2098 1811 conspectu

1092 1846 1093 1852 ,
1120 1815 1254 1846 habere.
1279 1816 1332 1847 Sic
1355 1814 1508 1845 Christ-:s
1532 1815 1627 1844 etiam
1653 1815 1739 1845 venit
1764 1814 1795 1844 in
1843 1820 1986 1846 ostrema
2005 1820 2100 1855 parte

1120 1858 1242 1889 mundi.
1272 1857 1311 1888 Et
1334 1864 1367 1888 ut
1391 1858 1422 1887 in
1449 1858 1512 1888 tine
1536 1857 1616 1887 aciei
1637 1867 1752 1887 rursus
1772 1855 1823 1887 eol
1841 1862 1957 1888 ocatur
1979 1865 2098 1898 agmen

1092 1935 1094 1939 ¹
1122 1901 1266 1932 virorum
1302 1900 1454 1933 sortium:
1489 1900 1545 1931 Sic
1579 1900 1713 1930 excitati
1748 1906 1825 1931 sunt
1849 1897 2016 1940 Apostoli,
2040 1909 2099 1941 per

1146 1955 1206 1975 uos
1231 1942 1447 1985 Evangelium
1470 1950 1520 1973 est
1546 1949 1763 1984 propagatum
1788 1942 1871 1973 inter
1895 1948 2022 1984 genteS.
2058 1940 2099 1973 Et

1123 1985 1274 2018 Lhristus
1299 1987 1421 2018 sedens
1444 1987 1486 2017 ud
1510 1986 1657 2016 dextram
1680 1986 1795 2026 putris,
1818 1985 1927 2016 adbuc
1945 1985 1998 2016 dat
2013 1985 2099 2016 dona

1122 2029 1322 2067 bominibus,
1358 2029 1442 2060 alios
1466 2027 1539 2059 aliis
1564 2029 1659 2059 donis
1684 2029 1879 2062 instructos.
1915 2034 1948 2059 ut
1972 2029 2013 2059 sit
2037 2026 2099 2058 Ee·

1122 2071 1236 2110 etesia,
1259 2083 1324 2103 non
1348 2071 1455 2103 solum
1481 2078 1596 2103 coetus
1621 2071 1804 2109 ordinatus,
1829 2077 1965 2112 propter
1988 2070 2099 2102 distin-

1122 2116 1264 2147 ctionem
1289 2116 1462 2147 doetorum
1487 2122 1516 2146 et
1539 2115 1738 2151 auditorum,
1761 2115 1821 2146 sed
1845 2115 1941 2145 etiam
1964 2120 2099 2155 propter

1123 2159 1208 2189 dona
1232 2159 1363 2189 diversa
1387 2159 1471 2188 inter
1495 2159 1586 2199 Ipsos
1606 2157 1770 2188 doctores.

1209 2201 1344 2231 fotura.
1410 2203 1454 2232 ,4η
1490 2211 1548 2229 reon
1584 2211 1686 2229 nunus
1715 2209 1818 2229 0-mtes
1841 2201 1994 2238 aequales.
2024 2200 2099 2238 quia

1124 2255 1224 2273 omms
1245 2255 1345 2273 snmus
1364 2246 1508 2281 fratres?
1532 2243 1619 2282 Eryo
1639 2253 1698 2272 non
1723 2243 1813 2272 debet
1836 2252 1901 2271 esse
1924 2242 2096 2273 distinctio.

1124 2288 1242 2318 Audivi
1267 2298 1403 2328 magnus
1428 2287 1658 2318 contentiones
1682 2285 1887 2327 quorundam
1911 2285 1951 2315 de
1976 2283 2099 2321 haere,

1095 2368 1099 2402 Ι
1122 2331 1176 2371 qui
1201 2328 1401 2361 clamabant:

1096 2407 1099 2427 t

1211 2399 1319 2429 ornum
1354 2398 1526 2428 l‘ltrc'ste'nm'
1560 2401 1628 2427 mue
1664 2397 1822 2436 equale-s.
1855 2394 1920 2425 Nec
1944 2400 1989 2424 est
2014 2395 2099 2434 apud

1126 2441 1220 2472 Deum
1237 2452 1441 2480 prr-sonorum
1465 2445 1633 2480 respectus.

1210 2484 1295 2523 Eryci
1330 2496 1389 2514 non
1424 2484 1514 2515 dehet
1549 2494 1614 2514 rue·
1644 2483 1808 2512 distinctio
1843 2481 1996 2520 ymdmmo
2018 2482 2100 2512 1¹28ae

1125 2527 1332 2557 Christianos.

1212 2586 1419 2627 Respondeo.
1467 2587 1590 2618 Omnes
1614 2585 1791 2617 christiani
1822 2592 1896 2615 nunt
1927 2581 2098 2625 aequ-leo.

2272 136 2274 138 .
2269 0 2280 122 ,τ’-’ππ
