2324 2958
163 145 225 175 567
799 141 906 176 Ptin..
930 142 1032 175 MEL.
1055 141 1241 175 scatP‘rA
1262 140 1524 176 EXEGE't'tcA.
2092 149 2156 182 568

248 238 318 270 Nos
352 236 452 269 multa
487 237 707 278 disputamuS,
746 237 897 269 volumus
932 237 1159 268 constituere‘

165 280 312 323 politias,
343 278 569 312 defensionem
593 281 709 312 bonam
732 279 873 319 habere,
896 280 954 312 sed
977 289 1044 311 non
1067 279 1133 310 fiet.

164 323 318 356 Ecclesia
341 328 391 355 est
415 331 590 364 oppressa,
608 332 672 355 non
691 323 790 355 habet
813 322 1050 360 defensionem,
1074 321 1132 353 sed

164 367 323 398 immensa
356 366 503 401 bonitate
536 364 599 398 Dei
633 372 784 398 servatur
816 363 1004 397 mirabiliter
1037 374 1134 396 manu

165 408 221 441 filii
254 408 334 440 Dei:
368 409 453 440 sicut
488 409 519 439 in
555 408 718 451 Propheta
747 409 824 440 dicit
855 407 1028 439 Dominus:
1062 407 1134 446 Eyo

161 452 314 491 portabo,
343 461 400 491 eqo
427 451 552 481 servabo
580 463 634 481 eos
655 453 687 481 1'11
709 455 844 483 senecta.
867 452 899 479 1⁰71
923 450 1054 483 canitie;
1076 459 1133 488 eyo

164 495 292 535 qestabo
319 504 373 524 vos
401 495 482 524 sicut
504 498 618 534 pastor
646 505 755 533 (tynum
778 503 882 522 ree-eus
904 493 1039 522 editum:
1059 492 1134 523 ideo

165 538 292 569 debetis
320 547 395 568 esse
424 538 629 569 ardentiores
658 537 690 568 in
720 537 920 578 precatione.
971 533 1051 566 Illae
1073 535 1135 566 cir-

164 581 381 612 cumstantiae
404 579 537 611 multum
556 579 639 612 lucis
659 580 781 611 addunt
803 579 977 610 historiae:
1000 577 1136 608 Monent

165 623 326 655 hominem
355 633 421 654 non
444 621 617 660 stolidum,
651 632 717 653 non
738 620 926 659 bestialem,
960 621 1001 652 de
1024 618 1134 651 multis

165 667 293 708 magnis
317 667 427 698 rebus.
483 665 522 696 Et
553 664 637 697 haec
667 665 732 696 sint
755 665 842 696 dieta
867 664 908 695 de
930 663 1134 704 temporibus

165 714 197 740 et
220 709 261 740 de
283 707 370 741 loco.

252 751 319 783 lam
340 751 475 783 historia
499 751 570 791 ipsa
593 750 831 787 consideretur,
849 749 925 790 quia
947 748 1040 780 Deus
1064 746 1131 779 mlt

166 800 276 826 notam
297 804 372 826 esse
388 795 566 825 historiam.
601 792 654 824 De
672 793 893 834 magnitudine
911 798 1020 823 autem
1039 791 1134 822 istius

167 837 277 879 operis
301 838 377 878 quid
400 846 577 878 possumus
601 836 736 867 dicere?
760 835 820 867 nisi
844 840 877 866 ut
900 843 1038 877 agamus
1061 843 1134 875 gra-

165 880 229 912 tias
252 879 326 912 Deo
348 890 408 921 pro
432 878 497 910 hoe
519 879 666 910 mirando
691 876 830 909 consilio
852 883 881 908 et
903 877 1061 908 immenso
1081 877 1134 907 be-

166 922 294 955 neficio.
343 923 418 954 Non
445 931 624 964 possumus
652 931 759 962 neque
788 930 907 952 causas
931 917 1135 951 sufficientes

166 967 394 1004 considerare,
422 974 529 1006 neque
558 964 811 1006 magnitudinem
834 961 903 994 ullo
926 963 1024 994 modo
1048 972 1135 993 eom·

166 1009 388 1051 prehendere,
423 1008 510 1050 quod
537 1006 630 1039 Deus
661 1007 823 1044 decrevit,
859 1006 922 1037 hoc
945 1005 1044 1036 modo
1066 1003 1135 1045 pla-

167 1053 306 1084 candam
335 1061 411 1084 esse
439 1052 521 1082 iram
549 1060 662 1088 suam,
695 1057 724 1080 et
754 1059 859 1092 genus
889 1047 1064 1080 humanum
1087 1047 1136 1079 sic

167 1095 387 1127 redimendum
400 1103 487 1130 esse,
501 1100 533 1125 et
552 1093 663 1135 generi
682 1092 826 1125 humano
844 1091 1043 1122 reddendam
1061 1099 1136 1122 esse

165 1137 319 1170 iustitiam
339 1143 370 1168 et
389 1138 487 1168 vitam
506 1142 684 1167 aeternam.
721 1135 787 1165 Sed
804 1144 870 1165 non
890 1143 1066 1175 possumus
1085 1143 1136 1164 sa-

167 1181 208 1212 tis
231 1181 413 1211 rationibus
435 1179 582 1220 assequi,
605 1188 708 1219 quare
730 1177 823 1209 Deus
848 1178 906 1208 ista
932 1177 1001 1207 fieri
1024 1175 1136 1207 volue-

166 1223 225 1259 rit3
248 1223 306 1254 sed
325 1223 409 1254 sicut
428 1220 550 1253 Paulus
568 1221 681 1262 inquit,
702 1221 860 1251 debemus
881 1220 1031 1262 redigere
1050 1229 1137 1249 men·

169 1272 234 1297 tem
257 1266 420 1306 captivam
447 1265 480 1295 in
503 1263 695 1305 obsequium
719 1263 798 1293 Dei:
831 1262 998 1293 Debemus
1025 1261 1138 1292 audire

167 1318 282 1340 vocem
307 1308 460 1344 divinam,
482 1313 513 1338 et
535 1316 635 1344 agere
660 1305 733 1336 Deo
756 1305 891 1347 gratias,
911 1305 999 1345 quod
1022 1314 1059 1335 se
1082 1313 1137 1344 pa-

167 1349 291 1388 tefecit,
313 1351 399 1392 quod
423 1349 508 1381 misit
526 1340 653 1387 fnium,
673 1349 760 1389 quod
784 1348 847 1379 isto
870 1347 1019 1378 mirando
1038 1346 1136 1377 modo

166 1392 308 1425 voluerit
325 1393 485 1425 redimere
504 1402 608 1435 genus
626 1390 813 1422 humanum.
853 1389 895 1421 Et
912 1389 1056 1431 cogitate
1075 1398 1138 1419 nos

167 1436 435 1468 consideraturos
457 1434 545 1466 illam
569 1434 761 1475 sapientiam
778 1434 810 1464 in
830 1433 915 1464 omni
933 1432 1137 1463 aeternitate.

166 1479 258 1512 Sicut
291 1477 397 1521 angeli
426 1476 513 1509 illam
543 1477 734 1518 sapientiam
769 1474 1048 1517 contemplantur,
1082 1475 1139 1505 mi-

167 1528 291 1560 rantur,
310 1529 340 1554 et
363 1521 514 1553 fruuntur
537 1520 698 1562 sapientia
720 1518 782 1550 Dei
807 1520 837 1550 in
861 1525 997 1550 aeterna
1016 1516 1138 1560 gloria:

168 1565 226 1597 Sic
254 1575 316 1596 nos
344 1563 432 1596 illam
461 1563 654 1605 sapientiam
683 1563 715 1593 in
746 1561 851 1593 altera
874 1562 941 1592 vita
964 1561 1138 1592 discemus.

168 1607 235 1640 Sed
258 1614 365 1640 tamen
391 1608 482 1639 Deus
504 1605 572 1637 vult
595 1615 658 1637 nos
687 1604 848 1636 elementa
871 1603 1085 1635 considerare
1108 1603 1138 1634 in

168 1650 231 1682 hac
255 1652 339 1687 vita3
362 1650 437 1692 quia
460 1649 528 1681 vult
553 1659 614 1680 nos
633 1648 693 1689 ipsi
713 1657 814 1689 agere
832 1648 970 1689 gratias,
988 1652 1019 1677 et
1038 1656 1141 1687 agno·

169 1704 266 1726 scere
298 1695 378 1725 iram
409 1693 479 1724 eius
507 1693 670 1723 adversus
699 1698 854 1731 peccata,
890 1697 921 1722 et
954 1690 1140 1721 misen'cor-

169 1737 273 1774 diam,
295 1747 334 1767 ac
358 1736 594 1777 promissiones
641 1735 757 1765 ivtnas.

255 1779 289 1810 ln
324 1779 465 1821 Aggaeo
495 1778 597 1819 inquit
661 1777 806 1808 ominus:
840 1775 952 1806 Adhuc
976 1775 1083 1813 semel,
1112 1779 1140 1804 et

169 1822 290 1852 movebo
313 1822 428 1851 eoelum
450 1825 479 1851 et
501 1825 631 1854 terram,
655 1824 683 1849 e!
708 1822 804 1849 veniet
827 1819 1024 1848 desideratus
1045 1819 1140 1857 flenti-

169 1866 239 1901 bus,
268 1864 320 1896 vel
349 1865 535 1894 desiderium
561 1864 710 1903 yentium:
756 1862 873 1894 Veniet
900 1860 974 1899 ille,
1008 1862 1061 1903 qui
1090 1866 1141 1892 est

169 1907 374 1945 consolatio,
396 1906 532 1945 laetitia,
556 1912 585 1937 et
610 1912 776 1938 aeternum
801 1905 954 1947 gaudium
978 1904 1141 1942 omnibns,

170 1951 224 1993 qui
247 1961 318 1983 eunt
342 1951 516 1991 accipiunt.

256 1993 369 2025 Movet
393 1992 486 2024 Deus
511 1990 657 2029 coelum,
682 1991 814 2032 quando
839 1991 931 2021 mittit
958 1989 1086 2026 Filium,
1109 1995 1139 2020 et

171 2037 303 2079 quando
327 2037 398 2078 ipse
421 2035 507 2067 filius
532 2034 592 2066 Dei
616 2035 723 2066 delicit
748 2043 785 2065 se
807 2034 838 2064 in
862 2034 957 2064 istam
982 2031 1140 2064 humilita-

170 2086 255 2118 tem,
278 2086 312 2110 ut
336 2089 408 2110 eum
433 2080 473 2109 sit
497 2078 702 2119 omnipotens
726 2086 887 2117 persona,
918 2082 1025 2106 tamen
1049 2086 1141 2105 assu-

172 2129 236 2154 mat
267 2129 415 2153 naturam
445 2121 638 2152 humanam:
670 2130 764 2151 nemo
793 2125 901 2160 potest
932 2117 996 2149 hoc
1020 2116 1142 2159 eloqui,

172 2173 326 2208 quantum
351 2166 403 2196 sit.

257 2208 377 2239 Postea
398 2214 504 2239 movet
525 2212 657 2243 terram,
677 2206 764 2247 quod
783 2204 869 2236 iilius
886 2205 1033 2235 nascitur
1051 2213 1142 2234 more

170 2262 235 2284 non
255 2253 388 2284 usitato.
434 2250 621 2282 Secundum
642 2249 787 2279 ordinem
807 2256 942 2279 naturae
962 2245 1070 2278 nullus
1090 2245 1143 2276 lto-

171 2306 222 2325 mn
252 2295 398 2325 nascitur
429 2294 500 2324 sine
530 2292 628 2323 maris
659 2298 690 2322 et
720 2290 880 2322 foeminae
905 2290 1142 2321 coniunctione.

169 2336 231 2369 Hie
256 2336 354 2368 Filius
378 2335 474 2367 aliter
497 2336 653 2367 nuscitur.

257 2381 452 2411 Omittamus
477 2379 544 2410 hic.
571 2387 654 2419 quae
677 2383 751 2408 sunt
777 2374 1008 2414 speculabilia,
1038 2375 1142 2415 magis

172 2425 301 2454 curiosa
326 2433 421 2464 quant
445 2421 546 2453 utilia.

172 2472 324 2498 verenter
365 2466 578 2502 admiremur,
620 2471 650 2495 et
686 2463 932 2494 consideremus
967 2461 1141 2492 bene-ticin:

171 2508 306 2540 Etiamsi
331 2510 370 2546 de
394 2507 450 2539 illo
473 2518 572 2550 opere
596 2505 697 2538 multa
718 2507 933 2547 disputemus,
952 2512 1058 2535 tamen
1077 2514 1141 2534 non

171 2552 252 2583 satis
276 2550 501 2593 intelligimus:
533 2550 720 2587 Laetemur,
774 2549 838 2580 uod
864 2548 955 2579 Deus
979 2546 1140 2589 prohibuit

175 2595 370 2632 testimonia,
393 2595 478 2636 quod
504 2592 559 2625 illa
583 2603 659 2624 vere
683 2593 731 2623 sic
751 2560 841 2624 ‘lacta
867 2591 945 2630 sint,
968 2591 1053 2622 sicut
1076 2589 1140 2620 Do·

598 2420 687 2452 illam
714 2430 791 2451 vero
817 2419 1070 2461 maguntinum—ni
1095 2429 1143 2448 re·
1167 2423 1169 2432 ’

1186 236 1292 268 mitius
1324 238 1534 270 resuscitavit
1563 238 1724 271 Lazarum
1752 238 1803 271 his
1830 241 1912 282 ipsis
1940 241 2066 273 diebus.
2115 243 2157 276 Et

1185 276 1271 310 alias
1300 289 1432 322 quoque
1461 281 1684 314 Resuscitatio
1707 289 1928 322 mortuorum,
1958 290 1990 316 et
2011 284 2077 317 alia
2099 289 2156 318 mi·

1185 320 1299 353 racula
1328 323 1371 354 ab
1399 323 1490 355 initio
1520 330 1698 363 testantur,
1733 326 1820 367 quod
1843 325 1937 358 Deus
1959 327 2084 360 miserit
2104 328 2157 359 Fi—

1185 361 1273 395 lium.
1328 363 1438 398 Simus
1472 368 1615 398 contenti
1649 367 1712 400 hac
1747 369 1953 410 cognitione,
1987 371 2074 411 quod
2098 369 2157 402 illa

1185 404 1275 456 facta
1296 407 1375 457 sint:
1399 418 1464 440 non
1489 411 1620 441 curiose
1642 411 1859 452 inquiramus,
1881 413 2045 453 quomodo
2067 411 2158 445 faeta

1185 455 1266 499 sint:
1289 460 1366 491 quta
1388 461 1454 482 non
1476 462 1654 493 possumus
1676 453 1925 485 immensitatem
1948 460 1982 486 et
1998 456 2158 498 magnitu-

1186 492 1328 523 tudtnem
1348 494 1530 534 sapientiae
1553 496 1682 527 divinae
1705 497 1997 537 comprehendere.

1199 576 1206 584 .
1272 533 1355 566 lllud
1377 542 1484 568 autem
1510 539 1656 580 inprimis
1688 539 1953 577 consideremus,
1982 549 2084 582 quare
2106 540 2157 572 Fi—

1185 574 1250 607 lius
1272 578 1394 628 missus
1417 580 1475 618 sit,
1504 587 1535 612 et
1565 581 1606 611 ad
1635 591 1729 623 quent
1759 581 1856 613 finem
1879 581 1972 615 Deus
1996 581 2074 614 velit
2094 592 2158 615 nos

1186 618 1250 649 hoc
1273 629 1371 652 scire.
1417 621 1478 653 Hic
1501 623 1532 654 in
1557 629 1647 655 textu
1671 624 1808 655 dicitur:
1843 624 1944 655 Dabit
1965 627 1995 655 et·
2017 625 2158 656 chroma

1186 665 1215 691 et
1237 672 1362 712 regnum
1383 663 1492 694 David
1508 668 1615 705 patr-ix
1636 668 1698 696 sui:
1723 667 1754 697 id
1780 674 1840 705 est,
1858 668 1948 699 dabit
1971 668 2001 699 ei
2017 678 2158 711 regnum

1186 714 1401 745 pronussum:
1429 706 1482 738 De
1510 719 1576 749 quo
1600 715 1632 740 et
1654 710 1686 740 in
1710 709 1809 741 Esaia
1832 717 1898 741 est:
1932 710 2159 741 promam

1186 746 1250 776 Dee·
1277 748 1384 786 firmae
1416 752 1447 778 et
1478 754 1567 780 ratae
1593 755 1681 790 sunt,
1712 753 1820 790 saetae
1848 753 1979 783 Danieli.
2035 753 2159 785 Noster

1185 795 1294 821 textus
1313 789 1427 823 habet:
1450 792 1689 823 Misericordiae
1706 795 1815 825 David
1825 795 1942 835 fideles.
1977 795 2043 827 lam
2060 802 2158 837 opor-

1187 838 1231 863 tet
1260 842 1300 863 ex
1331 833 1502 874 Scriptura
1532 846 1711 876 quaerere,
1745 839 1910 879 quodnam
1940 839 1984 870 sit
2013 838 2079 870 hoe
2107 848 2158 871 re·

1187 885 1305 925 gnum,
1338 876 1424 908 sitne
1456 876 1645 918 politicum?
1697 879 1844 912 Vocatur
1878 888 1986 913 autem
2020 891 2159 924 regnum

1186 917 1312 968 David,
1340 929 1407 950 non
1435 921 1564 961 quidem
1593 922 1682 963 quod
1704 922 1809 954 simile
1831 933 1967 966 regnum
1990 925 2051 962 sit,
2073 924 2159 956 sicut

1186 959 1246 992 fult
1268 960 1408 993 Davidis
1434 973 1572 1005 regnum
1602 965 1801 997 mundanum
1829 972 1862 997 et
1883 965 2067 1009 politicum:
2097 967 2158 998 sed

1187 1001 1275 1035 aliud
1298 1014 1455 1047 regnum,
1479 1006 1568 1047 quod
1590 1007 1619 1037 ei
1641 1008 1838 1048 promissum
1861 1015 1942 1041 erat.

1272 1046 1363 1088 Ergo
1397 1054 1529 1089 oportet
1563 1050 1667 1088 scire,
1724 1060 1804 1082 uare
1837 1052 1964 1083 missus
1989 1051 2032 1082 sit
2061 1049 2159 1083 filius.

1188 1088 1248 1120 Est
1270 1095 1377 1122 autem
1406 1091 1489 1123 haec
1519 1102 1622 1124 causa
1652 1093 1694 1124 tin
1732 1094 1760 1124 is
1791 1094 1986 1135 praecipua,
2006 1098 2043 1125 ut
2065 1092 2162 1125 tollat

1187 1138 1359 1172 peccatum
1393 1139 1426 1164 et
1465 1140 1618 1172 mortem,
1658 1136 1774 1167 reddat
1808 1137 1962 1168 iustitiam
1995 1142 2028 1168 et
2061 1137 2160 1168 vitam

1187 1181 1365 1207 aetemam.
1412 1176 1503 1208 Sicut
1528 1175 1646 1208 Daniel
1669 1179 1763 1209 dicit:
1801 1179 1906 1209 Veniet
1928 1178 2063 1209 Sanctus
2084 1178 2161 1209 San-

1189 1220 1321 1251 otor-mn,
1361 1222 1391 1248 et
1431 1218 1545 1249 delebit
1580 1224 1756 1259 peccatum,
1796 1225 1826 1251 et
1859 1221 2009 1251 reddetur
2040 1223 2162 1252 iustist‘fl

1189 1264 1324 1290 aeterna.

1274 1302 1335 1334 Hie
1358 1304 1606 1336 consideremus
1628 1306 1710 1336 iram
1732 1305 1793 1336 Dei
1815 1306 1979 1338 adversus
2002 1312 2159 1347 peccata:

1189 1342 1311 1385 aliquid
1338 1355 1491 1387 magnum
1520 1356 1598 1378 esse
1626 1347 1708 1378 iram
1737 1346 1802 1379 Dei
1824 1347 1988 1379 adversus
2010 1353 2162 1389 peccata,

1190 1392 1353 1419 testantur
1385 1398 1531 1429 poenae,
1564 1395 1596 1420 et
1625 1388 1848 1425 calamitates,
1883 1399 1969 1432 quae
1999 1395 2163 1432 vagantur

1189 1439 1248 1471 per
1276 1440 1382 1472 genus
1413 1429 1598 1464 humanum.
1656 1432 1774 1464 Omnia
1796 1434 1924 1465 atrocia
1946 1431 2076 1465 seelera
2103 1431 2162 1464 ha·

1191 1474 1268 1504 bent
1289 1482 1415 1514 poenas
1437 1475 1470 1505 in
1493 1473 1557 1506 hac
1575 1475 1651 1506 vita.
1696 1474 1822 1508 Textus
1839 1476 1917 1507 dicit
1936 1473 2026 1507 clare
2045 1475 2086 1507 de
2103 1474 2163 1507 ho·

1190 1516 1331 1547 micidis:
1356 1516 1420 1550 Qut·
1440 1519 1596 1557 acceperit
1617 1517 1770 1557 yladium,
1800 1518 1912 1558 ylmiio
1931 1518 2060 1558 per-ibit:
2095 1517 2164 1549 Aut

1190 1568 1321 1599 semper
1345 1559 1387 1590 ita
1411 1559 1465 1597 fit,
1493 1561 1595 1602 idque
1617 1567 1669 1592 est
1697 1560 1866 1603 regulare:
1894 1567 1949 1592 aut
1972 1566 2062 1591 certe
2083 1570 2162 1602 pau—

1191 1602 1346 1633 cissimae
1375 1610 1450 1633 sunt
1480 1603 1712 1645 exceptiones,
1745 1604 1801 1635 ubi
1830 1602 1922 1635 Deus
1950 1613 2012 1634 sua
2040 1612 2163 1645 magna

1190 1644 1413 1676 misericordia
1432 1645 1486 1676 vel
1506 1647 1635 1677 remittit
1654 1646 1706 1677 vel
1726 1646 1848 1688 mitigat
1869 1655 2005 1687 poenas.
2052 1644 2162 1677 David

1191 1698 1265 1719 cum
1295 1688 1427 1728 punitus
1456 1695 1524 1726 est,
1558 1695 1760 1720 sustentatur
1791 1700 1809 1719 a
1841 1688 1907 1720 filio
1940 1688 2019 1719 Dei:
2054 1694 2163 1719 tamen

1192 1735 1321 1771 oportet
1354 1729 1443 1761 illum
1472 1731 1623 1773 ingentes
1653 1742 1777 1773 poenas
1806 1732 1972 1763 sustinere
1999 1731 2164 1762 tristiores

1191 1779 1306 1804 morte.
1351 1772 1438 1804 idem
1467 1775 1652 1816 cogitemus
1681 1775 1721 1806 de
1745 1772 1815 1805 aliis
1839 1775 1935 1805 etiam
1960 1773 2162 1805 sceleribus:

1199 1815 1260 1844 Vae
1285 1817 1338 1855 qni
1363 1815 1498 1854 spallas,
1530 1819 1603 1856 qnia
1632 1817 1824 1856 spoliaberis.
1883 1816 1939 1848 Sic
1962 1817 2007 1848 δὲ
2025 1816 2163 1847 incestis

1191 1865 1223 1889 et
1254 1858 1426 1890 horrendis
1456 1858 1643 1891 libidinibus
1673 1866 1705 1891 et
1735 1860 1776 1891 de
1808 1860 1959 1901 periuriis
1989 1857 2164 1891 manifesta

1193 1902 1377 1933 testimonia
1401 1908 1488 1939 sunt,
1506 1903 1593 1944 quod
1619 1902 1711 1934 Deus
1735 1901 1791 1933 illa
1815 1903 1942 1943 puniat:
1966 1902 2165 1932 somatum

1192 1947 1221 1973 ct
1244 1944 1403 1974 adulteros
1421 1947 1513 1983 puni!
1535 1945 1630 1975 Dms.

1278 1985 1356 2018 illae
1378 1997 1504 2027 poenae
1526 1995 1601 2020 sunt
1624 1989 1827 2026 testimonia,
1859 1988 1945 2029 quod
1970 1986 2064 2019 Deus
2083 1987 2164 2018 iudi·

1193 2036 1245 2060 cet
1267 2036 1300 2061 et
1321 2031 1484 2061 irascatur
1506 2031 1666 2071 peccatis:
1700 2030 1814 2062 Politia
1844 2031 1941 2061 debet
1966 2040 2043 2061 esse
2065 2039 2164 2072 quae·

1192 2072 1266 2103 dam
1289 2073 1494 2115 paedagogi-a
1516 2073 1716 2107 hominibusz
1750 2073 1915 2105 Debemus
1938 2073 2013 2104 inde
2035 2072 2166 2104 discere

1193 2114 1302 2157 aliquo
1334 2117 1432 2147 motio
1462 2117 1542 2147 iram
1574 2115 1635 2147 Dei
1664 2117 1827 2148 adversus
1851 2122 2004 2157 peccata:
2041 2115 2164 2147 Postea

1193 2169 1284 2189 mors
1314 2159 1386 2200 ipsa
1414 2165 1463 2190 est
1491 2159 1727 2196 testimonium,
1758 2159 1845 2190 (uod
1877 2159 1959 2190 haec
1983 2164 2100 2190 natura
2123 2158 2165 2189 stt

1194 2212 1249 2233 rea
1273 2207 1407 2243 propter
1429 2200 1567 2243 aliquid:
1591 2204 1676 2234 sicut
1701 2201 1767 2233 Pau
1786 2212 1824 2232 us
1848 2202 1941 2232 dicit:
1972 2201 2036 2230 Pn-
2056 2210 2164 2241 pema-

1193 2248 1254 2274 lum
1278 2256 1356 2274 mors
1378 2246 1516 2274 intravit.

1279 2288 1345 2318 Sed
1369 2288 1455 2360 quod
1481 2287 1572 2319 Deus
1593 2289 1756 2319 irasc-atur
1773 2287 1930 2329 pen-atis,
1951 2294 2000 2317 est
2021 2286 2166 2317 omnium

1195 2331 1332 2361 uutxinw
1366 2329 1491 2361 ilustre
1522 2331 1758 2362 testimonium.
1793 2342 1803 2360 ι
1861 2330 1880 2360 d
1915 2328 2006 2360 nulla
2032 2327 2098 2360 alin
2120 2327 2165 2359 vl·

1195 2374 1290 2405 etima
1315 2374 1490 2405 constituta
1514 2381 1576 2409 est.
1595 2375 1656 2405 nisi
1681 2371 1780 2404 Filius
1802 2340 1875 2403 mi.
1922 2372 2012 2403 ilaec
2035 2377 2086 2403 est
2110 2380 2165 2403 res

1195 2427 1330 2459 magna,
1354 2427 1438 2458 quae
1463 2415 1552 2447 nulla
1576 2417 1777 2458 cogitatione
1800 2415 1963 2446 exhauriri
1988 2419 2107 2456 potest,

1282 2459 1417 2491 Deitetis
1441 2465 1549 2491 autem
1574 2466 1605 2490 et
1625 2469 1745 2491 causas
1768 2457 1878 2500 nliquo
1899 2458 1996 2489 modo
2016 2457 2166 2488 conside-

1194 2513 1286 2535 rare.
1310 2513 1410 2544 qunre
1434 2503 1498 2534 sint
1523 2501 1696 2544 copulatae
1720 2502 1802 2534 dun(=
1827 2509 1962 2532 naturae
1987 2501 2017 2532 in
2041 2499 2165 2531 redem-

1193 2552 1305 2587 ptore.
1329 2546 1438 2577 divina
1461 2553 1492 2577 et
1518 2545 1668 2578 humana.

2296 925 2297 929 Ἰ
2308 883 2311 915 l
