2324 2958
108 184 173 219 433

196 277 324 310 Deinde
357 275 527 317 Scriptura
558 275 702 317 loquitur
736 274 832 306 etiam
856 275 896 306 de
918 274 982 307 hac
1002 285 1078 306 con-

109 321 267 358 sessione,
289 328 374 361 quae
397 318 432 349 fit
461 318 549 360 apud
582 317 730 349 homines
765 316 911 348 offensos
930 327 1004 348 cuin
1025 327 1078 358 pe-

109 365 223 396 titione
245 359 536 394 reconciliationis:
560 366 595 393 ut
617 370 690 391 cum
713 360 854 391 lacobus
878 360 972 390 dicit:
1000 359 1078 389 Con-

107 407 233 446 fitemim‘
263 408 365 435 mutuo
394 407 527 442 peccata
560 406 672 435 vestra,
699 402 731 433 id
754 407 823 440 est,
858 407 974 433 sanate
996 402 1079 433 inter

111 445 172 481 vos
194 446 405 481 offensiones.
472 446 564 477 Sicut
585 444 743 477 Matthaei
765 444 796 475 5.
820 444 953 476 dicitur:
992 444 1078 473 Vade

106 493 198 532 prius
230 494 259 520 et
284 487 495 518 reconcilieris
524 489 623 526 fratri
654 491 715 517 tuo.
783 486 875 518 Haec
909 485 1078 518 consessio

110 535 207 566 etiam
228 537 280 564 est
300 540 378 572 pars
403 531 620 568 contritionis,
642 530 675 560 in
698 528 818 561 talibus
841 529 983 571 negotiis
996 539 1078 570 quae

110 585 176 608 non
198 580 274 606 sunt
295 572 437 605 occulta.
481 573 522 604 Et
545 574 594 605 sic
618 572 790 603 Zachaeus
814 572 867 603 hic
885 577 982 603 sonat
1001 582 1079 603 eon-

109 617 286 650 sessionem
309 617 360 647 sui
383 616 510 656 peccati
533 626 642 646 coram
665 614 827 646 Ecclesia.
857 614 990 645 Fatetur
1012 624 1078 646 non

108 660 207 692 modo
241 668 352 690 coram
385 657 477 696 Deo,
511 658 570 689 sed
593 658 689 689 etiam
713 668 823 688 coram
847 656 1016 689 Ecclesia:
1041 666 1079 687 se

108 700 212 734 fuisse
234 699 486 742 sycophantam,
510 700 787 737 denuntiatorem,
811 699 955 740 xiolasse
973 698 1079 740 legem

108 743 182 782 Dei,
205 742 328 775 secisse
350 749 466 775 contra
489 743 559 774 iura
583 743 749 774 societatis
773 742 953 780 humanae,
975 741 1080 774 fuisse

107 785 257 818 iniurium
279 784 400 817 multis.

194 828 278 860 Hinc
300 834 407 859 autem
432 838 496 859 non
519 828 677 869 sequitur,
699 828 902 868 probandam
915 837 992 858 esse
1004 837 1080 858 con-

107 871 285 904 sessionem
319 870 537 909 pontificiam,
571 881 635 912 qua
661 872 702 901 aul
727 877 850 902 certum
874 870 1078 901 sacerdotem

108 914 166 946 fiat
187 914 387 945 enumeratio
411 912 604 945 delictorum
628 914 788 950 omnium,
824 913 919 944 etiam
942 922 1080 943 areano-

108 967 190 989 rum.
235 956 306 987 Nec
342 956 460 987 abiicio
490 962 597 987 tamen
629 957 723 987 ritum
747 956 908 997 petendae
931 954 1079 996 privatae

108 998 337 1036 absolutionis,
363 1008 427 1039 qua
451 1009 516 1030 vox
535 997 704 1040 Evangelii
729 1000 826 1029 etiam
850 996 1002 1039 singulis,
1025 998 1079 1038 qui

108 1043 151 1074 ad
184 1041 292 1074 Deum
326 1047 580 1079 convertuntur,
615 1048 645 1072 et
669 1040 930 1072 consolationem
953 1046 1079 1081 petunt,

108 1084 329 1123 annuntiatur,
362 1090 395 1115 et
428 1083 612 1125 applicatur
645 1085 716 1115 sine
751 1082 806 1114 illa
835 1083 1079 1114 enumeratione

109 1134 333 1170 peccatorum,
356 1133 388 1158 et
410 1128 482 1157 sine
504 1125 576 1157 aliis
591 1126 890 1167 superstitionibus,
921 1136 1003 1167 quas
1026 1125 1078 1156 mi-

110 1175 204 1202 scent
224 1169 398 1201 Pontificii.

193 1228 334 1261 Tertiam
368 1236 493 1270 partem
527 1228 745 1269 poenitentiae
775 1233 896 1259 vocant
925 1226 1079 1268 Papistae

110 1272 372 1310 satisfactionem,
394 1273 435 1303 ‹le
459 1282 523 1313 qua
541 1277 752 1312 portentosas
777 1271 949 1312 opiniones
978 1270 1079 1301 finxe-

108 1320 184 1346 runt
205 1314 370 1346 Monachi.
414 1314 590 1345 Nominant
612 1312 872 1345 satisfactionem
895 1323 973 1352 opus
995 1313 1079 1342 inde-

108 1357 212 1393 bitum,
242 1357 275 1388 id
303 1363 367 1395 est,
400 1367 466 1387 non
495 1357 683 1387 mandatum
705 1367 724 1387 a
748 1355 832 1393 Deo,
863 1366 929 1397 quo
953 1356 1080 1398 fingunt

109 1399 318 1441 compensari
340 1409 467 1440 poenas
490 1405 644 1430 aeternas
669 1409 728 1429 seu
750 1398 943 1440 purgatorii.
966 1397 1080 1429 Divel-

109 1440 181 1474 lunt
215 1441 300 1472 enim
334 1451 374 1471 ac
408 1447 563 1482 separant
597 1441 825 1471 remissionem
850 1439 966 1481 culpae
988 1451 1007 1472 a
1029 1451 1079 1472 re-

109 1483 265 1516 missione
290 1493 415 1525 poenae
439 1489 606 1514 aeternae:
639 1489 670 1514 et
692 1493 818 1524 poenas
846 1489 1000 1514 aeternas
1034 1483 1079 1514 di-

110 1532 189 1558 cunt
211 1527 358 1557 converti
377 1526 408 1556 in
432 1536 558 1566 poenas
582 1525 781 1566 temporales
804 1526 978 1567 agentibus
1002 1535 1079 1566 poe-

108 1569 292 1600 nitentiam:
317 1574 350 1599 et
372 1568 432 1599 has
455 1569 583 1610 fingunt
599 1569 715 1609 partim
738 1567 806 1599 tolli
830 1573 991 1609 potestate
1015 1567 1080 1599 cla·

108 1611 206 1649 vium,
240 1610 357 1651 partim
390 1609 671 1642 satisfactionibus
705 1610 893 1642 Canonicis.
958 1611 993 1641 ln
1016 1612 1080 1642 hoc

109 1650 321 1685 deliramento
345 1663 497 1695 magnum
523 1653 625 1684 chaos
648 1658 698 1684 est
722 1663 883 1684 errorum:
907 1653 948 1684 de
962 1654 1079 1694 quibus

108 1697 172 1727 iam
194 1703 260 1727 non
284 1696 399 1727 dicam.
468 1695 535 1726 Sed
558 1706 739 1736 proponam
765 1702 889 1728 tantum
913 1694 1080 1727 refutatio-

109 1748 183 1770 nem
206 1738 302 1770 huius
325 1739 507 1780 argumenti
531 1738 693 1780 vulgatis:

195 1793 236 1825 In
266 1795 357 1833 furto
389 1794 547 1825 restitutio
579 1794 632 1825 rei
662 1794 786 1825 alienae
809 1797 995 1826 necessart'a
1017 1799 1081 1826 est:

110 1836 197 1868 sicut
230 1835 282 1867 hic
315 1836 414 1877 inquit
444 1836 631 1867 Zachaeus:
665 1838 775 1868 Reddo
798 1837 1023 1878 quadruplum,
1047 1842 1081 1869 et

110 1879 274 1910 dimidium
297 1880 449 1910 bonorum
471 1889 611 1911 meorum
633 1880 675 1911 «Io
694 1881 899 1920 pauperibus.

196 1949 255 1979 Illa
277 1951 383 1978 autem
405 1947 564 1979 restitutio
586 1952 635 1979 est
657 1948 855 1988 satisfactio:

198 1991 282 2030 Ergo
304 1991 546 2029 satisfactione-s·
566 1995 640 2022 sunt
662 1995 875 2023 necessariae.

197 2061 409 2103 Respondeo.
477 2062 571 2104 Nego
594 2063 764 2094 Minorem.
819 2063 993 2095 Restitutio
1016 2075 1081 2095 non

112 2111 163 2137 est
197 2104 381 2137 satisfactio
414 2103 488 2143 illa,
524 2115 607 2146 quae
637 2106 799 2138 canonica
820 2106 1018 2147 appellatur,
1041 2107 1081 2138 de

112 2158 177 2189 qua
199 2146 377 2190 loquuntur
398 2147 564 2186 Monachi,
587 2158 682 2189 quam
706 2150 816 2180 dicunt
839 2159 916 2181 esse
933 2160 1016 2190 opus
1036 2151 1081 2180 in-

112 2191 265 2222 debitum.
330 2190 413 2222 Nam
438 2191 599 2221 restitutio
622 2192 668 2222 rei
690 2191 833 2230 alienae,
867 2203 952 2234 quae
974 2198 1083 2234 potest

111 2234 257 2271 restitui,
285 2240 341 2265 aut
364 2233 588 2273 compensatio
616 2234 722 2265 damni
746 2235 824 2273 dati,
847 2242 898 2266 est
921 2245 1004 2276 opus
1029 2235 1082 2267 de-

111 2277 212 2307 bitum
247 2275 332 2314 Deo,
367 2277 534 2317 pertinens
568 2277 608 2307 ad
644 2278 870 2309 contritionem
903 2284 935 2309 et
963 2289 1082 2309 novam

113 2319 341 2357 obedientiam,
374 2319 460 2360 quia,
496 2319 550 2360 qni
573 2319 683 2350 sciens
703 2320 819 2351 retinet
841 2331 908 2352 rem
931 2320 1082 2360 alienam,

113 2362 230 2393 retinet
253 2363 393 2393 animum
416 2360 555 2393 furandi.
622 2362 770 2393 Necesse
803 2369 853 2394 est
885 2370 993 2395 autem
1017 2374 1082 2394 non

114 2413 328 2445 perseverare
352 2405 382 2435 in
397 2403 579 2436 sceleribus
603 2411 718 2435 contra
737 2406 994 2438 conscientiam?
1006 2407 1081 2437 ldeo

114 2453 203 2478 recte
226 2447 356 2479 dicitur:
382 2447 547 2476 Per-rutam
571 2458 630 2476 non
655 2448 839 2483 dimittitur,
861 2450 924 2477 nisi
949 2449 1082 2479 ablatam

115 2490 311 2525 restituatur-3
335 2489 474 2528 scilicet,
499 2491 538 2521 de
562 2489 787 2522 satisfactione
811 2490 905 2529 civili,
930 2493 1082 2533 quemad-

116 2531 245 2563 modum
280 2539 312 2563 et
345 2532 468 2564 Paulus
503 2534 675 2573 praecipit:
711 2533 771 2567 Qui
800 2535 924 2571 furatus
943 2539 998 2568 est,
1022 2537 1082 2564 iam

116 2584 176 2604 non
196 2575 316 2611 fi1retm-
338 2576 477 2615 amplius.
524 2575 629 2606 David
654 2576 821 2607 debuisset
846 2577 983 2608 reddere
1006 2588 1083 2609 con-

115 2617 223 2658 iugem
258 2616 370 2656 Uriae,
403 2619 430 2648 si
466 2619 619 2649 xix-isset:
654 2628 718 2649 non
749 2619 917 2651 debuisset
941 2621 1082 2652 retinere

271 2685 405 2704 ”tinnitu
430 2687 501 2704 *tl'l'h
526 2687 540 2702 V
557 2690 579 2704 ἰ.
604 2686 680 2706 λΧῐΨ,

784 180 999 215 POSTlLLA
1027 179 1421 215 MELANTHONIANA.

2036 183 2099 215 434

1128 275 1264 308 alterius
1288 275 1472 316 coniugem.
1518 274 1565 306 lta
1587 276 1618 307 in
1643 277 1782 308 caeteris
1805 286 1846 308 ne
1873 277 1947 308 otiis
1969 277 2099 309 restitu-

1129 319 1173 350 tio
1194 324 1246 350 est
1268 318 1472 356 necessaria,
1495 319 1625 359 quando
1650 325 1701 350 est
1723 319 1851 360 pos-sibi
1868 320 1907 350 is.

1366 476 1587 508 DOMINlCA
1617 476 1730 508 ESTO
1760 477 1864 516 Mitti,

1221 589 1324 628 quae
1356 580 1398 614 et
1430 574 1760 627 quinquagesima
1793 575 2022 616 nominatur

1399 679 1594 723 Evangel.
1618 680 1754 713 Lucae
1780 681 1834 713 18.

1224 779 1294 818 De
1331 778 1526 819 Ieiunio
1566 777 2010 832 Quadragesimali.

1131 889 1250 930 Unde
1298 895 1359 929 est
1402 903 1551 928 nomen
1599 887 1883 929 Germanicum
1930 889 2102 930 Fasten‘?

1217 996 1428 1037 Responden,
1451 996 1611 1027 aieiunio.
1635 995 1695 1027 Est
1718 1003 1828 1028 autem
1844 997 1996 1028 ieiunium
2008 997 2104 1034 idem,

1131 1039 1220 1080 quod
1253 1039 1450 1070 abstinentia
1483 1039 1547 1070 eibi
1581 1045 1612 1070 et
1640 1047 1750 1080 potus.
1796 1039 1961 1071 Differunt
1984 1045 2104 1080 tempe-

1130 1082 1248 1120 rantia,
1271 1089 1303 1112 et
1325 1082 1531 1112 abstinentia.
1599 1081 1827 1123 Temperantia
1849 1089 1899 1113 est
1925 1088 2105 1123 praecepta

1132 1125 1218 1154 omni
1247 1130 1406 1165 tempore,
1442 1125 1526 1156 sicut
1561 1130 1771 1165 praeceptum
1807 1125 1847 1156 de
1882 1125 2032 1156 castitate
2054 1131 2103 1156 est

1131 1172 1340 1208 perpetuum:
1364 1167 1573 1198 Abstinentia
1595 1173 1645 1197 est
1658 1168 1738 1198 certi
1752 1167 1925 1208 temporis:
1946 1174 1981 1198 ut
2005 1177 2105 1209 quan-

1131 1210 1173 1240 do
1198 1210 1270 1251 quis
1293 1216 1455 1250 aegrotat,
1478 1211 1575 1241 debet
1599 1211 1765 1241 abstinere
1787 1220 1807 1240 a
1831 1211 1929 1241 certis
1941 1210 2035 1247 cib’is,
2059 1211 2105 1240 vi·

1130 1258 1183 1283 tae
1207 1262 1320 1290 causa,
1343 1262 1384 1283 ne
1403 1253 1446 1283 sit
1468 1253 1632 1293 parricida
1655 1253 1705 1284 sui
1728 1253 1889 1293 corporis.

1218 1293 1342 1326 Paulus
1365 1305 1438 1326 cum
1462 1296 1550 1326 iubet
1572 1296 1733 1327 honorem
1752 1294 1874 1326 habere
1898 1295 2040 1336 corpori,
2063 1295 2105 1326 si-

1131 1336 1265 1379 gnificat
1298 1338 1445 1369 membra
1481 1339 1631 1379 corporis
1666 1347 1742 1369 esse
1770 1348 1895 1380 organa
1925 1338 2105 1369 divinarum

1131 1381 1304 1411 actionum.
1341 1380 1520 1411 Cerebruin
1545 1387 1597 1412 est
1620 1390 1780 1422 organum
1804 1381 2040 1423 cogitationum
2064 1380 2104 1411 de

1131 1422 1224 1459 Deo3
1258 1422 1325 1454 Cor
1358 1430 1409 1454 est
1448 1434 1608 1465 organum
1642 1423 1833 1461 affectuum,
1868 1433 1927 1454 seu
1960 1428 2104 1454 motuum

1133 1464 1274 1506 Spiritus
1297 1469 1414 1497 sancti.
1460 1464 1697 1507 Complectitur
1720 1471 1827 1497 autem
1851 1465 1958 1497 honos
1981 1471 2105 1497 utrum-

1133 1518 1212 1549 que;
1236 1507 1374 1546 scilicet,
1410 1518 1452 1539 ne
1476 1518 1651 1540 oneremus
1680 1518 1743 1539 nos
1765 1508 1939 1540 immodico
1962 1506 2052 1546 luxu,
2073 1514 2105 1538 et

1131 1560 1172 1581 ne
1196 1560 1336 1592 corpora
1359 1552 1535 1591 perdamus
1555 1552 1752 1582 abstinentia
1774 1551 1882 1589 nimia,
1905 1560 1990 1592 quae
2013 1556 2105 1582 natu-

1132 1603 1188 1625 rae
1211 1604 1278 1624 non
1301 1594 1464 1635 congruit.
1810 1605 1820 1617 r

1218 1635 1377 1667 Usitatius
1401 1643 1450 1667 est
1473 1641 1594 1674 tamen,
1616 1636 1801 1677 peccarein
1813 1635 1950 1667 alteram
1968 1641 2105 1676 partem,

1131 1679 1321 1719 praesertim
1345 1679 1432 1719 apud
1455 1689 1516 1709 nos
1530 1678 1732 1715 German0s3
1754 1677 1872 1710 Plures
1895 1684 2036 1719 peccant
2059 1683 2105 1709 te-

1132 1720 1298 1759 mulentia,
1333 1722 1505 1759 ebrietate,
1534 1720 1691 1763 ingluvie,
1710 1722 1904 1758 voracitate,
1929 1730 2026 1761 quam
2049 1721 2105 1752 ab·

1132 1765 1296 1795 stinentia.
1363 1763 1403 1794 Et
1426 1765 1511 1795 sicut
1535 1764 1750 1804 temperantia
1778 1769 1828 1795 est
1851 1764 1959 1794 nutrix
1990 1761 2105 1794 multa·

1132 1816 1202 1837 rum
1236 1807 1406 1837 virtutum:
1439 1807 1484 1838 ita
1517 1806 1619 1838 multe
1653 1812 1684 1838 et
1706 1817 1826 1849 magna
1850 1804 1937 1837 mzzla
1959 1807 2106 1838 oriuntur

1133 1859 1173 1880 ex
1195 1850 1453 1890 intemperantia.
1498 1849 1655 1880 Homines
1678 1849 1759 1880 ebrii
1782 1857 1878 1881 ruunt
1901 1850 1931 1879 in
1960 1858 2103 1892 pugnas,

1133 1898 1165 1923 et
1187 1902 1315 1923 amores
1339 1891 1482 1930 illicitos,
1506 1898 1539 1924 ut
1563 1893 1695 1923 dicitur:

1198 1971 1238 1974 —
1263 1971 1301 1975 —
1326 1951 1471 1981 Ebrietas
1493 1953 1525 1981 in
1540 1951 1665 1990 proelio
1690 1951 1789 1981 trudit
1812 1953 1949 1980 inrrmes.

1133 2020 1228 2052 llem:

1194 2080 1270 2109 Vina
1291 2084 1408 2119 parant
1426 2082 1543 2109 animos
1563 2081 1746 2119 faciuntque
1769 2078 1923 2108 coloribus
1941 2083 2049 2118 opto-5.-

1282 2123 1327 2155 Et
1355 2125 1446 2153 Venus
1468 2125 1500 2152 in
1525 2124 1612 2160 vinis,
1635 2124 1717 2162 iyuis
1735 2124 1766 2151 in
1789 2123 1860 2160 ique
1874 2122 1963 2159 furit.

1220 2191 1307 2223 Olim
1342 2198 1503 2223 vocarunt
1537 2191 1601 2222 hoc
1635 2198 1782 2231 teinpus,
1817 2189 1931 2220 Carnis
1954 2191 2102 2228 privitan:

1134 2235 1207 2276 quia
1232 2234 1277 2265 illi
1302 2240 1442 2266 veteres.
1468 2233 1638 2275 elegantes
1661 2233 1809 2265 homines
1833 2231 1928 2263 facile
1951 2238 1983 2263 et
1995 2232 2103 2263 statim

1135 2284 1328 2318 receperunt
1352 2277 1453 2309 multa
1477 2275 1714 2309 ceremonialia,
1760 2276 1830 2307 Nos
1849 2275 1990 2311 barbari,
2015 2275 2103 2316 cupi-

1135 2321 1165 2352 ‹li
1189 2320 1363 2358 libertatis,
1386 2331 1451 2351 non
1475 2320 1739 2351 admississernus
1763 2324 1826 2349 tam
1846 2316 1945 2348 multa
1961 2327 2103 2348 ceremo-

1133 2363 1254 2400 nialia;
1287 2363 1372 2394 sicut
1407 2363 1583 2394 occasione
1618 2363 1712 2393 nobis
1735 2361 1829 2398 data,
1862 2370 1901 2391 ex
1926 2360 2103 2391 mutatione

1134 2405 1301 2448 religionis
1325 2406 1523 2447 pontificiae,
1547 2404 1696 2435 homines
1720 2403 1823 2435 nostri
1837 2403 1900 2433 cito
1913 2403 2102 2434 abiecerunt

1134 2450 1295 2481 ieiunium.

1220 2491 1351 2522 Memini
1385 2491 1599 2521 Franciscum
1633 2489 1822 2519 Stadianum
1846 2487 2101 2530 Tubingensem,

1133 2536 1295 2566 hominem
1319 2534 1614 2576 ingeniosissimum
1639 2536 1726 2567 (cuni
1750 2531 1920 2562 incidisset
1942 2531 1972 2561 in
1993 2531 2102 2571 dispu-

1106 2574 1115 2626 [
1135 2578 1301 2614 tationem,
1326 2587 1397 2607 eum
1417 2576 1558 2617 quodam
1583 2576 1623 2605 de
1645 2573 1729 2605 libro
1754 2573 1917 2615 Dionysii,
1940 2573 2033 2615 isque
2057 2573 2100 2603 ‹ti-

1134 2621 1254 2658 xisset,
1291 2630 1363 2650 eum
1399 2618 1515 2649 librum
1550 2627 1613 2648 non
1649 2626 1724 2648 esse
1758 2623 1824 2648 tam
1854 2622 2005 2654 veterem⁴
2026 2615 2101 2656 quia

1861 2678 1891 2700 23
