2324 2958
119 156 185 190 913

121 252 261 286 Dwm'ni,
279 250 383 280 salvus
405 251 476 281 erit.
519 249 581 281 Est
604 255 712 280 autem
730 247 795 280 lioc
819 248 1005 290 oppositum
1024 248 1102 278 ima-

122 295 280 338 ginationi
306 293 511 330 ludaeorum,
535 293 589 334 qui
613 293 822 322 somniabant
845 291 939 321 solos
960 290 1100 322 ludaeos

123 347 200 369 esse
222 335 425 373 Ecclesiam,
449 342 481 366 et
504 334 660 376 populum
686 334 765 365 Dei:
795 335 850 364 Sic
880 340 911 364 et
935 333 1100 364 invocatio

121 386 173 412 est
196 379 350 420 opposita
374 378 515 409 cultibus
536 378 687 408 ludaicis.
733 377 814 408 Cum
834 377 979 407 nominat
996 385 1101 405 nomen

120 422 264 452 Domini:
287 419 438 461 intelligit
463 421 588 457 Deum,
620 419 766 461 agnitum
790 419 855 449 hoc
879 420 993 456 modo,
1016 419 1102 450 sicut

120 475 159 496 se
181 463 352 506 patefecit:
385 464 532 500 Patrem,
562 461 678 493 Filium
703 469 734 492 et
757 462 914 502 Spiritum
937 467 1101 492 sanctum.

122 507 185 542 Qua·
206 508 397 537 invocaverit
419 516 526 535 nomen
549 505 708 544 Domina]
732 504 764 534 id
787 510 854 541 est,
878 503 967 535 illuni
994 504 1100 534 Deum

121 551 175 592 qui
205 560 243 581 se
272 548 446 591 patefecit3
480 555 512 579 et
542 547 783 578 invocationem
819 546 971 587 intelligit
1003 546 1100 583 lianc,

144 603 205 624 uae
228 592 263 623 fit
287 592 368 629 fide,
397 592 488 622 iuxta
511 589 606 621 illud:
634 589 796 623 Quomodo
819 590 1014 624 iiicocultiziit,
1039 590 1102 618 nisi

120 635 271 666 credent?
318 635 390 665 Non
414 633 560 675 loquitur
582 633 622 662 de
646 633 856 662 invocatione
882 633 1098 674 liypociitica,

120 678 162 709 de
185 689 251 719 qua
275 677 425 709 Christus
449 677 542 708 dicit:
577 674 670 703 Multi
699 676 825 705 dicent:
857 675 1004 709 Domine,
1035 674 1099 703 Do-

118 722 207 755 mine,
232 721 270 750 In
294 722 413 749 nomine
435 723 488 748 tuo
511 719 675 747 daemonia
699 719 849 746 eles-[mus.
896 718 970 749 Non
995 717 1099 758 loqui-

119 769 174 794 tur
203 765 299 794 etiam
330 764 370 794 de
398 762 543 793 externis
572 760 732 791 cultibus:
767 759 911 801 loquitur
944 762 985 792 de
1018 770 1099 790 vera

119 807 339 838 invocatione.
392 804 452 835 Est
480 811 588 835 autem
620 814 737 844 inagna
767 802 963 834 consolatio.
1009 802 1097 834 Dicit

118 859 181 881 nos
205 848 320 880 salvos
345 848 413 879 fieri
436 847 646 878 invocatione
666 846 815 876 Domini:
839 846 928 887 Ergo
949 857 1014 877 non
1033 845 1098 876 sal-

118 902 234 923 vamur
256 892 380 922 nosti·is
404 890 573 932 operibus,
598 887 651 919 vel
675 896 810 929 propter
830 897 976 919 nostram
996 889 1098 930 digni-

117 939 227 965 tatem.
273 934 344 964 Nos
367 932 489 965 salvari
513 932 721 963 inuocatione
748 932 894 969 Domini,
926 938 977 962 est
1001 932 1098 968 idem,

117 977 207 1017 quod
241 977 318 1007 dicit
347 976 481 1007 Esaias:
515 975 641 1004 Notium
672 975 738 1003 cius
768 975 948 1013 inslificulu't
977 977 1096 1004 multos.

117 1019 198 1050 ltem
229 1021 317 1060 quod
352 1026 401 1050 est
437 1020 469 1049 in
505 1018 664 1048 concione
701 1017 787 1047 Petri
822 1018 862 1048 ad
887 1016 1096 1048 Cornelium:

109 1062 203 1091 'Hm‘c
226 1073 327 1091 omnes
347 1061 520 1101 prophetoe
549 1061 754 1090 testimonium
781 1059 960 1098 perhibent,
989 1062 1020 1089 in
1045 1070 1096 1088 no-

116 1107 195 1134 mine
223 1109 288 1135 cius
318 1107 459 1144 accipere
487 1105 693 1133 remissIOnem
717 1107 933 1141 pcccatorum,
958 1105 1011 1142 qui
1035 1113 1097 1131 ere-

116 1147 194 1177 dunt
217 1150 249 1177 ἰιι
274 1159 347 1178 eum.
403 1147 527 1178 Eadem
551 1151 628 1177 sunt
651 1146 731 1176 ista:
766 1146 797 1175 id
826 1152 895 1182 est,
930 1146 1096 1187 significa—

114 1196 186 1228 tur,
215 1191 303 1232 quod
328 1191 525 1230 recipiamur
548 1188 715 1229 agnitione
740 1187 835 1218 huius
859 1187 1008 1225 Domini,
1040 1188 1094 1228 qui

114 1242 153 1263 se
183 1234 329 1264 ostendit
356 1241 439 1263 voce
468 1229 663 1273 Evangelii,
695 1231 829 1261 missum
859 1240 937 1261 esse
966 1230 1095 1268 filium,

114 1276 170 1317 qui
199 1276 241 1306 sit
269 1282 366 1306 natus
396 1275 437 1305 de
465 1275 651 1305 substantia
676 1273 800 1310 Patris,
834 1274 888 1314 qui
913 1274 1095 1314 assumpsit

111 1323 263 1349 naturam
287 1317 480 1355 humanam,
510 1323 546 1348 ut
575 1321 666 1347 esset
693 1316 857 1346 Mediator
887 1323 919 1347 et
950 1317 1094 1355 victima,

111 1370 173 1401 per
195 1371 304 1402 quem,
327 1366 360 1392 et
379 1365 515 1401 propter
537 1370 634 1401 quem
657 1359 754 1390 datur
777 1359 919 1400 Spiritus
942 1365 1092 1398 sanctus,

113 1409 148 1435 et
168 1405 238 1435 vita
262 1409 408 1435 aeterna.

200 1446 248 1477 lta
277 1447 434 1488 repetita,
463 1444 594 1477 inclusa
624 1450 657 1476 et
686 1444 928 1484 comprehensa
956 1450 1007 1475 est
1038 1445 1093 1476 ‹lo-

113 1489 219 1521 ctrina
243 1489 283 1520 (le
306 1489 428 1520 iustitia
452 1488 527 1519 fidei
556 1489 588 1519 in
619 1486 684 1519 hoc
708 1488 814 1519 dicto:
847 1488 953 1517 Omnis
974 1489 1028 1527 qui
1050 1489 1094 1517 in—

112 1536 206 1562 vocat
228 1543 335 1562 nomen
357 1532 505 1570 Domini,
531 1530 636 1560 salvus
659 1532 727 1560 erit.
778 1530 821 1562 Et
844 1530 969 1562 Paulus
993 1541 1092 1574 exag-

137 1581 208 1606 erat
230 1573 453 1606 universalem
476 1574 507 1605 in
532 1574 596 1605 hac
624 1574 697 1615 ipsa
720 1574 897 1605 sententia:
928 1573 1024 1603 Dives
1047 1578 1093 1603 est

111 1585 199 1647 Zeus
220 1619 253 1647 in
276 1628 394 1651 omnes,
419 1619 449 1646 el
469 1627 562 1656 super
586 1627 687 1646 omnes
709 1619 889 1646 invocantes
911 1627 986 1647 eum.
1032 1617 1092 1648 Bis

111 1661 231 1702 repetit
259 1659 483 1692 universalem
508 1660 632 1689 Omnes:
664 1667 696 1691 et
729 1659 983 1692 commonefacit
1017 1670 1092 1701 nos,

110 1704 363 1744 promissionem
392 1713 471 1735 vere
500 1712 578 1734 esse
611 1703 846 1734 universalem.
903 1704 960 1735 Sic
994 1705 1092 1745 igitur

112 1746 298 1787 cogitemus
321 1745 460 1788 singuli:
491 1744 586 1777 Deus
609 1751 719 1777 tecum
743 1745 906 1787 loquitur,
929 1753 961 1777 te
984 1747 1092 1788 ipsum

111 1787 308 1830 alloquitur:
346 1787 439 1826 Vult,
474 1794 510 1820 ut
538 1795 571 1820 te
600 1787 750 1820 includas
779 1791 810 1820 in
839 1790 1092 1830 promissionem

111 1830 346 1863 universalem.
390 1832 466 1863 Non
487 1837 614 1864 tantum
637 1834 854 1864 concionatur
876 1831 918 1864 illi
943 1834 1093 1874 tempori,

111 1875 173 1906 sed
197 1876 414 1906 concionatur
436 1875 592 1906 universo
623 1876 736 1917 generi
765 1875 908 1907 humano
939 1877 1090 1908 omnibus

112 1918 330 1958 temporibus.
376 1917 556 1949 Promissio
585 1918 661 1950 data
692 1919 786 1949 Adae
815 1925 847 1950 et
877 1918 970 1950 Evae
992 1920 1091 1960 perti-

110 1961 214 1992 nebat
246 1960 288 1991 ad
322 1961 513 1991 universum
548 1970 652 2002 genus
686 1961 883 2000 humanum,
913 1968 946 1993 et
975 1963 1092 1994 iterum

110 2004 251 2045 repetita
288 2013 420 2044 semper
449 2004 592 2044 pertinet
624 2004 666 2035 ad
700 2010 803 2036 totum
838 2015 944 2047 genus
980 2005 1091 2036 huma-

110 2056 208 2082 num;
237 2052 292 2084 ut,
321 2056 394 2077 cum
426 2045 520 2077 Deus
549 2047 670 2087 inquit:
702 2047 741 2077 Iu
763 2050 875 2077 semine
898 2051 952 2077 tem
971 2048 1090 2078 benedi-

112 2094 218 2119 centur
238 2099 340 2119 omnes
359 2091 475 2128 nentes.

198 2131 390 2174 Cogitemus
421 2132 519 2173 igitur
541 2133 582 2163 ad
606 2141 668 2163 nos
691 2143 823 2175 quoque
845 2134 1011 2175 pertinere
1033 2133 1090 2165 illa

111 2184 239 2207 summa
263 2176 424 2206 beneficia
447 2173 638 2216 Evangelii,
668 2185 752 2216 quae
781 2182 858 2207 sunt
880 2177 994 2209 missio
1017 2176 1090 2208 Filii

111 2223 145 2250 et
166 2219 298 2258 passio,
321 2228 381 2259 per
409 2228 507 2259 quam
535 2217 687 2259 placatur
708 2219 757 2249 ira
788 2218 914 2257 Patris,
938 2226 971 2252 et
994 2221 1088 2251 satis-

110 2259 148 2291 fit
169 2261 314 2291 iustitiae
336 2261 417 2292 Dei:
448 2261 542 2292 Item:
573 2261 660 2302 quod
690 2267 825 2302 propter
852 2261 969 2295 Filium
993 2264 1089 2295 datur

110 2303 252 2344 Spiritus
276 2310 431 2341 sanctus,
454 2309 486 2335 et
509 2305 574 2335 vita
598 2310 744 2335 aeterna.
795 2304 888 2336 Haec
910 2312 987 2337 sunt
1008 2305 1088 2338 illud

109 2356 231 2378 novum
243 2356 394 2388 regnum,
411 2347 499 2388 quod
513 2346 700 2388 Prophetae.
717 2348 959 2388 praedixerunt.
993 2349 1088 2381 Sunt-

111 2398 175 2430 que
197 2390 351 2430 opposita
374 2388 431 2420 illa
454 2390 679 2431 imaginationi
703 2389 896 2422 ludaeorum
919 2392 960 2423 de
984 2402 1087 2434 regno

109 2432 287 2463 mundano.
322 2431 393 2463 Vos
417 2433 612 2465 existimatis
635 2432 793 2464 Messiam
814 2432 990 2467 allaturum
1010 2445 1087 2467 esse

109 2475 308 2506 mundanum
338 2484 486 2518 regnum.
541 2476 617 2507 Non
647 2475 712 2508 hoc
735 2475 805 2514 fiet,
833 2478 892 2508 sed
916 2479 977 2509 erit
999 2477 1087 2510 aliud

109 2526 250 2559 regnum
279 2524 467 2556 aeternum,
498 2520 585 2560 quod
615 2519 825 2550 inchoabitur
847 2530 908 2561 per
931 2520 1087 2563 Spiritum

110 2566 279 2599 sanctum,
302 2566 333 2592 et
354 2571 414 2602 per
436 2571 553 2593 vocem
576 2561 760 2604 Evangelii.

196 2602 274 2634 Ideo
307 2605 456 2645 sequitur
485 2605 517 2635 in
551 2610 655 2636 textu:
694 2605 737 2635 Et
767 2605 998 2645 prophetabunt
1027 2607 1088 2647 filii

263 2663 451 2684 MELANTHON.
467 2664 546 2683 OPBR.
562 2664 624 2683 vot..
640 2664 725 2687 xxw,

805 153 1024 186 POSTlLLA
1045 153 1443 187 MELANTHONIANA.

2065 159 2129 192 914

1154 249 1264 281 vestri,
1289 252 1318 277 et
1335 247 1422 286 filiae
1443 253 1577 279 vestrae.
1603 257 1666 282 etc.
1718 250 1893 293 intelligite
1915 254 2129 293 praedicatio-

1155 301 1229 321 nem
1252 289 1442 331 Evangelii,
1471 298 1503 322 et
1532 293 1638 324 onmia
1666 294 1825 325 miracula
1857 296 2032 328 coniuncta
2056 308 2130 328 cum

1154 333 1401 375 praedicatione
1430 333 1621 376 Evangelii,
1655 346 1738 376 quae
1767 336 1845 367 fient
1875 338 1907 368 in
1931 338 1988 370 illo
2012 350 2128 382 regno.

1154 375 1407 415 prophetabunt,
1432 376 1465 406 id
1488 384 1555 414 est,
1578 380 1744 409 sonabunt
1767 380 1968 419 doctrinam,
1998 384 2129 414 concio-

1154 420 1336 456 nabuntur,
1359 418 1525 449 habebunt
1549 418 1821 459 illuminationes,
1845 422 2012 456 habebunt
2035 427 2129 457 mira-

1155 460 1247 499 cula,
1280 462 1365 492 sicut
1393 470 1524 502 semper
1552 462 1639 493 edita
1668 470 1743 493 sunt
1774 466 1976 505 testimonia,
2005 475 2036 499 ct
2065 468 2129 500 Ec-

1155 503 1258 535 clesia
1291 513 1458 545 nunquam
1491 509 1542 534 est
1575 505 1646 535 sine
1676 506 1860 546 miraculis,
1902 511 2028 542 etiamsi
2062 522 2128 542 non

1153 552 1334 579 cernuntur
1357 545 1474 584 oculis,
1496 552 1603 577 tamen
1624 546 1722 579 valde
1745 548 1844 580 multa
1868 550 1945 583 fiunt
1970 553 2129 585 miracula

1154 590 1309 632 quotidie,
1333 598 1417 631 quae
1440 587 1542 620 multo
1566 591 1690 622 maiora
1713 598 1800 630 sunt,
1824 603 1919 634 quam
1944 597 1971 626 si
1995 603 2130 628 sanetur

1153 632 1272 674 aliquis
1295 631 1443 663 claudus.
1491 632 1587 666 Quod
1610 644 1673 663 nos
1699 643 1887 673 servamur,
1918 639 2005 678 quod
2035 638 2128 671 Deus

1152 687 1218 707 non
1242 675 1396 717 permittit
1415 674 1573 712 Diabolo,
1596 682 1631 707 ut
1653 675 1753 707 faciat
1777 679 1982 711 vastationes
2002 683 2128 713 univer·

1153 717 1254 757 sales,
1273 724 1322 749 est
1342 728 1461 759 magna
1479 719 1609 749 bonitas
1628 725 1659 750 et
1678 720 1901 752 misericordia
1919 722 1994 754 Dei.
2030 724 2128 756 Certe

1152 772 1218 793 non
1242 761 1393 793 humanis
1416 761 1590 802 praesidiis
1610 771 1793 801 servamur,
1813 765 1871 794 sed
1892 768 2037 805 potentia
2056 767 2126 799 Filii

1151 804 1234 842 Dei,
1257 805 1403 835 sedentis
1433 803 1476 834 ad
1504 804 1653 835 dextram
1684 807 1807 837 aeterni
1831 806 1948 839 Patris.
2001 809 2053 840 De
2076 810 2126 841 liis

1152 857 1232 889 ergo
1261 846 1314 878 hic
1343 845 1504 888 loquitur:
1539 848 1703 878 sonabunt
1733 850 1933 889 doctrinam,
1968 859 1999 883 ct
2028 852 2126 884 habe-

1153 891 1233 921 bunt
1255 890 1484 920 testimonium.

1238 934 1407 972 Antequam
1440 933 1541 963 veniat
1575 933 1644 962 dies
1677 933 1806 964 Domini
1840 942 1988 975 muynuaxl
2047 938 2125 971 Pro-

1151 974 1269 1016 phetae
1293 974 1557 1016 complectuntur
1586 982 1760 1018 utrumque
1783 979 1975 1018 adventum,
2005 982 2126 1013 adven—

1151 1026 1217 1049 tum
1248 1019 1387 1059 primum
1415 1018 1580 1056 Messiae,
1609 1020 1641 1049 in
1673 1030 1738 1061 quo
1762 1031 1883 1061 passus
1913 1029 1979 1061 est,
2010 1031 2041 1054 et
2071 1025 2126 1055 ad-

1150 1067 1284 1092 ventum
1309 1061 1502 1099 secundum,
1521 1063 1552 1092 in
1576 1072 1642 1103 quo
1665 1063 1819 1095 iudicabit
1843 1063 1909 1103 illa,
1931 1077 2013 1107 quac
2037 1067 2126 1099 sacta

1151 1109 1245 1140 sunt,
1277 1109 1309 1134 et
1332 1103 1410 1134 fient
1433 1104 1520 1135 haud
1544 1105 1642 1135 dubie
1664 1105 1763 1138 multa
1787 1107 1945 1139 miracula
1970 1116 2045 1141 ante
2069 1120 2126 1141 no-

1149 1146 1318 1178 vissimum
1343 1147 1438 1184 diem,
1457 1148 1648 1188 priusquam
1670 1147 1843 1191 frangatur
1866 1158 1982 1183 natura
2007 1164 2124 1184 rernm.

1151 1188 1308 1219 Videmus
1334 1189 1445 1230 signa,
1468 1188 1637 1230 EclipseS,
1671 1191 1844 1232 Cometas,
1875 1200 1907 1224 et
1930 1194 1994 1226 alia
2017 1197 2124 1237 signa,

1149 1232 1209 1262 sed
1232 1232 1342 1263 adhuc
1365 1231 1430 1262 alia
1452 1234 1600 1271 venient,
1624 1236 1724 1265 credo
1749 1242 1841 1267 extra
1866 1237 2049 1270 naturalem
2073 1250 2126 1269 or·

1148 1275 1256 1306 dinem
1285 1274 1478 1315 Eclipsium.
1532 1276 1622 1307 Sicut
1650 1276 1793 1318 Eclipsis
1822 1280 1854 1310 in
1878 1281 2034 1321 passione
2058 1281 2126 1314 Do·

1147 1318 1224 1348 mini
1247 1316 1307 1348 fuit
1331 1323 1423 1348 extra
1447 1318 1595 1350 ordinem
1618 1326 1770 1352 naturae:
1794 1323 1838 1353 ita
1861 1322 1963 1355 multa
1986 1330 2069 1356 tetra
2093 1331 2125 1357 et

1146 1360 1317 1391 horribilia
1340 1360 1418 1391 fient
1441 1366 1534 1392 extra
1557 1363 1714 1394 ordinem.

1234 1402 1444 1435 Cometarum
1473 1413 1541 1435 non
1570 1412 1681 1446 potest
1707 1407 1799 1439 reddi
1828 1409 1913 1440 ratio
1935 1408 2124 1449 sufficiens;

1146 1446 1207 1477 sed
1241 1452 1351 1477 tamen
1389 1447 1552 1488 pertinent
1591 1449 1675 1480 inter
1712 1449 1860 1493 Physica
1893 1453 1998 1494 signa.
2056 1453 2124 1485 Sed

1147 1495 1243 1520 erunt
1270 1490 1368 1520 etiam
1397 1491 1494 1531 signa
1524 1500 1591 1522 non
1613 1491 1773 1534 Physica:
1811 1494 1947 1524 Virtutes
1970 1496 2124 1526 coelorum

1145 1531 1380 1571 quassabantur.
1434 1532 1585 1569 Ϋὶνιιιίεε,
1608 1535 1641 1566 id
1665 1541 1730 1574 est,
1754 1538 1919 1569 exercitus
1943 1538 2123 1578 coelorum,

1144 1573 1283 1613 stellae,
1305 1576 1436 1617 agmina
1458 1575 1648 1616 stellarum,
1670 1584 1702 1609 et
1725 1586 1814 1612 totus
1839 1581 1921 1611 ordo
1945 1592 2123 1623 corporum

1146 1616 1357 1655 coelestium3
1381 1619 1451 1660 qui,
1482 1630 1679 1662 quamquam
1708 1629 1759 1653 est
1783 1624 1833 1654 sui
1857 1623 1991 1662 similis,
2014 1630 2123 1656 tamen

1144 1660 1210 1692 hoc
1241 1661 1507 1694 animadversum
1535 1670 1602 1702 est,
1634 1664 1823 1697 distantiam
1853 1677 1966 1698 veram
1990 1667 2078 1699 Solis
2102 1679 2123 1700 a

1145 1710 1233 1735 terra
1263 1703 1361 1735 aliam
1389 1715 1477 1737 nunc
1506 1715 1602 1744 esse,
1631 1717 1729 1748 quam
1757 1706 1817 1740 suit
1841 1715 1987 1751 tempore
2012 1710 2122 1743 Ptolo-

1144 1747 1239 1778 maei.
1285 1747 1372 1779 Intra
1401 1749 1490 1790 quod
1519 1749 1749 1789 intervallum,
1778 1753 1854 1783 anni
1883 1753 2013 1785 circiter
2038 1754 2122 1786 1-100

1145 1791 1186 1821 ad
1216 1799 1277 1820 nos
1306 1800 1412 1832 usque
1442 1790 1547 1833 elapsi
1575 1799 1686 1824 suunt.
1732 1794 1891 1827 Mutatam
1914 1802 2020 1827 autem
2045 1807 2122 1829 esse

1145 1833 1331 1864 distantiam
1361 1833 1450 1865 Solis
1473 1845 1493 1866 a
1515 1842 1616 1874 terra,
1637 1842 1690 1868 est
1709 1837 1840 1879 signum
1859 1841 2066 1871 senescentis
2089 1847 2122 1872 et

1144 1875 1286 1907 labentis
1310 1883 1460 1909 naturae.

1230 1919 1301 1950 Nos
1323 1930 1430 1960 pauca
1453 1920 1664 1963 intelligimus
1688 1923 1729 1954 de
1752 1924 1839 1959 istis;
1868 1925 1928 1956 sed
1951 1924 2120 1966 aliquanto

1143 1961 1239 2003 plura
1267 1961 1546 2005 intelligeremus,
1576 1965 1605 1995 si
1635 1976 1785 1998 essemus
1817 1965 2059 2009 diligentiores,
2089 1974 2122 1999 et

1143 2006 1380 2044 studiosiores,
1409 2013 1477 2038 tum
1500 2006 1595 2048 plura
1617 2018 1794 2049 possemus
1818 2011 1981 2042 invenire:
2011 2012 2120 2043 studia

1143 2050 1262 2086 iacent,
1281 2048 1505 2091 negliguntur,
1524 2061 1590 2082 non
1610 2053 1771 2083 iuvantur.
1817 2053 1927 2082 Honos
1945 2053 2003 2083 alit
2021 2057 2118 2085 artes:

1143 2092 1204 2123 sed
1232 2098 1385 2132 potentes
1412 2103 1479 2125 non
1505 2100 1638 2132 curant,
1666 2096 1806 2126 oderunt
1835 2106 1915 2133 nos;
1946 2103 1977 2128 et
2000 2103 2120 2138 postea

1141 2144 1204 2167 nos
1234 2136 1318 2166 inter
1346 2145 1410 2167 nos
1441 2137 1539 2168 etiam
1562 2138 1643 2169 mira
1666 2139 1756 2169 rabie
1780 2139 1973 2180 impedimus
1998 2141 2118 2178 studia,

1142 2183 1174 2209 et
1196 2187 1258 2209 nos
1281 2179 1374 2220 ipsos
1398 2180 1578 2218 atterimus,
1603 2181 1826 2219 distrahimus,
1850 2188 1880 2212 et
1905 2183 2117 2223 dissipamus,

1141 2227 1174 2253 et
1197 2221 1433 2254 conculcamur
1454 2229 1626 2264 praeterea
1650 2234 1670 2254 a
1692 2225 1892 2264 potentibus,
1916 2231 1948 2256 et
1965 2236 1985 2256 a
2002 2224 2116 2267 vulgo.

1228 2263 1346 2296 Inserit
1376 2272 1484 2297 autem
1514 2267 1599 2297 hanc
1630 2266 1877 2298 memorabilem
1906 2268 2116 2307 sententiam,

1141 2308 1182 2339 de
1206 2318 1270 2350 qua
1293 2314 1391 2340 antea
1419 2309 1501 2347 dixi,
1532 2307 1769 2340 consolationis
1792 2308 1886 2348 loco,
1917 2321 1980 2352 qua
2005 2311 2114 2350 docet,

1141 2352 1308 2393 quomodo
1344 2352 1376 2382 in
1412 2353 1511 2383 tantis
1545 2350 1640 2382 malis
1669 2353 1827 2392 postremi
1858 2354 2015 2393 temporis
2045 2363 2115 2385 ser-

1140 2399 1259 2425 ventur
1286 2394 1443 2426 homines.
1498 2394 1604 2423 Omnis
1630 2396 1684 2434 qui
1708 2396 1898 2425 inam-averit
1920 2406 2026 2426 nornen
2050 2397 2114 2426 Do—

1139 2439 1228 2472 mini,
1259 2437 1364 2467 sulvns
1385 2439 1452 2468 erit.
1510 2437 1543 2468 ln
1569 2436 1630 2468 hac
1654 2439 1875 2478 promissione
1899 2440 1982 2470 bene
2006 2441 2114 2471 consi-

1139 2481 1253 2511 derate
1275 2479 1495 2512 universalem
1518 2479 1728 2521 particulam,
1762 2487 1793 2512 et
1816 2479 1973 2514 includite
1995 2492 2057 2513 vos
2080 2483 2113 2514 in

1138 2521 1240 2561 illam,
1260 2529 1291 2554 et
1311 2523 1477 2564 adiungitc
1500 2523 1564 2553 hoc
1588 2524 1723 2554 dictum:
1754 2523 1860 2556 Venite
1882 2525 1925 2553 ad
1948 2535 1992 2555 me
2012 2535 2114 2555 onmes

1138 2567 1192 2606 qui
1225 2565 1376 2595 laboratis
1409 2570 1438 2595 et
1473 2567 1593 2596 onerati
1621 2568 1710 2600 estis,
1745 2571 1774 2596 et
1804 2578 1860 2607 eyo
1889 2570 2022 2607 refim‘um
2050 2579 2112 2598 vos.

1140 2608 1246 2644 Quam
1269 2608 1365 2640 dulce
1394 2608 1460 2640 hoc
1484 2614 1548 2647 est,
1579 2610 1667 2650 quod
1696 2611 1850 2642 maiestas
1875 2611 1985 2642 divina
2007 2621 2046 2643 se
2067 2611 2112 2643 ita

1854 2672 1886 2695 58
