2324 2958
228 192 294 225 303

316 286 347 317 2.
383 285 568 326 Municipes
596 286 808 321 dicebantur,
839 287 894 328 qui
923 284 1103 318 militabant
1132 296 1208 324 una,

231 330 292 361 sed
314 339 380 360 non
405 329 581 370 capiebant
602 339 668 360 una
690 328 848 360 honores.
884 328 979 361 Unde
1003 330 1210 370 componitur

228 373 424 413 municeps?
468 371 541 402 Non
572 383 591 403 a
620 381 772 410 munere,
802 372 835 403 id
863 379 930 410 est,
965 373 1069 410 dono,
1100 371 1159 402 sed
1191 381 1211 402 a

229 417 339 447 munia
367 421 399 445 et
423 415 529 455 capio·
574 413 688 446 Munia
717 414 907 457 significant
936 425 1037 446 onera
1067 413 1210 455 publica,

230 459 317 490 sicut
347 458 435 498 apud
469 457 620 489 Graecos
653 468 720 489 vox
753 461 914 499 λιτουργία.
964 456 1064 489 Falso
1100 457 1209 488 dicunt

229 500 403 542 Papistae,
435 501 522 542 quod
547 500 696 543 Liturgia
719 500 883 543 significet
905 500 1125 537 Sacrificium,
1153 505 1210 530 aut

227 544 468 585 precationem:
513 543 588 579 Quo
629 550 802 585 praetextu
836 549 997 575 conantur
1031 541 1209 573 defendere

228 587 367 618 Missam
386 596 490 618 suam.
535 586 623 618 Idem
642 587 809 629 significat
829 590 991 626 λιτουργία,
1016 586 1105 627 quod
1125 594 1210 617 onus

227 628 408 671 publicum,
431 630 474 661 ein
499 639 645 672 gemennrt
669 631 754 665 bient't
777 631 842 661 obet
866 630 926 666 ltn't.

317 671 491 704 Habebam
515 673 695 713 municipes
717 673 768 703 ius
792 670 940 709 militiae,
970 677 1007 702 ut
1037 680 1124 702 nunc
1152 680 1209 701 no-

225 714 339 755 bilitas
373 713 488 747 militat
517 715 668 747 Dominis
703 714 797 746 feudi.
850 714 914 746 OEcr
948 715 1011 746 abel
1042 714 1121 745 mnia
1155 716 1209 745 ben

228 759 307 790 {eben
336 759 418 791 bertn
446 759 545 790 rienen
575 759 611 789 im
641 759 723 799 iticq.
768 756 840 788 Nec
863 757 1051 797 pendebant
1074 757 1209 787 munici-

228 811 300 844 pes⁶
319 802 453 838 tributa,
488 802 550 832 nisi
581 801 712 843 qnando
748 801 838 831 cives
868 800 1076 841 pendebant,
1112 799 1209 835 Quod

227 854 316 882 raro,
340 851 370 875 et
394 854 459 875 non
483 845 544 875 nisi
568 845 598 874 in
619 854 745 874 summa
765 843 964 874 necessitate
982 843 1094 874 fiebat.
1130 842 1208 874 {nde

226 885 439 928 Municipium
463 888 643 924 dicebatur,
667 886 821 936 oppidugi
844 886 876 917 in
900 896 965 928 quo
990 891 1083 917 erant
1108 886 1209 917 muni-

227 930 332 970 cipes.

315 972 499 1004 Utebantur
523 973 695 1013 municipia
725 982 787 1003 suo
815 973 884 1003 iure
914 978 945 1003 et
974 970 1105 1013 legibus
1133 981 1209 1012 pro-

251 1017 318 1048 riis.
364 1007 460 1047 mide
483 1022 513 1047 et
538 1026 651 1053 sacra,
682 1022 715 1046 et.
738 1016 809 1046 iura
833 1024 892 1046 seu
915 1013 1009 1057 leges
1032 1015 1210 1056 municipa-

240 1067 277 1091 es
301 1060 472 1096 dicuntur,
502 1057 655 1089 videlicet
679 1068 775 1089 sacra
800 1064 833 1088 et
855 1058 926 1089 iura
948 1058 1209 1098 uniuscuiusque

227 1103 382 1140 civitatis,
405 1101 445 1133 Et
469 1100 681 1142 Municipalia
704 1101 906 1142 magisteria,
931 1101 963 1132 id
987 1108 1048 1142 est,
1073 1100 1208 1131 admini-

226 1145 406 1176 strationes
437 1152 468 1176 et
500 1143 611 1175 officia
642 1145 804 1185 municipii
836 1144 1005 1185 cuiusque.
1054 1143 1140 1175 lnter
1171 1153 1208 1174 se

225 1189 268 1220 ad
292 1188 579 1219 conservationem
602 1188 653 1219 sui
676 1187 841 1228 municipii
866 1188 1054 1227 pendebant
1077 1187 1207 1228 quidem

225 1229 346 1273 singuli
371 1231 510 1272 aliquid:
536 1231 594 1261 sed
619 1240 683 1261 non
707 1230 896 1271 pendebant
918 1231 1037 1261 tributa
1060 1230 1206 1271 imperio.

312 1274 346 1304 ln
367 1274 526 1305 Suetonio
551 1280 614 1311 est,
638 1273 726 1315 quod
747 1273 921 1315 Augustus
940 1273 1134 1314 parcissime
1152 1273 1207 1304 de-

225 1318 308 1349 derit
332 1318 381 1347 ius
404 1318 573 1353 Cir-italiis,
605 1317 673 1347 Sed
704 1315 830 1358 largius
860 1317 985 1348 deden't
1009 1317 1058 1346 ius
1083 1315 1206 1347 Latini-

225 1362 313 1393 tatis.
360 1360 394 1390 ld
419 1370 498 1391 vero
523 1359 582 1391 fuit
605 1360 655 1390 ius
679 1360 940 1400 municipiorum.
981 1359 1040 1390 Est
1064 1366 1095 1390 et
1119 1369 1207 1390 men-

224 1405 270 1435 tio
303 1403 392 1444 apud
426 1404 607 1443 scriptores
638 1401 849 1434 Coloniarum
878 1401 1087 1440 Latinarum,
1121 1412 1206 1443 quae

225 1446 376 1479 differunt
399 1458 417 1477 a
438 1445 586 1477 coloniis
606 1445 839 1477 Romanorum.
884 1444 1045 1477 Coloniae
1069 1445 1206 1476 Latinae

224 1489 391 1521 habebant
414 1489 466 1520 ius
490 1499 555 1519 non
579 1489 720 1521 civitatis
741 1487 922 1526 Romanae,
945 1488 1006 1519 sed
1029 1488 1205 1528 municipii.

223 1533 325 1564 Erant
360 1533 538 1573 participes
572 1531 704 1562 militiae
735 1541 809 1562 cum
840 1530 1015 1569 Romanis,
1051 1531 1110 1562 sed
1140 1541 1206 1562 non

223 1575 386 1607 honorum
410 1582 439 1605 et
459 1574 721 1616 Magistratuum.
763 1574 797 1604 ln
823 1573 920 1605 bellis
944 1575 1115 1605 mittebant
1138 1583 1206 1604 cer-

224 1625 290 1650 tum
313 1628 483 1649 numerum
508 1616 654 1656 militum,
677 1617 814 1658 perinde
835 1623 870 1649 ut
893 1617 1079 1658 municipia.

310 1661 375 1702 Ipsi
399 1661 506 1692 Latini
531 1662 561 1691 in
586 1661 668 1692 urbe
686 1660 791 1692 Roma
815 1660 904 1692 initio
929 1661 1115 1692 habuerunt
1137 1665 1206 1691 tan-

223 1711 290 1736 tum
321 1705 371 1736 ius
402 1704 578 1745 municipii.
625 1703 707 1735 Cum
730 1703 921 1745 Torquatus
951 1709 1041 1735 esset
1067 1701 1206 1741 Consul,

222 1746 397 1779 voluerunt
422 1746 529 1778 Latini
554 1757 594 1778 ex
618 1757 679 1778 suo
705 1757 846 1787 corpore
869 1746 1008 1778 alterum
1027 1745 1206 1778 Consulem

223 1791 346 1823 creari:
381 1790 426 1822 lbi
449 1790 636 1831 Torquatus
660 1790 756 1828 dixit,
787 1800 824 1821 se
847 1789 913 1821 hoc
936 1790 1066 1821 minime
1113 1800 1206 1821 assu-

224 1845 312 1872 rum,
343 1840 375 1864 et
397 1834 425 1864 si
449 1832 566 1875 reliqui
589 1834 816 1872 assenserint,
841 1843 879 1865 se
901 1833 1053 1864 Latinum
1078 1800 1206 1864 &onsu-

222 1876 288 1909 lem
311 1878 342 1908 in
368 1878 439 1918 ipsa
462 1875 561 1908 Curia
591 1875 848 1908 interfecturum.
896 1875 1017 1907 Postea
1046 1876 1110 1907 ista
1137 1886 1205 1907 mu-

222 1926 290 1952 tata
313 1927 406 1954 sunt.
437 1926 471 1950 ut
497 1918 548 1953 fit.
580 1930 654 1951 cum
677 1920 813 1961 imperia
836 1919 916 1950 fiunt
946 1919 1042 1950 nimis
1072 1929 1204 1961 inagna,

222 1973 289 1995 non
312 1969 422 2005 potest
444 1963 489 1994 ita
512 1964 639 1994 servari
668 1964 768 2003 ordo,
798 1969 832 1994 ut
860 1963 891 1993 in
921 1962 1099 2004 principia,
1132 1972 1206 1993 cum

222 2013 300 2038 sunt
318 2007 457 2038 minora.

309 2049 339 2081 3.
377 2048 588 2091 Vectigales,
622 2058 731 2090 neque
765 2047 947 2080 militabant
983 2058 1064 2086 una,
1099 2058 1207 2089 neque

221 2093 369 2124 honores
394 2093 580 2134 capiebant,
605 2092 664 2123 sed
689 2090 905 2123 conferebant
925 2093 1058 2128 tributa,
1084 2092 1205 2122 dabant

221 2137 414 2178 pecuniam,
438 2135 513 2167 Non
538 2141 662 2166 tantum
688 2136 762 2167 iidei
786 2136 834 2167 eis
859 2136 1083 2173 tribuebatur,
1106 2141 1139 2165 ut
1166 2135 1207 2165 si-

221 2178 290 2211 mul
319 2180 564 2210 aser-ceremur
594 2179 626 2209 in
655 2177 810 2209 militiam.
858 2177 896 2208 Et
930 2184 1038 2209 tamen
1070 2178 1144 2219 quia
1174 2178 1205 2208 in

221 2229 386 2265 potestate
410 2221 635 2253 Romanorum
659 2229 763 2259 erant,
788 2220 931 2259 suerunt,
956 2221 1082 2252 onerati
1107 2221 1206 2252 tribu-

221 2267 282 2298 tis.
316 2275 382 2297 non
406 2263 527 2297 militia.
574 2265 648 2296 Non
678 2263 737 2296 fuit
767 2265 814 2295 eis
845 2265 1024 2295 commissu
1055 2264 1205 2295 delensio

223 2307 447 2351 Reipublicae.
488 2308 558 2339 Nec
580 2308 640 2340 tuit
661 2309 709 2340 eis
734 2309 928 2349 permissum
954 2308 1003 2338 ius
1027 2318 1206 2344 armorum,

222 2363 264 2384 ne
289 2358 427 2394 possent
456 2350 629 2383 rebellare.
675 2351 767 2383 Haec
797 2350 854 2382 suit
884 2351 1013 2391 species
1043 2351 1204 2392 quaedam

220 2396 408 2432 servitutis,
444 2401 475 2426 et
509 2395 558 2426 sic
589 2393 769 2426 Christiani
803 2395 866 2425 sul)
897 2393 1006 2425 'furca
1041 2400 1206 2435 coguntur

222 2440 302 2470 dare
326 2439 490 2469 tributum.
537 2436 676 2479 Singula
705 2438 812 2479 capita
842 2445 1004 2478 coguntur
1032 2447 1205 2469 numerare

222 2482 412 2513 drachmam
437 2482 519 2513 nturi.
544 2483 623 2514 einen
646 2482 821 2522 ongeriidicn
845 2484 961 2520 witha-n.
1007 2481 1042 2511 Si
1067 2479 1205 2521 paterfa-

223 2525 330 2557 milias
356 2525 474 2555 babeat
499 2525 613 2556 dec-em
639 2527 747 2566 capita
770 2525 801 2556 in
825 2534 886 2555 sua
911 2522 1051 2556 familia.
1075 2523 1205 2565 cogitur

223 2575 270 2599 tot
307 2578 427 2599 aureos
462 2569 639 2608 ungaricos
675 2568 835 2609 [inuidere.
874 2568 961 2608 quod
999 2575 1089 2597 certe
1124 2565 1205 2598 niul-

223 2617 291 2643 tum
317 2618 378 2642 est.
426 2610 595 2652 imperium
619 2611 793 2643 Turcicum
824 2618 875 2642 est
899 2621 1021 2651 magna
1045 2611 1206 2652 tyrannis,

223 2656 254 2686 in
279 2654 341 2686 huc
365 2653 478 2686 ultima
502 2662 637 2686 senecta
662 2655 782 2686 mundi.
820 2653 859 2685 Et
884 2660 992 2686 tamen
1018 2655 1120 2684 credo
1141 2665 1205 2684 non

861 191 975 224 PfflL.
998 191 1101 224 MEL.
1124 191 1310 225 SCRIPTA
1334 189 1594 223 EXEGETICA.

2176 192 2241 226 304

1260 285 1368 318 fuisse
1399 285 1561 317 mitiorem
1594 287 1784 317 servitutem
1821 285 2011 327 aliquandiu
2048 287 2081 318 in
2116 286 2240 329 populo

1261 328 1394 360 ludaico
1428 334 1506 370 post
1538 329 1764 360 reversionem
1798 338 1841 360 ex
1876 329 2066 370 captivitate
2095 328 2242 372 Babylo·
2268 329 2274 333 “

1263 372 1347 402 nica.
1385 370 1514 402 Esdras
1538 371 1627 410 dicit,
1650 381 1688 403 se
1710 381 1776 403 non
1799 370 1887 403 velle
1909 382 1930 403 a
1953 370 2076 413 populo
2101 373 2242 414 quadra·

1263 415 1353 456 ginta
1376 412 1478 446 siclos
1501 413 1686 456 postulare,
1716 424 1800 456 quos
1823 415 2013 455 pendebant
2035 415 2242 456 patresfami-

1262 457 1326 489 lias
1356 458 1522 499 prioribus
1554 458 1746 499 capitaneis.
1793 457 1828 488 ld
1858 457 1955 489 etiam
1978 456 2077 490 valde
2106 456 2242 490 multum

1261 499 1337 538 fuit,
1361 501 1450 542 quod
1473 499 1595 542 singuli
1618 499 1874 541 patresfamilias
1898 501 2106 542 cogebantur
2127 501 2244 544 vig-inti

1261 542 1412 574 thaleros
1452 543 1595 584 pendere
1635 542 1822 584 praesectis.
1880 542 1956 585 lpse
1989 543 2123 575 remittit
2155 543 2244 576 hanc

1261 587 1468 628 pensionem,
1492 585 1644 627 prohibet
1667 587 1765 617 etiam
1788 596 1919 618 usuras.

1348 629 1521 670 Appianus
1547 630 1677 668 scribit,
1701 629 1806 671 quod,
1837 630 1968 670 quando
1992 635 2243 670 occupaverunt

1263 671 1401 703 Romani
1430 671 1653 713 provinciam,
1684 673 1789 704 coacti
1819 672 1884 703 sint
1914 671 2135 713 provinciales
2164 682 2242 714 pen·

1262 715 1341 746 dere
1368 714 1527 745 Romanis
1557 715 1713 746 decimas.
1760 715 1832 747 Hoc
1863 713 1922 747 fuit
1949 714 2132 747 tolerabile.
2173 715 2243 748 Sed

1261 757 1367 798 magis
1391 758 1562 799 magisque
1585 765 1761 790 creverunt
1789 768 1901 790 onera.
1948 758 1983 790 ln
2014 765 2132 800 quarto
2154 757 2242 790 libro

1260 800 1390 831 Esdrae
1419 801 1503 831 inter
1531 800 1680 832 miserias
1708 799 1812 832 ultimi
1845 802 2002 842 temporis
2038 807 2244 840 recensetur,

1261 844 1350 885 quod
1381 849 1534 875 crescent
1564 843 1685 875 tributa
1715 850 1747 875 et
1777 845 2019 886 superindicta,
2053 850 2088 876 ut
2115 845 2178 876 iam
2208 845 2242 876 iu

1262 886 1414 918 omnibus
1439 886 1552 928 regnis
1575 894 1762 918 creverunt.

1349 928 1437 960 Vere
1470 939 1558 960 nunc
1591 930 1725 970 imperia
1757 936 1924 970 postrema
1964 937 2040 961 sunt
2075 932 2243 971 βουλιμίαι.

1261 972 1332 1003 Nos
1355 972 1493 1003 dicimus
1518 973 1597 1004 einen
1620 973 1830 1014 moit'ssbunqct,
1863 983 1936 1004 cum
1963 972 2082 1015 aliquis
2111 983 2244 1014 semper

1261 1016 1385 1057 appetit
1408 1016 1533 1052 cibum,
1557 1021 1589 1047 et
1613 1022 1721 1046 tamen
1745 1006 1881 1047 effundit
1904 1026 2032 1054 rursus,
2055 1026 2164 1058 neque
2185 1014 2243 1047 ali·

1260 1065 1324 1090 tur.
1370 1058 1416 1089 lta
1440 1069 1538 1100 reges
1567 1065 1597 1089 et
1626 1059 1792 1099 principes
1824 1058 1889 1091 hoc
1919 1065 2066 1100 tempore
2096 1065 2245 1102 exugunt

1260 1103 1430 1139 subditos,
1461 1108 1492 1132 et
1517 1112 1633 1133 rursus
1657 1099 1870 1142 profundunt.
1915 1101 2032 1144 Neque
2060 1103 2067 1132 i
2094 1103 2123 1133 si
2150 1101 2245 1144 quid·

1260 1155 1357 1187 quam
1388 1146 1552 1176 iuvantur.
1598 1145 1671 1176 Non
1707 1145 1781 1175 dico
1817 1146 1857 1176 de
1891 1144 1957 1176 hoc
1986 1152 2041 1176 aut
2070 1113 2126 1176 510
2155 1145 2243 1187 prin-

1261 1189 1344 1229 cipe.
1389 1187 1476 1219 Nihil
1506 1198 1545 1219 ea
1575 1197 1630 1219 res
1660 1187 1701 1218 ad
1726 1198 1778 1219 me
1802 1188 1954 1229 pertinet.
2000 1187 2140 1220 Tantum
2162 1188 2244 1220 ado-

1260 1230 1463 1262 lescentibus
1487 1240 1617 1272 expono
1643 1229 1814 1261 vocabula.
1862 1230 1900 1262 Et
1934 1229 2054 1273 loquor
2083 1232 2124 1263 de
2146 1232 2244 1263 mise·

1258 1275 1315 1305 riis
1336 1275 1477 1305 omnium
1497 1274 1701 1315 regiminum,
1724 1280 1757 1304 et
1775 1274 1816 1304 de
1834 1274 1960 1305 nostris
1979 1275 2138 1315 peccatis,
2157 1282 2244 1316 quae

1258 1324 1425 1348 merentur
1449 1327 1586 1357 poenaS.
1634 1316 1805 1358 Regimina
1828 1318 1891 1347 iam
1917 1326 2024 1348 munt.
2071 1317 2244 1358 imperium

1258 1361 1332 1392 ruit.
1379 1361 1495 1391 Omnia
1531 1360 1668 1391 tendunt
1703 1360 1745 1390 ad
1777 1359 1884 1391 finem.
1931 1359 2033 1391 Instat
2070 1361 2142 1391 dies
2173 1359 2242 1392 Do·

1257 1403 1348 1441 mini,
1373 1408 1406 1434 et
1428 1403 1548 1434 utinam
1572 1413 1610 1433 se
1634 1403 1699 1433 cito
1719 1401 1881 1434 Dominus
1905 1403 2061 1434 ostendat
2079 1412 2160 1434 suae
2178 1402 2243 1433 Ec-

1258 1445 1381 1478 clesiae
1404 1444 1584 1476 visibiliter.
2186 1481 2195 1488 ,

1346 1488 1380 1519 ln
1407 1487 1505 1519 Esaia
1536 1494 1603 1519 est:
1633 1487 1802 1518 Videbunt
1827 1486 1952 1530 Regem
1982 1487 2179 1518 honoratum
2210 1492 2246 1519 et

1258 1531 1447 1569 florentem,
1481 1531 1513 1562 id
1544 1537 1615 1569 est,
1648 1531 1806 1562 videbunt
1841 1532 1928 1562 bona
1957 1530 2104 1570 imperia.
2151 1529 2243 1561 Haec

1258 1581 1470 1606 numerantur
1489 1575 1573 1605 inter
1591 1574 1735 1615 praemia
1753 1580 1957 1605 sanctorum.
1992 1573 2133 1609 Quando
2147 1571 2246 1604 Deus

1257 1616 1418 1660 peculiari
1441 1618 1548 1659 gratia
1571 1616 1639 1648 vult
1669 1617 1796 1659 dignari
1826 1623 1982 1654 sanctos,
2017 1617 2072 1647 dat
2105 1616 2153 1647 eis
2185 1616 2243 1648 bo-

1258 1672 1334 1693 num
1360 1661 1517 1702 regimen.

1345 1705 1377 1736 ln
1402 1704 1453 1735 his
1476 1703 1600 1735 nostris
1630 1703 1841 1745 regionibus,
1874 1702 1936 1733 Dei
1967 1701 2146 1741 beneficio,
2175 1711 2244 1734 me-

1258 1747 1379 1778 diocris
1409 1757 1472 1788 pax
1504 1746 1563 1778 suit
1592 1751 1668 1777 ante
1696 1746 1881 1787 proximum
1911 1744 2043 1777 bellum.
2089 1745 2131 1777 Et
2160 1745 2243 1777 miti-

1259 1790 1349 1833 gavit
1368 1789 1461 1821 Deus
1481 1791 1578 1821 etiam
1598 1787 1672 1821 belli
1693 1790 1786 1821 istius
1805 1790 1936 1820 exitum.
1968 1788 2111 1821 Oremus
2123 1787 2243 1827 Deum,

1258 1840 1294 1865 ut
1316 1833 1472 1874 deinceps
1495 1842 1628 1874 quoque
1652 1840 1765 1873 parcat
1796 1832 1925 1863 miseris
1956 1830 2102 1873 reliquiis
2124 1829 2242 1864 Eccle-

1259 1877 1338 1908 siae.
1385 1876 1550 1914 Nescitis,
1574 1885 1671 1917 quam
1695 1886 1797 1917 grave
1821 1877 1881 1913 sit,
1909 1885 1984 1907 cuni
2007 1875 2142 1917 imperia
2165 1880 2242 1907 sunt

1258 1920 1385 1951 incerta
1415 1925 1447 1950 et
1476 1919 1665 1961 tyrannica,
1700 1926 1731 1950 et
1766 1918 1876 1960 optimi
1909 1919 1968 1949 viri
2003 1918 2242 1950 interficiuntur

1259 1969 1376 1994 contra
1400 1961 1600 1994 voluntatem
1626 1961 1706 1999 Dei,
1737 1968 1768 1993 et
1798 1963 1880 1993 iura.
1926 1959 2020 1993 Deus
2050 1967 2240 1998 conservet,

1259 2006 1390 2043 doceat,
1415 2012 1445 2036 et
1468 2006 1631 2048 gubernet
1656 2015 1726 2035 nos.

1349 2048 1440 2080 Haec
1463 2049 1689 2079 considerate.
1713 2058 1786 2079 cum
1811 2048 1929 2079 auditis
1954 2048 2036 2079 istas
2054 2046 2242 2090 grammati-

1259 2102 1317 2124 cas
1341 2092 1580 2133 expositiones,
1605 2098 1637 2122 et
1658 2090 1826 2129 historica,
1850 2101 1936 2132 quae
1959 2101 2022 2123 nos
2046 2092 2088 2122 de
2110 2089 2240 2133 magnis

1260 2137 1359 2167 rebus
1384 2133 1693 2166 cmumonesncinm.

1345 2179 1374 2209 4.
1421 2178 1511 2209 Socii
1540 2177 1693 2211 suerunt.
1731 2178 1786 2219 qui
1822 2175 1908 2209 ultro
1950 2187 1987 2209 se
2021 2177 2239 2209 adiunxerant

1258 2221 1428 2253 Romanis.
1473 2220 1574 2252 Tales
1598 2219 1728 2252 suerunt
1753 2230 1851 2263 reges
1876 2219 1998 2263 aliqui,
2022 2227 2053 2252 et
2077 2220 2242 2258 civitates,

1259 2275 1343 2307 quae
1367 2275 1432 2296 uon
1457 2271 1550 2295 erant
1575 2263 1758 2315 vectigales
1773 2287 1781 2296 .
1811 2274 1919 2305 neque
1943 2263 2139 2306 municipes:
2182 2261 2241 2295 Sic

1262 2308 1412 2339 Athenae
1436 2306 1614 2349 aliquando
1635 2306 1692 2338 suit
1717 2308 1807 2338 socia
1834 2307 1962 2338 civitas.

1346 2350 1538 2382 Maccnbaei
1564 2349 1693 2382 suerunt
1724 2351 1807 2382 socii
1830 2349 2055 2382 Romanorum
2083 2358 2123 2381 ex
2147 2354 2241 2381 certa

1258 2393 1409 2425 formula.
1462 2394 1543 2425 Sunt
1579 2394 1648 2425 cius
1683 2394 1728 2425 rei
1762 2392 1871 2425 adhuc
1911 2393 2071 2435 quaedam
2106 2392 2241 2424 umbrae

1258 2439 1288 2468 in
1313 2437 1502 2469 Germania.
1552 2436 1647 2469 Aliud
1678 2443 1729 2469 est
1753 2437 1870 2468 civitas
1904 2436 2048 2477 imperii.
2084 2433 2172 2467 aliud
2202 2432 2239 2466 li—

1258 2482 1337 2512 bera
1361 2481 1487 2511 civitas.
1531 2481 1710 2521 Argentina
1735 2486 1785 2512 est
1808 2479 1913 2511 libera
1937 2480 2067 2516 civitas.
2090 2486 2121 2510 et
2146 2484 2240 2511 certo

1258 2524 1356 2555 modo
1380 2524 1533 2554 adiuncta
1557 2524 1703 2565 imperio.
1750 2523 1922 2562 &nimbum
1953 2523 1982 2556 it't
2014 2523 2072 2554 rinc
2096 2521 2238 2558 frtnfiubt.

1258 2567 1332 2598 Non
1357 2574 1467 2607 poti-st
1492 2568 1521 2598 ei
1546 2567 1728 2608 imperator
1752 2565 1912 2608 quidlibet
1945 2566 2123 2606 imperare,
2151 2564 2238 2596 sicut

1258 2609 1331 2641 aliis
1356 2611 1543 2642 cixitatibus
1568 2611 1719 2642 subditis.
1769 2610 1818 2641 Au
1846 2617 1931 2648 usta,
1955 2608 2137 2649 Nor-ibergn
2161 2613 2237 2639 sunt

1259 2654 1409 2685 ciuitates
1433 2654 1568 2693 imperii.
1614 2653 1682 2685 Sed
1706 2659 1784 2695 puto
1808 2663 1827 2683 o
1843 2653 1885 2683 im
1910 2662 2042 2694 quoque
2066 2661 2166 2692 saepe
2188 2650 2238 2682 stc
