2324 2958
129 156 190 196 42⁷

217 248 379 279 Pavorem
414 255 476 277 seu
505 243 655 276 dolorem
684 249 820 286 propter
848 250 985 285 peccata
1009 242 1110 274 nomi-

131 297 209 323 nant
242 288 385 322 Hebraei
420 288 665 319 Contrz'ti'onem:
700 293 736 319 ut
770 297 844 318 cum
871 286 1034 317 Ezechias
1062 285 1110 315 in—

131 334 216 376 quit:
261 333 351 363 Sicut
375 332 424 361 leo
443 331 597 362 corin-icit
614 330 721 362 omnia
739 339 815 361 ossa
834 339 912 360 mea.
957 328 999 359 Et
1015 326 1109 358 Psat-

130 385 204 407 mus
226 375 286 406 ait:
331 373 533 415 Sacrificium
556 373 646 411 Deo,
669 373 807 415 spiritus
829 372 997 402 contritus.
1043 370 1110 401 Cor

130 418 302 454 contritum
323 420 353 447 et
375 415 572 448 humiliatum
603 425 664 447 mm
687 415 854 456 despicies.
900 413 997 445 ltem:
1048 412 1113 443 Ubi

128 460 287 501 ,habitabit
312 458 484 497 Dominus,
509 460 575 491 nisi
593 460 627 490 ὄπ
649 458 748 489 corde
770 457 931 488 contrito?
974 455 1032 493 Et,
1055 455 1110 486 Ad

131 514 218 545 quem
241 503 432 542 respiciam,
463 502 529 534 nisi
549 501 594 533 ad
616 502 786 532 contritum
815 500 952 540 spirim,
987 502 1018 528 et
1045 502 1109 529 tre-

130 550 260 577 mentem
275 554 437 577 sermones
449 544 554 576 meos?
568 545 671 586 inquit
685 543 846 574 Dominus
864 541 952 583 apud
964 540 1108 572 Esaiam.

130 589 204 632 Ego
226 586 368 620 libenter
391 589 516 619 retinto
543 587 610 618 hoc
632 596 766 617 nomen:
795 585 872 626 quia
894 585 944 615 sic
968 582 1110 625 prophe-

131 638 185 663 tae
202 629 304 663 locuti
322 637 410 671 sunt,
427 637 459 662 et
472 629 624 661 Ecclesia
640 629 761 660 usitate
774 629 823 659 sic
841 625 996 669 loquitur.
1032 626 1108 657 Non

131 674 173 705 sit
202 674 300 705 nobis
329 679 424 715 turpe
454 684 528 705 cum
551 671 704 704 Ecclesia
733 669 839 712 loqui,
869 670 924 701 ubi
947 674 1038 700 recte
1060 667 1109 699 lo-

131 717 250 758 quitur.
296 716 463 752 Quorsum
487 715 621 752 attinet,
652 714 740 756 quod
764 711 897 754 quilibet
924 711 1109 753 phantasti-

124 760 192 791 'cus
227 758 342 797 audet,
377 759 516 790 abiectis
550 758 690 789 vocibus
718 757 863 794 usitatis,
897 765 986 786 novo
1017 764 1108 785 more

131 801 232 843 loqui.
278 802 322 833 Es
344 802 435 832 seim!
463 800 569 832 reclite
587 800 774 839 fcmtaslen,
807 799 859 829 die
881 799 990 829 innuet·
1013 800 1110 827 etit-as

122 844 347 885 sonderhlzes
369 843 498 875 macheu
521 844 640 874 wellen.
684 841 758 873 Non
777 847 828 873 est
851 841 1024 882 sapientia,
1048 840 1109 870 sed

123 885 279 926 stultitia,
301 885 387 919 velle
410 897 486 918 esse
508 884 720 927 singularum.
767 883 809 915 Et
830 882 1023 926 plerumque
1041 893 1110 914 mu·

132 931 211 962 tatio
236 931 412 961 verborum
435 929 519 971 parit
542 929 638 961 etiam
660 927 843 959 sententias
868 935 985 958 novas.

162 1093 342 1134 Definias
374 1106 471 1147 ergo
505 1091 815 1133 Contritionem:
864 1089 972 1140 Quid
1005 1104 1078 1129 vo-

437 1176 550 1209 catur
581 1167 794 1208 contritio?

216 1259 278 1292 Est
307 1269 386 1290 vere
418 1268 642 1300 expavescere
672 1258 841 1331 affuitione
868 1257 937 1288 irae
967 1257 1029 1289 Dei
1052 1258 1109 1287 ad-

120 1310 248 1335 ·vcrsus
272 1307 411 1344 peccata
441 1308 574 1338 nostra,
604 1306 636 1331 et
659 1301 700 1332 do
717 1310 788 1338 ere,
817 1300 906 1331 ‹uod
928 1299 1035 1331 Deum
1059 1298 1108 1331 os-

130 1347 305 1378 sendimus.
358 1344 418 1375 Est
442 1350 550 1375 autem
574 1343 727 1375 contritio
758 1343 788 1373 in
812 1353 830 1373 a
848 1343 886 1373 iis
917 1343 1044 1381 acrior,
1076 1343 1108 1373 in

129 1388 202 1421 aliis
232 1388 393 1419 hebetior.
445 1385 595 1418 Pavores
625 1393 701 1418 sunt
730 1386 763 1417 in
790 1383 863 1417 aliis
886 1386 1046 1425 maiores,
1076 1385 1108 1416 in

112 1431 201 1472 ¹aliis»
225 1431 380 1462 minores.

113 1475 116 1480 ’
213 1473 250 1504 ln
274 1471 542 1504 adolescentibus
564 1471 671 1503 minus
693 1471 782 1502 acris
805 1475 857 1502 est
880 1469 988 1509 dolor,
1010 1480 1108 1512 quam

128 1519 169 1554 in¹
189 1517 344 1554 senibus,
379 1515 440 1546 etsi
477 1514 546 1545 fieri
576 1520 702 1556 potest,
736 1520 771 1545 ut
801 1514 900 1546 etiam
927 1514 959 1545 in
990 1514 1109 1545 iuvene

127 1559 238 1602 aliquo
261 1559 303 1590 sit.
326 1558 414 1590 acris
438 1564 470 1589 et
490 1567 612 1589 saevus
630 1556 736 1588 dolor.
783 1555 982 1598 Plerumque
1000 1562 1109 1588 tamen

128 1609 204 1636 sunt
232 1602 394 1633 tristiores
425 1606 456 1631 et
485 1599 719 1642 profundiores
749 1599 884 1631 dolores
915 1610 1046 1631 senum:
1076 1605 1109 1630 et

129 1645 258 1690 quidem
282 1653 380 1675 senes
404 1653 506 1685 saepe
527 1643 650 1675 habent
673 1648 812 1686 peccata
829 1643 955 1675 maiora
972 1652 1109 1674 numero

130 1694 162 1721 et
185 1686 342 1730 qualitate
359 1696 455 1729 quam
475 1687 622 1718 iunioris.
670 1687 809 1727 Oportet
826 1692 936 1717 autem
956 1686 989 1717 in
1007 1686 1108 1716 omni-

108 1732 212 1769 ‘'buS,
254 1731 307 1772 qui
343 1735 580 1761 convertuntur
614 1729 655 1761 ad
689 1729 817 1767 Deum,
852 1739 930 1760 esse
963 1727 1108 1771 aliquam

130 1773 412 1806 contritritionem.
457 1772 498 1803 Et
521 1772 612 1804 Deus
636 1773 736 1803 variis
761 1770 1001 1804 calamitatibus
1022 1772 1109 1802 hanc

129 1817 282 1848 miseram
297 1822 446 1846 naturam
469 1816 544 1846 ideo
568 1816 728 1853 oneravit,
748 1821 781 1847 ut
806 1816 888 1846 iram
911 1815 981 1846 eius
1006 1823 1108 1856 agno-

129 1869 264 1892 scamus
295 1859 460 1890 adversus
487 1865 677 1899 peccatum,
709 1864 740 1889 et
771 1867 837 1889 non
868 1856 1020 1889 simulato
1052 1857 1109 1887 do·

130 1902 200 1934 lore
224 1901 434 1943 deploremus
458 1907 560 1932 totam
584 1900 704 1932 molem
729 1900 951 1940 corruptionis
971 1906 1110 1931 naturae

129 1950 282 1983 nostrae,
310 1950 342 1975 et
364 1942 574 1981 delictorum,
599 1953 682 1985 quae
704 1944 946 1979 conimisinius;
973 1944 1045 1974 sive
1068 1952 1108 1973 ea

130 1988 195 2019 sint
219 1997 360 2025 arcana,
385 1987 455 2017 sive
478 1985 671 2024 manifesta,
694 1992 724 2017 ct
750 1992 826 2017 nota
850 1985 935 2016 aliis.

217 2029 269 2061 Dc
290 2028 354 2061 'nac
377 2030 574 2061 contritione
597 2029 716 2060 dicitur
737 2029 824 2070 apud
849 2027 987 2060 tomeun
1017 2028 1108 2058 Scin-

131 2073 197 2104 dt'te
228 2072 331 2103 forda
360 2076 492 2111 restra,
534 2076 563 2103 er
598 2081 659 2103 mm
688 2073 885 2102 restimmnn.
948 2070 989 2102 Et
1025 2071 1108 2102 t‘nu-

130 2115 184 2148 lus
211 2115 331 2157 inquit:
377 2115 577 2147 Conln'statu'
597 2115 674 2145 estis
696 2115 740 2145 ml
761 2115 998 2155 pomtitmilt’mn.
1055 2112 1107 2150 Et,

133 2158 285 2189 Tristitia
317 2159 487 2189 secttndmn
519 2157 638 2189 Dmm.
672 2158 773 2197 elficit
806 2158 1033 2198 poenitentiam
1064 2158 1108 2187 (ιιΙ

130 2202 282 2239 salutem,
317 2211 377 2231 non
405 2201 639 2241 pot-nitendum.
698 2200 788 2232 llaec
822 2201 909 2231 dicta
943 2206 1110 2231 testantur

131 2245 354 2283 necessariam
385 2254 462 2275 csse
490 2243 633 2286 aliquam
661 2244 898 2275 contritionem.
949 2242 1023 2274 Non
1054 2243 1108 2273 de-

130 2288 246 2319 bemus
269 2296 403 2320 manere
426 2287 457 2319 in
483 2287 661 2318 securitate
686 2285 828 2323 carnali,
859 2286 951 2328 quia,
980 2286 1034 2317 ubi
1059 2292 1108 2316 est

130 2335 289 2374 pei-petua
321 2331 482 2361 securitas
513 2331 584 2361 sine
612 2328 724 2371 aliquo
753 2339 853 2360 sensu
889 2328 1030 2366 doloris,
1064 2329 1107 2359 ibi

99 2380 105 2385 ⁴
129 2373 274 2405 nondum
305 2379 354 2404 est
384 2373 507 2404 initium
539 2373 780 2404 conversionis,
832 2373 968 2413 Oportet
996 2373 1026 2403 in
1050 2371 1108 2402 lin—

130 2415 232 2454 minc,
258 2416 311 2458 qui
335 2416 375 2446 nd
400 2414 507 2447 Dcunt
533 2417 748 2455 convenitur,
771 2424 848 2447 esse
870 2413 1011 2457 aliquem
1034 2425 1108 2446 scn-

131 2469 202 2490 sum
239 2460 390 2499 pavori-z,
424 2466 455 2489 ct
492 2459 792 2490 consternationem
825 2457 987 2499 aliquam,
1023 2469 1107 2500 quac

131 2500 249 2533 sentiat
274 2499 482 2543 aliquomodo
507 2502 586 2533 iram
610 2501 671 2533 Dei
694 2502 856 2533 adversus
879 2507 1027 2542 peccata.

201 2541 344 2575 ''lm‘tt'um
368 2545 562 2586 sapientior.
592 2546 687 2576 tt‘mm·
711 2544 859 2583 Domini,
889 2545 989 2586 inquit
1016 2543 1108 2575 t’snt-

133 2584 215 2618 mus.
274 2585 478 2642 Quamquam
512 2588 608 2619 timor
642 2587 774 2620 Domlni
808 2586 972 2632 significat
1003 2592 1108 2620 totum

771 150 881 182 PHlL.
906 150 1007 182 MEL.
1032 149 1217 190 SCRIPTA
1242 147 1506 180 EXEGEthA.

2075 151 2138 184 428

1162 239 1301 274 cultum:
1324 247 1432 273 tamen
1454 251 1522 273 non
1545 249 1597 273 est
1618 251 1721 273 verus
1739 241 1861 281 cultus,
1880 244 1942 274 nisi
1958 245 2140 278 sentiantur

1162 294 1319 325 pavoreS,
1341 290 1375 316 et
1396 289 1559 316 metuatur
1576 285 1625 316 ira
1642 284 1720 316 Dei.
1763 284 1841 317 ldeo
1863 284 2051 318 Ecclesiam
2072 297 2141 320 ma·

1163 328 1227 369 giS,
1238 337 1336 368 quam
1354 333 1507 359 caeteros
1523 328 1688 366 homines,
1699 326 1795 359 Deus
1814 329 1947 360 subiicit
1960 331 2140 370 aerumnis,

1162 375 1198 401 ut
1220 380 1295 401 cum
1318 370 1461 402 mundus
1484 375 1673 402 contemnat
1702 376 1874 411 peccatum
1899 377 1931 403 et
1952 372 2035 403 iram
2064 371 2141 412 Dei,

1162 411 1281 444 saltem
1299 411 1453 444 Ecclesia
1475 419 1639 455 agnoscat
1661 420 1846 453 peccatum,
1863 420 1897 445 et
1924 415 2010 446 sciat
2032 414 2141 448 Deum

1162 465 1242 487 vere
1262 456 1361 487 irasci
1384 463 1537 496 peccato.
1594 455 1629 486 ld
1652 457 1798 487 ostendit
1819 456 1918 488 nobis
1939 456 2013 498 ipsa
2034 463 2142 490 morte

1162 497 1347 539 corporali,
1370 499 1422 530 cui
1445 499 1542 530 etiam
1565 498 1673 529 sancti
1695 504 1773 529 sunt
1795 499 1954 534 subiecti3
1978 506 2140 533 monstrat

1160 541 1238 572 item
1260 541 1293 572 in
1316 541 1468 572 omnibus
1491 540 1732 573 calamitatibus
1755 547 1787 572 et
1810 540 1978 582 periculis,
2023 542 2141 575 Osten-

1162 584 1207 614 dit
1230 583 1315 615 idem
1346 584 1378 614 in
1407 582 1634 616 intersectione
1657 582 1763 621 Abel,
1797 590 1830 615 et
1853 582 1955 616 multo
1978 586 2086 627 magis
2107 587 2140 618 in

1161 624 1391 657 intersectione
1425 625 1498 664 filit,
1533 627 1587 668 qui
1621 633 1758 668 propter
1784 625 1893 658 aliena
1922 634 2063 668 peccata
2084 638 2140 670 pa-

1161 669 1249 699 titur.
1294 667 1502 701 Horribiliter
1524 669 1675 710 displicet
1698 668 1774 700 Deo
1797 670 1974 708 securitas,
1996 676 2029 702 et
2050 670 2140 702 dmi*

1161 715 1259 750 γησιά.
1305 710 1389 742 Cum
1416 721 1457 743 eo
1485 721 1540 743 res
1569 712 1716 750 devenit,
1739 718 1775 743 ut
1798 713 1998 744 erubescere
2019 712 2139 755 aliquis

1162 753 1308 791 nesciat,
1336 759 1372 784 ut·
1399 753 1520 785 Esaias
1549 753 1710 796 loquitur,
1741 755 1774 785 id
1797 760 1864 793 est,
1899 760 1934 786 ut
1963 753 2076 788 nultus
2097 757 2140 788 sit

1162 802 1270 827 metus
1293 796 1362 827 irae
1384 795 1464 834 Dei,
1497 795 1606 828 nullus
1629 807 1750 828 sensus
1772 798 1919 839 peccati,
1953 796 2029 830 talis
2051 798 2139 831 baud

1163 839 1260 870 dubie
1282 843 1334 870 est
1355 839 1388 869 in
1410 844 1558 871 extremo
1581 839 1750 882 pericu10,
1773 851 1814 872 ne
1838 846 1962 882 pereat.

1326 995 1449 1036 Estne
1481 996 1521 1035 in
1553 995 1737 1036 zachaeo
1769 997 1980 1036 contritio?

1249 1094 1459 1136 Respondeo.
1496 1093 1578 1126 Cum
1606 1095 1726 1136 inquit:
1756 1096 1798 1126 Si
1818 1104 1907 1136 quem
1931 1092 2144 1134 defraudant,

1162 1137 1206 1168 ibi
1230 1136 1340 1178 palam
1370 1136 1491 1168 fatetur
1513 1142 1652 1178 peccata
1675 1147 1744 1169 sua.
1788 1138 1955 1179 Agnoscit
1976 1147 2015 1170 se
2036 1136 2143 1171 fuisse

1162 1179 1327 1217 Lamiam,
1358 1180 1534 1212 confltetur
1561 1190 1599 1211 se
1630 1179 1734 1212 fuisse
1758 1183 1849 1212 oneri
1873 1179 1983 1213 multis
2007 1181 2143 1213 bomini-

1163 1224 1244 1260 hus,
1269 1223 1300 1253 in
1325 1223 1497 1264 exigendis
1520 1223 1736 1265 pensionibus
1759 1224 1909 1261 acerbis,
1940 1224 1973 1255 iu
1996 1230 2143 1256 statuen-

1162 1264 1212 1296 dis
1230 1266 1342 1297 usuris
1362 1266 1553 1304 maioribus,
1572 1265 1605 1296 in
1623 1267 1820 1307 aucupando
1843 1273 1986 1308 quaestu
2008 1267 2142 1305 iniusto,

1160 1314 1195 1338 ut
1218 1307 1413 1350 plerumque
1443 1308 1479 1338 fit
1506 1309 1541 1339 in
1571 1307 1800 1349 praefecturis.
1853 1309 1944 1341 llaec
1973 1308 2143 1341 consessio

1161 1357 1211 1381 est
1245 1351 1378 1392 signum
1411 1351 1630 1382 contritionis.
1685 1350 1770 1382 Nam
1796 1352 1852 1383 ubi
1881 1358 1933 1383 est
1961 1362 2043 1384 vera
2064 1361 2143 1384 oon-

1159 1393 1268 1431 tritio,
1291 1393 1335 1424 ibi
1361 1402 1420 1424 cor
1441 1403 1479 1424 se
1500 1393 1634 1425 subiicit
1655 1392 1742 1431 Deo,
1765 1391 1888 1426 fatetur
1910 1404 1948 1426 se
1970 1403 2145 1436 peccasse,

1161 1441 1193 1467 et
1216 1436 1367 1467 meritum
1390 1445 1466 1468 esse
1490 1436 1570 1467 iram
1592 1435 1672 1470 Dei;
1695 1437 1780 1468 sicut
1799 1436 1921 1469 Daniel
1944 1438 2037 1470 dicit:
2074 1437 2148 1469 Tibe·

1160 1478 1299 1510 Domine
1316 1479 1461 1516 εἰιείίιίας
1480 1479 1570 1510 nobis
1589 1483 1693 1510 antem
1712 1477 1860 1519 cmisusio
1874 1479 1980 1520 saciet·
1999 1484 2142 1513 nostrae.

1161 1521 1297 1553 Fatetur
1319 1522 1435 1560 etiam,
1458 1523 1514 1554 ubi
1539 1532 1623 1564 opus
1647 1528 1717 1560 est,
1740 1523 1830 1564 quod
1853 1524 1984 1555 iniustis
2006 1524 2143 1555 actioni-

1161 1565 1224 1596 bus
1249 1564 1422 1596 offenderit
1444 1566 1646 1606 proximum,
1681 1566 1766 1597 sicut
1789 1572 1907 1607 postea
1931 1567 2078 1598 dicemus
2100 1565 2143 1598 de

1161 1606 1385 1646 consessione,
1405 1617 1490 1649 quae
1508 1614 1541 1639 ct
1559 1615 1722 1650 quatenus
1739 1609 1783 1639 sit
1802 1609 2004 1640 necessaria.
2046 1607 2142 1640 Prius

1161 1653 1246 1682 enim
1269 1649 1443 1682 absolvam
1466 1657 1579 1692 partes
1602 1651 1838 1692 poenitentiae,
1856 1658 1888 1682 et
1911 1652 2030 1683 addam
2052 1657 2142 1693 post-

1161 1703 1212 1731 ea,
1235 1693 1401 1735 quomodo
1424 1693 1579 1735 Papistae
1603 1695 1785 1735 depravent
1807 1693 1874 1733 illa,
1893 1705 1979 1736 quae
2001 1695 2043 1726 ad
2065 1703 2142 1736 poe-

1159 1737 1327 1768 nitentiam
1350 1736 1522 1777 pertinent.

1162 1902 1271 1952 Quid
1303 1910 1364 1942 est
1395 1916 1492 1957 ergo
1525 1903 1636 1951 fides,
1670 1915 1774 1955 quae
1807 1909 1870 1942 est
1895 1901 2019 1942 altera
2041 1915 2140 1957 poe·

1442 1979 1582 2019 Recita
1623 1979 1813 2020 usitatam
1861 1967 2139 2020 defmitionem

1600 2056 1706 2097 fidei.

1248 2155 1345 2187 fides
1374 2161 1426 2187 est
1449 2157 1605 2188 assentiri
1629 2157 1715 2188 omni
1739 2156 1843 2188 verbo
1868 2155 1931 2187 net
1953 2156 2052 2189 uobis
2075 2163 2140 2188 tra-

1161 2198 1244 2235 dito,
1275 2205 1305 2229 ct
1335 2199 1365 2228 in
1391 2198 1453 2230 lioc
1478 2200 1687 2240 promissioni
1712 2200 1854 2241 gratiae..
1882 2206 1915 2230 et
1945 2205 1996 2232 est
2019 2199 2141 2232 fiducia

1161 2242 1344 2283 promissae
1368 2243 1631 2280 misericordiae,
1654 2252 1719 2284 qua
1744 2253 1802 2274 cot·
1826 2249 1961 2284 propter
1983 2243 2139 2274 mediato·

1160 2295 1247 2322 reni,
1271 2291 1300 2315 et
1326 2295 1384 2325 per
1407 2296 1480 2317 eum
1504 2284 1664 2317 liberatur
1687 2296 1727 2316 ex
1751 2283 1924 2317 doloribus
1949 2283 2140 2323 inferorum,

1161 2334 1190 2357 et
1227 2328 1357 2358 accedit
1390 2329 1432 2359 ad
1467 2327 1591 2366 Deum,
1626 2335 1657 2360 et
1688 2329 1818 2359 invocat
1849 2338 1939 2365 eum,
1974 2326 2139 2359 clamans:

1163 2371 1251 2401 silum
1276 2375 1390 2411 puer-r,
1424 2378 1456 2403 et
1490 2370 1631 2404 lactatur
1664 2372 1885 2413 acquiescens
1909 2371 1941 2402 in
1966 2369 2039 2402 Deo
2063 2381 2138 2413 pro-

1160 2422 1231 2455 pter
1255 2413 1379 2445 filiuni.

1249 2457 1322 2488 Dixi
1357 2463 1484 2495 autem,
1518 2457 1755 2489 Contritionem
1788 2456 1951 2487 nominari
1987 2455 2087 2488 ctiam
2120 2466 2141 2487 ι

1162 2498 1263 2531 Paulo
1288 2500 1571 2542 nim-tilt‘cati'oncm.
1619 2501 1691 2532 Non
1713 2500 1810 2532 debet
1828 2506 1938 2531 autem
1957 2498 2056 2530 bomo
2074 2508 2140 2531 ma—

1161 2554 1239 2574 nci-c
1268 2544 1299 2574 in
1328 2550 1445 2576 morte.
1502 2544 1641 2586 Oportet
1672 2554 1734 2575 nos
1757 2553 1798 2575 ex
1822 2549 1928 2573 morte
1951 2552 2024 2574 eme
2086 2551 2138 2574 re:

1161 2593 1288 2628 oportet
1313 2588 1429 2619 iterum
1452 2587 1624 2619 vivificari.
1668 2586 1702 2618 ld
1727 2586 1762 2619 fit
1793 2595 1852 2629 per
1877 2584 1975 2617 fidem
1994 2585 2026 2617 in
2063 2584 2076 2595 '
2102 2584 2139 2615 ri-

1160 1978 1352 2019 nitentiae
1363 1979 1380 2018 ⁸?
