2324 2958
206 173 270 206 635
837 172 949 204 PHIL.
971 170 1077 205 MEL.
1100 172 1285 205 SCRIPTA
1309 171 1572 206 EXEGETICA.
2138 177 2204 211 636

205 267 273 299 lmo
298 267 326 298 si
349 266 493 298 omnium
529 271 764 304 creaturarum,
793 265 998 308 angelorum,
1021 271 1053 298 et
1076 265 1176 297 homi·
1230 265 1371 303 Christi3
1394 267 1448 308 qui
1467 276 1504 298 se
1526 265 1679 308 patefecit
1701 268 1802 300 misso
1815 266 1909 308 Filio,
1933 274 1965 301 et
1987 270 2065 302 dato
2087 271 2204 310 verbo,

205 321 282 342 num
306 309 467 350 sapientia
490 314 521 340 et
545 307 734 350 eloquentia
758 315 847 340 esset
882 310 914 340 in
948 319 1012 340 uno
1036 308 1178 346 homine,
1231 314 1264 340 et.
1286 307 1482 351 alloquimur
1504 309 1591 342 hunc
1613 309 1742 349 Filium,
1765 311 1819 352 qui
1844 317 1896 343 est
1914 318 2011 344 natus
2034 323 2075 345 ex
2097 312 2204 346 Maria

205 358 315 384 tamen
339 362 403 383 non
427 357 542 393 posset
566 350 742 393 explicare.
777 351 839 382 Sed
858 350 1067 382 conseramus
1090 351 1178 382 hanc
1230 352 1368 393 virgine,
1391 353 1444 393 qui
1472 353 1683 384 resuscitavit
1713 353 1893 392 Lazarum,
1922 354 2031 387 sactus
2061 362 2112 387 est
2141 366 2202 398 pro

205 395 399 428 sententiam
423 395 464 426 ad
489 393 761 431 consolationem
786 400 818 425 et
839 395 906 425 sint
926 395 1028 425 verba
1046 391 1178 435 singula
1230 394 1326 425 nubis
1348 395 1478 426 victima
1502 402 1532 426 et
1557 396 1735 427 crucifixus
1749 403 1811 434 est,
1834 407 1875 429 ac
1887 398 2077 429 resurrexit.
2107 398 2204 431 Hunc

204 437 301 470 huius
324 437 509 469 sententiae
531 437 742 469 incitamenta
775 442 806 467 et
839 436 960 467 stimuli
984 437 1025 467 ad
1048 436 1177 467 invoca·
1230 435 1347 468 Filium
1369 436 1577 479 alloquimur,
1600 444 1632 469 et
1656 440 1828 471 statuimus
1852 449 1914 471 nos
1945 440 2066 472 fiducia
2095 441 2201 483 ipsius

204 483 338 518 tionem,
364 490 428 522 qua
451 486 612 521 petamus,
647 490 710 510 nos
733 480 823 522 regi,
857 479 970 510 doceri
1003 485 1035 509 et
1058 477 1177 509 confir·
1229 478 1352 511 habere
1365 478 1530 521 placatum
1554 487 1693 522 patrem,
1715 491 1777 512 nos
1800 481 1913 523 recipi,
1936 482 2106 522 vivificari,
2128 494 2202 525 pro-

204 525 285 555 mari
309 535 328 554 a
351 522 495 555 Christo.
1229 521 1308 564 tegi,
1332 521 1454 554 salvari
1477 533 1536 564 per
1554 534 1638 555 eum.

290 566 466 608 Sapientes
500 565 611 596 vident
650 565 714 596 ista
748 565 779 595 in
813 564 955 601 mundo,
989 570 1021 595 et
1051 563 1177 595 dicunt:
1316 564 1364 596 Ita
1396 565 1494 607 igitur
1525 575 1653 598 sumnia
1675 564 1847 608 Evangelii
1881 572 1933 598 est
1967 566 2020 599 hic
2052 577 2203 609 compre-

204 609 291 645 Quld
325 615 377 640 est
399 609 464 640 ista
487 608 624 639 notitia?
657 618 698 639 an
723 617 761 638 ea
784 616 898 638 sumus
921 606 1019 638 lusti?
1062 605 1104 638 Et
1126 616 1178 637 al·-
1230 607 1349 638 llensa:
1382 608 1422 640 Ut
1439 614 1615 647 aynoscanl
1637 613 1668 640 te
1690 619 1799 641 terum
1818 611 1929 648 Deum,
1951 614 1983 642 et
2002 612 2107 642 lesum
2131 621 2204 643 egge

204 658 449 694 gumentantur:
1234 649 1402 682 Christum.
1446 650 1521 682 Non
1545 650 1729 683 excluditur
1753 650 1853 683 Filius
1877 662 1897 683 a
1922 652 2108 691 divinitate,
2141 654 2203 685 sed

289 694 366 727 Sola
387 696 501 726 notitia
523 703 615 725 nemo
637 697 689 724 est
708 695 829 724 iustus:
1230 691 1265 722 fit
1288 691 1454 724 distinctio
1488 694 1571 725 inter
1604 694 1806 725 divinitatem
1840 695 2035 733 mittentem,
2069 702 2102 727 et
2130 705 2203 736 per-

289 739 374 777 Erqo
394 740 524 777 frustra
546 736 697 774 definitur
720 736 782 766 cita
804 739 937 766 aeterna
953 744 1017 775 per
1035 734 1177 766 notitiam
1229 745 1345 766 sonam
1381 735 1529 776 missam,
1562 747 1646 778 quae
1680 743 1731 768 est
1755 736 1847 769 Deus
1882 744 1914 769 et
1947 737 2054 770 homo.
2110 738 2203 770 Haec

203 780 268 813 Dei
289 785 322 812 et
345 780 474 812 Christi.
1230 776 1442 809 transferatis
1467 778 1508 809 ad
1532 778 1792 811 consolationem
1817 786 1973 819 vestram,
1997 786 2028 812 et
2046 780 2088 812 ad
2111 790 2204 812 exer-

288 822 501 864 Respondeo.
557 821 680 852 Verum
704 826 766 858 est,
802 829 896 851 nemo
919 825 971 850 est
992 819 1098 850 iustus
1121 817 1176 849 illa
1231 821 1304 851 citia
1327 831 1427 852 verae
1450 820 1681 853 invocationis.

202 866 330 903 notitia,
353 875 438 907 quae
460 874 527 895 non
550 870 601 894 est
620 863 712 894 fides.
758 863 824 894 Sed
854 872 917 893 nos
946 861 1113 903 loquimur
1135 862 1176 892 de

202 907 258 940 illa
281 909 406 946 notitia,
430 918 514 949 quae
548 912 600 937 est
623 905 717 944 fides,
751 912 783 937 et
818 905 894 946 quid
926 905 968 936 sit
997 905 1080 935 fides
1103 914 1176 946 per·

202 952 318 994 spicue
342 950 560 987 declaramus,
594 959 670 980 esse
693 947 836 985 scilicet,
870 953 904 979 ut
932 954 1119 990 agnoscant
1144 953 1176 978 te
1241 985 1247 992 η
1527 965 1570 996 ΙΝ
1592 964 1667 997 DIE
1690 965 1895 998 vlmnmu

203 1005 316 1027 verum
338 993 458 1031 Deum,
481 999 513 1024 et
536 993 644 1024 lesum
673 1001 750 1022 esse
775 990 950 1022 Christum.
995 989 1052 1020 Sic
1074 1000 1176 1031 agno·
1863 984 1872 999 ⁴
1899 989 1909 1005 ’

203 1038 306 1069 scitur
339 1045 438 1068 verus
461 1035 566 1073 Deus,
601 1034 730 1076 quando
764 1034 976 1075 agnoscimus
1006 1038 1038 1064 et
1061 1042 1176 1074 appre-

201 1080 374 1112 hendimus
399 1077 504 1110 lesum
528 1077 643 1109 Filium
666 1077 729 1108 Dei
753 1086 829 1108 esse
852 1075 1034 1107 Christum:
1058 1075 1089 1106 id
1113 1081 1176 1114 est,

203 1123 292 1166 quod
315 1123 358 1154 sit
403 1131 524 1153 ersona
547 1119 706 1151 salvatrix
730 1120 841 1150 missa.

290 1165 385 1206 Appe
400 1164 520 1195 latione
555 1162 677 1194 Christi
701 1161 908 1204 significatur
941 1159 1106 1198 Messias,
1145 1166 1177 1191 et

202 1207 422 1250 appellatione
445 1206 589 1238 Messiae
618 1213 719 1237 totum
755 1203 946 1235 beneficium
979 1204 1177 1244 promissum

203 1257 338 1294 propter
370 1251 459 1281 hune
482 1249 666 1280 Dominum.
723 1246 863 1282 Quando
893 1245 1000 1277 ludaei
1035 1247 1178 1277 nomina-

204 1296 283 1326 bant
323 1292 496 1329 Messiam,
530 1289 756 1332 intelligebant
779 1289 886 1321 omnia
917 1287 1076 1320 beneficia
1104 1298 1178 1330 pro-

203 1337 305 1369 missa
327 1343 461 1378 propter
483 1334 572 1366 hunc
594 1331 781 1367 Dominum.

1673 1060 1762 1098 sive,

1435 1152 1478 1184 lN
1514 1152 1590 1184 DlE
1621 1152 1802 1185 COENAE
1835 1153 1999 1187 DOMlNl.

1315 1245 1374 1277 De
1397 1255 1469 1278 esu
1498 1247 1592 1289 agni
1622 1245 1856 1278 Paschalis.
1900 1247 2026 1279 Exodi
2061 1249 2117 1280 12.

1318 1330 1436 1372 Agnus
1470 1330 1718 1369 immaculatus,
1752 1331 1784 1361 id
1812 1338 1881 1369 est,
1912 1333 1969 1363 ubi
1999 1343 2120 1373 corpus
2152 1339 2205 1364 est

1231 1373 1405 1415 integrum,
1425 1373 1496 1405 Das
1517 1374 1633 1404 keinen
1655 1374 1795 1405 schaden
1817 1375 1880 1413 Ιιαε,
1904 1374 1992 1415 quod
2015 1384 2081 1405 nou
2103 1374 2206 1406 habet

1232 1415 1358 1454 labem,
1389 1416 1477 1457 quod
1500 1426 1566 1447 non
1585 1421 1636 1447 est
1660 1425 1808 1454 caecum,
1842 1426 1908 1448 non
1942 1415 2100 1448 mutilum.
2157 1416 2207 1449 lta

1200 1077 1208 1494 i
1233 1457 1366 1490 Psalmo
1404 1458 1473 1489 119.
1503 1459 1635 1490 dicitur:
1670 1458 1768 1490 Beati
1792 1459 1996 1491 immaculati.
2050 1459 2124 1491 Non
2154 1465 2206 1491 ωε

265 1501 520 1558 ΕῙΊῘῘΗΟῙΟΩζὶθ,
552 1499 738 1541 vocabuli
771 1497 975 1548 Christus,
1021 1496 1119 1552 quid
1233 1502 1316 1532 satis
1339 1502 1514 1543 perspicue
1545 1501 1707 1534 redditum
1734 1511 1795 1543 per
1821 1511 1938 1534 vocem
1965 1504 2110 1535 macula:
2142 1501 2206 1534 La-

454 1547 474 1556 *
595 1577 602 1584 ,
665 1577 672 1585 ,
1233 1545 1289 1575 tini
1312 1554 1378 1576 uon
1397 1545 1441 1576 ita
1465 1543 1654 1586 loquuntur.
1709 1544 1751 1576 Et
1781 1551 1832 1576 est
1855 1545 1985 1588 insigne
2004 1551 2149 1577 erratum
2171 1545 2205 1576 in

573 1575 804 1632 Slgnlficat?
1233 1587 1364 1629 antiqua
1395 1588 1564 1619 versione:
1597 1587 1696 1626 (Nam
1728 1587 1832 1630 primu
1865 1587 2083 1619 consideratio
2107 1587 2206 1619 (lebet

1233 1640 1309 1662 esse
1331 1631 1580 1673 paedagogica,
1615 1636 1649 1661 ut
1672 1629 1840 1662 historiam
1870 1636 1962 1662 recte
1984 1630 2140 1668 discatis,
2173 1635 2207 1661 et

1232 1672 1398 1705 vocabulo
1431 1672 1660 1715 grammatica)
1695 1683 1767 1705 cum
1802 1673 1939 1704 dicitur:
1984 1674 2080 1705 Iusta
2117 1683 2206 1713 quem

1231 1721 1327 1748 rilmn
1351 1719 1467 1748 tolletis
1499 1721 1531 1748 et
1554 1715 1711 1748 haedum:
1743 1715 1895 1747 Debebat
1925 1725 2016 1748 esse:
2051 1725 2091 1746 ez
2112 1716 2206 1756 (tynis

1232 1765 1262 1792 el
1282 1761 1394 1791 haedis
1415 1762 1486 1791 enm
1507 1762 1648 1798 sumena,
1671 1763 1701 1791 et
1723 1759 1910 1791 sert-abins:
1930 1758 1964 1790 id
1982 1764 2045 1797 est,
2069 1758 2206 1790 sumetis

1232 1803 1273 1834 de
1296 1812 1398 1845 grege
1421 1808 1545 1833 vestro.

291 1678 463 1720 Significat
486 1683 630 1709 unctum.
681 1675 792 1712 Quare
815 1676 865 1707 sic
887 1674 1093 1707 nominatur?
1124 1679 1180 1705 aut

230 1733 309 1755 uare
333 1721 485 1754 Christus
519 1727 571 1752 est
604 1729 725 1750 nornen
760 1717 860 1750 officii
895 1717 949 1750 vel
983 1717 1181 1748 divinitatis?

206 1734 288 1802 {uia
313 1775 458 1797 suminus
493 1764 652 1795 sacerdos
687 1769 757 1793 erat
791 1768 921 1794 unctus.
973 1760 1070 1798 Item,
1104 1761 1179 1802 quia

205 1809 278 1841 Rex
302 1815 370 1840 erat
395 1813 525 1839 unctus.
571 1805 784 1848 significatur
807 1805 916 1847 igitur,
946 1803 1034 1846 quod
1058 1802 1111 1834 hic
1130 1808 1179 1833 est

206 1851 262 1884 ille
285 1861 432 1883 summus
462 1850 639 1885 sacerdos3
673 1849 795 1879 missus
818 1858 838 1879 a
861 1846 936 1878 Deo
967 1852 999 1878 et
1020 1845 1091 1877 Rex
1114 1844 1179 1877 sal-

206 1904 290 1926 vans
314 1904 418 1935 genus
442 1893 628 1923 humanum.
684 1891 742 1922 Est
777 1900 925 1922 summus
949 1888 1120 1927 sacerdos,
1146 1888 1178 1919 id

207 1944 269 1975 est,
292 1927 452 1979 placator,
475 1935 616 1966 oil'erens
641 1933 838 1965 sacrificium
863 1943 923 1974 pro
941 1933 1050 1969 nobis,
1073 1938 1106 1962 et
1129 1937 1179 1962 est

206 1981 296 2018 Rex,
336 1979 523 2010 ‹lestluctor
563 1977 676 2008 mortis
711 1982 741 2007 et
776 1976 940 2016 potentiae
974 1972 1178 2006 Diabollcae.

208 2023 300 2055 Deus
324 2021 393 2055 vult
422 2021 561 2063 agnosci
596 2019 680 2050 lianc
710 2029 884 2060 personam
919 2025 1028 2049 natam
1053 2028 1092 2048 ex
1117 2017 1180 2048 vir-

208 2068 295 2109 gine,
319 2065 520 2102 cruciflxam.
544 2069 769 2105 resurgentem
793 2071 869 2093 csse
891 2059 1059 2092 Messinm.

295 2109 384 2140 Haec
404 2107 581 2151 cogitanda
610 2113 685 2137 sunt
716 2107 747 2137 in
771 2104 991 2141 invocatione,
1020 2110 1054 2134 ut
1077 2103 1179 2140 scias,
1204 2134 1208 2147 ἴ

208 2152 285 2195 quid
308 2153 457 2189 invoces,
499 2160 572 2181 uem
584 2148 703 2187 Deum,
727 2148 780 2179 ubi
804 2145 1016 2188 patefactum,
1041 2156 1081 2177 nn
1101 2144 1180 2176 allo·
1205 2153 1208 2168 ⁸

208 2195 320 2237 quaris
344 2205 462 2226 numen
500 2191 650 2233 ‘ompilii‚
679 2190 732 2222 vel
756 2191 838 2221 sicut
865 2188 960 2231 Sylla
989 2190 1019 2220 in
1043 2189 1182 2219 maxima
1205 2185 1208 2215 Ι

209 2249 319 2281 pugna
343 2248 415 2270 cum
443 2234 607 2268 Archelao
636 2235 668 2265 in
699 2234 859 2271 Boeotia,
894 2243 967 2263 cuin
1002 2230 1182 2273 periculum
1206 2233 1209 2303 N
1235 2233 1343 2274 Ouid
1390 2234 1466 2274 llOC
1519 2241 1595 2274 cst:
1644 2244 1678 2271 m
1698 2239 1900 2271 comederem
1915 2239 2063 2278 pascha?
2138 2232 2207 2272 An

209 2283 251 2313 ob
276 2279 393 2313 oculos
427 2281 568 2316 videret,
603 2277 714 2309 habuit
750 2278 790 2307 de
824 2274 911 2307 collo
944 2275 1182 2316 dependentem
1256 2267 1267 2283 “
1916 2309 1923 2317 .
2031 2309 2038 2316 .

210 2322 467 2366 imagunculam,
507 2327 649 2352 statuam
685 2318 866 2362 Apollinis3
908 2329 978 2350 eum
1012 2315 1182 2349 osculatus
1207 2316 1209 2368 ff
1235 2311 1494 2351 comederent
1544 2310 1788 2351 transitum?
1847 2309 1955 2360 Quid
2009 2309 2209 2364 Significat

210 2374 273 2405 est,
293 2374 322 2398 et
347 2366 516 2398 elam-‘niu
546 2365 570 2395 0
593 2366 720 2404 .-tpollo,
750 2373 790 2395 ne
812 2364 945 2394 arseras
969 2371 1026 2397 ηευ,
1050 2361 1132 2401 quia,
1155 2363 1185 2391 εἰ
1208 2384 1209 2391 ,
1481 2389 1487 2395 ,
1552 2389 1559 2396 ,

211 2421 260 2442 me
282 2412 476 2445 deseremrc‘s,
500 2409 646 2439 abiiciztm
671 2411 717 2446 te,
746 2411 779 2438 e!
794 2407 879 2437 nulla
905 2406 1025 2436 honore
1049 2405 1183 2444 posthac
1208 2413 1210 2421 >
1479 2403 1518 2428 ln
1551 2396 1626 2428 isto
1659 2388 1745 2428 loco
1777 2387 1960 2428 Pascha?

210 2454 362 2494 assiriam.
407 2451 506 2483 'rates
543 2450 671 2483 furores
705 2455 799 2480 crunt
833 2448 1056 2479 Etlinicorum.
1113 2445 1209 2477 Fuiti

211 2495 293 2528 alias
317 2495 528 2530 iinviissimus
553 2501 582 2525 ct
608 2491 879 2525 crudelissimus,
911 2497 1018 2521 tamen
1046 2489 1077 2520 in
1101 2489 1183 2529 peri-
1207 2487 1210 2499 ⁹
1321 2486 1530 2520 Vocabulum
1560 2489 1684 2529 pascha
1707 2487 1797 2518 varic
1831 2492 1880 2518 cst
1906 2492 2114 2528 usurpatum:
2149 2485 2209 2517 sed

211 2537 286 2571 culo
311 2538 411 2569 voluit
448 2548 524 2569 esse
554 2537 693 2568 maxime
717 2536 800 2578 pius.
847 2535 874 2563 (1
923 2540 984 2565 rtet
1009 2543 1070 2563 nos
1095 2532 1183 2574 engi-
1208 2541 1210 2570 y
1236 2530 1289 2563 liic
1312 2532 1474 2572 signifieat
1499 2542 1631 2573 agnum.
1670 2532 1707 2562 I't
1722 2531 1920 2562 cmucdcrcm
1938 2528 2069 2570 pascha,
2091 2527 2122 2559 itl
2145 2534 2209 2567 est,

211 2588 299 2620 tare,
340 2581 415 2623 quid
457 2579 673 2622 alloquantur.
737 2579 804 2610 Nos
840 2576 1036 2618 nloquimur
1071 2585 1182 2606 verum
1237 2585 1356 2616 agnum
1391 2581 1550 2606 nssntuin.
1607 2572 1710 2605 l‘nulo
1744 2580 1840 2615 post,
1882 2573 1935 2604 nbi
1970 2569 2103 2604 dicitur:
2138 2570 2210 2603 dies

212 2624 330 2663 Deum,
356 2625 408 2666 qui
428 2630 477 2655 est
512 2630 667 2655 aeternus
700 2628 794 2664 puter
817 2619 948 2653 Domini
982 2619 1086 2650 nostri
1110 2617 1183 2650 lesu
1239 2618 1407 2658 παρασκευή
1423 2619 1582 2659 pascham·
1611 2614 1740 2649 Pascha
1764 2615 1929 2658 significat
1959 2622 2097 2656 tempus.
2143 2613 2210 2645 Oh-

1498 1950 1632 2000 Quarc
1664 1951 1740 1990 hoc
1773 1949 1941 1990 dicitur?

1319 2042 1404 2077 Quia
1427 2041 1594 2073 Christum
1617 2047 1747 2083 oportet
1770 2050 1848 2073 esse
1871 2051 1911 2072 ex
1934 2038 2048 2079 lsrael,
2067 2027 2141 2072 ¹uon
2164 2050 2205 2073 ex

1233 2086 1406 2127 peregrina
1429 2092 1536 2126 gente
