2324 2958
77 194 138 227 221
175 233 180 236 ,
766 189 985 223 ΡοεΤιιιΑ
1007 171 1409 222 ΜΕιΑΝΤΗοΝιΑῑηΑ.
2022 190 2086 222 222

1110 283 1168 314 bet
1190 282 1273 314 tueri
1295 288 1328 313 et
1350 282 1466 313 fovere
1490 292 1694 314 communem
1719 283 2013 322 consociationem,
2043 284 2086 315 ad

82 291 168 322 vina.
211 286 306 323 Quod
329 296 404 318 cum
428 285 481 324 fit,
511 294 591 321 vere
621 283 695 316 talis
718 291 784 322 est,
814 290 850 314 ut
879 284 997 315 dicitur
1025 283 1058 314 in

1109 325 1198 357 hunc
1221 325 1331 363 finem,
1353 330 1388 356 ut
1410 331 1542 368 tegatur
1564 324 1729 364 Ecclesia,
1752 332 1783 358 et
1805 325 1968 358 foveatur.

84 331 231 364 Psalmo:
263 328 332 369 Eyo
365 329 438 359 dixi
468 337 526 359 tos
554 327 616 358 1)ίί
647 328 734 358 estis.
782 326 872 357 Nero
906 337 972 356 non
1006 331 1058 356 cst

85 373 259 410 Melchier‚
285 372 319 402 id
342 376 411 409 est,
438 370 510 401 Rex
532 369 668 401 illustris
692 370 829 407 virtute,
859 379 920 400 seu
942 367 1058 400 illumi-

85 422 179 449 natus
200 414 275 446 luce
297 414 418 451 divina,
440 413 500 444 sed
525 411 641 444 cloaca
664 410 808 443 Diaboli.

168 457 286 489 Postea
311 456 376 487 duo
399 461 478 487 sunt
501 454 613 486 officia
638 465 766 486 summa
794 455 827 484 in
857 453 944 484 omni
972 452 1057 484 aula.
1633 489 1641 496 ·

86 501 182 534 Curia
203 499 262 532 ‘Die
283 499 428 539 §nimi-let>
453 500 519 530 obet·
536 498 722 534 {libatftnbeir
747 497 779 527 id
803 502 865 536 est,
888 496 1058 527 senatoria
1353 488 1473 530 Unde
1506 495 1691 528 venerlnt
1721 490 1842 544 L'lagi.

84 542 295 588 gubernatio,
329 549 362 572 et
391 539 512 572 militia.
559 540 594 571 ln
624 538 830 572 Cancellaria
860 539 1058 576 conduntur,

106 590 319 626 roponuntur,
343 590 558 621 enarrantur,
580 593 622 614 ac
643 583 825 614 retinentur
848 581 952 623 leges.
998 580 1058 611 Mi-

81 597 148 660 litia
169 627 272 659 servit
295 625 496 658 defensioni:
531 625 617 661 Quia
639 626 701 656 etsi
720 624 813 656 Deus
836 631 932 655 autor
954 623 1058 665 Impe-

79 671 218 712 riorum,
241 670 313 710 ipse
336 669 483 701 defendit
505 667 576 706 illa,
599 674 709 700 tamen
733 666 802 698 vult
825 677 884 708 per
908 667 1057 697 homines

80 718 235 754 tanquam
263 722 324 752 per
352 712 460 743 media
488 721 600 753 agere.
646 712 697 741 Ac
720 716 809 741 recte
832 711 864 741 in
887 710 1057 750 prooemio

80 755 316 786 Institutionum
341 755 476 786 dicitur:
502 754 757 795 Imperatoriam
776 754 977 784 rnaz‘estatem
995 761 1059 783 uon

79 799 180 830 solum
202 798 322 838 Ieyibus
344 801 521 835 armatam,
544 797 602 828 sed
625 797 722 828 etiam
741 797 846 827 armis
868 796 1058 826 ‹iecor-atam

80 850 148 872 esse
168 844 306 881 oportet.
351 839 393 871 Et
415 841 464 870 sic
486 840 518 870 in
541 849 642 870 versu
666 839 799 870 Homeri
827 838 963 876 dicitur,
992 848 1057 879 quo

82 893 179 915 versu
199 881 393 914 Alexander
413 882 557 924 Magnus
580 881 676 913 valde
700 881 886 913 delectatus
910 886 976 912 est:

1196 578 1411 622 Evangelista
1441 579 1536 617 dicit,
1566 579 1685 620 Magos
1714 581 1847 612 venisse
1876 583 1917 612 ab
1941 582 2085 614 Oriente.

1110 621 1220 664 Aliqui
1245 623 1357 654 dicunt
1380 632 1419 653 ex
1443 622 1533 654 Saba
1553 632 1611 653 eos
1634 623 1784 659 venisse,
1816 630 1953 664 propter
1977 626 2087 656 vatici-

1110 668 1196 697 nium
1220 666 1339 697 Esaiae
1360 665 1414 696 60.
1458 667 1508 697 De
1530 665 1614 696 Saba
1642 669 1788 703 venient,
1816 677 1927 698 aarum
1957 673 1990 699 ec
2014 669 2087 699 ellus

1109 710 1302 749 deferentes.
1347 708 1389 739 Et
1419 707 1511 739 Psal.
1541 708 1592 738 7-2.
1638 708 1746 748 Reqes
1775 710 1911 740 Arabum
1938 715 1971 742 et
2001 711 2087 742 Saba

1108 753 1194 783 <Imm
1214 753 1383 783 adducent.
1428 751 1493 783 Sed
1515 752 1587 782 sive
1609 762 1649 782 ex
1669 753 1796 783 Sabaea
1820 753 1992 791 venerint,
2015 753 2087 784 sive

1110 804 1151 825 ex
1175 795 1284 826 vicina
1297 794 1424 832 Persia,
1447 800 1482 826 ut
1495 804 1564 835 ego
1578 795 1740 833 existimo,
1764 806 1829 826 non
1843 794 1976 827 multum
1990 796 2087 826 inter-

1110 843 1178 875 est,
1208 839 1285 878 quia
1307 836 1442 867 Persiae
1465 838 1612 877 proxima
1644 836 1701 868 fuit
1726 838 1874 876 Sabaea,
1905 844 1935 869 et
1965 838 2087 870 Sabaei

1110 886 1187 911 sunt
1210 880 1354 911 Arabiae
1378 878 1497 910 Felicis
1521 879 1651 920 populi,
1684 890 1768 921 quae
1791 879 1876 912 velut
1899 880 2087 912 Chersone-

1109 933 1169 964 sus
1192 928 1243 954 est
1272 924 1356 953 inter
1387 922 1470 953 duos
1501 926 1611 960 sinus,
1645 923 1823 954 Arabicum
1851 930 1882 955 et,
1906 924 2086 955 Persicum.

1110 963 1321 996 Ptolomaeus
1351 964 1474 995 Sabain
1505 964 1705 1006 Metropolin
1737 965 1879 997 collocat·
1912 967 1942 997 in
1963 967 2088 998 Arabia

1081 1025 1086 1052 ι
1109 1007 1211 1039 Felici
1234 1009 1275 1039 ad
1300 1008 1440 1050 gradum
1464 1006 1676 1049 longitudinis
1701 1008 1765 1047 76„
1788 1007 1966 1040 latitudinis
1993 1009 2043 1040 13.

162 1053 292 1084 Nomen
315 1053 455 1094 βασιλειὶς
477 1054 582 1094 magis
605 1054 647 1083 ad
671 1053 764 1093 pacis
787 1058 935 1092 tempora
959 1052 1057 1092 perti·
1081 1053 1086 1100 i
1195 1050 1230 1081 ln
1255 1050 1370 1082 Persia
1388 1049 1584 1091 Metropolis
1608 1050 1668 1081 snit
1692 1052 1790 1089 Susa,
1813 1053 1868 1083 ubi
1884 1051 2005 1083 Daniel
2028 1051 2088 1083 suit

78 1102 150 1134 net,
181 1106 279 1137 quam
308 1097 349 1127 ad
375 1095 507 1127 bellum.
551 1093 636 1126 Belli
661 1096 778 1126 ducem
802 1100 934 1126 veteres
957 1095 1057 1125 nomi-
1081 1111 1085 1128 ς
1108 1092 1309 1135 praefectus·
1354 1093 1461 1124 Habet
1484 1104 1602 1124 nomcn
1623 1094 1693 1124 sive
1715 1105 1734 1125 a
1758 1105 1847 1132 rosa,
1870 1095 1940 1125 sive
1964 1106 1984 1125 a
2007 1093 2088 1133 lilio,

77 1145 196 1170 narunt
220 1139 391 1181 στρατηγόν.
436 1139 648 1169 Grammatici
672 1138 837 1168 deducunt
861 1147 981 1168 nomen
1003 1139 1056 1176 βα·
1109 1136 1185 1177 quia
1206 1137 1251 1167 ibi
1270 1136 1331 1167 suit.
1353 1146 1475 1178 magna
1498 1137 1691 1167 amoenitas.
1716 1137 1872 1168 Historici
1896 1138 2088 1169 nominatim

77 1180 174 1217 σῡλεῦς
197 1180 258 1212 ἀπὸ
281 1183 329 1212 ταῦ
350 1182 482 1222 βιβάζειν
503 1180 554 1211 τόν
580 1181 661 1211 λαόν.
708 1181 797 1212 &incr
825 1181 874 1212 bet
901 1183 957 1212 ΜΘ
987 1180 1058 1211 bold
1108 1179 1232 1217 dicunt,
1256 1178 1366 1221 Reges
1390 1178 1568 1210 Persarum
1596 1180 1641 1210 ita
1676 1180 1885 1211 ‹ii-<nituisse
1910 1179 2023 1219 anias,
2054 1187 2089 1212 ut

78 1226 190 1260 otbnct,
220 1225 275 1266 qui
299 1223 456 1265 populum
479 1224 625 1257 ordinat,
658 1222 817 1260 collocat,
848 1222 956 1253 firmat
978 1221 1058 1264 legi·
1081 1250 1084 1266 Ι
1109 1220 1184 1252 aliis
1207 1228 1307 1263 atque
1336 1220 1410 1253 aliis
1439 1221 1525 1253 locis
1556 1229 1670 1253 essent
1701 1223 1841 1253 diversis
1872 1224 2086 1263 tennioribus¹

79 1268 141 1298 bus
165 1273 197 1297 et
221 1267 360 1298 iudiciis.
408 1266 463 1297 Sic
493 1267 592 1307 igitar
621 1266 804 1297 secundum
827 1264 959 1296 Homeri
983 1275 1057 1296 ver—
1081 1268 1084 1280 ¹
1107 1264 1201 1295 Initio
1225 1265 1366 1296 aestatis
1389 1271 1525 1306 propter
1548 1266 1777 1296 amoenitatem
1814 1272 1902 1296 erant
1935 1268 1965 1296 in
1991 1266 2087 1297 Susis

77 1320 150 1341 sum
174 1309 334 1350 Princeps
357 1310 453 1341 debet
485 1311 621 1349 primum
650 1318 727 1340 csse
757 1309 864 1339 bonus
892 1309 1057 1348 guberna·
1076 1294 1085 1330 J
1107 1307 1149 1338 ad
1173 1318 1301 1339 amnem
1316 1307 1477 1338 Eulaeum
1494 1307 1754 1345 celeberrimum,
1778 1309 1872 1340 cuius
1891 1309 2088 1340 mentionem

79 1361 131 1383 tor
158 1352 190 1383 in
218 1362 318 1393 pace,
353 1358 386 1383 et
413 1352 512 1383 iudex
539 1353 655 1383 iustus.
701 1351 824 1382 Postea
853 1351 950 1382 debet
978 1360 1056 1382 esse
1106 1350 1184 1381 iacit
1212 1349 1344 1382 Daniel.
1400 1350 1590 1393 Longitudo
1619 1350 1728 1382 Susae
1757 1359 1808 1382 est
1837 1352 1998 1393 graduum
2033 1362 2088 1383 oc-

78 1394 240 1434 αἰχμητής,
274 1393 432 1432 bellator,
462 1394 590 1425 hastam
614 1403 751 1435 gerens,
778 1393 844 1424 hoc
867 1399 936 1431 est,
967 1392 1055 1431 talis,
1107 1393 1254 1435 tuaginta
1279 1399 1432 1435 quatuor,
1456 1393 1612 1425 Latitudo
1647 1393 1700 1425 34.
1746 1393 1842 1426 Unde
1866 1395 2022 1426 distantia
2045 1395 2086 1426 ab

77 1438 132 1478 qui
153 1437 262 1477 possit
283 1446 360 1468 esse
383 1436 524 1478 clypeus
547 1435 675 1477 populi:
711 1436 778 1467 Sed
800 1436 902 1467 redeo
931 1437 974 1467 ad
998 1446 1056 1467 no·
1080 1445 1084 1496 i
1109 1435 1343 1477 Hierosolyma
1367 1434 1466 1467 facile
1486 1435 1598 1477 colligi
1632 1442 1762 1478 potest,
1793 1438 1887 1469 cuius
1916 1436 2087 1480 longitudo

77 1480 164 1510 mina
187 1478 371 1520 Magorum.
1080 1497 1084 1521 1
1107 1477 1166 1509 suit
1188 1478 1231 1509 66
1255 1479 1430 1520 graduum:
1454 1478 1611 1510 Latitudo
1640 1480 1773 1521 triginta
1802 1480 1916 1519 unius,
1945 1486 1977 1512 et
2000 1481 2089 1511 dimi-

163 1520 323 1553 Existimo
344 1521 503 1562 Casparis
526 1521 658 1552 nomine
680 1521 862 1561 significari
882 1519 1056 1552 Cancella-
1080 1523 1084 1549 1
1108 1521 1162 1552 dii.
1216 1520 1443 1562 Undecunque
1473 1532 1554 1563 ergo
1584 1521 1725 1563 profecti
1766 1521 1917 1560 suerunt,
1946 1523 2018 1554 sive
2048 1533 2089 1554 ex

77 1564 178 1601 rium,
212 1563 423 1594 Balthasaris
454 1562 679 1604 appellatione
708 1561 961 1602 Marschallum,
996 1573 1056 1596 seu
1108 1564 1210 1601 Saba,
1239 1565 1312 1595 sive
1331 1574 1371 1594 ex
1386 1564 1489 1602 Susa,
1520 1575 1587 1595 non
1610 1565 1785 1605 pauciora,
1816 1576 1913 1606 quam
1931 1565 1995 1597 ‘200
2018 1565 2088 1597 mil-

76 1606 267 1646 magistrum
304 1606 466 1646 equitum,
500 1616 560 1637 seu
591 1606 805 1646 Capitaneum
839 1605 927 1636 belli.
973 1605 1056 1637 Tota
1105 1604 1218 1644 liaria,
1251 1605 1459 1638 conficienda
1487 1607 1534 1638 eis
1564 1605 1718 1646 suerunt,
1746 1607 2010 1650 Hierosolymam
2035 1619 2089 1641 us-

75 1654 184 1679 autem
214 1649 412 1690 gubernatio
447 1649 546 1679 debet
579 1649 734 1679 adiuncta
767 1657 843 1679 esse
870 1647 1055 1686 Ecclesiae,
1106 1659 1180 1691 que.

75 1691 202 1721 servire
221 1689 350 1732 gloriae
369 1689 443 1728 Dei,
466 1696 499 1721 et
523 1690 720 1722 benefacere
738 1691 800 1732 piis
820 1692 975 1722 membris
994 1691 1055 1723 Ec·
1191 1690 1265 1734 Ego
1293 1697 1372 1733 puto
1397 1702 1436 1723 ex
1460 1691 1577 1723 Persia
1605 1702 1666 1724 eos
1688 1693 1833 1732 venisse,
1857 1700 1890 1724 et
1911 1692 2016 1725 fuisse
2038 1704 2088 1725 re-

76 1731 208 1765 clesiae.
253 1732 326 1765 Rex
350 1732 527 1765 Melchior:
552 1731 781 1764 Cancellarius
805 1732 950 1774 Caspai-z
993 1733 1055 1765 Ca·
1077 1713 1082 1772 i
1104 1733 1223 1776 liquias
1247 1744 1287 1765 ex
1309 1733 1428 1766 schola
1441 1734 1591 1766 Danielis
1613 1736 1645 1766 in
1659 1735 1766 1774 Susis,
1790 1736 1845 1767 ubi
1863 1736 1984 1768 Daniel
2004 1736 2087 1768 mul-

75 1776 196 1818 pitanei
214 1775 445 1814 Baithasares,
469 1776 591 1807 debent
613 1777 738 1807 servire
758 1774 902 1813 Christo,
928 1783 1053 1818 tegere,
1076 1775 1082 1842 Ι
1106 1783 1158 1808 tos
1181 1777 1304 1808 docuit.
1328 1776 1437 1808 Credo
1452 1776 1570 1819 Magos
1595 1780 1678 1809 istos
1702 1779 1878 1810 retinuisse
1902 1780 2087 1811 doctrinam

74 1820 205 1858 iuvare,
234 1817 350 1850 fovere
377 1817 576 1850 Ecclesiam.
622 1818 687 1850 lste
717 1825 768 1850 est
798 1828 946 1850 summus
979 1820 1053 1850 finis
1105 1818 1320 1858 Danielis-,ret
1345 1821 1432 1851 sicut
1455 1826 1575 1851 norant
1598 1831 1712 1852 verum
1736 1821 1855 1859 Deum,
1880 1829 1913 1854 et
1937 1823 2088 1854 sciebant

20 1869 32 1879 “
74 1861 278 1904 regiminum.
322 1861 400 1893 ldeo
423 1861 543 1893 Esaias
566 1863 626 1892 ait:
662 1862 766 1903 Reges
795 1866 890 1892 erunt
916 1863 1053 1893 nutrito·
1105 1862 1262 1894 Messiam
1296 1870 1470 1894 venturum
1499 1873 1574 1895 esse
1603 1865 1636 1894 in
1678 1863 1799 1905 populo
1835 1865 1985 1897 ludaico:
2031 1865 2088 1897 Sic

28 1936 35 1940 ,
72 1914 128 1936 res
149 1906 207 1943 tui,
230 1905 262 1935 id
287 1911 349 1942 est,
372 1905 578 1946 praebebunt
600 1905 759 1946 hospitia,
781 1905 922 1942 victum,
945 1904 1053 1937 desen-
1105 1906 1248 1937 scivisse
1282 1906 1378 1937 etiam
1413 1905 1536 1947 aliquid
1571 1907 1613 1938 de
1648 1913 1815 1947 tempore,
1853 1909 1941 1949 quod
1966 1907 2087 1939 Daniel

72 1948 199 1979 sionem
221 1946 406 1979 Ecclesiae.
451 1947 492 1978 Et
516 1948 659 1988 Reffl‘nne
681 1951 774 1979 erum
796 1949 955 1985 nutrices,
986 1948 1051 1979 hoc
1105 1949 1292 1987 constituit,
1317 1959 1390 1979 cum
1410 1950 1557 1980 nominat
1586 1949 1628 1980 70
1657 1950 1882 1982 hebdomadas
1911 1962 2085 1989 annorum,

72 1995 135 2028 est,
158 1989 392 2032 Respublicae,
415 1991 528 2028 urbeS,
551 1992 714 2029 civitates,
736 1989 887 2023 Politiae.
1077 1990 1081 2053 l
1105 1992 1138 2022 id
1160 1997 1226 2027 est,
1255 2002 1362 2022 annos
1391 1991 1465 2022 490.
1496 2003 1515 2023 a
1545 1993 1737 2024 reductione
1766 1992 1896 2034 populi,
1936 2004 1997 2026 seu
2031 2004 2086 2026 ex-

158 2033 251 2065 Haec
273 2039 349 2064 sunt
371 2031 520 2074 puerilia,
546 2040 580 2064 et
601 2040 710 2065 tamen
735 2034 834 2075 digna
858 2034 1051 2065 considera·
1073 2055 1081 2318 ¹
1105 2035 1265 2066 tructione
1288 2033 1401 2075 templi
1425 2044 1531 2076 usque
1553 2037 1594 2067 ad
1618 2037 1807 2077 passionem
1832 2036 1965 2068 sinisti.
2010 2036 2084 2067 Non

141 942 310 983 ἀμφότερον
331 941 468 983 βασιλεῦς
490 940 619 981 ἀγαυός,
643 941 782 983 κρατερός
803 940 827 971 1'
840 940 991 980 αἰχμῇ-της.

144 984 224 1015 Erat
246 989 419 1025 utriunque.
450 995 507 1014 rea:
530 984 641 1018 (totam,
674 988 702 1014 ct
727 985 824 1022 sortis
851 984 991 1013 bellator.

71 2076 172 2114 tione,
195 2075 237 2107 Et
260 2084 400 2118 possunt
421 2077 664 2108 accommodari
683 2078 724 2108 ad
744 2077 898 2108 materias
918 2087 1052 2119 grave-5,
1105 2078 1217 2109 dubito
1241 2077 1345 2109 fuisse
1367 2077 1488 2119 Magos
1512 2078 1607 2116 istos,
1633 2078 1783 2109 homines
1806 2086 1954 2119 sanctos,
1977 2086 2085 2111 custo-

71 2125 105 2150 et
137 2118 278 2150 maxime
312 2120 534 2150 necessarias.
585 2119 647 2155 Qui
680 2119 852 2151 accessuri
885 2126 963 2151 sunt
995 2118 1051 2150 ali-
1105 2120 1165 2152 des
1199 2120 1370 2152 doctrinae
1401 2120 1569 2159 Danielis,
1591 2121 1787 2161 ‚Praeterea
1822 2123 1919 2153 ctiam
1955 2123 2085 2160 doctos,

72 2162 203 2203 quando
231 2162 273 2192 ad
304 2163 591 2204 gubernationem,
626 2163 747 2194 debent
776 2163 860 2193 haec
891 2163 1051 2204 cogitare,
1103 2164 1158 2205 qui
1181 2164 1397 2205 inspexerunt
1426 2162 1575 2202 coelum,
1606 2170 1638 2196 et
1661 2171 1837 2206 potuerunt
1864 2166 2010 2197 iudicare
2043 2166 2085 2196 de

72 2205 148 2246 quia
169 2203 263 2235 Deus
287 2206 433 2246 graviter
454 2204 546 2245 punit
569 2204 751 2247 Principes,
777 2211 807 2237 et
826 2204 1050 2247 Respublicas
1103 2204 1219 2238 stellis.

71 2245 278 2290 negligentes
302 2246 498 2278 Ecclesiam.

158 2291 256 2330 Apud
279 2289 494 2321 Aristotelem
520 2296 572 2321 est
595 2291 682 2321 bona
705 2291 849 2322 definitio
873 2290 1049 2333 Magistra-

71 2339 141 2370 tus,
177 2334 238 2364 etsi
273 2334 384 2364 brevis
419 2339 484 2365 est:
520 2332 623 2374 ἅρχων
651 2337 714 2364 ἐστὶ
741 2334 842 2374 φύλαξ
870 2336 921 2364 τοῦ
949 2335 1048 2373 νόμον.

70 2375 294 2416 Mayt'slratus
316 2380 363 2407 est
387 2380 493 2407 custos
516 2377 607 2417 Iegis,
629 2375 690 2407 Est
712 2376 821 2418 imago
844 2377 907 2408 Dei
930 2378 961 2407 in
986 2385 1048 2408 ter-

71 2418 127 2449 ris.
173 2418 243 2450 Lex
274 2419 359 2449 enim
389 2425 441 2449 est
469 2419 631 2460 sapientia
661 2418 741 2456 Dei,
776 2426 807 2450 et
834 2420 1048 2461 magistratus

71 2467 123 2492 est
145 2462 221 2492 viva
244 2472 310 2492 vox
333 2461 434 2503 legis,
464 2472 560 2503 quam
588 2462 686 2493 debet
715 2472 836 2494 sonare
865 2463 897 2493 in
925 2473 1049 2504 genere

71 2502 233 2541 humano,
261 2510 294 2535 et
322 2505 452 2545 exequi.
499 2504 531 2534 ld
558 2514 636 2535 vcro
666 2514 727 2536 nos
755 2505 787 2535 in
811 2504 966 2536 Ecclesia
994 2515 1048 2537 ac·

71 2546 284 2577 commodare
311 2547 470 2577 debemus
501 2548 540 2577 :nl
570 2548 704 2587 pzimam
736 2553 769 2578 et
796 2548 975 2579 secundam
1002 2555 1048 2579 ta-

70 2587 181 2619 bulam
201 2587 377 2624 Decalogi.
419 2589 636 2631 Magistratus
661 2590 757 2621 debet
783 2600 911 2628 curare,
933 2597 969 2622 ut
990 2590 1049 2621 ho-

70 2631 174 2662 mines
199 2637 290 2663 recte
313 2632 495 2664 doceantur
524 2632 564 2663 de
587 2631 673 2663 Deo.
717 2630 841 2664 Postea
869 2634 965 2664 etiam
994 2634 1049 2665 de-

1313 2329 1376 2368 De
1408 2328 1530 2370 Stella
1561 2330 1675 2370 Duce
1708 2330 1932 2384 Magorum.

1189 2419 1262 2451 Non
1298 2421 1443 2462 cogitate
1479 2426 1602 2452 tantam
1646 2420 1810 2451 inscitiam
1851 2419 1928 2452 olim
1965 2419 2081 2460 fuisse,

1102 2469 1137 2494 ut
1169 2463 1234 2494 hoc
1271 2470 1430 2505 tempore.
1485 2462 1757 2504 Quotusquisque
1789 2473 1877 2494 nnnc
1912 2470 1986 2503 est,
2026 2467 2081 2507 qui

1102 2506 1206 2543 sciat,
1231 2516 1317 2548 quac
1341 2505 1440 2537 stella
1464 2506 1507 2536 sit
1531 2516 1634 2543 nova,
1658 2512 1714 2536 aut
1737 2515 1804 2537 non
1827 2516 1926 2544 nova,
1951 2513 1983 2538 et
2002 2519 2081 2549 quo-

1102 2549 1200 2579 modo
1228 2559 1295 2580 una
1324 2548 1420 2580 stella
1448 2550 1491 2579 ab
1522 2547 1586 2578 alia
1614 2548 1847 2591 distinguenda
1875 2549 1944 2582 sit?
1990 2550 2080 2593 Magi

1101 2592 1155 2622 isti
1179 2590 1427 2629 intellexerunt,
1450 2601 1490 2622 ex
1513 2589 1606 2629 loco,
1631 2601 1696 2622 non
1720 2601 1798 2623 esse
1821 2591 1951 2624 stellam
1974 2591 2081 2625 firma-

1101 2635 1214 2674 menti,
1235 2644 1343 2677 neque
1366 2633 1548 2672 Planetam‚
1572 2633 1648 2676 quia
1660 2635 1850 2676 superiores
1870 2634 1946 2668 illae
1963 2634 2080 2668 stellae
