<?xml version="1.0" encoding="UTF-8"?>
<!DOCTYPE html PUBLIC "-//W3C//DTD XHTML 1.0 Transitional//EN"
    "http://www.w3.org/TR/xhtml1/DTD/xhtml1-transitional.dtd">
<html xmlns="http://www.w3.org/1999/xhtml" xml:lang="en" lang="en">
 <head>
  <title>
</title>
<meta http-equiv="Content-Type" content="text/html;charset=utf-8" />
  <meta name='ocr-system' content='tesseract 3.04.00' />
  <meta name='ocr-capabilities' content='ocr_page ocr_carea ocr_par ocr_line ocrx_word'/>
</head>
<body>
  <div class='ocr_page' id='page_1' title='image "./operaquaesupersu24melauoft/operaquaesupersu24melauoft_0089.png"; bbox 0 0 2324 2958; ppageno 0'>
   <div class='ocr_carea' id='block_1_1' title="bbox 72 149 134 181">
    <p class='ocr_par' dir='ltr' id='par_1_1' title="bbox 72 149 134 181">
     <span class='ocr_line' id='line_1_1' title="bbox 72 149 134 181; baseline -0.016 0"><span class='ocrx_word' id='word_1_1' title='bbox 72 149 134 181; x_wconf 76' lang='lat'>125</span> 
     </span>
    </p>
   </div>
   <div class='ocr_carea' id='block_1_2' title="bbox 66 236 1047 2628">
    <p class='ocr_par' dir='ltr' id='par_1_2' title="bbox 70 236 1045 708">
     <span class='ocr_line' id='line_1_2' title="bbox 70 236 1043 283; baseline -0.008 -8"><span class='ocrx_word' id='word_1_2' title='bbox 70 242 177 275; x_wconf 84' lang='lat' dir='ltr'>forma</span> <span class='ocrx_word' id='word_1_3' title='bbox 199 240 364 283; x_wconf 86' lang='lat' dir='ltr'>praeditos</span> <span class='ocrx_word' id='word_1_4' title='bbox 389 238 507 280; x_wconf 79' lang='lat' dir='ltr'>aspicit</span> <span class='ocrx_word' id='word_1_5' title='bbox 534 236 620 269; x_wconf 84' lang='lat' dir='ltr'>filius</span> <span class='ocrx_word' id='word_1_6' title='bbox 645 236 726 275; x_wconf 89' lang='lat' dir='ltr'>Dei,</span> <span class='ocrx_word' id='word_1_7' title='bbox 754 244 786 268; x_wconf 86' lang='lat' dir='ltr'>et</span> <span class='ocrx_word' id='word_1_8' title='bbox 814 236 943 278; x_wconf 85' lang='lat' dir='ltr'>quidem</span> <span class='ocrx_word' id='word_1_9' title='bbox 972 237 1043 278; x_wconf 89' lang='lat' dir='ltr'>ipse</span> 
     </span>
     <span class='ocr_line' id='line_1_3' title="bbox 71 278 1043 322; baseline -0.008 -5"><span class='ocrx_word' id='word_1_10' title='bbox 71 285 209 318; x_wconf 82' lang='lat' dir='ltr'>assumit</span> <span class='ocrx_word' id='word_1_11' title='bbox 233 289 322 314; x_wconf 91' lang='lat' dir='ltr'>certo</span> <span class='ocrx_word' id='word_1_12' title='bbox 345 288 493 322; x_wconf 88' lang='lat' dir='ltr'>tempore</span> <span class='ocrx_word' id='word_1_13' title='bbox 515 279 654 312; x_wconf 84' lang='lat' dir='ltr'>formam</span> <span class='ocrx_word' id='word_1_14' title='bbox 677 278 816 310; x_wconf 76' lang='lat' dir='ltr'>similem</span> <span class='ocrx_word' id='word_1_15' title='bbox 838 285 987 317; x_wconf 87' lang='lat' dir='ltr'>nostrae,</span> <span class='ocrx_word' id='word_1_16' title='bbox 1011 279 1043 310; x_wconf 89' lang='lat' dir='ltr'>id</span> 
     </span>
     <span class='ocr_line' id='line_1_4' title="bbox 73 320 1043 367; baseline -0.01 -7"><span class='ocrx_word' id='word_1_17' title='bbox 73 334 136 367; x_wconf 89' lang='lat' dir='ltr'>est,</span> <span class='ocrx_word' id='word_1_18' title='bbox 159 327 297 359; x_wconf 86' lang='lat' dir='ltr'>animam</span> <span class='ocrx_word' id='word_1_19' title='bbox 316 330 349 356; x_wconf 83' lang='lat' dir='ltr'>et</span> <span class='ocrx_word' id='word_1_20' title='bbox 367 334 488 364; x_wconf 77' lang='lat' dir='ltr'>corpus</span> <span class='ocrx_word' id='word_1_21' title='bbox 508 323 683 355; x_wconf 87' lang='lat' dir='ltr'>humanum</span> <span class='ocrx_word' id='word_1_22' title='bbox 702 321 820 364; x_wconf 82' lang='lat' dir='ltr'>fragile</span> <span class='ocrx_word' id='word_1_23' title='bbox 839 328 871 353; x_wconf 86' lang='lat' dir='ltr'>et</span> <span class='ocrx_word' id='word_1_24' title='bbox 890 320 1043 353; x_wconf 81' lang='lat' dir='ltr'>mortale:</span> 
     </span>
     <span class='ocr_line' id='line_1_5' title="bbox 72 367 1044 413; baseline -0.008 -11"><span class='ocrx_word' id='word_1_25' title='bbox 72 377 105 404; x_wconf 83' lang='lat' dir='ltr'>ct</span> <span class='ocrx_word' id='word_1_26' title='bbox 127 379 312 413; x_wconf 80' lang='lat' dir='ltr'>quanquam</span> <span class='ocrx_word' id='word_1_27' title='bbox 333 368 406 408; x_wconf 88' lang='lat' dir='ltr'>ipse</span> <span class='ocrx_word' id='word_1_28' title='bbox 428 373 480 398; x_wconf 81' lang='lat' dir='ltr'>est</span> <span class='ocrx_word' id='word_1_29' title='bbox 501 367 574 397; x_wconf 86' lang='lat' dir='ltr'>sine</span> <span class='ocrx_word' id='word_1_30' title='bbox 596 371 752 407; x_wconf 86' lang='lat' dir='ltr'>peccato,</span> <span class='ocrx_word' id='word_1_31' title='bbox 782 370 891 395; x_wconf 87' lang='lat' dir='ltr'>tamen</span> <span class='ocrx_word' id='word_1_32' title='bbox 918 374 1044 404; x_wconf 81' lang='lat' dir='ltr'>poenas</span> 
     </span>
     <span class='ocr_line' id='line_1_6' title="bbox 72 405 1044 452; baseline -0.009 -6"><span class='ocrx_word' id='word_1_33' title='bbox 72 419 260 446; x_wconf 87' lang='lat' dir='ltr'>nostrorum</span> <span class='ocrx_word' id='word_1_34' title='bbox 282 415 492 452; x_wconf 81' lang='lat' dir='ltr'>peccatorum</span> <span class='ocrx_word' id='word_1_35' title='bbox 515 409 620 446; x_wconf 87' lang='lat' dir='ltr'>subit,</span> <span class='ocrx_word' id='word_1_36' title='bbox 643 414 675 439; x_wconf 86' lang='lat' dir='ltr'>et</span> <span class='ocrx_word' id='word_1_37' title='bbox 697 408 838 438; x_wconf 85' lang='lat' dir='ltr'>sustinet</span> <span class='ocrx_word' id='word_1_38' title='bbox 861 405 1044 438; x_wconf 83' lang='lat' dir='ltr'>ineffabiles</span> 
     </span>
     <span class='ocr_line' id='line_1_7' title="bbox 73 448 1043 496; baseline -0.009 -8"><span class='ocrx_word' id='word_1_39' title='bbox 73 455 206 489; x_wconf 89' lang='lat' dir='ltr'>dolores</span> <span class='ocrx_word' id='word_1_40' title='bbox 235 464 295 496; x_wconf 88' lang='lat' dir='ltr'>pro</span> <span class='ocrx_word' id='word_1_41' title='bbox 323 452 429 484; x_wconf 88' lang='lat' dir='ltr'>nobis.</span> <span class='ocrx_word' id='word_1_42' title='bbox 474 452 549 484; x_wconf 89' lang='lat' dir='ltr'>Ideo</span> <span class='ocrx_word' id='word_1_43' title='bbox 579 451 610 481; x_wconf 91' lang='lat' dir='ltr'>in</span> <span class='ocrx_word' id='word_1_44' title='bbox 633 448 783 491; x_wconf 86' lang='lat' dir='ltr'>Epistola</span> <span class='ocrx_word' id='word_1_45' title='bbox 807 449 847 480; x_wconf 90' lang='lat' dir='ltr'>ad</span> <span class='ocrx_word' id='word_1_46' title='bbox 872 449 1043 481; x_wconf 84' lang='lat' dir='ltr'>Hebraeos</span> 
     </span>
     <span class='ocr_line' id='line_1_8' title="bbox 73 492 1044 536; baseline -0.009 -5"><span class='ocrx_word' id='word_1_47' title='bbox 73 499 195 531; x_wconf 87' lang='lat' dir='ltr'>dictum</span> <span class='ocrx_word' id='word_1_48' title='bbox 219 503 285 528; x_wconf 89' lang='lat' dir='ltr'>est:</span> <span class='ocrx_word' id='word_1_49' title='bbox 329 494 405 527; x_wconf 83' lang='lat' dir='ltr'>Non</span> <span class='ocrx_word' id='word_1_50' title='bbox 431 495 580 536; x_wconf 76' lang='lat' dir='ltr'>nnyelos,</span> <span class='ocrx_word' id='word_1_51' title='bbox 608 494 665 524; x_wconf 82' lang='lat' dir='ltr'>sed</span> <span class='ocrx_word' id='word_1_52' title='bbox 689 502 791 524; x_wconf 78' lang='lat' dir='ltr'>semen</span> <span class='ocrx_word' id='word_1_53' title='bbox 814 492 969 523; x_wconf 76' lang='lat' dir='ltr'>Abrahae</span> <span class='ocrx_word' id='word_1_54' title='bbox 992 502 1044 523; x_wconf 78' lang='lat' dir='ltr'>as-</span> 
     </span>
     <span class='ocr_line' id='line_1_9' title="bbox 72 532 1045 581; baseline -0.007 -9"><span class='ocrx_word' id='word_1_55' title='bbox 72 541 226 581; x_wconf 72' lang='lat' dir='ltr'>sumpsit&lt;</span> <span class='ocrx_word' id='word_1_56' title='bbox 249 539 331 570; x_wconf 75' lang='lat' dir='ltr'>iude</span> <span class='ocrx_word' id='word_1_57' title='bbox 357 537 463 569; x_wconf 70' lang='lat' dir='ltr'>debuit</span> <span class='ocrx_word' id='word_1_58' title='bbox 482 547 545 578; x_wconf 77' lang='lat' dir='ltr'>per</span> <span class='ocrx_word' id='word_1_59' title='bbox 564 537 670 567; x_wconf 71' lang='lat' dir='ltr'>omnia</span> <span class='ocrx_word' id='word_1_60' title='bbox 691 536 814 567; x_wconf 73' lang='lat' dir='ltr'>sinzilus</span> <span class='ocrx_word' id='word_1_61' title='bbox 834 535 908 577; x_wconf 76' lang='lat' dir='ltr'>fieri</span> <span class='ocrx_word' id='word_1_62' title='bbox 925 532 1045 574; x_wconf 71' lang='lat' dir='ltr'>fratri-</span> 
     </span>
     <span class='ocr_line' id='line_1_10' title="bbox 73 579 1045 621; baseline -0.007 -6"><span class='ocrx_word' id='word_1_63' title='bbox 73 584 139 616; x_wconf 76' lang='lat' dir='ltr'>hus.</span> <span class='ocrx_word' id='word_1_64' title='bbox 185 584 279 619; x_wconf 82' lang='lat' dir='ltr'>Item,</span> <span class='ocrx_word' id='word_1_65' title='bbox 306 581 466 612; x_wconf 75' lang='lat' dir='ltr'>Habemus</span> <span class='ocrx_word' id='word_1_66' title='bbox 481 579 678 621; x_wconf 80' lang='lat' dir='ltr'>pontificem,</span> <span class='ocrx_word' id='word_1_67' title='bbox 705 579 762 619; x_wconf 75' lang='lat' dir='ltr'>qui</span> <span class='ocrx_word' id='word_1_68' title='bbox 782 581 919 618; x_wconf 67' lang='lat' dir='ltr'>compati</span> <span class='ocrx_word' id='word_1_69' title='bbox 937 581 1045 619; x_wconf 77' lang='lat' dir='ltr'>potest</span> 
     </span>
     <span class='ocr_line' id='line_1_11' title="bbox 70 621 1045 668; baseline -0.007 -11"><span class='ocrx_word' id='word_1_70' title='bbox 70 624 311 668; x_wconf 75' lang='lat' dir='ltr'>infirmitatibus</span> <span class='ocrx_word' id='word_1_71' title='bbox 333 623 467 660; x_wconf 76' lang='lat' dir='ltr'>nostris,</span> <span class='ocrx_word' id='word_1_72' title='bbox 497 626 637 654; x_wconf 77' lang='lat' dir='ltr'>tentatus</span> <span class='ocrx_word' id='word_1_73' title='bbox 663 631 725 662; x_wconf 74' lang='lat' dir='ltr'>per</span> <span class='ocrx_word' id='word_1_74' title='bbox 749 621 853 652; x_wconf 79' lang='lat' dir='ltr'>onmia</span> <span class='ocrx_word' id='word_1_75' title='bbox 874 630 938 661; x_wconf 79' lang='lat' dir='ltr'>pro</span> <span class='ocrx_word' id='word_1_76' title='bbox 961 621 1045 652; x_wconf 80' lang='grc' dir='ltr'>,ςῑηιί-</span> 
     </span>
     <span class='ocr_line' id='line_1_12' title="bbox 71 667 509 708; baseline -0.009 -8"><span class='ocrx_word' id='word_1_77' title='bbox 71 668 205 700; x_wconf 80' lang='lat' dir='ltr'>It&#39;tmlt’ne</span> <span class='ocrx_word' id='word_1_78' title='bbox 228 667 346 708; x_wconf 76' lang='lat' dir='ltr'>absque</span> <span class='ocrx_word' id='word_1_79' title='bbox 366 669 509 707; x_wconf 76' lang='lat' dir='ltr'>peccato.</span> 
     </span>
    </p>

    <p class='ocr_par' dir='ltr' id='par_1_3' title="bbox 72 705 1047 1009">
     <span class='ocr_line' id='line_1_13' title="bbox 159 705 1046 752; baseline -0.007 -11"><span class='ocrx_word' id='word_1_80' title='bbox 159 709 349 752; x_wconf 81' lang='lat' dir='ltr'>Cogitemus</span> <span class='ocrx_word' id='word_1_81' title='bbox 379 709 419 740; x_wconf 84' lang='lat' dir='ltr'>de</span> <span class='ocrx_word' id='word_1_82' title='bbox 447 714 516 739; x_wconf 89' lang='lat' dir='ltr'>toto</span> <span class='ocrx_word' id='word_1_83' title='bbox 547 718 647 740; x_wconf 91' lang='lat' dir='ltr'>cursu</span> <span class='ocrx_word' id='word_1_84' title='bbox 677 707 762 738; x_wconf 79' lang='lat' dir='ltr'>vitae</span> <span class='ocrx_word' id='word_1_85' title='bbox 786 705 909 737; x_wconf 76' lang='lat' dir='ltr'>Christi</span> <span class='ocrx_word' id='word_1_86' title='bbox 939 706 971 736; x_wconf 92' lang='lat' dir='ltr'>in</span> <span class='ocrx_word' id='word_1_87' title='bbox 994 705 1046 736; x_wconf 91' lang='grc'>1115</span> 
     </span>
     <span class='ocr_line' id='line_1_14' title="bbox 72 749 1047 794; baseline -0.007 -9"><span class='ocrx_word' id='word_1_88' title='bbox 72 753 186 792; x_wconf 87' lang='lat' dir='ltr'>terris,</span> <span class='ocrx_word' id='word_1_89' title='bbox 214 753 267 794; x_wconf 89' lang='lat' dir='ltr'>qui</span> <span class='ocrx_word' id='word_1_90' title='bbox 290 751 349 783; x_wconf 85' lang='lat' dir='ltr'>fuit</span> <span class='ocrx_word' id='word_1_91' title='bbox 371 750 488 792; x_wconf 85' lang='lat' dir='ltr'>plenus</span> <span class='ocrx_word' id='word_1_92' title='bbox 512 751 663 782; x_wconf 77' lang='lat' dir='ltr'>miseriis.</span> <span class='ocrx_word' id='word_1_93' title='bbox 731 749 800 781; x_wconf 86' lang='lat' dir='ltr'>Sed</span> <span class='ocrx_word' id='word_1_94' title='bbox 827 749 972 789; x_wconf 80' lang='lat' dir='ltr'>inprimis</span> <span class='ocrx_word' id='word_1_95' title='bbox 1000 749 1047 779; x_wconf 94' lang='grc'>111-</span> 
     </span>
     <span class='ocr_line' id='line_1_15' title="bbox 74 791 1046 836; baseline -0.007 -8"><span class='ocrx_word' id='word_1_96' title='bbox 74 803 221 828; x_wconf 89' lang='lat' dir='ltr'>tueamur</span> <span class='ocrx_word' id='word_1_97' title='bbox 243 801 444 836; x_wconf 89' lang='lat' dir='ltr'>postremum</span> <span class='ocrx_word' id='word_1_98' title='bbox 466 803 624 836; x_wconf 81' lang='lat' dir='ltr'>agonem,</span> <span class='ocrx_word' id='word_1_99' title='bbox 647 793 679 823; x_wconf 93' lang='lat' dir='ltr'>in</span> <span class='ocrx_word' id='word_1_100' title='bbox 703 802 768 834; x_wconf 88' lang='lat' dir='ltr'>quo</span> <span class='ocrx_word' id='word_1_101' title='bbox 792 796 978 832; x_wconf 84' lang='lat' dir='ltr'>prostratus</span> <span class='ocrx_word' id='word_1_102' title='bbox 1002 791 1046 821; x_wconf 89' lang='lat' dir='ltr'>ia-</span> 
     </span>
     <span class='ocr_line' id='line_1_16' title="bbox 74 833 1047 876; baseline -0.007 -6"><span class='ocrx_word' id='word_1_103' title='bbox 74 845 127 871; x_wconf 85' lang='lat' dir='ltr'>cet</span> <span class='ocrx_word' id='word_1_104' title='bbox 148 840 180 870; x_wconf 91' lang='lat' dir='ltr'>in</span> <span class='ocrx_word' id='word_1_105' title='bbox 203 844 316 870; x_wconf 84' lang='lat' dir='ltr'>nostra</span> <span class='ocrx_word' id='word_1_106' title='bbox 337 836 442 868; x_wconf 82' lang='lat' dir='ltr'>forma</span> <span class='ocrx_word' id='word_1_107' title='bbox 466 847 578 868; x_wconf 89' lang='lat' dir='ltr'>coram</span> <span class='ocrx_word' id='word_1_108' title='bbox 601 841 735 866; x_wconf 85' lang='lat' dir='ltr'>aeterno</span> <span class='ocrx_word' id='word_1_109' title='bbox 758 841 868 876; x_wconf 87' lang='lat' dir='ltr'>patre,</span> <span class='ocrx_word' id='word_1_110' title='bbox 896 839 928 864; x_wconf 91' lang='lat' dir='ltr'>et</span> <span class='ocrx_word' id='word_1_111' title='bbox 950 833 1047 864; x_wconf 85' lang='lat' dir='ltr'>susti-</span> 
     </span>
     <span class='ocr_line' id='line_1_17' title="bbox 72 879 1047 919; baseline -0.007 -6"><span class='ocrx_word' id='word_1_112' title='bbox 72 891 156 914; x_wconf 86' lang='lat' dir='ltr'>nens</span> <span class='ocrx_word' id='word_1_113' title='bbox 178 882 258 912; x_wconf 82' lang='lat' dir='ltr'>iram</span> <span class='ocrx_word' id='word_1_114' title='bbox 271 879 332 911; x_wconf 90' lang='lat' dir='ltr'>Dei</span> <span class='ocrx_word' id='word_1_115' title='bbox 356 879 494 910; x_wconf 86' lang='lat' dir='ltr'>effusam</span> <span class='ocrx_word' id='word_1_116' title='bbox 516 879 549 910; x_wconf 91' lang='lat' dir='ltr'>in</span> <span class='ocrx_word' id='word_1_117' title='bbox 572 880 676 919; x_wconf 83' lang='lat' dir='ltr'>ipsum</span> <span class='ocrx_word' id='word_1_118' title='bbox 690 884 824 919; x_wconf 89' lang='lat' dir='ltr'>propter</span> <span class='ocrx_word' id='word_1_119' title='bbox 836 881 954 907; x_wconf 90' lang='lat' dir='ltr'>nostra</span> <span class='ocrx_word' id='word_1_120' title='bbox 971 885 1047 916; x_wconf 89' lang='lat' dir='ltr'>pec-</span> 
     </span>
     <span class='ocr_line' id='line_1_18' title="bbox 74 917 1047 964; baseline -0.006 -9"><span class='ocrx_word' id='word_1_121' title='bbox 74 930 164 962; x_wconf 90' lang='lat' dir='ltr'>cata,</span> <span class='ocrx_word' id='word_1_122' title='bbox 194 923 291 955; x_wconf 86' lang='lat' dir='ltr'>sudat</span> <span class='ocrx_word' id='word_1_123' title='bbox 321 922 526 964; x_wconf 86' lang='lat' dir='ltr'>sanguinem.</span> <span class='ocrx_word' id='word_1_124' title='bbox 575 919 664 952; x_wconf 80' lang='lat' dir='ltr'>Nihil</span> <span class='ocrx_word' id='word_1_125' title='bbox 694 920 819 952; x_wconf 87' lang='lat' dir='ltr'>tristius</span> <span class='ocrx_word' id='word_1_126' title='bbox 848 918 912 950; x_wconf 89' lang='lat' dir='ltr'>hac</span> <span class='ocrx_word' id='word_1_127' title='bbox 941 917 1047 950; x_wconf 88' lang='lat' dir='ltr'>forma</span> 
     </span>
     <span class='ocr_line' id='line_1_19' title="bbox 73 966 355 1009; baseline -0.007 -11"><span class='ocrx_word' id='word_1_128' title='bbox 73 966 212 1009; x_wconf 84' lang='lat' dir='ltr'>cogitari</span> <span class='ocrx_word' id='word_1_129' title='bbox 235 971 355 1007; x_wconf 88' lang='lat' dir='ltr'>potest.</span> 
     </span>
    </p>

    <p class='ocr_par' dir='ltr' id='par_1_4' title="bbox 66 1003 1046 1635">
     <span class='ocr_line' id='line_1_20' title="bbox 158 1003 1046 1048; baseline -0.007 -9"><span class='ocrx_word' id='word_1_130' title='bbox 158 1009 280 1040; x_wconf 82' lang='lat' dir='ltr'>Postea</span> <span class='ocrx_word' id='word_1_131' title='bbox 304 1006 402 1048; x_wconf 87' lang='lat' dir='ltr'>quale</span> <span class='ocrx_word' id='word_1_132' title='bbox 425 1005 652 1048; x_wconf 78' lang='lat' dir='ltr'>spectaculum</span> <span class='ocrx_word' id='word_1_133' title='bbox 675 1011 740 1043; x_wconf 89' lang='lat' dir='ltr'>est,</span> <span class='ocrx_word' id='word_1_134' title='bbox 763 1004 911 1046; x_wconf 87' lang='lat' dir='ltr'>pendens</span> <span class='ocrx_word' id='word_1_135' title='bbox 933 1003 965 1034; x_wconf 94' lang='lat' dir='ltr'>in</span> <span class='ocrx_word' id='word_1_136' title='bbox 988 1013 1046 1034; x_wconf 91' lang='grc'>110-</span> 
     </span>
     <span class='ocr_line' id='line_1_21' title="bbox 72 1044 1046 1088; baseline -0.007 -5"><span class='ocrx_word' id='word_1_137' title='bbox 72 1057 141 1083; x_wconf 75' lang='lat' dir='ltr'>stra</span> <span class='ocrx_word' id='word_1_138' title='bbox 169 1050 275 1083; x_wconf 83' lang='lat' dir='ltr'>forma</span> <span class='ocrx_word' id='word_1_139' title='bbox 305 1051 335 1081; x_wconf 90' lang='lat' dir='ltr'>in</span> <span class='ocrx_word' id='word_1_140' title='bbox 367 1060 484 1088; x_wconf 82' lang='lat' dir='ltr'>cruce,</span> <span class='ocrx_word' id='word_1_141' title='bbox 516 1056 547 1081; x_wconf 87' lang='lat' dir='ltr'>et</span> <span class='ocrx_word' id='word_1_142' title='bbox 570 1049 712 1080; x_wconf 86' lang='lat' dir='ltr'>cadaver</span> <span class='ocrx_word' id='word_1_143' title='bbox 735 1047 846 1078; x_wconf 82' lang='lat' dir='ltr'>factus</span> <span class='ocrx_word' id='word_1_144' title='bbox 875 1047 909 1077; x_wconf 92' lang='lat' dir='ltr'>in</span> <span class='ocrx_word' id='word_1_145' title='bbox 936 1044 1046 1087; x_wconf 88' lang='lat' dir='ltr'>sepul-</span> 
     </span>
     <span class='ocr_line' id='line_1_22' title="bbox 72 1089 1045 1130; baseline -0.006 -5"><span class='ocrx_word' id='word_1_146' title='bbox 72 1093 186 1126; x_wconf 84' lang='lat' dir='ltr'>chrum</span> <span class='ocrx_word' id='word_1_147' title='bbox 216 1093 386 1124; x_wconf 70' lang='lat' dir='ltr'>abiicitur?</span> <span class='ocrx_word' id='word_1_148' title='bbox 430 1092 536 1128; x_wconf 87' lang='lat' dir='ltr'>Quam</span> <span class='ocrx_word' id='word_1_149' title='bbox 569 1090 701 1122; x_wconf 85' lang='lat' dir='ltr'>foedum</span> <span class='ocrx_word' id='word_1_150' title='bbox 735 1095 787 1121; x_wconf 87' lang='lat' dir='ltr'>est</span> <span class='ocrx_word' id='word_1_151' title='bbox 819 1089 1045 1130; x_wconf 85' lang='lat' dir='ltr'>spectaculum</span> 
     </span>
     <span class='ocr_line' id='line_1_23' title="bbox 70 1132 1046 1173; baseline -0.006 -5"><span class='ocrx_word' id='word_1_152' title='bbox 70 1137 103 1168; x_wconf 90' lang='lat' dir='ltr'>in</span> <span class='ocrx_word' id='word_1_153' title='bbox 127 1137 278 1167; x_wconf 86' lang='lat' dir='ltr'>omnibus</span> <span class='ocrx_word' id='word_1_154' title='bbox 306 1134 511 1166; x_wconf 81' lang='lat' dir='ltr'>hominibus:</span> <span class='ocrx_word' id='word_1_155' title='bbox 538 1135 660 1165; x_wconf 86' lang='lat' dir='ltr'>amissa</span> <span class='ocrx_word' id='word_1_156' title='bbox 691 1133 757 1164; x_wconf 77' lang='lat' dir='ltr'>vita</span> <span class='ocrx_word' id='word_1_157' title='bbox 786 1142 908 1173; x_wconf 90' lang='lat' dir='ltr'>corpus</span> <span class='ocrx_word' id='word_1_158' title='bbox 934 1132 1046 1163; x_wconf 86' lang='lat' dir='ltr'>iacere</span> 
     </span>
     <span class='ocr_line' id='line_1_24' title="bbox 71 1175 1045 1216; baseline -0.005 -6"><span class='ocrx_word' id='word_1_159' title='bbox 71 1179 242 1210; x_wconf 72' lang='lat' dir='ltr'>exanime?</span> <span class='ocrx_word' id='word_1_160' title='bbox 282 1177 375 1208; x_wconf 79' lang='lat' dir='ltr'>Hanc</span> <span class='ocrx_word' id='word_1_161' title='bbox 408 1177 546 1207; x_wconf 85' lang='lat' dir='ltr'>formam</span> <span class='ocrx_word' id='word_1_162' title='bbox 573 1178 606 1207; x_wconf 91' lang='lat' dir='ltr'>in</span> <span class='ocrx_word' id='word_1_163' title='bbox 633 1185 671 1207; x_wconf 89' lang='lat' dir='ltr'>se</span> <span class='ocrx_word' id='word_1_164' title='bbox 701 1185 832 1216; x_wconf 90' lang='lat' dir='ltr'>quoque</span> <span class='ocrx_word' id='word_1_165' title='bbox 857 1175 972 1216; x_wconf 82' lang='lat' dir='ltr'>rec-ipit</span> <span class='ocrx_word' id='word_1_166' title='bbox 995 1175 1045 1206; x_wconf 89' lang='grc'>510</span> 
     </span>
     <span class='ocr_line' id='line_1_25' title="bbox 68 1217 1046 1257; baseline -0.004 -5"><span class='ocrx_word' id='word_1_167' title='bbox 68 1220 243 1257; x_wconf 83' lang='lat' dir='ltr'>Dominus,</span> <span class='ocrx_word' id='word_1_168' title='bbox 267 1226 299 1251; x_wconf 90' lang='lat' dir='ltr'>et</span> <span class='ocrx_word' id='word_1_169' title='bbox 323 1219 356 1250; x_wconf 83' lang='lat' dir='ltr'>fit</span> <span class='ocrx_word' id='word_1_170' title='bbox 379 1218 494 1250; x_wconf 83' lang='lat' dir='ltr'>similis</span> <span class='ocrx_word' id='word_1_171' title='bbox 518 1219 642 1250; x_wconf 87' lang='lat' dir='ltr'>nostris</span> <span class='ocrx_word' id='word_1_172' title='bbox 667 1218 897 1249; x_wconf 76' lang='lat' dir='ltr'>cadaveribus.</span> <span class='ocrx_word' id='word_1_173' title='bbox 933 1217 967 1248; x_wconf 93' lang='lat' dir='ltr'>ln</span> <span class='ocrx_word' id='word_1_174' title='bbox 983 1218 1046 1248; x_wconf 87' lang='lat' dir='ltr'>hac</span> 
     </span>
     <span class='ocr_line' id='line_1_26' title="bbox 67 1260 1045 1303; baseline -0.003 -9"><span class='ocrx_word' id='word_1_175' title='bbox 67 1262 174 1294; x_wconf 84' lang='lat' dir='ltr'>forma</span> <span class='ocrx_word' id='word_1_176' title='bbox 204 1271 267 1293; x_wconf 90' lang='lat' dir='ltr'>nos</span> <span class='ocrx_word' id='word_1_177' title='bbox 296 1263 428 1303; x_wconf 86' lang='lat' dir='ltr'>aspicit,</span> <span class='ocrx_word' id='word_1_178' title='bbox 463 1267 496 1293; x_wconf 86' lang='lat' dir='ltr'>et</span> <span class='ocrx_word' id='word_1_179' title='bbox 522 1268 631 1293; x_wconf 85' lang='lat' dir='ltr'>tamen</span> <span class='ocrx_word' id='word_1_180' title='bbox 661 1269 711 1292; x_wconf 77' lang='lat' dir='ltr'>est</span> <span class='ocrx_word' id='word_1_181' title='bbox 735 1260 847 1299; x_wconf 84' lang='lat' dir='ltr'>Deus,</span> <span class='ocrx_word' id='word_1_182' title='bbox 880 1266 916 1292; x_wconf 89' lang='lat' dir='ltr'>ut</span> <span class='ocrx_word' id='word_1_183' title='bbox 947 1267 979 1291; x_wconf 86' lang='lat' dir='ltr'>ct</span> <span class='ocrx_word' id='word_1_184' title='bbox 1007 1270 1045 1291; x_wconf 81' lang='lat' dir='ltr'>se</span> 
     </span>
     <span class='ocr_line' id='line_1_27' title="bbox 67 1302 1044 1347; baseline -0.005 -9"><span class='ocrx_word' id='word_1_185' title='bbox 67 1307 173 1347; x_wconf 89' lang='lat' dir='ltr'>ipsum</span> <span class='ocrx_word' id='word_1_186' title='bbox 196 1315 238 1337; x_wconf 76' lang='lat' dir='ltr'>ex</span> <span class='ocrx_word' id='word_1_187' title='bbox 260 1313 366 1337; x_wconf 87' lang='lat' dir='ltr'>morte</span> <span class='ocrx_word' id='word_1_188' title='bbox 387 1304 576 1343; x_wconf 82' lang='lat' dir='ltr'>resuscitet,</span> <span class='ocrx_word' id='word_1_189' title='bbox 600 1310 633 1336; x_wconf 90' lang='lat' dir='ltr'>et</span> <span class='ocrx_word' id='word_1_190' title='bbox 655 1309 751 1335; x_wconf 89' lang='lat' dir='ltr'>ornet</span> <span class='ocrx_word' id='word_1_191' title='bbox 773 1309 909 1334; x_wconf 81' lang='lat' dir='ltr'>aeterna</span> <span class='ocrx_word' id='word_1_192' title='bbox 927 1302 1044 1345; x_wconf 84' lang='lat' dir='ltr'>gloria,</span> 
     </span>
     <span class='ocr_line' id='line_1_28' title="bbox 68 1346 1046 1385; baseline -0.004 -5"><span class='ocrx_word' id='word_1_193' title='bbox 68 1354 101 1380; x_wconf 92' lang='lat' dir='ltr'>et</span> <span class='ocrx_word' id='word_1_194' title='bbox 131 1355 166 1380; x_wconf 90' lang='lat' dir='ltr'>ut</span> <span class='ocrx_word' id='word_1_195' title='bbox 193 1357 256 1380; x_wconf 92' lang='lat' dir='ltr'>nos</span> <span class='ocrx_word' id='word_1_196' title='bbox 285 1357 400 1380; x_wconf 88' lang='lat' dir='ltr'>secum</span> <span class='ocrx_word' id='word_1_197' title='bbox 430 1346 590 1385; x_wconf 78' lang='lat' dir='ltr'>vivificet,</span> <span class='ocrx_word' id='word_1_198' title='bbox 621 1353 654 1379; x_wconf 88' lang='lat' dir='ltr'>et</span> <span class='ocrx_word' id='word_1_199' title='bbox 683 1347 800 1379; x_wconf 84' lang='lat' dir='ltr'>reddat</span> <span class='ocrx_word' id='word_1_200' title='bbox 829 1346 984 1378; x_wconf 85' lang='lat' dir='ltr'>iustitiam</span> <span class='ocrx_word' id='word_1_201' title='bbox 1013 1351 1046 1377; x_wconf 91' lang='lat' dir='ltr'>et</span> 
     </span>
     <span class='ocr_line' id='line_1_29' title="bbox 67 1388 1045 1430; baseline -0.003 -7"><span class='ocrx_word' id='word_1_202' title='bbox 67 1392 168 1424; x_wconf 85' lang='lat' dir='ltr'>vitam</span> <span class='ocrx_word' id='word_1_203' title='bbox 190 1397 368 1422; x_wconf 79' lang='lat' dir='ltr'>aetemam.</span> <span class='ocrx_word' id='word_1_204' title='bbox 402 1390 494 1422; x_wconf 89' lang='lat' dir='ltr'>Haec</span> <span class='ocrx_word' id='word_1_205' title='bbox 517 1392 606 1421; x_wconf 90' lang='lat' dir='ltr'>bona</span> <span class='ocrx_word' id='word_1_206' title='bbox 622 1388 694 1421; x_wconf 82' lang='lat' dir='ltr'>vult</span> <span class='ocrx_word' id='word_1_207' title='bbox 715 1400 736 1421; x_wconf 88' lang='lat' dir='ltr'>a</span> <span class='ocrx_word' id='word_1_208' title='bbox 759 1399 796 1421; x_wconf 85' lang='lat' dir='ltr'>se</span> <span class='ocrx_word' id='word_1_209' title='bbox 818 1389 897 1430; x_wconf 84' lang='lat' dir='ltr'>peti,</span> <span class='ocrx_word' id='word_1_210' title='bbox 921 1395 952 1420; x_wconf 91' lang='lat' dir='ltr'>et</span> <span class='ocrx_word' id='word_1_211' title='bbox 972 1399 1045 1420; x_wconf 84' lang='lat' dir='ltr'>cum</span> 
     </span>
     <span class='ocr_line' id='line_1_30' title="bbox 68 1431 1045 1471; baseline -0.002 -7"><span class='ocrx_word' id='word_1_212' title='bbox 68 1439 290 1465; x_wconf 84' lang='lat' dir='ltr'>sustentamus</span> <span class='ocrx_word' id='word_1_213' title='bbox 314 1443 376 1464; x_wconf 86' lang='lat' dir='ltr'>nos</span> <span class='ocrx_word' id='word_1_214' title='bbox 399 1433 500 1464; x_wconf 89' lang='lat' dir='ltr'>verbo</span> <span class='ocrx_word' id='word_1_215' title='bbox 524 1443 564 1463; x_wconf 89' lang='lat' dir='ltr'>ac</span> <span class='ocrx_word' id='word_1_216' title='bbox 593 1432 674 1471; x_wconf 86' lang='lat' dir='ltr'>fide,</span> <span class='ocrx_word' id='word_1_217' title='bbox 703 1431 774 1464; x_wconf 83' lang='lat' dir='ltr'>vult</span> <span class='ocrx_word' id='word_1_218' title='bbox 807 1442 869 1463; x_wconf 85' lang='lat' dir='ltr'>nos</span> <span class='ocrx_word' id='word_1_219' title='bbox 897 1442 1045 1470; x_wconf 87' lang='lat' dir='ltr'>servare,</span> 
     </span>
     <span class='ocr_line' id='line_1_31' title="bbox 68 1474 1046 1516; baseline -0.003 -8"><span class='ocrx_word' id='word_1_220' title='bbox 68 1474 139 1508; x_wconf 80' lang='lat' dir='ltr'>vult</span> <span class='ocrx_word' id='word_1_221' title='bbox 162 1482 309 1507; x_wconf 66' lang='lat' dir='ltr'>nostram</span> <span class='ocrx_word' id='word_1_222' title='bbox 331 1474 472 1506; x_wconf 89' lang='lat' dir='ltr'>sormam</span> <span class='ocrx_word' id='word_1_223' title='bbox 495 1475 671 1507; x_wconf 81' lang='lat' dir='ltr'>restituere</span> <span class='ocrx_word' id='word_1_224' title='bbox 693 1484 774 1506; x_wconf 89' lang='lat' dir='ltr'>suae</span> <span class='ocrx_word' id='word_1_225' title='bbox 797 1474 988 1516; x_wconf 67' lang='lat' dir='ltr'>integritati,</span> <span class='ocrx_word' id='word_1_226' title='bbox 1013 1480 1046 1505; x_wconf 90' lang='lat' dir='ltr'>et</span> 
     </span>
     <span class='ocr_line' id='line_1_32' title="bbox 67 1515 1044 1559; baseline -0.003 -9"><span class='ocrx_word' id='word_1_227' title='bbox 67 1524 103 1550; x_wconf 88' lang='lat' dir='ltr'>ut</span> <span class='ocrx_word' id='word_1_228' title='bbox 125 1519 197 1559; x_wconf 82' lang='lat' dir='ltr'>ipse</span> <span class='ocrx_word' id='word_1_229' title='bbox 220 1524 296 1558; x_wconf 84' lang='lat' dir='ltr'>post</span> <span class='ocrx_word' id='word_1_230' title='bbox 322 1524 460 1548; x_wconf 86' lang='lat' dir='ltr'>mortem</span> <span class='ocrx_word' id='word_1_231' title='bbox 489 1527 583 1549; x_wconf 86' lang='lat' dir='ltr'>Suam</span> <span class='ocrx_word' id='word_1_232' title='bbox 610 1516 751 1549; x_wconf 83' lang='lat' dir='ltr'>sormam</span> <span class='ocrx_word' id='word_1_233' title='bbox 778 1519 907 1549; x_wconf 73' lang='lat' dir='ltr'>ornavit</span> <span class='ocrx_word' id='word_1_234' title='bbox 937 1515 1044 1548; x_wconf 81' lang='lat' dir='ltr'>excel-</span> 
     </span>
     <span class='ocr_line' id='line_1_33' title="bbox 66 1558 1045 1601; baseline -0.001 -9"><span class='ocrx_word' id='word_1_235' title='bbox 66 1561 149 1592; x_wconf 89' lang='lat' dir='ltr'>lenti</span> <span class='ocrx_word' id='word_1_236' title='bbox 177 1559 302 1601; x_wconf 85' lang='lat' dir='ltr'>gloria,</span> <span class='ocrx_word' id='word_1_237' title='bbox 334 1561 383 1592; x_wconf 86' lang='lat' dir='ltr'>sic</span> <span class='ocrx_word' id='word_1_238' title='bbox 411 1558 482 1591; x_wconf 76' lang='lat' dir='ltr'>vult</span> <span class='ocrx_word' id='word_1_239' title='bbox 509 1567 657 1592; x_wconf 83' lang='lat' dir='ltr'>nostram</span> <span class='ocrx_word' id='word_1_240' title='bbox 680 1561 834 1591; x_wconf 84' lang='lat' dir='ltr'>miseram</span> <span class='ocrx_word' id='word_1_241' title='bbox 864 1566 895 1591; x_wconf 86' lang='lat' dir='ltr'>et</span> <span class='ocrx_word' id='word_1_242' title='bbox 923 1559 1045 1601; x_wconf 78' lang='lat' dir='ltr'>squali-</span> 
     </span>
     <span class='ocr_line' id='line_1_34' title="bbox 67 1601 958 1635; baseline -0.003 0"><span class='ocrx_word' id='word_1_243' title='bbox 67 1603 142 1635; x_wconf 81' lang='lat' dir='ltr'>dam</span> <span class='ocrx_word' id='word_1_244' title='bbox 161 1601 300 1634; x_wconf 76' lang='lat' dir='ltr'>sormam</span> <span class='ocrx_word' id='word_1_245' title='bbox 323 1601 461 1633; x_wconf 84' lang='lat' dir='ltr'>similem</span> <span class='ocrx_word' id='word_1_246' title='bbox 485 1603 625 1634; x_wconf 82' lang='lat' dir='ltr'>reddere</span> <span class='ocrx_word' id='word_1_247' title='bbox 648 1613 730 1634; x_wconf 88' lang='lat' dir='ltr'>suae</span> <span class='ocrx_word' id='word_1_248' title='bbox 752 1602 799 1634; x_wconf 90' lang='lat' dir='ltr'>illi</span> <span class='ocrx_word' id='word_1_249' title='bbox 822 1601 958 1634; x_wconf 82' lang='lat' dir='ltr'>formae.</span> 
     </span>
    </p>

    <p class='ocr_par' dir='ltr' id='par_1_5' title="bbox 66 1645 1045 1890">
     <span class='ocr_line' id='line_1_35' title="bbox 153 1645 1045 1687; baseline 0 -11"><span class='ocrx_word' id='word_1_250' title='bbox 153 1645 201 1676; x_wconf 91' lang='lat' dir='ltr'>lta</span> <span class='ocrx_word' id='word_1_251' title='bbox 224 1645 437 1676; x_wconf 84' lang='lat' dir='ltr'>immoremini</span> <span class='ocrx_word' id='word_1_252' title='bbox 460 1646 660 1687; x_wconf 85' lang='lat' dir='ltr'>cogitatione</span> <span class='ocrx_word' id='word_1_253' title='bbox 686 1647 718 1676; x_wconf 92' lang='lat' dir='ltr'>in</span> <span class='ocrx_word' id='word_1_254' title='bbox 741 1646 958 1686; x_wconf 77' lang='lat' dir='ltr'>expendenda</span> <span class='ocrx_word' id='word_1_255' title='bbox 981 1645 1045 1676; x_wconf 90' lang='lat' dir='ltr'>hac</span> 
     </span>
     <span class='ocr_line' id='line_1_36' title="bbox 67 1686 1045 1727; baseline -0.001 -8"><span class='ocrx_word' id='word_1_256' title='bbox 67 1688 244 1727; x_wconf 77' lang='lat' dir='ltr'>sententia,</span> <span class='ocrx_word' id='word_1_257' title='bbox 279 1693 311 1719; x_wconf 89' lang='lat' dir='ltr'>et</span> <span class='ocrx_word' id='word_1_258' title='bbox 339 1686 438 1719; x_wconf 83' lang='lat' dir='ltr'>facite</span> <span class='ocrx_word' id='word_1_259' title='bbox 471 1687 649 1719; x_wconf 79' lang='lat' dir='ltr'>antithesin</span> <span class='ocrx_word' id='word_1_260' title='bbox 677 1694 815 1719; x_wconf 86' lang='lat' dir='ltr'>nostrae</span> <span class='ocrx_word' id='word_1_261' title='bbox 845 1686 971 1719; x_wconf 86' lang='lat' dir='ltr'>formae</span> <span class='ocrx_word' id='word_1_262' title='bbox 1002 1689 1045 1719; x_wconf 86' lang='lat' dir='ltr'>ad</span> 
     </span>
     <span class='ocr_line' id='line_1_37' title="bbox 66 1729 1045 1772; baseline 0 -11"><span class='ocrx_word' id='word_1_263' title='bbox 66 1729 155 1762; x_wconf 85' lang='lat' dir='ltr'>illius</span> <span class='ocrx_word' id='word_1_264' title='bbox 188 1729 336 1761; x_wconf 86' lang='lat' dir='ltr'>formam.</span> <span class='ocrx_word' id='word_1_265' title='bbox 381 1729 551 1772; x_wconf 83' lang='lat' dir='ltr'>Cogitate,</span> <span class='ocrx_word' id='word_1_266' title='bbox 585 1730 673 1772; x_wconf 90' lang='lat' dir='ltr'>quod</span> <span class='ocrx_word' id='word_1_267' title='bbox 705 1731 736 1762; x_wconf 91' lang='lat' dir='ltr'>in</span> <span class='ocrx_word' id='word_1_268' title='bbox 766 1729 873 1762; x_wconf 88' lang='lat' dir='ltr'>forma</span> <span class='ocrx_word' id='word_1_269' title='bbox 902 1729 1045 1761; x_wconf 84' lang='lat' dir='ltr'>humana</span> 
     </span>
     <span class='ocr_line' id='line_1_38' title="bbox 68 1773 1045 1815; baseline -0.001 -10"><span class='ocrx_word' id='word_1_270' title='bbox 68 1774 284 1811; x_wconf 82' lang='lat' dir='ltr'>constitutuS,</span> <span class='ocrx_word' id='word_1_271' title='bbox 306 1773 422 1804; x_wconf 85' lang='lat' dir='ltr'>reddat</span> <span class='ocrx_word' id='word_1_272' title='bbox 444 1774 540 1805; x_wconf 89' lang='lat' dir='ltr'>nobis</span> <span class='ocrx_word' id='word_1_273' title='bbox 563 1774 732 1812; x_wconf 86' lang='lat' dir='ltr'>iustitiam,</span> <span class='ocrx_word' id='word_1_274' title='bbox 761 1774 900 1815; x_wconf 86' lang='lat' dir='ltr'>primum</span> <span class='ocrx_word' id='word_1_275' title='bbox 924 1773 956 1804; x_wconf 93' lang='lat' dir='ltr'>in</span> <span class='ocrx_word' id='word_1_276' title='bbox 980 1773 1045 1805; x_wconf 88' lang='lat' dir='ltr'>hac</span> 
     </span>
     <span class='ocr_line' id='line_1_39' title="bbox 66 1815 1044 1858; baseline 0.001 -11"><span class='ocrx_word' id='word_1_277' title='bbox 66 1816 135 1847; x_wconf 74' lang='lat' dir='ltr'>vita</span> <span class='ocrx_word' id='word_1_278' title='bbox 162 1816 392 1857; x_wconf 84' lang='lat' dir='ltr'>imputatione,</span> <span class='ocrx_word' id='word_1_279' title='bbox 421 1822 453 1847; x_wconf 93' lang='lat' dir='ltr'>et</span> <span class='ocrx_word' id='word_1_280' title='bbox 474 1815 702 1848; x_wconf 85' lang='lat' dir='ltr'>inchoatione:</span> <span class='ocrx_word' id='word_1_281' title='bbox 733 1823 851 1858; x_wconf 84' lang='lat' dir='ltr'>postea</span> <span class='ocrx_word' id='word_1_282' title='bbox 879 1817 911 1847; x_wconf 91' lang='lat' dir='ltr'>in</span> <span class='ocrx_word' id='word_1_283' title='bbox 939 1815 1044 1848; x_wconf 85' lang='lat' dir='ltr'>altera</span> 
     </span>
     <span class='ocr_line' id='line_1_40' title="bbox 66 1859 450 1890; baseline -0.003 0"><span class='ocrx_word' id='word_1_284' title='bbox 66 1859 135 1890; x_wconf 76' lang='lat' dir='ltr'>vita</span> <span class='ocrx_word' id='word_1_285' title='bbox 158 1859 450 1890; x_wconf 88' lang='lat' dir='ltr'>consummatione.</span> 
     </span>
    </p>

    <p class='ocr_par' dir='ltr' id='par_1_6' title="bbox 67 1899 1047 2111">
     <span class='ocr_line' id='line_1_41' title="bbox 155 1899 1044 1943; baseline 0 -11"><span class='ocrx_word' id='word_1_286' title='bbox 155 1900 260 1933; x_wconf 86' lang='lat' dir='ltr'>lnduit</span> <span class='ocrx_word' id='word_1_287' title='bbox 283 1901 354 1942; x_wconf 82' lang='lat' dir='ltr'>ipse</span> <span class='ocrx_word' id='word_1_288' title='bbox 376 1899 513 1933; x_wconf 83' lang='lat' dir='ltr'>sormam</span> <span class='ocrx_word' id='word_1_289' title='bbox 536 1907 702 1940; x_wconf 88' lang='lat' dir='ltr'>nostram,</span> <span class='ocrx_word' id='word_1_290' title='bbox 733 1908 767 1933; x_wconf 90' lang='lat' dir='ltr'>ut</span> <span class='ocrx_word' id='word_1_291' title='bbox 790 1902 878 1943; x_wconf 65' lang='grc' dir='ltr'><em>λύτρα</em></span> <span class='ocrx_word' id='word_1_292' title='bbox 901 1912 961 1943; x_wconf 88' lang='lat' dir='ltr'>pro</span> <span class='ocrx_word' id='word_1_293' title='bbox 986 1912 1044 1933; x_wconf 89' lang='lat' dir='ltr'>no-</span> 
     </span>
     <span class='ocr_line' id='line_1_42' title="bbox 68 1935 1043 1986; baseline 0.001 -12"><span class='ocrx_word' id='word_1_294' title='bbox 68 1944 120 1975; x_wconf 87' lang='lat' dir='ltr'>bis</span> <span class='ocrx_word' id='word_1_295' title='bbox 153 1935 328 1982; x_wconf 58' lang='lat' dir='ltr'>solverct:</span> <span class='ocrx_word' id='word_1_296' title='bbox 348 1950 439 1975; x_wconf 82' lang='lat' dir='ltr'>esset</span> <span class='ocrx_word' id='word_1_297' title='bbox 467 1945 654 1986; x_wconf 81' lang='lat' dir='ltr'>redemptor</span> <span class='ocrx_word' id='word_1_298' title='bbox 687 1951 718 1976; x_wconf 90' lang='lat' dir='ltr'>et</span> <span class='ocrx_word' id='word_1_299' title='bbox 752 1945 948 1986; x_wconf 82' lang='lat' dir='ltr'>deprecator</span> <span class='ocrx_word' id='word_1_300' title='bbox 982 1956 1043 1986; x_wconf 89' lang='lat' dir='ltr'>pro</span> 
     </span>
     <span class='ocr_line' id='line_1_43' title="bbox 67 1987 1043 2028; baseline 0.002 -11"><span class='ocrx_word' id='word_1_301' title='bbox 67 1987 177 2024; x_wconf 87' lang='lat' dir='ltr'>nobis,</span> <span class='ocrx_word' id='word_1_302' title='bbox 202 1987 287 2017; x_wconf 74' lang='lat' dir='ltr'>sieut</span> <span class='ocrx_word' id='word_1_303' title='bbox 309 1987 465 2028; x_wconf 80' lang='lat' dir='ltr'>scriptum</span> <span class='ocrx_word' id='word_1_304' title='bbox 489 1995 561 2018; x_wconf 85' lang='lat' dir='ltr'>est:</span> <span class='ocrx_word' id='word_1_305' title='bbox 591 1987 681 2026; x_wconf 85' lang='grc' dir='ltr'>Ειιηι,</span> <span class='ocrx_word' id='word_1_306' title='bbox 704 1989 760 2028; x_wconf 77' lang='lat' dir='ltr'>qui</span> <span class='ocrx_word' id='word_1_307' title='bbox 780 1997 840 2020; x_wconf 79' lang='grc'>11011</span> <span class='ocrx_word' id='word_1_308' title='bbox 864 1988 949 2019; x_wconf 70' lang='lat' dir='ltr'>not-[t</span> <span class='ocrx_word' id='word_1_309' title='bbox 968 1998 1043 2027; x_wconf 79' lang='lat' dir='ltr'>pcc-</span> 
     </span>
     <span class='ocr_line' id='line_1_44' title="bbox 69 2027 1047 2079; baseline 0.003 -20"><span class='ocrx_word' id='word_1_310' title='bbox 69 2033 189 2079; x_wconf 72' lang='lat' dir='ltr'>eatum,</span> <span class='ocrx_word' id='word_1_311' title='bbox 219 2027 297 2068; x_wconf 72' lang='lat' dir='ltr'>fecit</span> <span class='ocrx_word' id='word_1_312' title='bbox 325 2033 506 2069; x_wconf 75' lang='lat' dir='ltr'>peccalum,</span> <span class='ocrx_word' id='word_1_313' title='bbox 542 2034 575 2061; x_wconf 76' lang='lat' dir='ltr'>ut</span> <span class='ocrx_word' id='word_1_314' title='bbox 602 2040 660 2061; x_wconf 76' lang='lat' dir='ltr'>vos</span> <span class='ocrx_word' id='word_1_315' title='bbox 689 2031 803 2072; x_wconf 75' lang='lat' dir='ltr'>fionius</span> <span class='ocrx_word' id='word_1_316' title='bbox 833 2032 957 2062; x_wconf 67' lang='lat' dir='ltr'>iustitia</span> <span class='ocrx_word' id='word_1_317' title='bbox 980 2031 1047 2062; x_wconf 59' lang='lat' dir='ltr'>Dec·</span> 
     </span>
     <span class='ocr_line' id='line_1_45' title="bbox 68 2073 202 2111; baseline 0.007 -10"><span class='ocrx_word' id='word_1_318' title='bbox 68 2082 99 2101; x_wconf 81' lang='grc'>111</span> <span class='ocrx_word' id='word_1_319' title='bbox 122 2073 202 2111; x_wconf 68' lang='lat' dir='ltr'>ipso.</span> 
     </span>
    </p>

    <p class='ocr_par' dir='ltr' id='par_1_7' title="bbox 67 2112 1043 2241">
     <span class='ocr_line' id='line_1_46' title="bbox 153 2112 1043 2158; baseline 0.006 -14"><span class='ocrx_word' id='word_1_320' title='bbox 153 2112 323 2145; x_wconf 76' lang='lat' dir='ltr'>&#39;ri-anssert</span> <span class='ocrx_word' id='word_1_321' title='bbox 346 2115 417 2156; x_wconf 83' lang='lat' dir='ltr'>ipse</span> <span class='ocrx_word' id='word_1_322' title='bbox 439 2115 471 2145; x_wconf 93' lang='lat' dir='ltr'>in</span> <span class='ocrx_word' id='word_1_323' title='bbox 495 2124 532 2146; x_wconf 83' lang='lat' dir='ltr'>se</span> <span class='ocrx_word' id='word_1_324' title='bbox 554 2125 681 2156; x_wconf 87' lang='lat' dir='ltr'>poenas</span> <span class='ocrx_word' id='word_1_325' title='bbox 707 2122 896 2148; x_wconf 86' lang='lat' dir='ltr'>nostrorum</span> <span class='ocrx_word' id='word_1_326' title='bbox 923 2126 1043 2158; x_wconf 85' lang='lat' dir='ltr'>pecca-</span> 
     </span>
     <span class='ocr_line' id='line_1_47' title="bbox 68 2157 1043 2196; baseline 0.005 -10"><span class='ocrx_word' id='word_1_327' title='bbox 68 2163 174 2187; x_wconf 87' lang='lat' dir='ltr'>torum</span> <span class='ocrx_word' id='word_1_328' title='bbox 198 2163 367 2196; x_wconf 82' lang='lat' dir='ltr'>assumpta</span> <span class='ocrx_word' id='word_1_329' title='bbox 391 2164 506 2188; x_wconf 87' lang='lat' dir='ltr'>nostra</span> <span class='ocrx_word' id='word_1_330' title='bbox 528 2157 642 2189; x_wconf 87' lang='lat' dir='ltr'>forma.</span> <span class='ocrx_word' id='word_1_331' title='bbox 685 2158 753 2190; x_wconf 89' lang='lat' dir='ltr'>Sed</span> <span class='ocrx_word' id='word_1_332' title='bbox 773 2160 918 2191; x_wconf 76' lang='lat' dir='ltr'>vicissim</span> <span class='ocrx_word' id='word_1_333' title='bbox 942 2160 1043 2191; x_wconf 81' lang='lat' dir='ltr'>donat</span> 
     </span>
     <span class='ocr_line' id='line_1_48' title="bbox 67 2199 924 2241; baseline 0.006 -12"><span class='ocrx_word' id='word_1_334' title='bbox 67 2200 162 2230; x_wconf 81' lang='lat' dir='ltr'>nobis</span> <span class='ocrx_word' id='word_1_335' title='bbox 186 2209 279 2230; x_wconf 77' lang='lat' dir='ltr'>suam</span> <span class='ocrx_word' id='word_1_336' title='bbox 301 2199 450 2237; x_wconf 79' lang='lat' dir='ltr'>sormam,</span> <span class='ocrx_word' id='word_1_337' title='bbox 474 2210 558 2241; x_wconf 87' lang='lat' dir='ltr'>quae</span> <span class='ocrx_word' id='word_1_338' title='bbox 580 2206 629 2231; x_wconf 82' lang='lat' dir='ltr'>est</span> <span class='ocrx_word' id='word_1_339' title='bbox 651 2201 773 2233; x_wconf 89' lang='lat' dir='ltr'>iustitia</span> <span class='ocrx_word' id='word_1_340' title='bbox 796 2208 828 2233; x_wconf 87' lang='lat' dir='ltr'>et</span> <span class='ocrx_word' id='word_1_341' title='bbox 846 2203 924 2233; x_wconf 73' lang='lat' dir='ltr'>vita.</span> 
     </span>
    </p>

    <p class='ocr_par' dir='ltr' id='par_1_8' title="bbox 66 2241 1041 2628">
     <span class='ocr_line' id='line_1_49' title="bbox 154 2241 1041 2283; baseline 0.005 -10"><span class='ocrx_word' id='word_1_342' title='bbox 154 2241 208 2273; x_wconf 81' lang='lat' dir='ltr'>Sic</span> <span class='ocrx_word' id='word_1_343' title='bbox 233 2242 304 2283; x_wconf 78' lang='lat' dir='ltr'>ipse</span> <span class='ocrx_word' id='word_1_344' title='bbox 328 2242 363 2273; x_wconf 78' lang='lat' dir='ltr'>tit.</span> <span class='ocrx_word' id='word_1_345' title='bbox 386 2243 528 2274; x_wconf 76' lang='lat' dir='ltr'>cadaver</span> <span class='ocrx_word' id='word_1_346' title='bbox 546 2244 670 2275; x_wconf 80' lang='lat' dir='ltr'>nostris</span> <span class='ocrx_word' id='word_1_347' title='bbox 689 2245 907 2277; x_wconf 79' lang='lat' dir='ltr'>cadaveribus</span> <span class='ocrx_word' id='word_1_348' title='bbox 924 2244 1041 2283; x_wconf 81' lang='lat' dir='ltr'>simile,</span> 
     </span>
     <span class='ocr_line' id='line_1_50' title="bbox 68 2283 1041 2325; baseline 0.004 -10"><span class='ocrx_word' id='word_1_349' title='bbox 68 2285 128 2315; x_wconf 88' lang='lat' dir='ltr'>sed</span> <span class='ocrx_word' id='word_1_350' title='bbox 156 2285 231 2325; x_wconf 87' lang='lat' dir='ltr'>quia</span> <span class='ocrx_word' id='word_1_351' title='bbox 261 2283 356 2316; x_wconf 78' lang='lat' dir='ltr'>simul</span> <span class='ocrx_word' id='word_1_352' title='bbox 387 2291 435 2315; x_wconf 86' lang='lat' dir='ltr'>est</span> <span class='ocrx_word' id='word_1_353' title='bbox 460 2284 552 2316; x_wconf 88' lang='lat' dir='ltr'>Deus</span> <span class='ocrx_word' id='word_1_354' title='bbox 575 2285 712 2325; x_wconf 80' lang='lat' dir='ltr'>leliova,</span> <span class='ocrx_word' id='word_1_355' title='bbox 741 2288 845 2318; x_wconf 77' lang='lat' dir='ltr'>reddit</span> <span class='ocrx_word' id='word_1_356' title='bbox 874 2288 971 2319; x_wconf 81' lang='lat' dir='ltr'>nobis</span> <span class='ocrx_word' id='word_1_357' title='bbox 995 2289 1041 2319; x_wconf 79' lang='lat' dir='ltr'>vi-</span> 
     </span>
     <span class='ocr_line' id='line_1_51' title="bbox 67 2329 1040 2371; baseline 0.004 -13"><span class='ocrx_word' id='word_1_358' title='bbox 67 2334 145 2365; x_wconf 84' lang='lat' dir='ltr'>tani,</span> <span class='ocrx_word' id='word_1_359' title='bbox 169 2338 253 2368; x_wconf 84' lang='lat' dir='ltr'>quae</span> <span class='ocrx_word' id='word_1_360' title='bbox 277 2335 355 2358; x_wconf 83' lang='lat' dir='ltr'>tunc</span> <span class='ocrx_word' id='word_1_361' title='bbox 379 2338 456 2359; x_wconf 69' lang='lat' dir='ltr'>vere</span> <span class='ocrx_word' id='word_1_362' title='bbox 479 2329 538 2359; x_wconf 91' lang='lat' dir='ltr'>erit</span> <span class='ocrx_word' id='word_1_363' title='bbox 563 2329 645 2367; x_wconf 64' lang='lat' dir='ltr'>vita,</span> <span class='ocrx_word' id='word_1_364' title='bbox 670 2340 742 2361; x_wconf 83' lang='lat' dir='ltr'>cum</span> <span class='ocrx_word' id='word_1_365' title='bbox 765 2338 840 2371; x_wconf 79' lang='lat' dir='ltr'>post</span> <span class='ocrx_word' id='word_1_366' title='bbox 864 2331 1040 2362; x_wconf 78' lang='lat' dir='ltr'>resuscita—</span> 
     </span>
     <span class='ocr_line' id='line_1_52' title="bbox 67 2369 1038 2414; baseline 0.005 -14"><span class='ocrx_word' id='word_1_367' title='bbox 67 2370 186 2400; x_wconf 80' lang='lat' dir='ltr'>tionem</span> <span class='ocrx_word' id='word_1_368' title='bbox 216 2380 255 2401; x_wconf 77' lang='lat' dir='ltr'>ex</span> <span class='ocrx_word' id='word_1_369' title='bbox 279 2377 400 2408; x_wconf 89' lang='lat' dir='ltr'>morte,</span> <span class='ocrx_word' id='word_1_370' title='bbox 430 2369 642 2402; x_wconf 71' lang='lat' dir='ltr'>liberabimur</span> <span class='ocrx_word' id='word_1_371' title='bbox 668 2383 687 2403; x_wconf 84' lang='lat' dir='ltr'>a</span> <span class='ocrx_word' id='word_1_372' title='bbox 714 2378 782 2404; x_wconf 84' lang='lat' dir='ltr'>toto</span> <span class='ocrx_word' id='word_1_373' title='bbox 806 2380 964 2414; x_wconf 88' lang='lat' dir='ltr'>peccata,</span> <span class='ocrx_word' id='word_1_374' title='bbox 998 2376 1038 2405; x_wconf 79' lang='lat' dir='ltr'>ab</span> 
     </span>
     <span class='ocr_line' id='line_1_53' title="bbox 68 2413 1038 2457; baseline 0.006 -15"><span class='ocrx_word' id='word_1_375' title='bbox 68 2413 218 2443; x_wconf 76' lang='lat' dir='ltr'>omnihus</span> <span class='ocrx_word' id='word_1_376' title='bbox 242 2413 424 2450; x_wconf 75' lang='lat' dir='ltr'>aerumnis,</span> <span class='ocrx_word' id='word_1_377' title='bbox 449 2420 479 2444; x_wconf 87' lang='lat' dir='ltr'>et</span> <span class='ocrx_word' id='word_1_378' title='bbox 504 2414 657 2452; x_wconf 75' lang='lat' dir='ltr'>miseriis,</span> <span class='ocrx_word' id='word_1_379' title='bbox 682 2420 714 2446; x_wconf 91' lang='lat' dir='ltr'>et</span> <span class='ocrx_word' id='word_1_380' title='bbox 735 2414 932 2447; x_wconf 77' lang='lat' dir='ltr'>mortalitate</span> <span class='ocrx_word' id='word_1_381' title='bbox 955 2417 1038 2457; x_wconf 74' lang='lat' dir='ltr'>ipsa.</span> 
     </span>
     <span class='ocr_line' id='line_1_54' title="bbox 66 2454 1039 2500; baseline 0.005 -15"><span class='ocrx_word' id='word_1_382' title='bbox 66 2454 148 2485; x_wconf 90' lang='lat' dir='ltr'>Tum</span> <span class='ocrx_word' id='word_1_383' title='bbox 171 2454 253 2486; x_wconf 86' lang='lat' dir='ltr'>haec</span> <span class='ocrx_word' id='word_1_384' title='bbox 276 2456 464 2496; x_wconf 74' lang='lat' dir='ltr'>turpissima</span> <span class='ocrx_word' id='word_1_385' title='bbox 488 2457 651 2487; x_wconf 76' lang='lat' dir='ltr'>cadavera</span> <span class='ocrx_word' id='word_1_386' title='bbox 674 2464 799 2496; x_wconf 86' lang='lat' dir='ltr'>nostra,</span> <span class='ocrx_word' id='word_1_387' title='bbox 823 2458 900 2490; x_wconf 78' lang='lat' dir='ltr'>fient</span> <span class='ocrx_word' id='word_1_388' title='bbox 919 2458 1039 2500; x_wconf 85' lang='lat' dir='ltr'>templa</span> 
     </span>
     <span class='ocr_line' id='line_1_55' title="bbox 68 2497 1039 2538; baseline 0.007 -11"><span class='ocrx_word' id='word_1_389' title='bbox 68 2503 100 2528; x_wconf 90' lang='lat' dir='ltr'>et</span> <span class='ocrx_word' id='word_1_390' title='bbox 123 2497 286 2529; x_wconf 83' lang='lat' dir='ltr'>domicilia</span> <span class='ocrx_word' id='word_1_391' title='bbox 309 2498 371 2529; x_wconf 86' lang='lat' dir='ltr'>Dei</span> <span class='ocrx_word' id='word_1_392' title='bbox 401 2499 431 2529; x_wconf 92' lang='lat' dir='ltr'>in</span> <span class='ocrx_word' id='word_1_393' title='bbox 457 2506 523 2530; x_wconf 81' lang='lat' dir='ltr'>tota</span> <span class='ocrx_word' id='word_1_394' title='bbox 552 2500 761 2538; x_wconf 81' lang='lat' dir='ltr'>aeternitate,</span> <span class='ocrx_word' id='word_1_395' title='bbox 791 2512 863 2533; x_wconf 84' lang='lat' dir='ltr'>cum</span> <span class='ocrx_word' id='word_1_396' title='bbox 893 2501 947 2533; x_wconf 85' lang='grc'>1110</span> <span class='ocrx_word' id='word_1_397' title='bbox 970 2501 1039 2533; x_wconf 87' lang='lat' dir='ltr'>Do-</span> 
     </span>
     <span class='ocr_line' id='line_1_56' title="bbox 67 2539 1039 2583; baseline 0.006 -13"><span class='ocrx_word' id='word_1_398' title='bbox 67 2539 174 2571; x_wconf 85' lang='lat' dir='ltr'>minus</span> <span class='ocrx_word' id='word_1_399' title='bbox 209 2541 303 2571; x_wconf 74' lang='lat' dir='ltr'>nobis</span> <span class='ocrx_word' id='word_1_400' title='bbox 340 2542 459 2572; x_wconf 74' lang='lat' dir='ltr'>tribuet</span> <span class='ocrx_word' id='word_1_401' title='bbox 500 2551 592 2572; x_wconf 78' lang='lat' dir='ltr'>suam</span> <span class='ocrx_word' id='word_1_402' title='bbox 635 2541 849 2575; x_wconf 76' lang='lat' dir='ltr'>excellentem</span> <span class='ocrx_word' id='word_1_403' title='bbox 889 2543 1039 2583; x_wconf 89' lang='lat' dir='ltr'>formam,</span> 
     </span>
     <span class='ocr_line' id='line_1_57' title="bbox 67 2583 1038 2628; baseline 0.006 -15"><span class='ocrx_word' id='word_1_404' title='bbox 67 2593 163 2623; x_wconf 85' lang='lat' dir='ltr'>quam</span> <span class='ocrx_word' id='word_1_405' title='bbox 186 2583 256 2624; x_wconf 83' lang='lat' dir='ltr'>ipse</span> <span class='ocrx_word' id='word_1_406' title='bbox 280 2583 392 2615; x_wconf 82' lang='lat' dir='ltr'>habuit</span> <span class='ocrx_word' id='word_1_407' title='bbox 415 2585 631 2616; x_wconf 72' lang='lat' dir='ltr'>resuscitatus</span> <span class='ocrx_word' id='word_1_408' title='bbox 656 2595 696 2616; x_wconf 82' lang='lat' dir='ltr'>ex</span> <span class='ocrx_word' id='word_1_409' title='bbox 719 2593 831 2618; x_wconf 89' lang='lat' dir='ltr'>morte.</span> <span class='ocrx_word' id='word_1_410' title='bbox 865 2587 939 2619; x_wconf 89' lang='lat' dir='ltr'>Non</span> <span class='ocrx_word' id='word_1_411' title='bbox 964 2599 1038 2628; x_wconf 75' lang='lat' dir='ltr'>pos-</span> 
     </span>
    </p>
   </div>
   <div class='ocr_carea' id='block_1_3' title="bbox 749 142 1392 176">
    <p class='ocr_par' dir='ltr' id='par_1_9' title="bbox 749 142 1392 176">
     <span class='ocr_line' id='line_1_58' title="bbox 749 142 1392 176; baseline -0.002 0"><span class='ocrx_word' id='word_1_412' title='bbox 749 143 966 176; x_wconf 82' lang='lat' dir='ltr'><strong>POSTILLA</strong></span> <span class='ocrx_word' id='word_1_413' title='bbox 994 142 1392 175; x_wconf 77' lang='lat' dir='ltr'><strong>MELANTHONIANA.</strong></span> 
     </span>
    </p>
   </div>
   <div class='ocr_carea' id='block_1_4' title="bbox 2013 144 2078 177">
    <p class='ocr_par' dir='ltr' id='par_1_10' title="bbox 2013 144 2078 177">
     <span class='ocr_line' id='line_1_59' title="bbox 2013 144 2078 177; baseline 0.015 -1"><span class='ocrx_word' id='word_1_414' title='bbox 2013 144 2078 177; x_wconf 80' lang='lat'>126</span> 
     </span>
    </p>
   </div>
   <div class='ocr_carea' id='block_1_5' title="bbox 1096 237 2078 1602">
    <p class='ocr_par' dir='ltr' id='par_1_11' title="bbox 1096 237 2075 525">
     <span class='ocr_line' id='line_1_60' title="bbox 1096 237 2075 280; baseline 0.003 -13"><span class='ocrx_word' id='word_1_415' title='bbox 1096 246 1169 268; x_wconf 91' lang='lat' dir='ltr'>sum</span> <span class='ocrx_word' id='word_1_416' title='bbox 1191 237 1303 268; x_wconf 83' lang='lat' dir='ltr'>verbis</span> <span class='ocrx_word' id='word_1_417' title='bbox 1326 237 1389 268; x_wconf 88' lang='lat' dir='ltr'>ista</span> <span class='ocrx_word' id='word_1_418' title='bbox 1413 237 1493 268; x_wconf 82' lang='lat' dir='ltr'>satis</span> <span class='ocrx_word' id='word_1_419' title='bbox 1516 239 1718 278; x_wconf 88' lang='lat' dir='ltr'>exprimere,</span> <span class='ocrx_word' id='word_1_420' title='bbox 1747 238 1818 270; x_wconf 88' lang='lat' dir='ltr'>Nee</span> <span class='ocrx_word' id='word_1_421' title='bbox 1841 244 1949 280; x_wconf 88' lang='lat' dir='ltr'>potest</span> <span class='ocrx_word' id='word_1_422' title='bbox 1974 237 2075 270; x_wconf 81' lang='lat' dir='ltr'>ullius</span> 
     </span>
     <span class='ocr_line' id='line_1_61' title="bbox 1098 278 2074 322; baseline 0.001 -11"><span class='ocrx_word' id='word_1_423' title='bbox 1098 285 1269 311; x_wconf 83' lang='lat' dir='ltr'>creaturae</span> <span class='ocrx_word' id='word_1_424' title='bbox 1292 278 1479 321; x_wconf 86' lang='lat' dir='ltr'>eloquentia</span> <span class='ocrx_word' id='word_1_425' title='bbox 1509 281 1589 311; x_wconf 88' lang='lat' dir='ltr'>satis</span> <span class='ocrx_word' id='word_1_426' title='bbox 1618 282 1723 322; x_wconf 66' lang='lat' dir='ltr'>pinwi,</span> <span class='ocrx_word' id='word_1_427' title='bbox 1753 287 1808 312; x_wconf 87' lang='lat' dir='ltr'>aut</span> <span class='ocrx_word' id='word_1_428' title='bbox 1831 280 1989 322; x_wconf 83' lang='lat' dir='ltr'>explicari</span> <span class='ocrx_word' id='word_1_429' title='bbox 2015 280 2074 313; x_wconf 84' lang='lat' dir='ltr'>illa</span> 
     </span>
     <span class='ocr_line' id='line_1_62' title="bbox 1098 306 2072 355; baseline 0.002 -2"><span class='ocrx_word' id='word_1_430' title='bbox 1098 321 1230 353; x_wconf 88' lang='lat' dir='ltr'>collatio</span> <span class='ocrx_word' id='word_1_431' title='bbox 1254 320 1442 353; x_wconf 79' lang='lat' dir='ltr'>formarum.</span> <span class='ocrx_word' id='word_1_432' title='bbox 1487 322 1554 353; x_wconf 89' lang='lat' dir='ltr'>Sed</span> <span class='ocrx_word' id='word_1_433' title='bbox 1579 323 1648 354; x_wconf 83' lang='lat' dir='ltr'>vult</span> <span class='ocrx_word' id='word_1_434' title='bbox 1671 306 1764 355; x_wconf 61' lang='lat' dir='ltr'>fieus</span> <span class='ocrx_word' id='word_1_435' title='bbox 1791 324 1881 355; x_wconf 87' lang='lat' dir='ltr'>initia</span> <span class='ocrx_word' id='word_1_436' title='bbox 1902 324 1998 355; x_wconf 82' lang='lat' dir='ltr'>huius</span> <span class='ocrx_word' id='word_1_437' title='bbox 2022 334 2072 355; x_wconf 87' lang='lat' dir='ltr'>sa-</span> 
     </span>
     <span class='ocr_line' id='line_1_63' title="bbox 1096 365 2071 408; baseline 0.002 -13"><span class='ocrx_word' id='word_1_438' title='bbox 1096 365 1236 406; x_wconf 85' lang='lat' dir='ltr'>pientiae</span> <span class='ocrx_word' id='word_1_439' title='bbox 1260 371 1292 396; x_wconf 91' lang='lat' dir='ltr'>et</span> <span class='ocrx_word' id='word_1_440' title='bbox 1304 365 1459 396; x_wconf 79' lang='lat' dir='ltr'>bonitatis</span> <span class='ocrx_word' id='word_1_441' title='bbox 1472 375 1554 396; x_wconf 89' lang='lat' dir='ltr'>suae</span> <span class='ocrx_word' id='word_1_442' title='bbox 1578 366 1731 407; x_wconf 78' lang='lat' dir='ltr'>cogitari,</span> <span class='ocrx_word' id='word_1_443' title='bbox 1755 367 1836 397; x_wconf 88' lang='lat' dir='ltr'>etin</span> <span class='ocrx_word' id='word_1_444' title='bbox 1860 365 1924 397; x_wconf 85' lang='lat' dir='ltr'>hac</span> <span class='ocrx_word' id='word_1_445' title='bbox 1947 367 2071 408; x_wconf 84' lang='lat' dir='ltr'>cogita-</span> 
     </span>
     <span class='ocr_line' id='line_1_64' title="bbox 1097 407 2072 448; baseline 0.002 -9"><span class='ocrx_word' id='word_1_446' title='bbox 1097 408 1197 446; x_wconf 88' lang='lat' dir='ltr'>tione,</span> <span class='ocrx_word' id='word_1_447' title='bbox 1219 407 1370 438; x_wconf 86' lang='lat' dir='ltr'>accendit</span> <span class='ocrx_word' id='word_1_448' title='bbox 1392 408 1462 448; x_wconf 82' lang='lat' dir='ltr'>ipse</span> <span class='ocrx_word' id='word_1_449' title='bbox 1485 407 1593 439; x_wconf 90' lang='lat' dir='ltr'>lucem</span> <span class='ocrx_word' id='word_1_450' title='bbox 1616 418 1709 439; x_wconf 78' lang='lat' dir='ltr'>suam</span> <span class='ocrx_word' id='word_1_451' title='bbox 1732 410 1764 440; x_wconf 86' lang='lat' dir='ltr'>in</span> <span class='ocrx_word' id='word_1_452' title='bbox 1784 410 1893 446; x_wconf 88' lang='lat' dir='ltr'>nobis,</span> <span class='ocrx_word' id='word_1_453' title='bbox 1921 418 1995 440; x_wconf 91' lang='lat' dir='ltr'>cum</span> <span class='ocrx_word' id='word_1_454' title='bbox 2017 419 2072 441; x_wconf 86' lang='lat' dir='ltr'>ac·</span> 
     </span>
     <span class='ocr_line' id='line_1_65' title="bbox 1098 451 2072 492; baseline 0.001 -11"><span class='ocrx_word' id='word_1_455' title='bbox 1098 451 1218 482; x_wconf 89' lang='lat' dir='ltr'>cedunt</span> <span class='ocrx_word' id='word_1_456' title='bbox 1247 451 1290 491; x_wconf 90' lang='lat' dir='ltr'>pii</span> <span class='ocrx_word' id='word_1_457' title='bbox 1319 451 1460 492; x_wconf 80' lang='lat' dir='ltr'>gemitus</span> <span class='ocrx_word' id='word_1_458' title='bbox 1487 451 1519 481; x_wconf 92' lang='lat' dir='ltr'>in</span> <span class='ocrx_word' id='word_1_459' title='bbox 1551 451 1730 492; x_wconf 82' lang='lat' dir='ltr'>gratiarum</span> <span class='ocrx_word' id='word_1_460' title='bbox 1759 452 1890 484; x_wconf 83' lang='lat' dir='ltr'>actione</span> <span class='ocrx_word' id='word_1_461' title='bbox 1919 457 1951 482; x_wconf 89' lang='lat' dir='ltr'>et</span> <span class='ocrx_word' id='word_1_462' title='bbox 1981 452 2072 483; x_wconf 81' lang='lat' dir='ltr'>invo-</span> 
     </span>
     <span class='ocr_line' id='line_1_66' title="bbox 1097 494 1236 525; baseline 0 -1"><span class='ocrx_word' id='word_1_463' title='bbox 1097 494 1236 525; x_wconf 89' lang='lat' dir='ltr'>catione.</span> 
     </span>
    </p>

    <p class='ocr_par' dir='ltr' id='par_1_12' title="bbox 1096 535 2076 1037">
     <span class='ocr_line' id='line_1_67' title="bbox 1183 535 2071 578; baseline 0 -11"><span class='ocrx_word' id='word_1_464' title='bbox 1183 535 1260 567; x_wconf 84' lang='lat' dir='ltr'>Ideo</span> <span class='ocrx_word' id='word_1_465' title='bbox 1284 541 1319 567; x_wconf 89' lang='lat' dir='ltr'>ut</span> <span class='ocrx_word' id='word_1_466' title='bbox 1341 535 1450 567; x_wconf 72' lang='lat' dir='ltr'>Daw‘d</span> <span class='ocrx_word' id='word_1_467' title='bbox 1473 535 1597 577; x_wconf 82' lang='lat' dir='ltr'>gratias</span> <span class='ocrx_word' id='word_1_468' title='bbox 1621 542 1699 567; x_wconf 88' lang='lat' dir='ltr'>tunc</span> <span class='ocrx_word' id='word_1_469' title='bbox 1721 536 1787 578; x_wconf 84' lang='lat' dir='ltr'>egit</span> <span class='ocrx_word' id='word_1_470' title='bbox 1811 535 1877 567; x_wconf 74' lang='lat' dir='ltr'>filio</span> <span class='ocrx_word' id='word_1_471' title='bbox 1901 535 1980 573; x_wconf 91' lang='lat' dir='ltr'>Dei,</span> <span class='ocrx_word' id='word_1_472' title='bbox 2011 547 2071 577; x_wconf 92' lang='lat' dir='ltr'>pro</span> 
     </span>
     <span class='ocr_line' id='line_1_68' title="bbox 1098 578 2073 620; baseline 0 -11"><span class='ocrx_word' id='word_1_473' title='bbox 1098 579 1185 610; x_wconf 86' lang='lat' dir='ltr'>edita</span> <span class='ocrx_word' id='word_1_474' title='bbox 1206 579 1270 610; x_wconf 85' lang='lat' dir='ltr'>hac</span> <span class='ocrx_word' id='word_1_475' title='bbox 1292 579 1528 619; x_wconf 76' lang='lat' dir='ltr'>promissione,</span> <span class='ocrx_word' id='word_1_476' title='bbox 1559 589 1656 620; x_wconf 88' lang='lat' dir='ltr'>quam</span> <span class='ocrx_word' id='word_1_477' title='bbox 1684 578 1748 610; x_wconf 87' lang='lat' dir='ltr'>fide</span> <span class='ocrx_word' id='word_1_478' title='bbox 1777 579 1941 619; x_wconf 83' lang='lat' dir='ltr'>accipiens</span> <span class='ocrx_word' id='word_1_479' title='bbox 1969 579 2073 610; x_wconf 90' lang='lat' dir='ltr'>sensit</span> 
     </span>
     <span class='ocr_line' id='line_1_69' title="bbox 1096 621 2072 663; baseline 0.001 -12"><span class='ocrx_word' id='word_1_480' title='bbox 1096 621 1253 653; x_wconf 87' lang='lat' dir='ltr'>laetitiam</span> <span class='ocrx_word' id='word_1_481' title='bbox 1276 627 1309 652; x_wconf 88' lang='lat' dir='ltr'>et</span> <span class='ocrx_word' id='word_1_482' title='bbox 1326 621 1425 652; x_wconf 84' lang='lat' dir='ltr'>vitam</span> <span class='ocrx_word' id='word_1_483' title='bbox 1447 621 1479 651; x_wconf 95' lang='lat' dir='ltr'>in</span> <span class='ocrx_word' id='word_1_484' title='bbox 1503 622 1604 652; x_wconf 90' lang='lat' dir='ltr'>corde</span> <span class='ocrx_word' id='word_1_485' title='bbox 1627 630 1707 652; x_wconf 84' lang='lat' dir='ltr'>suo:</span> <span class='ocrx_word' id='word_1_486' title='bbox 1732 622 1780 652; x_wconf 86' lang='lat' dir='ltr'>sic</span> <span class='ocrx_word' id='word_1_487' title='bbox 1802 631 1864 651; x_wconf 89' lang='grc'>1105</span> <span class='ocrx_word' id='word_1_488' title='bbox 1883 623 1979 652; x_wconf 86' lang='lat' dir='ltr'>etiam</span> <span class='ocrx_word' id='word_1_489' title='bbox 1999 631 2072 663; x_wconf 83' lang='lat' dir='ltr'>gra-</span> 
     </span>
     <span class='ocr_line' id='line_1_70' title="bbox 1100 662 2073 706; baseline 0 -11"><span class='ocrx_word' id='word_1_490' title='bbox 1100 665 1161 695; x_wconf 87' lang='lat' dir='ltr'>tias</span> <span class='ocrx_word' id='word_1_491' title='bbox 1184 674 1286 706; x_wconf 85' lang='lat' dir='ltr'>agere</span> <span class='ocrx_word' id='word_1_492' title='bbox 1309 664 1467 695; x_wconf 88' lang='lat' dir='ltr'>debemus</span> <span class='ocrx_word' id='word_1_493' title='bbox 1491 663 1596 694; x_wconf 88' lang='lat' dir='ltr'>eidem</span> <span class='ocrx_word' id='word_1_494' title='bbox 1618 663 1685 695; x_wconf 81' lang='lat' dir='ltr'>filio</span> <span class='ocrx_word' id='word_1_495' title='bbox 1709 663 1783 699; x_wconf 86' lang='lat' dir='ltr'>Dei,</span> <span class='ocrx_word' id='word_1_496' title='bbox 1810 662 1965 695; x_wconf 77' lang='lat' dir='ltr'>exhibitio</span> <span class='ocrx_word' id='word_1_497' title='bbox 1984 664 2073 695; x_wconf 83' lang='lat' dir='ltr'>iuxta</span> 
     </span>
     <span class='ocr_line' id='line_1_71' title="bbox 1098 704 2073 748; baseline -0.001 -10"><span class='ocrx_word' id='word_1_498' title='bbox 1098 707 1356 748; x_wconf 67' lang='lat' dir='ltr'>promissiones,</span> <span class='ocrx_word' id='word_1_499' title='bbox 1387 706 1476 748; x_wconf 85' lang='lat' dir='ltr'>quod</span> <span class='ocrx_word' id='word_1_500' title='bbox 1504 715 1566 737; x_wconf 90' lang='lat' dir='ltr'>nos</span> <span class='ocrx_word' id='word_1_501' title='bbox 1596 706 1628 737; x_wconf 92' lang='lat' dir='ltr'>in</span> <span class='ocrx_word' id='word_1_502' title='bbox 1652 704 1758 737; x_wconf 88' lang='lat' dir='ltr'>forma</span> <span class='ocrx_word' id='word_1_503' title='bbox 1781 705 1921 737; x_wconf 83' lang='lat' dir='ltr'>hominis</span> <span class='ocrx_word' id='word_1_504' title='bbox 1944 707 2073 747; x_wconf 85' lang='lat' dir='ltr'>aspicit,</span> 
     </span>
     <span class='ocr_line' id='line_1_72' title="bbox 1100 749 2072 790; baseline 0 -10"><span class='ocrx_word' id='word_1_505' title='bbox 1100 750 1188 790; x_wconf 86' lang='lat' dir='ltr'>quod</span> <span class='ocrx_word' id='word_1_506' title='bbox 1211 755 1345 790; x_wconf 88' lang='lat' dir='ltr'>propter</span> <span class='ocrx_word' id='word_1_507' title='bbox 1367 759 1429 781; x_wconf 90' lang='grc'>1105</span> <span class='ocrx_word' id='word_1_508' title='bbox 1459 749 1564 780; x_wconf 74' lang='lat' dir='ltr'>induit</span> <span class='ocrx_word' id='word_1_509' title='bbox 1591 759 1735 780; x_wconf 83' lang='lat' dir='ltr'>massam</span> <span class='ocrx_word' id='word_1_510' title='bbox 1763 755 1898 780; x_wconf 80' lang='lat' dir='ltr'>naturae</span> <span class='ocrx_word' id='word_1_511' title='bbox 1928 755 2072 787; x_wconf 80' lang='lat' dir='ltr'>nostrae,</span> 
     </span>
     <span class='ocr_line' id='line_1_73' title="bbox 1099 790 2074 833; baseline -0.001 -10"><span class='ocrx_word' id='word_1_512' title='bbox 1099 793 1188 833; x_wconf 88' lang='lat' dir='ltr'>quod</span> <span class='ocrx_word' id='word_1_513' title='bbox 1210 793 1318 824; x_wconf 87' lang='lat' dir='ltr'>sactus</span> <span class='ocrx_word' id='word_1_514' title='bbox 1342 802 1393 823; x_wconf 77' lang='lat' dir='ltr'>est</span> <span class='ocrx_word' id='word_1_515' title='bbox 1415 792 1621 832; x_wconf 88' lang='lat' dir='ltr'>redemptor,</span> <span class='ocrx_word' id='word_1_516' title='bbox 1651 792 1740 833; x_wconf 91' lang='lat' dir='ltr'>quod</span> <span class='ocrx_word' id='word_1_517' title='bbox 1770 801 1862 823; x_wconf 88' lang='lat' dir='ltr'>suam</span> <span class='ocrx_word' id='word_1_518' title='bbox 1890 792 1986 823; x_wconf 86' lang='lat' dir='ltr'>nobis</span> <span class='ocrx_word' id='word_1_519' title='bbox 2009 790 2074 822; x_wconf 84' lang='lat' dir='ltr'>sor-</span> 
     </span>
     <span class='ocr_line' id='line_1_74' title="bbox 1099 832 2074 876; baseline -0.001 -11"><span class='ocrx_word' id='word_1_520' title='bbox 1099 844 1185 866; x_wconf 88' lang='lat' dir='ltr'>mam</span> <span class='ocrx_word' id='word_1_521' title='bbox 1207 835 1322 872; x_wconf 87' lang='lat' dir='ltr'>donat,</span> <span class='ocrx_word' id='word_1_522' title='bbox 1352 835 1441 876; x_wconf 82' lang='lat' dir='ltr'>quod</span> <span class='ocrx_word' id='word_1_523' title='bbox 1463 835 1580 865; x_wconf 81' lang='lat' dir='ltr'>merito</span> <span class='ocrx_word' id='word_1_524' title='bbox 1608 839 1640 865; x_wconf 90' lang='lat' dir='ltr'>et</span> <span class='ocrx_word' id='word_1_525' title='bbox 1664 832 1813 865; x_wconf 76' lang='lat' dir='ltr'>efficacia</span> <span class='ocrx_word' id='word_1_526' title='bbox 1840 833 1988 865; x_wconf 81' lang='lat' dir='ltr'>salvator</span> <span class='ocrx_word' id='word_1_527' title='bbox 2015 844 2074 864; x_wconf 89' lang='lat' dir='ltr'>no-</span> 
     </span>
     <span class='ocr_line' id='line_1_75' title="bbox 1099 875 2072 919; baseline 0.001 -13"><span class='ocrx_word' id='word_1_528' title='bbox 1099 883 1169 908; x_wconf 84' lang='lat' dir='ltr'>ster</span> <span class='ocrx_word' id='word_1_529' title='bbox 1192 884 1254 909; x_wconf 87' lang='lat' dir='ltr'>est.</span> <span class='ocrx_word' id='word_1_530' title='bbox 1298 877 1364 908; x_wconf 88' lang='lat' dir='ltr'>Pro</span> <span class='ocrx_word' id='word_1_531' title='bbox 1387 877 1439 908; x_wconf 85' lang='lat' dir='ltr'>his</span> <span class='ocrx_word' id='word_1_532' title='bbox 1464 877 1616 908; x_wconf 89' lang='lat' dir='ltr'>omnibus</span> <span class='ocrx_word' id='word_1_533' title='bbox 1642 875 1811 908; x_wconf 85' lang='lat' dir='ltr'>beneficiis</span> <span class='ocrx_word' id='word_1_534' title='bbox 1840 887 1978 919; x_wconf 87' lang='lat' dir='ltr'>agamus</span> <span class='ocrx_word' id='word_1_535' title='bbox 2007 875 2072 908; x_wconf 84' lang='lat' dir='ltr'>filio</span> 
     </span>
     <span class='ocr_line' id='line_1_76' title="bbox 1098 918 2074 962; baseline 0 -12"><span class='ocrx_word' id='word_1_536' title='bbox 1098 919 1162 951; x_wconf 89' lang='lat' dir='ltr'>Dei</span> <span class='ocrx_word' id='word_1_537' title='bbox 1185 921 1318 952; x_wconf 86' lang='lat' dir='ltr'>assidue</span> <span class='ocrx_word' id='word_1_538' title='bbox 1341 921 1477 962; x_wconf 84' lang='lat' dir='ltr'>gratias,</span> <span class='ocrx_word' id='word_1_539' title='bbox 1501 925 1534 950; x_wconf 86' lang='lat' dir='ltr'>et</span> <span class='ocrx_word' id='word_1_540' title='bbox 1557 918 1654 951; x_wconf 85' lang='lat' dir='ltr'>simul</span> <span class='ocrx_word' id='word_1_541' title='bbox 1678 929 1828 958; x_wconf 75' lang='lat' dir='ltr'>oremuS,</span> <span class='ocrx_word' id='word_1_542' title='bbox 1853 926 1887 950; x_wconf 90' lang='lat' dir='ltr'>ut</span> <span class='ocrx_word' id='word_1_543' title='bbox 1905 930 1967 951; x_wconf 85' lang='lat' dir='ltr'>nos</span> <span class='ocrx_word' id='word_1_544' title='bbox 1991 930 2074 951; x_wconf 79' lang='lat' dir='ltr'>sem-</span> 
     </span>
     <span class='ocr_line' id='line_1_77' title="bbox 1098 963 2076 1004; baseline -0.001 -10"><span class='ocrx_word' id='word_1_545' title='bbox 1098 973 1157 1003; x_wconf 87' lang='lat' dir='ltr'>per</span> <span class='ocrx_word' id='word_1_546' title='bbox 1185 963 1340 1004; x_wconf 85' lang='lat' dir='ltr'>aspiciat,</span> <span class='ocrx_word' id='word_1_547' title='bbox 1370 963 1506 1000; x_wconf 87' lang='lat' dir='ltr'>doceat,</span> <span class='ocrx_word' id='word_1_548' title='bbox 1536 963 1714 1004; x_wconf 84' lang='lat' dir='ltr'>gubernet,</span> <span class='ocrx_word' id='word_1_549' title='bbox 1747 968 1917 1004; x_wconf 83' lang='lat' dir='ltr'>protegat,</span> <span class='ocrx_word' id='word_1_550' title='bbox 1952 969 1984 994; x_wconf 89' lang='lat' dir='ltr'>et</span> <span class='ocrx_word' id='word_1_551' title='bbox 2014 972 2076 993; x_wconf 83' lang='lat' dir='ltr'>sua</span> 
     </span>
     <span class='ocr_line' id='line_1_78' title="bbox 1098 1004 1710 1037; baseline 0 -2"><span class='ocrx_word' id='word_1_552' title='bbox 1098 1004 1203 1037; x_wconf 82' lang='lat' dir='ltr'>sortua</span> <span class='ocrx_word' id='word_1_553' title='bbox 1226 1007 1260 1037; x_wconf 91' lang='lat' dir='ltr'>iu</span> <span class='ocrx_word' id='word_1_554' title='bbox 1283 1011 1352 1037; x_wconf 86' lang='lat' dir='ltr'>tota</span> <span class='ocrx_word' id='word_1_555' title='bbox 1373 1005 1566 1036; x_wconf 87' lang='lat' dir='ltr'>aeternitate</span> <span class='ocrx_word' id='word_1_556' title='bbox 1588 1005 1710 1037; x_wconf 83' lang='lat' dir='ltr'>induat.</span> 
     </span>
    </p>

    <p class='ocr_par' dir='ltr' id='par_1_13' title="bbox 1097 1047 2078 1602">
     <span class='ocr_line' id='line_1_79' title="bbox 1183 1047 2076 1080; baseline 0 -1"><span class='ocrx_word' id='word_1_557' title='bbox 1183 1048 1368 1080; x_wconf 80' lang='lat' dir='ltr'>Teneamus</span> <span class='ocrx_word' id='word_1_558' title='bbox 1392 1048 1488 1080; x_wconf 85' lang='lat' dir='ltr'>etiam</span> <span class='ocrx_word' id='word_1_559' title='bbox 1510 1047 1596 1079; x_wconf 88' lang='lat' dir='ltr'>hanc</span> <span class='ocrx_word' id='word_1_560' title='bbox 1620 1047 1881 1079; x_wconf 87' lang='lat' dir='ltr'>consolationem</span> <span class='ocrx_word' id='word_1_561' title='bbox 1912 1048 1945 1079; x_wconf 92' lang='lat' dir='ltr'>in</span> <span class='ocrx_word' id='word_1_562' title='bbox 1974 1048 2076 1079; x_wconf 91' lang='lat' dir='ltr'>omni-</span> 
     </span>
     <span class='ocr_line' id='line_1_80' title="bbox 1099 1090 2077 1132; baseline 0.001 -11"><span class='ocrx_word' id='word_1_563' title='bbox 1099 1091 1162 1122; x_wconf 88' lang='lat' dir='ltr'>bus</span> <span class='ocrx_word' id='word_1_564' title='bbox 1196 1091 1320 1122; x_wconf 82' lang='lat' dir='ltr'>nostris</span> <span class='ocrx_word' id='word_1_565' title='bbox 1348 1091 1500 1122; x_wconf 86' lang='lat' dir='ltr'>miseriis.</span> <span class='ocrx_word' id='word_1_566' title='bbox 1547 1090 1629 1122; x_wconf 83' lang='lat' dir='ltr'>Cum</span> <span class='ocrx_word' id='word_1_567' title='bbox 1663 1091 1867 1131; x_wconf 77' lang='lat' dir='ltr'>experimur,</span> <span class='ocrx_word' id='word_1_568' title='bbox 1902 1101 2000 1132; x_wconf 89' lang='lat' dir='ltr'>quam</span> <span class='ocrx_word' id='word_1_569' title='bbox 2033 1091 2077 1122; x_wconf 83' lang='lat' dir='ltr'>sit</span> 
     </span>
     <span class='ocr_line' id='line_1_81' title="bbox 1097 1132 2077 1175; baseline 0 -11"><span class='ocrx_word' id='word_1_570' title='bbox 1097 1140 1234 1165; x_wconf 81' lang='lat' dir='ltr'>naturae</span> <span class='ocrx_word' id='word_1_571' title='bbox 1255 1133 1418 1166; x_wconf 85' lang='lat' dir='ltr'>humanae</span> <span class='ocrx_word' id='word_1_572' title='bbox 1447 1132 1554 1164; x_wconf 87' lang='lat' dir='ltr'>forma</span> <span class='ocrx_word' id='word_1_573' title='bbox 1581 1132 1755 1175; x_wconf 81' lang='lat' dir='ltr'>languida,</span> <span class='ocrx_word' id='word_1_574' title='bbox 1786 1132 1885 1174; x_wconf 83' lang='lat' dir='ltr'>plena</span> <span class='ocrx_word' id='word_1_575' title='bbox 1913 1132 2077 1175; x_wconf 84' lang='lat' dir='ltr'>caliginis,</span> 
     </span>
     <span class='ocr_line' id='line_1_82' title="bbox 1098 1174 2077 1215; baseline -0.001 -7"><span class='ocrx_word' id='word_1_576' title='bbox 1098 1177 1300 1215; x_wconf 88' lang='lat' dir='ltr'>morborum,</span> <span class='ocrx_word' id='word_1_577' title='bbox 1325 1174 1582 1207; x_wconf 84' lang='lat' dir='ltr'>deformitatum:</span> <span class='ocrx_word' id='word_1_578' title='bbox 1618 1175 1701 1207; x_wconf 90' lang='lat' dir='ltr'>Cum</span> <span class='ocrx_word' id='word_1_579' title='bbox 1724 1175 1816 1207; x_wconf 84' lang='lat' dir='ltr'>nulla</span> <span class='ocrx_word' id='word_1_580' title='bbox 1839 1177 1932 1208; x_wconf 81' lang='lat' dir='ltr'>firma</span> <span class='ocrx_word' id='word_1_581' title='bbox 1955 1175 2077 1208; x_wconf 79' lang='lat' dir='ltr'>solatia</span> 
     </span>
     <span class='ocr_line' id='line_1_83' title="bbox 1098 1217 2077 1260; baseline 0 -10"><span class='ocrx_word' id='word_1_582' title='bbox 1098 1220 1295 1260; x_wconf 87' lang='lat' dir='ltr'>reperimus:</span> <span class='ocrx_word' id='word_1_583' title='bbox 1318 1217 1507 1250; x_wconf 83' lang='lat' dir='ltr'>attollamus</span> <span class='ocrx_word' id='word_1_584' title='bbox 1531 1224 1658 1250; x_wconf 86' lang='lat' dir='ltr'>mentes</span> <span class='ocrx_word' id='word_1_585' title='bbox 1682 1225 1713 1250; x_wconf 89' lang='lat' dir='ltr'>et</span> <span class='ocrx_word' id='word_1_586' title='bbox 1738 1218 1855 1250; x_wconf 89' lang='lat' dir='ltr'>oeulos</span> <span class='ocrx_word' id='word_1_587' title='bbox 1876 1226 2010 1251; x_wconf 81' lang='lat' dir='ltr'>nostros</span> <span class='ocrx_word' id='word_1_588' title='bbox 2033 1219 2077 1250; x_wconf 88' lang='lat' dir='ltr'>ad</span> 
     </span>
     <span class='ocr_line' id='line_1_84' title="bbox 1097 1261 2077 1303; baseline 0 -11"><span class='ocrx_word' id='word_1_589' title='bbox 1097 1261 1187 1294; x_wconf 86' lang='grc'>1111110</span> <span class='ocrx_word' id='word_1_590' title='bbox 1206 1262 1394 1300; x_wconf 88' lang='lat' dir='ltr'>Dominum,</span> <span class='ocrx_word' id='word_1_591' title='bbox 1417 1262 1630 1303; x_wconf 87' lang='lat' dir='ltr'>aspicientem</span> <span class='ocrx_word' id='word_1_592' title='bbox 1654 1271 1716 1292; x_wconf 90' lang='lat' dir='ltr'>nos</span> <span class='ocrx_word' id='word_1_593' title='bbox 1740 1262 1771 1292; x_wconf 91' lang='lat' dir='ltr'>in</span> <span class='ocrx_word' id='word_1_594' title='bbox 1795 1262 1900 1294; x_wconf 88' lang='lat' dir='ltr'>forma</span> <span class='ocrx_word' id='word_1_595' title='bbox 1922 1262 2077 1300; x_wconf 85' lang='lat' dir='ltr'>hominis,</span> 
     </span>
     <span class='ocr_line' id='line_1_85' title="bbox 1097 1304 2075 1346; baseline 0 -10"><span class='ocrx_word' id='word_1_596' title='bbox 1097 1310 1131 1336; x_wconf 86' lang='lat' dir='ltr'>et</span> <span class='ocrx_word' id='word_1_597' title='bbox 1152 1305 1284 1346; x_wconf 89' lang='lat' dir='ltr'>quidem</span> <span class='ocrx_word' id='word_1_598' title='bbox 1305 1305 1578 1346; x_wconf 86' lang='lat' dir='ltr'>praecipientem,</span> <span class='ocrx_word' id='word_1_599' title='bbox 1606 1310 1642 1336; x_wconf 90' lang='lat' dir='ltr'>ut</span> <span class='ocrx_word' id='word_1_600' title='bbox 1660 1304 1890 1346; x_wconf 83' lang='lat' dir='ltr'>confugiamus</span> <span class='ocrx_word' id='word_1_601' title='bbox 1919 1305 1959 1336; x_wconf 88' lang='lat' dir='ltr'>ad</span> <span class='ocrx_word' id='word_1_602' title='bbox 1984 1315 2075 1336; x_wconf 87' lang='lat' dir='ltr'>eum:</span> 
     </span>
     <span class='ocr_line' id='line_1_86' title="bbox 1098 1347 2078 1389; baseline 0 -11"><span class='ocrx_word' id='word_1_603' title='bbox 1098 1348 1185 1379; x_wconf 87' lang='lat' dir='ltr'>sicut</span> <span class='ocrx_word' id='word_1_604' title='bbox 1207 1348 1328 1389; x_wconf 82' lang='lat' dir='ltr'>inquit:</span> <span class='ocrx_word' id='word_1_605' title='bbox 1364 1347 1474 1380; x_wconf 74' lang='lat' dir='ltr'>Venite</span> <span class='ocrx_word' id='word_1_606' title='bbox 1503 1348 1547 1379; x_wconf 80' lang='lat' dir='ltr'>ad</span> <span class='ocrx_word' id='word_1_607' title='bbox 1574 1357 1621 1378; x_wconf 85' lang='lat' dir='ltr'>me</span> <span class='ocrx_word' id='word_1_608' title='bbox 1648 1357 1752 1379; x_wconf 79' lang='lat' dir='ltr'>omnes</span> <span class='ocrx_word' id='word_1_609' title='bbox 1781 1349 1838 1388; x_wconf 80' lang='lat' dir='ltr'>qui</span> <span class='ocrx_word' id='word_1_610' title='bbox 1859 1347 2016 1380; x_wconf 79' lang='lat' dir='ltr'>laboratis</span> <span class='ocrx_word' id='word_1_611' title='bbox 2046 1351 2078 1378; x_wconf 75' lang='lat' dir='ltr'>et</span> 
     </span>
     <span class='ocr_line' id='line_1_87' title="bbox 1097 1390 2076 1432; baseline -0.001 -10"><span class='ocrx_word' id='word_1_612' title='bbox 1097 1392 1227 1422; x_wconf 78' lang='lat' dir='ltr'>onerati</span> <span class='ocrx_word' id='word_1_613' title='bbox 1246 1392 1335 1428; x_wconf 74' lang='lat' dir='ltr'>estis,</span> <span class='ocrx_word' id='word_1_614' title='bbox 1359 1395 1390 1422; x_wconf 81' lang='lat' dir='ltr'>et</span> <span class='ocrx_word' id='word_1_615' title='bbox 1411 1401 1467 1432; x_wconf 73' lang='lat' dir='ltr'>eya</span> <span class='ocrx_word' id='word_1_616' title='bbox 1491 1390 1633 1432; x_wconf 79' lang='lat' dir='ltr'>reficiam</span> <span class='ocrx_word' id='word_1_617' title='bbox 1655 1400 1720 1423; x_wconf 70' lang='lat' dir='ltr'>vos.</span> <span class='ocrx_word' id='word_1_618' title='bbox 1762 1390 1814 1421; x_wconf 88' lang='lat' dir='ltr'>Ab</span> <span class='ocrx_word' id='word_1_619' title='bbox 1838 1390 1904 1424; x_wconf 88' lang='lat' dir='ltr'>hoc</span> <span class='ocrx_word' id='word_1_620' title='bbox 1927 1397 2076 1432; x_wconf 86' lang='lat' dir='ltr'>petamus</span> 
     </span>
     <span class='ocr_line' id='line_1_88' title="bbox 1098 1432 2074 1476; baseline -0.002 -11"><span class='ocrx_word' id='word_1_621' title='bbox 1098 1440 1131 1465; x_wconf 83' lang='lat' dir='ltr'>et</span> <span class='ocrx_word' id='word_1_622' title='bbox 1153 1440 1364 1476; x_wconf 83' lang='lat' dir='ltr'>expectemus</span> <span class='ocrx_word' id='word_1_623' title='bbox 1387 1432 1560 1472; x_wconf 69' lang='lat' dir='ltr'>auxilium,</span> <span class='ocrx_word' id='word_1_624' title='bbox 1584 1433 1875 1475; x_wconf 81' lang='lat' dir='ltr'>gubernationem,</span> <span class='ocrx_word' id='word_1_625' title='bbox 1897 1433 2074 1475; x_wconf 88' lang='lat' dir='ltr'>protectio-</span> 
     </span>
     <span class='ocr_line' id='line_1_89' title="bbox 1098 1475 2075 1517; baseline 0 -10"><span class='ocrx_word' id='word_1_626' title='bbox 1098 1487 1191 1515; x_wconf 90' lang='lat' dir='ltr'>nem,</span> <span class='ocrx_word' id='word_1_627' title='bbox 1221 1482 1254 1508; x_wconf 87' lang='lat' dir='ltr'>et</span> <span class='ocrx_word' id='word_1_628' title='bbox 1277 1475 1428 1508; x_wconf 86' lang='lat' dir='ltr'>salutem.</span> <span class='ocrx_word' id='word_1_629' title='bbox 1474 1476 1566 1511; x_wconf 89' lang='lat' dir='ltr'>Quae</span> <span class='ocrx_word' id='word_1_630' title='bbox 1596 1477 1684 1507; x_wconf 90' lang='lat' dir='ltr'>bona</span> <span class='ocrx_word' id='word_1_631' title='bbox 1712 1477 1757 1507; x_wconf 89' lang='lat' dir='ltr'>ita</span> <span class='ocrx_word' id='word_1_632' title='bbox 1785 1477 1881 1508; x_wconf 90' lang='lat' dir='ltr'>nobis</span> <span class='ocrx_word' id='word_1_633' title='bbox 1910 1476 2075 1517; x_wconf 86' lang='lat' dir='ltr'>promisit,</span> 
     </span>
     <span class='ocr_line' id='line_1_90' title="bbox 1097 1519 2073 1561; baseline 0 -11"><span class='ocrx_word' id='word_1_634' title='bbox 1097 1525 1133 1549; x_wconf 92' lang='lat' dir='ltr'>ut</span> <span class='ocrx_word' id='word_1_635' title='bbox 1155 1520 1252 1550; x_wconf 88' lang='lat' dir='ltr'>etiam</span> <span class='ocrx_word' id='word_1_636' title='bbox 1274 1519 1434 1560; x_wconf 84' lang='lat' dir='ltr'>sanguine</span> <span class='ocrx_word' id='word_1_637' title='bbox 1464 1524 1496 1550; x_wconf 91' lang='lat' dir='ltr'>et</span> <span class='ocrx_word' id='word_1_638' title='bbox 1525 1519 1768 1551; x_wconf 85' lang='lat' dir='ltr'>resurrectione</span> <span class='ocrx_word' id='word_1_639' title='bbox 1790 1529 1851 1551; x_wconf 87' lang='lat' dir='ltr'>sua</span> <span class='ocrx_word' id='word_1_640' title='bbox 1875 1520 2073 1561; x_wconf 80' lang='lat' dir='ltr'>obsignave-</span> 
     </span>
     <span class='ocr_line' id='line_1_91' title="bbox 1097 1562 1497 1602; baseline 0 -9"><span class='ocrx_word' id='word_1_641' title='bbox 1097 1562 1140 1593; x_wconf 85' lang='lat' dir='ltr'>rit</span> <span class='ocrx_word' id='word_1_642' title='bbox 1161 1562 1223 1593; x_wconf 86' lang='lat' dir='ltr'>has</span> <span class='ocrx_word' id='word_1_643' title='bbox 1246 1562 1497 1602; x_wconf 78' lang='lat' dir='ltr'>promissiones.</span> 
     </span>
    </p>
   </div>
   <div class='ocr_carea' id='block_1_6' title="bbox 1098 1726 2075 1886">
    <p class='ocr_par' dir='ltr' id='par_1_14' title="bbox 1098 1726 2075 1886">
     <span class='ocr_line' id='line_1_92' title="bbox 1098 1726 2075 1766; baseline 0 0"><span class='ocrx_word' id='word_1_644' title='bbox 1098 1726 1464 1766; x_wconf 74' lang='lat' dir='ltr'>Adhortatiuncula</span> <span class='ocrx_word' id='word_1_645' title='bbox 1498 1726 1552 1766; x_wconf 86' lang='lat' dir='ltr'>ad</span> <span class='ocrx_word' id='word_1_646' title='bbox 1583 1726 1816 1766; x_wconf 78' lang='lat' dir='ltr'>discendam</span> <span class='ocrx_word' id='word_1_647' title='bbox 1848 1726 2075 1766; x_wconf 78' lang='lat' dir='ltr'>doctrinam</span> 
     </span>
     <span class='ocr_line' id='line_1_93' title="bbox 1140 1785 2026 1840; baseline 0 -14"><span class='ocrx_word' id='word_1_648' title='bbox 1140 1787 1416 1836; x_wconf 81' lang='lat' dir='ltr'>neeessariam,</span> <span class='ocrx_word' id='word_1_649' title='bbox 1451 1800 1555 1840; x_wconf 85' lang='lat' dir='ltr'>quae</span> <span class='ocrx_word' id='word_1_650' title='bbox 1587 1787 1821 1840; x_wconf 78' lang='lat' dir='ltr'>proponitur</span> <span class='ocrx_word' id='word_1_651' title='bbox 1852 1787 1893 1826; x_wconf 85' lang='lat' dir='ltr'>in</span> <span class='ocrx_word' id='word_1_652' title='bbox 1923 1785 2026 1827; x_wconf 78' lang='lat' dir='ltr'>sesto</span> 
     </span>
     <span class='ocr_line' id='line_1_94' title="bbox 1493 1845 1682 1886; baseline 0 -1"><span class='ocrx_word' id='word_1_653' title='bbox 1493 1845 1682 1886; x_wconf 77' lang='lat' dir='ltr'>natalitio.</span> 
     </span>
    </p>
   </div>
   <div class='ocr_carea' id='block_1_7' title="bbox 1092 1944 2073 2588">
    <p class='ocr_par' dir='ltr' id='par_1_15' title="bbox 1092 1944 2073 2543">
     <span class='ocr_line' id='line_1_95' title="bbox 1183 1944 2072 1977; baseline 0 -1"><span class='ocrx_word' id='word_1_654' title='bbox 1183 1944 1408 1977; x_wconf 85' lang='lat' dir='ltr'>Celebrabunt</span> <span class='ocrx_word' id='word_1_655' title='bbox 1429 1945 1516 1977; x_wconf 83' lang='lat' dir='ltr'>hanc</span> <span class='ocrx_word' id='word_1_656' title='bbox 1539 1946 1723 1977; x_wconf 88' lang='lat' dir='ltr'>doctrinam</span> <span class='ocrx_word' id='word_1_657' title='bbox 1740 1945 1772 1976; x_wconf 92' lang='lat' dir='ltr'>in</span> <span class='ocrx_word' id='word_1_658' title='bbox 1790 1951 1861 1977; x_wconf 86' lang='lat' dir='ltr'>tota</span> <span class='ocrx_word' id='word_1_659' title='bbox 1879 1945 2072 1977; x_wconf 89' lang='lat' dir='ltr'>aeternitate</span> 
     </span>
     <span class='ocr_line' id='line_1_96' title="bbox 1098 1988 2072 2026; baseline 0 -6"><span class='ocrx_word' id='word_1_660' title='bbox 1098 1999 1212 2020; x_wconf 84' lang='lat' dir='ltr'>omnes</span> <span class='ocrx_word' id='word_1_661' title='bbox 1239 1989 1366 2026; x_wconf 81' lang='lat' dir='ltr'>sancti,</span> <span class='ocrx_word' id='word_1_662' title='bbox 1399 1989 1459 2020; x_wconf 87' lang='lat' dir='ltr'>sed</span> <span class='ocrx_word' id='word_1_663' title='bbox 1488 1995 1596 2020; x_wconf 88' lang='lat' dir='ltr'>tamen</span> <span class='ocrx_word' id='word_1_664' title='bbox 1626 1989 1715 2020; x_wconf 90' lang='lat' dir='ltr'>initia</span> <span class='ocrx_word' id='word_1_665' title='bbox 1747 1988 1801 2020; x_wconf 90' lang='lat' dir='ltr'>hic</span> <span class='ocrx_word' id='word_1_666' title='bbox 1830 1988 2005 2025; x_wconf 77' lang='lat' dir='ltr'>discenda,</span> <span class='ocrx_word' id='word_1_667' title='bbox 2039 1994 2072 2020; x_wconf 89' lang='lat' dir='ltr'>et</span> 
     </span>
     <span class='ocr_line' id='line_1_97' title="bbox 1120 2031 2072 2072; baseline -0.001 -10"><span class='ocrx_word' id='word_1_668' title='bbox 1120 2032 1243 2063; x_wconf 83' lang='lat' dir='ltr'>uotidie</span> <span class='ocrx_word' id='word_1_669' title='bbox 1267 2032 1454 2063; x_wconf 85' lang='lat' dir='ltr'>exercenda</span> <span class='ocrx_word' id='word_1_670' title='bbox 1477 2037 1568 2069; x_wconf 83' lang='lat' dir='ltr'>sunt,</span> <span class='ocrx_word' id='word_1_671' title='bbox 1599 2032 1740 2062; x_wconf 83' lang='lat' dir='ltr'>maxime</span> <span class='ocrx_word' id='word_1_672' title='bbox 1768 2032 1806 2062; x_wconf 85' lang='lat' dir='ltr'>iis</span> <span class='ocrx_word' id='word_1_673' title='bbox 1837 2032 1917 2072; x_wconf 78' lang='lat' dir='ltr'>ipsis</span> <span class='ocrx_word' id='word_1_674' title='bbox 1944 2031 2072 2069; x_wconf 86' lang='lat' dir='ltr'>diebus,</span> 
     </span>
     <span class='ocr_line' id='line_1_98' title="bbox 1097 2073 2073 2116; baseline -0.002 -11"><span class='ocrx_word' id='word_1_675' title='bbox 1097 2075 1216 2116; x_wconf 84' lang='lat' dir='ltr'>quibus</span> <span class='ocrx_word' id='word_1_676' title='bbox 1250 2074 1383 2115; x_wconf 87' lang='lat' dir='ltr'>publice</span> <span class='ocrx_word' id='word_1_677' title='bbox 1417 2075 1448 2105; x_wconf 91' lang='lat' dir='ltr'>in</span> <span class='ocrx_word' id='word_1_678' title='bbox 1478 2073 1631 2106; x_wconf 78' lang='lat' dir='ltr'>Ecclesia</span> <span class='ocrx_word' id='word_1_679' title='bbox 1660 2075 1862 2116; x_wconf 83' lang='lat' dir='ltr'>proponitur.</span> <span class='ocrx_word' id='word_1_680' title='bbox 1909 2073 1984 2104; x_wconf 73' lang='lat' dir='ltr'>Non</span> <span class='ocrx_word' id='word_1_681' title='bbox 2020 2080 2073 2104; x_wconf 85' lang='lat' dir='ltr'>est</span> 
     </span>
     <span class='ocr_line' id='line_1_99' title="bbox 1096 2116 2073 2155; baseline -0.001 -7"><span class='ocrx_word' id='word_1_682' title='bbox 1096 2116 1161 2148; x_wconf 89' lang='lat' dir='ltr'>alia</span> <span class='ocrx_word' id='word_1_683' title='bbox 1186 2127 1304 2155; x_wconf 77' lang='lat' dir='ltr'>causa,</span> <span class='ocrx_word' id='word_1_684' title='bbox 1333 2127 1391 2148; x_wconf 88' lang='lat' dir='ltr'>cur</span> <span class='ocrx_word' id='word_1_685' title='bbox 1415 2118 1582 2155; x_wconf 77' lang='lat' dir='ltr'>vivamus,</span> <span class='ocrx_word' id='word_1_686' title='bbox 1612 2118 1674 2148; x_wconf 91' lang='grc'>11151</span> <span class='ocrx_word' id='word_1_687' title='bbox 1704 2124 1737 2148; x_wconf 90' lang='lat' dir='ltr'>ut</span> <span class='ocrx_word' id='word_1_688' title='bbox 1763 2117 1927 2148; x_wconf 84' lang='lat' dir='ltr'>discamus</span> <span class='ocrx_word' id='word_1_689' title='bbox 1951 2117 2073 2147; x_wconf 85' lang='lat' dir='ltr'>doctri-</span> 
     </span>
     <span class='ocr_line' id='line_1_100' title="bbox 1095 2158 2072 2202; baseline -0.001 -11"><span class='ocrx_word' id='word_1_690' title='bbox 1095 2170 1187 2198; x_wconf 86' lang='lat' dir='ltr'>nam,</span> <span class='ocrx_word' id='word_1_691' title='bbox 1213 2159 1446 2192; x_wconf 84' lang='lat' dir='ltr'>confirmemus</span> <span class='ocrx_word' id='word_1_692' title='bbox 1471 2170 1557 2198; x_wconf 77' lang='lat' dir='ltr'>eain,</span> <span class='ocrx_word' id='word_1_693' title='bbox 1580 2166 1612 2192; x_wconf 85' lang='lat' dir='ltr'>et</span> <span class='ocrx_word' id='word_1_694' title='bbox 1633 2167 1839 2202; x_wconf 77' lang='lat' dir='ltr'>praestemus</span> <span class='ocrx_word' id='word_1_695' title='bbox 1864 2159 1972 2191; x_wconf 66' lang='lat' dir='ltr'>cultus</span> <span class='ocrx_word' id='word_1_696' title='bbox 1997 2158 2072 2190; x_wconf 89' lang='lat' dir='ltr'>Deo</span> 
     </span>
     <span class='ocr_line' id='line_1_101' title="bbox 1095 2201 2071 2244; baseline -0.002 -10"><span class='ocrx_word' id='word_1_697' title='bbox 1095 2209 1220 2244; x_wconf 79' lang='lat' dir='ltr'>gratos.</span> <span class='ocrx_word' id='word_1_698' title='bbox 1267 2202 1379 2234; x_wconf 84' lang='lat' dir='ltr'>Facite</span> <span class='ocrx_word' id='word_1_699' title='bbox 1409 2202 1635 2234; x_wconf 87' lang='lat' dir='ltr'>collationem:</span> <span class='ocrx_word' id='word_1_700' title='bbox 1677 2203 1780 2238; x_wconf 84' lang='lat' dir='ltr'>Quam</span> <span class='ocrx_word' id='word_1_701' title='bbox 1811 2201 1867 2233; x_wconf 85' lang='lat' dir='ltr'>fuit</span> <span class='ocrx_word' id='word_1_702' title='bbox 1900 2201 2071 2233; x_wconf 77' lang='lat' dir='ltr'>laboriosa</span> 
     </span>
     <span class='ocr_line' id='line_1_102' title="bbox 1094 2243 2073 2285; baseline 0 -9"><span class='ocrx_word' id='word_1_703' title='bbox 1094 2246 1161 2277; x_wconf 77' lang='lat' dir='ltr'>vita</span> <span class='ocrx_word' id='word_1_704' title='bbox 1189 2245 1258 2277; x_wconf 86' lang='lat' dir='ltr'>Iulii</span> <span class='ocrx_word' id='word_1_705' title='bbox 1290 2245 1462 2284; x_wconf 72' lang='lat' dir='ltr'>Caesaris,</span> <span class='ocrx_word' id='word_1_706' title='bbox 1491 2245 1670 2277; x_wconf 82' lang='lat' dir='ltr'>Alexandri</span> <span class='ocrx_word' id='word_1_707' title='bbox 1692 2245 1821 2285; x_wconf 79' lang='lat' dir='ltr'>Magni,</span> <span class='ocrx_word' id='word_1_708' title='bbox 1853 2243 2073 2276; x_wconf 62' lang='lat' dir='ltr'>Hannibalis?</span> 
     </span>
     <span class='ocr_line' id='line_1_103' title="bbox 1093 2287 2070 2320; baseline 0 -2"><span class='ocrx_word' id='word_1_709' title='bbox 1093 2288 1284 2320; x_wconf 82' lang='lat' dir='ltr'>Alexander</span> <span class='ocrx_word' id='word_1_710' title='bbox 1307 2289 1338 2319; x_wconf 86' lang='lat' dir='ltr'>in</span> <span class='ocrx_word' id='word_1_711' title='bbox 1362 2289 1523 2320; x_wconf 81' lang='lat' dir='ltr'>seditione</span> <span class='ocrx_word' id='word_1_712' title='bbox 1546 2290 1713 2320; x_wconf 68' lang='lat' dir='ltr'>exet-crus</span> <span class='ocrx_word' id='word_1_713' title='bbox 1737 2289 1813 2319; x_wconf 85' lang='lat' dir='ltr'>dixit</span> <span class='ocrx_word' id='word_1_714' title='bbox 1837 2288 1879 2318; x_wconf 86' lang='lat' dir='ltr'>ad</span> <span class='ocrx_word' id='word_1_715' title='bbox 1898 2287 2016 2319; x_wconf 85' lang='lat' dir='ltr'>milites</span> <span class='ocrx_word' id='word_1_716' title='bbox 2037 2294 2070 2319; x_wconf 86' lang='lat' dir='ltr'>et</span> 
     </span>
     <span class='ocr_line' id='line_1_104' title="bbox 1094 2331 2069 2373; baseline -0.001 -11"><span class='ocrx_word' id='word_1_717' title='bbox 1094 2331 1195 2363; x_wconf 82' lang='lat' dir='ltr'>duces</span> <span class='ocrx_word' id='word_1_718' title='bbox 1239 2342 1334 2362; x_wconf 81' lang='lat' dir='ltr'>suos:</span> <span class='ocrx_word' id='word_1_719' title='bbox 1374 2331 1515 2363; x_wconf 77' lang='lat' dir='ltr'>Prodeat</span> <span class='ocrx_word' id='word_1_720' title='bbox 1545 2331 1681 2373; x_wconf 73' lang='lat' dir='ltr'>aliquis,</span> <span class='ocrx_word' id='word_1_721' title='bbox 1713 2332 1765 2372; x_wconf 90' lang='lat' dir='ltr'>qui</span> <span class='ocrx_word' id='word_1_722' title='bbox 1796 2331 1913 2361; x_wconf 87' lang='lat' dir='ltr'>audeat</span> <span class='ocrx_word' id='word_1_723' title='bbox 1946 2331 2069 2368; x_wconf 84' lang='lat' dir='ltr'>(licere,</span> 
     </span>
     <span class='ocr_line' id='line_1_105' title="bbox 1093 2373 2068 2415; baseline 0.001 -12"><span class='ocrx_word' id='word_1_724' title='bbox 1093 2384 1131 2405; x_wconf 70' lang='lat' dir='ltr'>se</span> <span class='ocrx_word' id='word_1_725' title='bbox 1158 2373 1234 2415; x_wconf 91' lang='lat' dir='ltr'>plus</span> <span class='ocrx_word' id='word_1_726' title='bbox 1265 2375 1464 2406; x_wconf 60' lang='lat' dir='ltr'>sustinuisse</span> <span class='ocrx_word' id='word_1_727' title='bbox 1493 2374 1659 2412; x_wconf 72' lang='lat' dir='ltr'>laborum,</span> <span class='ocrx_word' id='word_1_728' title='bbox 1696 2384 1791 2415; x_wconf 88' lang='lat' dir='ltr'>quam</span> <span class='ocrx_word' id='word_1_729' title='bbox 1822 2385 1884 2415; x_wconf 80' lang='lat' dir='ltr'>ego</span> <span class='ocrx_word' id='word_1_730' title='bbox 1916 2374 2068 2405; x_wconf 61' lang='lat' dir='ltr'>sustinui.</span> 
     </span>
     <span class='ocr_line' id='line_1_106' title="bbox 1092 2415 2073 2458; baseline 0 -11"><span class='ocrx_word' id='word_1_731' title='bbox 1092 2417 1163 2448; x_wconf 81' lang='lat' dir='ltr'>Nec</span> <span class='ocrx_word' id='word_1_732' title='bbox 1186 2423 1443 2449; x_wconf 72' lang='lat' dir='ltr'>consentaneum</span> <span class='ocrx_word' id='word_1_733' title='bbox 1467 2424 1527 2455; x_wconf 72' lang='lat' dir='ltr'>est,</span> <span class='ocrx_word' id='word_1_734' title='bbox 1550 2416 1647 2448; x_wconf 86' lang='lat' dir='ltr'>alium</span> <span class='ocrx_word' id='word_1_735' title='bbox 1671 2427 1855 2458; x_wconf 78' lang='lat' dir='ltr'>quenquam</span> <span class='ocrx_word' id='word_1_736' title='bbox 1878 2415 1953 2456; x_wconf 73' lang='lat' dir='ltr'>plus</span> <span class='ocrx_word' id='word_1_737' title='bbox 1979 2416 2073 2448; x_wconf 87' lang='lat' dir='ltr'>labo-</span> 
     </span>
     <span class='ocr_line' id='line_1_107' title="bbox 1093 2458 2068 2500; baseline 0 -10"><span class='ocrx_word' id='word_1_738' title='bbox 1093 2460 1138 2490; x_wconf 83' lang='lat' dir='ltr'>ris</span> <span class='ocrx_word' id='word_1_739' title='bbox 1162 2461 1359 2491; x_wconf 78' lang='lat' dir='ltr'>sustinuisse</span> <span class='ocrx_word' id='word_1_740' title='bbox 1388 2461 1418 2491; x_wconf 91' lang='lat' dir='ltr'>in</span> <span class='ocrx_word' id='word_1_741' title='bbox 1447 2459 1504 2491; x_wconf 88' lang='lat' dir='ltr'>illo</span> <span class='ocrx_word' id='word_1_742' title='bbox 1528 2460 1689 2495; x_wconf 72' lang='lat' dir='ltr'>exercitu,</span> <span class='ocrx_word' id='word_1_743' title='bbox 1720 2470 1817 2500; x_wconf 87' lang='lat' dir='ltr'>quam</span> <span class='ocrx_word' id='word_1_744' title='bbox 1840 2458 2068 2491; x_wconf 80' lang='lat' dir='ltr'>Alexandrum</span> 
     </span>
     <span class='ocr_line' id='line_1_108' title="bbox 1093 2503 1209 2543; baseline 0 -11"><span class='ocrx_word' id='word_1_745' title='bbox 1093 2503 1209 2543; x_wconf 66' lang='lat' dir='ltr'>ipsum.</span> 
     </span>
    </p>

    <p class='ocr_par' dir='ltr' id='par_1_16' title="bbox 1180 2544 2067 2588">
     <span class='ocr_line' id='line_1_109' title="bbox 1180 2544 2067 2588; baseline 0 -11"><span class='ocrx_word' id='word_1_746' title='bbox 1180 2546 1331 2588; x_wconf 83' lang='lat' dir='ltr'>Cogitate</span> <span class='ocrx_word' id='word_1_747' title='bbox 1365 2544 1557 2577; x_wconf 67' lang='lat' dir='ltr'>Hannibalis</span> <span class='ocrx_word' id='word_1_748' title='bbox 1592 2545 1709 2575; x_wconf 84' lang='lat' dir='ltr'>vitam:</span> <span class='ocrx_word' id='word_1_749' title='bbox 1746 2544 1848 2579; x_wconf 85' lang='lat' dir='ltr'>Quam</span> <span class='ocrx_word' id='word_1_750' title='bbox 1884 2544 1943 2576; x_wconf 85' lang='lat' dir='ltr'>suit</span> <span class='ocrx_word' id='word_1_751' title='bbox 1977 2544 2067 2577; x_wconf 84' lang='lat' dir='ltr'>labo-</span> 
     </span>
    </p>
   </div>
   <div class='ocr_carea' id='block_1_8' title="bbox 1066 2587 2069 2632">
    <p class='ocr_par' dir='ltr' id='par_1_17' title="bbox 1066 2587 2069 2632">
     <span class='ocr_line' id='line_1_110' title="bbox 1066 2587 2069 2632; baseline 0 -13"><span class='ocrx_word' id='word_1_752' title='bbox 1066 2599 1068 2632; x_wconf 77' lang='grc'>[</span> <span class='ocrx_word' id='word_1_753' title='bbox 1092 2589 1206 2619; x_wconf 76' lang='lat' dir='ltr'>riosa?</span> <span class='ocrx_word' id='word_1_754' title='bbox 1230 2595 1384 2630; x_wconf 80' lang='lat' dir='ltr'>quantum</span> <span class='ocrx_word' id='word_1_755' title='bbox 1409 2587 1643 2629; x_wconf 71' lang='lat' dir='ltr'>periculorum,</span> <span class='ocrx_word' id='word_1_756' title='bbox 1668 2598 1911 2627; x_wconf 84' lang='lat' dir='ltr'>aerunmarum,</span> <span class='ocrx_word' id='word_1_757' title='bbox 1934 2597 2069 2619; x_wconf 89' lang='lat' dir='ltr'>oncrum</span> 
     </span>
    </p>
   </div>
  </div>
 </body>
</html>
