2324 2958
137 173 158 205 9

224 268 276 298 Ac
298 265 494 306 Trapezitae
507 270 540 295 et
561 264 747 305 Argentarii
772 264 981 293 nominamur
1003 261 1114 303 magni

137 309 183 342 illi
195 309 337 346 Domini,
361 309 414 350 qui
438 317 576 349 magnas
600 316 745 337 summas
766 306 927 347 pecuniae
947 303 1115 335 collocant

136 353 178 385 ad
200 352 361 389 Bancum,
383 356 418 381 ut
441 350 619 381 nominant.
650 350 846 389 Κολλυβίο-ιαο
868 353 898 379 et
922 345 1115 378 nummulla-

137 395 175 426 rii
197 401 273 425 sunt
296 393 435 425 ministri
458 392 602 430 illorum,
626 392 681 433 qui
703 391 849 422 serviunt
875 391 1045 431 quibusvis
1059 401 1113 421 cn-

136 437 300 479 pientibus
332 436 403 467 {ieri
437 435 727 476 permutationem,
761 440 795 465 ut
829 433 857 463 si
887 433 959 474 quis
993 431 1113 463 habeat

136 489 286 511 nummos
309 488 442 516 aureos,
463 485 496 509 et
519 488 578 518 pro
596 477 647 508 his
667 482 800 517 expetat.
812 482 977 506 monetam
995 485 1113 516 argen-

139 530 234 557 team,
247 521 402 553 accedita
438 519 699 556 nummularium,
713 525 743 550 et
756 517 834 549 facit
841 515 1112 560 permutationem

138 566 215 597 dato
237 564 384 605 κολλύβῳ.
446 569 509 594 tem
533 564 561 593 si
584 563 658 604 quis
682 562 810 593 Romae
834 560 909 592 velit
942 560 1003 591 sibi
1027 558 1111 590 solvi

138 614 268 640 centuni
292 606 450 644 florenos,
474 615 559 647 quos
582 604 717 646 peric-ili
736 614 835 635 causa
849 609 982 635 veretur
999 612 1112 633 secum

138 657 271 694 gestare
292 649 324 679 in
350 649 476 686 itinere,
500 649 632 690 deponit
659 647 866 689 Not-ibergae
896 646 1028 677 totidem
1053 645 1112 676 sso-

138 703 250 730 renOS,
273 699 304 723 et
327 691 382 722 dat
405 692 550 732 κόλλυβον
572 697 706 731 accepta
730 689 903 727 schedula,
927 699 1024 730 quam
1048 687 1112 719 Ro·
1136 706 1138 710 ,

137 745 211 767 mae
233 733 404 771 exhibens,
427 736 498 764 sine
521 732 669 775 periculo
694 734 818 764 obtinet
843 741 1112 771 sunnnampecu-

138 779 223 817 niae,
246 779 287 809 de
311 787 375 819 qua
394 777 528 818 pepifrit.
560 775 665 807 Hodie
678 776 828 813 Fuccari,
851 773 993 811 Belsari,
1015 774 1113 804 Bom-

139 821 309 864 gardneri,
343 826 376 850 et
399 819 525 850 similes
554 825 631 850 sunt
653 818 866 859 Trapezitae,
900 826 1004 857 penes
1027 826 1112 857 quos

139 870 190 895 est
207 863 382 905 praecipua
407 862 547 903 pecunia
570 863 668 892 totins
694 861 855 902 Europae
903 858 984 891 Cum
1010 858 1111 890 Caro-

138 905 191 937 lus
215 905 255 937 V.
278 915 393 947 pacem
416 904 551 936 fecisset
576 915 648 935 cum
672 903 765 946 Rege
789 901 937 939 Gallico,
966 902 1028 943 ipsi
1051 912 1112 942 pro

139 948 230 990 Rege
263 947 433 979 solverunt
467 947 659 987 Imperatori
688 945 808 977 multas
841 944 998 976 Thonnas
1031 944 1113 981 auri,

139 992 258 1034 exiguo
282 989 459 1022 intervallo
492 991 660 1031 temporis.
705 988 766 1020 Est
799 989 885 1029 apud
910 987 1113 1024 Suetonium,
1137 1004 1139 1028 3

137 1045 234 1065 avum
257 1033 400 1076 Augusti
424 1033 579 1064 Caesaris
602 1032 706 1063 fuisse
729 1031 973 1073 Argentarium.

819 167 1036 200 Pos‘rtLLA
1056 157 1454 199 MELANTHONIANA.

1138 273 1142 283 t

1137 289 1141 317 5

1137 343 1140 359 Ι

225 1093 399 1128 Quomodo
423 1098 531 1124 autem
558 1089 763 1123 nummularii
786 1097 961 1131 potuerunt
987 1088 1115 1121 lucrum
1138 1094 1139 1110 ³

98 1146 100 1149 ·
139 1135 250 1168 facere
273 1136 304 1167 in
329 1134 470 1176 templo?
515 1134 732 1175 Respondeo:
758 1133 790 1163 in
814 1133 889 1164 solo
914 1131 1034 1173 templo
1059 1132 1114 1163 fie-

138 1180 218 1210 bant.
241 1178 416 1209 sacrificia.
461 1178 536 1208 Non
565 1183 715 1218 poterant
739 1182 847 1207 autem
877 1175 1040 1218 peregrini
1069 1176 1114 1206 vi-

139 1222 254 1252 ctimas
290 1230 403 1251 secum
439 1221 604 1251 adducere
638 1229 678 1250 ex
714 1218 797 1249 locis
826 1217 943 1259 procul
978 1218 1113 1249 dissitis.

138 1263 321 1304 Captabant
346 1263 445 1304 igitur
467 1263 538 1293 sive
561 1261 716 1298 Levitae,
746 1262 817 1293 sive
843 1260 896 1292 alii
922 1260 1050 1292 lucrum
1074 1271 1113 1291 ex

136 1306 377 1348 permutatione
400 1306 571 1346 pecuniae,
596 1314 682 1346 quae
706 1310 773 1335 erat
798 1303 961 1335 solvenda
985 1315 1044 1344 pro
1068 1304 1114 1334 vi-

138 1349 245 1380 ctimis
268 1348 433 1385 emendis,
458 1357 544 1390 quae
569 1358 690 1389 niagno
720 1358 856 1379 numero
885 1347 1115 1378 vendebantur

136 1402 223 1433 pope
243 1389 408 1431 templum.

138 1434 328 1469 struebant,
363 1441 398 1463 ut
436 1443 532 1463 unam
568 1432 731 1463 victimam
764 1433 898 1473 saepius
932 1433 1115 1463 venderent

138 1475 300 1516 pluribuS,
324 1481 501 1516 antequam
523 1475 555 1505 in
579 1474 744 1505 sacrificio
769 1473 989 1506 offerreretur.
1037 1475 1115 1505 Inde

138 1518 303 1549 faciebant
328 1528 479 1560 magnum
505 1523 690 1558 quaestum.
713 1523 745 1547 ut
770 1517 795 1547 si
820 1528 905 1549 unus
926 1515 1046 1547 vitulus
1059 1527 1115 1547 va-

137 1559 195 1592 luit
213 1560 378 1591 dimidium
402 1560 580 1597 florenum,
608 1560 669 1600 ipsi
694 1560 802 1590 decies
826 1561 853 1590 si
878 1560 1116 1597 vendidissent,

137 1603 280 1645 quinque
314 1602 460 1633 florenos
494 1602 645 1642 accipere
684 1603 757 1633 =vnde
802 1609 974 1643 poterant,
1031 1603 1115 1633 sicut

137 1656 203 1677 non
238 1643 388 1675 dissimili
430 1645 556 1676 ratione
597 1645 628 1675 in
671 1644 796 1685 Papatu
832 1644 1012 1676 sac1ificuli
1055 1656 1115 1685 pro

137 1698 202 1719 una
224 1687 329 1718 Missa
353 1697 455 1729 saepe
478 1694 527 1718 ter
550 1693 607 1718 aut
630 1693 762 1728 quater,
785 1693 839 1718 aut
863 1688 959 1718 etiam
982 1688 1116 1728 saepius

137 1731 307 1773 pecuniam
331 1740 349 1760 a
374 1731 514 1761 diversis
539 1730 724 1772 exigebant.

453 1390 533 1421 hum
557 1391 752 1421 sacerdotes
787 1396 858 1421 arte
893 1400 961 1421 rem
990 1390 1039 1420 sic
1068 1390 1114 1420 in·
1138 1401 1141 1420 ι

2101 166 2144 198 10

1167 260 1235 290 dita
1257 264 1319 290 est.
1349 259 1399 290 Ac
1421 268 1463 290 ne
1486 268 1588 296 mora,
1613 268 1672 290 seu
1694 259 1956 300 impedimentum
1968 259 2142 292 afferretur

1166 301 1327 333 solvendo
1350 301 1473 342 pretio,
1496 310 1631 332 mensae
1660 302 1703 332 ibi
1726 302 1854 342 positae
1879 307 1982 340 erant,
2005 312 2141 343 quarum

1167 342 1363 376 adminiculo
1388 344 1487 375 tiebat
1515 344 1710 385 permutatio
1739 345 1909 385 pecuniae.
1954 344 2049 375 Adeo
2073 344 2140 376 0111-

1166 393 1219 418 tus
1232 387 1293 418 Dei
1317 387 1517 427 depravatus
1541 392 1624 424 erat,
1647 391 1679 417 et
1703 397 1800 417 sacra
1823 387 1930 418 onmia
1954 388 2142 418 serviebant

1165 430 1326 471 quaestui.

1252 472 1288 503 ln
1311 471 1375 503 fine
1398 477 1509 502 textus
1533 471 1691 502 recitatur
1716 481 1755 501 ex
1779 471 1808 502 8.
1834 470 1984 502 Psalmo:
2009 470 2059 502 Ex
2084 480 2142 502 ore

1136 519 1137 522 ’
1165 514 1334 546 infantium
1372 519 1405 545 et
1438 512 1628 544 lactentium
1662 511 1830 554 perfecisti
1867 512 1997 545 laudem
2041 520 2140 544 tuam.

1166 557 1226 588 llic
1249 558 1347 589 etiam
1370 556 1612 587 consideranda
1635 561 1687 586 est
1711 555 1942 587 Grammatica.
1978 555 2143 587 Differunt

1136 601 1139 625 ἓ
1166 600 1313 631 Lactans
1337 605 1367 631 et
1391 598 1536 630 lactens:
1562 598 1706 629 Lactans
1720 604 1769 629 est
1781 599 1910 629 activae
1929 599 2142 640 significatio—

1165 643 1226 673 nis.
1272 642 1334 673 Est
1363 642 1447 673 enim
1477 641 1666 681 praebentis
1696 639 1759 672 lac.
1805 640 1950 672 Lactens
1982 647 2032 672 est
2065 651 2142 672 neu-

1165 685 1260 723 trale,
1286 684 1371 720 Quia
1394 690 1446 716 est
1464 684 1658 725 accipientis
1683 689 1713 714 et
1738 684 1886 724 sugentis
1911 682 1975 714 lac.
2022 682 2143 714 Mulier

1165 727 1265 759 lactat
1288 726 1463 764 infantem,
1489 726 1599 757 lnians
1623 731 1674 757 est
1692 724 1838 764 lactens,
1867 732 1899 757 ut
1924 727 1956 756 in
1981 725 2143 757 Cicerone

1166 771 1292 808 (licitur,
1316 769 1479 802 Romulus
1503 769 1643 800 lactens.
1701 768 1741 799 Et
1771 769 1856 809 apud
1883 767 2054 810 Virgilium
2078 775 2142 800 est:

1237 855 1410 887 Frumento
1432 856 1465 885 in
1486 854 1589 885 viridi
1609 854 1731 893 stipula
1754 854 1905 884 lactentia
1931 857 2067 894 turgem-

1251 948 1311 980 Est
1333 947 1494 991 igitur'in
1526 956 1626 978 versu
1652 945 1773 977 Psalmi
1794 944 1983 987 legendum,
2007 954 2074 976 non
2098 944 2144 976 la-

1167 992 1342 1029 ctantium,
1373 990 1433 1021 sed
1462 989 1663 1021 lactentium.
1710 988 1878 1020 Sententia
1910 994 2018 1019 autem
2047 987 2145 1020 huius

1166 1044 1283 1066 versus
1308 1039 1358 1065 est
1377 1031 1577 1064 dulcissima.
1611 1032 1681 1063 Nos
1699 1039 1814 1062 omnes
1834 1041 1946 1062 sumus
1971 1030 2141 1062 lactenteS.

1166 1078 1235 1109 Lac
1259 1083 1309 1108 est
1323 1077 1459 1107 verbum
1472 1075 1547 1113 Dei,
1570 1076 1675 1106 ubera
1692 1076 1806 1105 matris
1831 1080 1907 1105 sunt
1931 1074 2143 1104 ministerium

1166 1119 1349 1151 Ecclesiae.
1404 1117 1575 1149 Debemus
1612 1118 1711 1158 igitur
1742 1117 1871 1148 discere
1901 1117 2036 1147 verbum
2071 1115 2145 1154 Dei,

1167 1170 1199 1194 et
1223 1163 1366 1203 pendere
1391 1162 1432 1192 ab
1456 1161 1627 1197 uberibus,
1651 1169 1709 1190 seu
1734 1158 1855 1200 papilla
1880 1159 2059 1195 ministerii,
2083 1168 2146 1190 nec

1166 1205 1340 1246 indulgere
1362 1202 1434 1234 aliis
1459 1202 1744 1244 speculationibus
1767 1208 1861 1233 extra
1884 1202 2019 1233 verbum
2043 1201 2110 1232 Dei.

1254 1248 1376 1279 Sumus
1401 1246 1497 1278 etiam
1521 1244 1683 1283 infantes,
1708 1244 1773 1275 hoc
1797 1250 1866 1282 est,
1898 1254 1963 1275 non
1993 1243 2145 1285 intelligi-

1166 1301 1239 1323 mus
1263 1291 1467 1321 maiestatem
1491 1294 1523 1319 et
1545 1287 1800 1329 magnitudinem
1824 1297 1931 1317 rerum
1951 1287 2144 1317 divinarum.

1167 1333 1231 1365 V’ut
1256 1343 1362 1374 pauca
1386 1331 1594 1372 assequimur
1617 1332 1648 1361 in
1680 1336 1795 1360 natura
1827 1340 1946 1360 rerum.
2003 1328 2145 1364 Quotus-

1167 1377 1308 1418 quisque
1330 1373 1480 1416 intelligit
1506 1372 1653 1404 mirabile
1683 1373 1847 1413 opificium
1879 1370 1983 1410 oculi,
2013 1377 2044 1402 et
2067 1381 2145 1412 quo-

1166 1419 1265 1450 modo
1290 1418 1345 1449 fiat
1370 1416 1485 1448 visus?
1519 1416 1601 1451 Quis
1631 1415 1829 1456 assequitur,
1853 1415 1907 1456 qui
1931 1413 1999 1452 fiat,
2023 1420 2058 1445 ut
2080 1414 2145 1444 sint

1167 1468 1232 1492 tam
1256 1459 1423 1492 mirabiles
1447 1465 1556 1491 motus
1579 1459 1612 1489 in
1633 1458 1751 1495 corde,
1785 1463 1816 1488 et
1844 1464 1908 1488 tam
1942 1457 2037 1493 varii,
2072 1466 2145 1487 cum

1168 1504 1354 1535 substantia
1383 1502 1494 1533 cordis
1527 1502 1569 1531 sit
1599 1511 1678 1532 caro
1708 1510 1774 1531 non
1804 1500 1978 1531 admodum
2007 1497 2146 1540 pulchra

1167 1546 1328 1588 aspectu?

1255 1586 1360 1619 Multo
1384 1587 1489 1618 minus
1525 1586 1647 1617 scimus
1680 1591 1735 1616 aut
1765 1585 1993 1626 pervestigare
2027 1593 2145 1624 possu-

1168 1642 1240 1663 mus
1263 1629 1319 1661 illa
1341 1628 1503 1661 mirabilia
1524 1628 1587 1659 Dei
1613 1627 1769 1665 consilia,
1801 1637 1904 1668 quare
1928 1626 2067 1658 voluerit
2090 1635 2145 1668 ge-

1139 1684 1141 1691 *
1167 1684 1230 1705 nus
1254 1672 1430 1704 humanum
1453 1671 1614 1703 redimere
1633 1680 1693 1710 per
1711 1668 1822 1708 filium,
1847 1670 1909 1700 nisi
1923 1670 2009 1710 quod
2024 1671 2145 1711 magni-

223 1785 301 1817 Erat
326 1787 357 1816 in
382 1785 445 1816 hac
468 1786 540 1827 ipsa
565 1786 745 1816 Academia
769 1786 830 1817 sub
854 1786 980 1817 initium
1002 1795 1116 1826 repur-
1139 1794 1141 1811 ἐ

137 1829 203 1871 gati
228 1827 399 1869 Evangelii
424 1829 555 1869 qnidam
569 1827 748 1860 Professor
771 1828 968 1866 Hebraicus,
992 1830 1047 1870 qui
1063 1838 1116 1859 sa-

137 1873 204 1903 cris
227 1872 373 1902 initiatus
397 1878 476 1902 erat.
513 1871 544 1901 15
564 1872 635 1902 sive
658 1872 850 1902 morositate
874 1880 1022 1909 naturae,
1045 1873 1117 1902 sive

137 1914 246 1945 taedio
271 1924 443 1954 operarum
474 1913 768 1952 scholasticarum,
802 1915 924 1945 abitum
958 1914 1033 1945 hinc
1061 1924 1116 1955 pa·
1139 1925 1142 1957 j.

137 1966 216 1988 rans
240 1957 385 1988 dicebat:
421 1956 507 1991 Quid
531 1967 593 1998 ego
615 1957 667 1989 hic
691 1967 840 1999 agerem,
876 1958 930 1988 ubi
961 1963 1027 1988 tam
1052 1955 1116 1988 vile

137 1999 334 2040 stipendium
357 1999 484 2037 habeo,
516 2007 551 2030 ut
572 2001 626 2031 vix
651 2010 702 2031 me
731 1999 821 2031 alere
843 2000 990 2041 possim?

138 2084 279 2116 delicate
305 2086 412 2117 vivam
436 2085 507 2116 sine
532 2084 646 2116 labore
675 2096 804 2127 magno.
851 2085 934 2117 Nam
964 2086 990 2116 si
1021 2096 1115 2116 mane

1036 2000 1141 2042 ¹³⁰⁵&
1167 2017 1221 2053 mi,
1245 2021 1353 2047 tamen
1379 2021 1453 2046 sunt
1478 2012 1630 2044 infantes.

137 2052 209 2073 sum
232 2041 307 2083 plus
331 2041 454 2073 habere
479 2041 679 2084 Ratisponae
698 2044 729 2074 in
753 2044 839 2081 otio,
863 2043 949 2074 undc
971 2041 1060 2074 laute
1084 2049 1116 2074 et
1140 2056 1142 2059 ’

138 2127 337 2159 valetudinis
362 2138 464 2159 causa
489 2127 662 2159 obambulo
687 2129 718 2159 in
742 2127 877 2170 templo,
901 2129 989 2160 venit.
1007 2127 1116 2170 aliqua
1140 2145 1142 2158 ,-

137 2180 235 2208 anuS,
259 2170 314 2201 dat
337 2170 414 2201 mihi
449 2181 547 2202 unum
587 2178 643 2202 aut.
666 2171 805 2206 alterum
835 2171 1047 2209 Batzionem,
1081 2177 1116 2203 ut
1140 2194 1142 2204 2

139 2211 301 2244 celebrem
322 2223 381 2254 pro
406 2224 444 2244 ea
468 2214 612 2244 missam.
647 2213 726 2245 Mox
748 2216 834 2246 venit
859 2213 935 2252 alia,
954 2215 1029 2246 item
1053 2221 1115 2245 ter-

138 2256 194 2293 tia,
218 2261 352 2297 quarta,
376 2266 476 2297 saepe
505 2257 602 2287 etiam
625 2256 748 2297 plureS.
783 2256 938 2300 Singulae
959 2256 1117 2288 solvuunt

138 2298 434 2373 mihi-bpecuniam,
469 2300 598 2331 tandem
632 2299 709 2342 lego
743 2311 840 2332 unam
881 2302 1016 2332 missam
1056 2310 1115 2341 pro

139 2350 225 2372 omni
249 2351 301 2372 us.

223 2395 346 2428 Similis
370 2404 527 2438 quaestus
552 2396 611 2428 tuit
633 2398 719 2439 apud
737 2399 937 2431 Sacerdotes
952 2399 1115 2431 ludairos.

138 2438 235 2470 Venit
259 2439 384 2481 hospes
413 2439 550 2482 aliquis,
585 2439 757 2473 oblaturus
788 2443 1005 2481 sacrificinm,
1038 2443 1115 2474 huic

139 2482 352 2514 obtruserunt
373 2484 554 2556 pecudem,
584 2494 680 2525 quam
710 2486 930 2525 promiserunt
959 2496 996 2517 se
1027 2484 1113 2517 velle

140 2523 259 2556 offerre
282 2536 342 2566 pro
362 2524 439 2557 ilo:
459 2533 659 2567 acceperunt
683 2529 870 2567 pecuniamz
893 2535 1010 2570 postea
1024 2530 1112 2560 venit

138 2565 222 2598 altus
245 2567 389 2609 hospes,
417 2570 493 2600 emit
521 2572 563 2600 ab
594 2568 658 2601 illis
687 2571 823 2602 eandem
854 2573 1026 2611 pecudem.
1072 2571 1111 2603 Et

138 2611 189 2641 sic
210 2611 378 2652 deinceps,
403 2622 467 2643 una
490 2618 522 2643 et
545 2612 658 2644 eadem
685 2614 812 2645 victima
837 2613 1010 2657 aliquoties
1036 2624 1112 2647 ven-

1168 1717 1311 1747 tudinem
1345 1715 1473 1756 peccati
1504 1714 1580 1744 inde
1613 1713 1790 1744 aestimare
1824 1722 2018 1753 possumus,
2058 1712 2145 1752 quod

1168 1757 1261 1790 Deus
1296 1756 1394 1789 talem
1429 1757 1594 1788 victimam
1639 1765 1698 1786 seu
1730 1754 1874 1786 hostiam
1913 1765 1972 1795 pro
2006 1760 2144 1795 peccato

1169 1801 1348 1833 constituit.
1396 1799 1502 1835 Quam
1526 1796 1673 1829 mirabile
1697 1804 1760 1835 est,
1779 1798 1866 1838 quod
1886 1796 1981 1828 Deus
2005 1797 2144 1828 suscita-

1169 1851 1262 1876 turus
1287 1849 1336 1874 est
1361 1848 1522 1879 mortuos,
1546 1848 1577 1873 et
1601 1841 1673 1882 quis
1697 1847 1808 1882 potest
1830 1839 2033 1882 intelligere,
2065 1849 2144 1881 quo-

1168 1888 1266 1919 modo
1290 1887 1330 1916 sit
1349 1885 1459 1917 sutura
1482 1884 1691 1916 resuscitatio
1715 1884 1940 1915 mortuorum?

1253 1928 1406 1971 Denique
1428 1928 1483 1959 ubi
1505 1928 1602 1959 etiam
1625 1927 1715 1958 initia
1738 1926 1813 1957 fidei
1837 1932 1930 1963 sunt,
1958 1931 2066 1958 tamen
2091 1927 2146 1958 vix

1167 1983 1291 2015 parvae
1315 1970 1516 2003 scintillulae
1539 1975 1626 2001 sunt.
1673 1969 1713 2000 Et
1737 1969 1969 2010 sapientissimi
1993 1980 2033 2001 ac
2057 1980 2144 2001 sum-

1676 2012 1755 2043 ldeo
1779 2022 1893 2043 omnes
1913 2012 2071 2043 debemus
2089 2023 2145 2044 au·

1169 2060 1238 2090 dire
1262 2059 1348 2089 hanc
1372 2055 1650 2089 consolationem:
1678 2055 1728 2085 Ex
1758 2064 1815 2086 ore
1844 2053 2014 2085 infantium
2045 2060 2076 2085 et
2099 2053 2144 2085 la-

1169 2101 1325 2133 ctentium
1358 2098 1523 2141 perfecisti
1560 2099 1616 2130 tibi
1650 2096 1798 2135 laudem,
1830 2103 1864 2128 ut
1897 2098 2039 2128 sciamus
2069 2097 2144 2129 Deo

1168 2151 1296 2186 gratam
1332 2153 1409 2174 esse
1447 2142 1644 2184 agnitionem
1685 2141 1849 2172 essentiae
1891 2146 1922 2170 et
1966 2138 2143 2171 voluntatis

1169 2188 1274 2228 ipsius
1298 2187 1449 2218 traditam
1473 2187 1504 2216 in
1530 2185 1644 2222 verbo,
1668 2184 1793 2214 etiamsi
1813 2183 1852 2213 sit
1865 2181 2019 2223 languida
2033 2190 2065 2213 et
2087 2183 2143 2214 im-

1171 2229 1336 2271 perfecta,
1359 2230 1434 2260 item
1458 2228 1546 2270 quod
1570 2233 1665 2269 grata
1689 2227 1716 2257 ei
1742 2227 1781 2257 sit
1818 2226 1981 2256 invocatio
2015 2231 2143 2264 nostra,

1171 2279 1202 2304 et
1227 2279 1295 2304 tota
1318 2271 1517 2308 obedientia,
1542 2270 1750 2311 quantumvis
1774 2268 1902 2299 intirma
1925 2268 1987 2306 sit,
2018 2274 2047 2299 et
2072 2278 2145 2300 sor-

1171 2316 1258 2354 dida,
1281 2325 1321 2347 ac
1345 2315 1522 2356 inquinata.

1255 2358 1290 2389 ln
1315 2357 1466 2389 Hebraeo
1490 2366 1555 2387 non
1576 2361 1641 2386 tam
1664 2355 1704 2385 de
1727 2353 1823 2384 laude
1841 2353 1969 2390 dicitur,
1993 2363 2089 2394 quam
2103 2354 2144 2384 de

1169 2402 1291 2432 robore
1325 2411 1384 2431 seu
1408 2400 1558 2437 victoria,
1593 2404 1625 2429 et
1647 2398 1788 2434 additur,
1822 2402 1857 2426 nt
1880 2396 2004 2426 vincas.
2050 2395 2142 2427 llaec

1168 2450 1220 2475 est
1243 2443 1401 2475 mirabilis
1425 2443 1572 2479 victoria,
1608 2439 1769 2471 Diabolus
1803 2436 1971 2470 infantium
2001 2448 2058 2469 ore
2091 2448 2141 2469 re·

1167 2485 1306 2528 pellitur.
1354 2485 1479 2517 Multae
1506 2485 1602 2516 etiam
1632 2481 1834 2513 calamitates
1863 2481 2051 2522 mitigantur
2084 2491 2140 2512 no-

1168 2530 1230 2568 bis,
1253 2528 1392 2560 infantili
1415 2534 1531 2560 nostra
1554 2526 1772 2557 invocatione.

1252 2572 1344 2605 Haeo
1366 2573 1431 2603 dixi
1454 2571 1614 2601 hactenus
1634 2569 1674 2599 de
1687 2567 1907 2598 Grammatica
1921 2564 2140 2607 explicatione

1165 2615 1415 2647 vocabulortun.
1460 2613 1543 2648 Quia
1565 2611 1649 2642 haec
1670 2611 1744 2651 ipsa
1757 2609 1980 2641 Grammatica
2002 2608 2042 2639 de
2060 2606 2140 2639 mul—
