2324 2958
110 252 150 274 se
171 248 286 273 mutuo
309 239 469 272 lacerant.
504 237 677 279 Principes
696 238 830 270 turbant
846 240 995 280 patriam.
1027 238 1090 270 Ta·

111 283 162 316 les
184 284 338 315 miseriae
360 280 517 323 publicae
538 281 735 323 cogitandae
753 288 857 317 erant,
876 288 912 314 ut
930 283 1090 314 excitare-

111 336 187 359 mus
210 336 274 357 nos
296 326 338 356 ad
362 325 605 356 invocationem
628 330 661 355 et
679 325 884 355 modestiam.

197 368 307 400 Vocat
330 366 521 398 Methodius
545 366 682 406 Turcas,
705 366 857 404 ludaeos,
880 372 1014 408 propter
1035 376 1090 398 su·

109 411 350 453 perstitionem,
374 411 451 451 quia
474 416 525 440 est
549 418 632 450 gens
655 409 764 440 dedita
787 411 1089 449 superstitionibus.

110 453 225 486 Nostri
248 453 400 483 homines
423 452 554 483 abiecta
577 453 640 482 iam
663 452 916 492 superstitione,
940 452 1020 484 fiunt
1044 453 1089 484 ef-

110 495 171 527 feri
194 501 227 527 et
249 495 392 526 barbari.
438 494 509 525 nlae
537 505 603 526 non
634 500 711 525 sunt
733 493 925 526 effectiones
949 496 1090 536 Spiritus

111 539 237 576 sancti,
260 538 315 579 qui
339 536 442 568 efficit
471 537 614 578 gemitus
636 537 892 572 inenarrabiles,
916 548 981 569 non
1002 537 1090 570 furo-

109 591 165 612 res
201 586 234 612 et
267 581 439 611 insaniam.
495 580 655 610 Obtestor
688 590 750 610 vos
784 587 920 621 propter
949 580 1088 622 gloriam

108 623 189 661 Dei,
213 633 256 654 ne
278 623 351 654 sitis
374 624 418 654 ita
442 622 514 660 feri,
537 622 598 653 sed
621 623 791 664 cogitetiS,
813 623 855 654 ad
879 624 956 665 quid
980 625 1089 655 vocati

109 665 205 698 sitis?
247 666 372 698 Sinatis
402 664 479 696 illos
507 664 678 703 Diabolis,
703 664 848 703 Turcos,
874 665 1027 707 Papi-*tas
1057 672 1089 697 et

110 706 235 740 similes
258 707 390 749 furore,
421 709 463 739 de
492 708 610 749 quibus
634 708 768 739 dicitur:
805 708 963 738 Conci-itio
987 713 1016 739 et
1040 720 1089 739 ca·

109 751 236 781 lanatas
257 753 291 782 in
314 753 510 781 tiis-eorum.

195 794 264 826 Sed
285 795 383 825 venio
406 794 471 824 iam‘
491 793 533 824 ad
558 794 667 834 capita
689 794 877 831 doctrinae,
906 804 947 825 ex
969 795 1088 836 quibus

108 832 248 878 primum
280 842 347 874 est,
381 836 467 870 Quot
494 838 558 865 sint
586 847 743 875 personae
772 837 967 871 dioim‘tatisf,
1002 839 1089 869 sicut

108 880 234 911 initium
261 878 358 911 huius
386 877 540 910 lectionis
568 889 729 920 expresse
759 881 903 911 nominat
926 887 994 912 tres
1017 891 1089 922 per-

108 932 224 954 mnas.

108 1103 243 1153 Quare
275 1117 439 1144 necesse
472 1111 535 1144 est
565 1116 783 1158 agnoscere
813 1111 973 1145 tantum
1005 1111 1086 1145 tres

107 1194 194 1220 esse
231 1194 433 1235 personaS,
464 1195 540 1220 nec
570 1180 715 1234 plures,
746 1195 822 1221 nec
851 1181 1086 1235 pauciores?

191 1277 404 1319 Respondeo.
449 1278 535 1314 Quia
557 1279 607 1310 sic
629 1288 667 1310 se
689 1278 784 1311 Deus
806 1279 973 1321 patefecit.
1019 1281 1084 1312 Ne-

104 1331 203 1354 cesse
226 1328 277 1353 est
307 1323 392 1353 enim
415 1322 539 1353 sentire
563 1322 604 1353 de
626 1321 719 1360 Deo,
748 1324 833 1354 sicut
857 1334 894 1354 se
918 1322 1082 1364 patefecit.

102 1364 159 1396 Sic
181 1375 264 1396 vero
287 1362 444 1405 patefecit
466 1375 523 1402 se,
544 1365 633 1406 quod
656 1365 811 1397 divinitas
834 1367 876 1397 sit
900 1366 1008 1405 Pater,
1030 1367 1082 1398 Fi-

101 1406 184 1445 lius,
215 1413 247 1438 et
277 1406 418 1448 Spiritus
446 1414 596 1439 sanctus.
646 1407 738 1450 Ergo
769 1419 911 1440 necesse
939 1416 1008 1448 est,
1031 1410 1082 1440 sic

102 1459 175 1482 eum
198 1460 386 1492 agnoscere
409 1456 442 1481 et
464 1450 632 1482 invocare.
677 1451 770 1482 llaec
791 1452 954 1493 sapientia
972 1453 1082 1492 posita

102 1497 155 1524 est
176 1502 278 1534 supra
300 1491 503 1524 intellectum
522 1494 665 1524 omnium
685 1500 925 1526 creaturarum:
948 1496 1008 1526 sed
1027 1506 1082 1527 ac-

102 1536 340 1577 quiescendum
363 1542 415 1567 est
438 1536 536 1567 nobis
560 1536 593 1567 in
621 1535 843 1577 patefactione
872 1538 992 1569 divina·
1038 1537 1081 1569 Et

100 1578 155 1609 hic
187 1577 286 1609 simul
318 1579 517 1619 repetenda,
552 1587 584 1610 et
619 1585 727 1611 mente
755 1581 911 1612 intuenda
938 1586 990 1612 est
1010 1581 1080 1613 uni-

101 1630 200 1653 versa
223 1621 374 1653 doctrina
397 1622 439 1652 de
461 1620 546 1653 Deo.

230 1802 472 1857 Intelligitne
500 1810 642 1845 natura
671 1819 758 1846 esse
788 1805 934 1846 Deum.

185 1901 403 1943 Respoudeo:
455 1902 552 1935 {etto
586 1904 780 1936 naturaliter
813 1904 967 1948 intelligit
999 1916 1078 1938 esse

98 1945 223 1983 Deum,
247 1951 279 1976 et
301 1946 454 1985 agnoscit
476 1945 587 1987 aliquo
616 1948 731 1986 modo,
760 1947 867 1990 qualis
895 1950 948 1980 sit.
993 1949 1077 1981 Nam

98 1998 191 2020 mens
214 1988 315 2019 habet
337 1987 482 2030 aliquam
505 1989 652 2021 notitiam
675 1989 779 2032 legis:
803 1992 890 2023 sicut
912 1991 1007 2023 Plato
1031 1994 1078 2024 di-

98 2032 159 2063 cit:
200 2031 288 2061 Deus
317 2035 362 2061 est
391 2042 473 2061 nicus
501 2036 644 2068 aeterna,
678 2044 773 2063 (ausa
799 2034 872 2064 boni
898 2037 931 2064 in
954 2039 1076 2066 natura.

96 2074 170 2107 Hoc
192 2075 255 2106 scit
283 2075 366 2106 ratio
390 2073 602 2113 naturaliter,
624 2076 750 2108 etiamsi
771 2077 934 2118 Epicurus
966 2077 1076 2110 furen—

96 2124 148 2149 ter
169 2116 341 2156 reclamat,
364 2125 396 2149 et
419 2117 569 2150 homines
589 2117 761 2161 Cyclopici
778 2120 963 2153 naturalem
985 2121 1076 2154 illam

97 2161 245 2192 notitiam
269 2162 421 2192 obruunt.

182 2202 306 2234 Verum
340 2203 406 2235 hoc
440 2204 586 2235 nondum
620 2205 702 2235 satis
737 2212 802 2236 est:
838 2206 979 2248 Oportet
1010 2218 1074 2239 nos

95 2256 283 2289 agnoscere
311 2246 437 2285 Deum,
472 2247 559 2278 sicut
589 2258 627 2278 se
660 2248 832 2289 patefecit,
866 2250 957 2282 iuxta
981 2250 1073 2283 Pauli

96 2290 237 2322 dictum:
263 2289 337 2319 Cum
359 2290 489 2320 mundas
510 2291 543 2319 in
565 2301 621 2319 sua
639 2292 795 2330 sapientia
812 2303 873 2322 non
891 2299 1074 2333 aynosceret

94 2331 205 2368 Deum,
222 2332 349 2372 placuit
371 2333 442 2363 Deo
463 2343 521 2372 per
543 2333 668 2363 stultam
684 2335 952 2373 praedicationem
970 2339 1074 2367 salvos

90 2377 198 2413 tacere
219 2376 389 2407 credentes.
435 2376 513 2407 ldeo
535 2375 685 2408 solemus
707 2387 770 2409 nos
793 2377 890 2409 aliam
911 2378 972 2411 Dei
995 2380 1072 2412 defi-

94 2418 250 2450 nitionem
278 2421 428 2457 tradere,
459 2429 545 2460 quae
573 2419 669 2461 plura
699 2420 946 2462 complectitur,
974 2433 1072 2465 quam

93 2459 167 2500 ina,
194 2471 279 2504 quae
309 2468 361 2493 est
390 2473 410 2493 a
439 2462 579 2493 Platone
608 2463 743 2495 tradita:
777 2465 842 2495 imo
872 2476 913 2497 ne
941 2467 1072 2508 quidem

93 2501 214 2546 legalia
236 2505 318 2535 satis
341 2506 471 2548 integre
493 2506 591 2537 tradit
614 2505 839 2548 Philosophia.

179 2546 402 2590 lmaginantur
418 2548 646 2589 Philosophia,
665 2549 772 2582 Deum
790 2550 969 2592 ἐνδελέχειαν
981 2563 1070 2592 esse,

92 2587 235 2622 infusam
269 2592 422 2623 omnibus
451 2593 624 2624 creaturis.

300 2659 445 2679 nnuma.
460 2660 541 2679 0983.
557 2659 606 2679 VO!
616 2674 620 2678 .
630 2660 709 2679 xxlv.

795 144 1011 178 POSTILLA
1039 143 1435 180 MELANTHONIANA.

1097 2392 1100 2398 -
1124 2374 1202 2404 vita.

2053 155 2118 187 866

1141 248 1206 268 esse
1228 240 1390 268 essentiam
1411 242 1614 278 spiritualem,
1633 242 1728 272 aliam
1751 255 1771 273 a
1793 248 1945 275 creaturis
1969 249 2115 284 omnibus.

1139 291 1201 311 non
1223 282 1357 319 infiasam
1380 282 1563 320 corporibus
1585 285 1700 315 mundi.

1226 323 1348 355 Postea
1370 324 1535 355 addimus:
1558 326 1657 356 Pater
1679 332 1837 364 aeternas,
1861 333 1914 370 qai
1935 335 2041 370 qemun
2065 335 2115 364 Fi-

1141 366 1213 395 lium
1235 367 1398 406 imayinem
1419 368 1481 400 sui,
1507 371 1536 396 ct
1559 369 1658 398 Filias
1679 372 1783 411 imayo
1806 373 1915 402 Putris
1938 380 2112 411 coaeterna,

1140 413 1170 439 et
1192 409 1331 448 Spiritus
1353 411 1456 438 tancti
1472 411 1648 448 procedens
1670 424 1689 441 α
1707 413 1805 445 Patre
1823 419 1851 445 ct
1871 416 1964 447 Fil1'o.
2011 418 2114 450 Soleo

1140 458 1248 483 autem
1282 451 1405 483 addere
1436 450 1618 484 clausulam
1648 453 1751 486 illam:
1781 459 1860 487 sicut
1884 463 1929 488 est
1947 461 2114 499 patefacta

1140 494 1320 530 Divinitas-3
1349 495 1426 536 quia
1449 493 1513 526 hoc
1537 502 1589 526 est
1611 495 1856 531 fundamentum
1879 502 2050 535 doctrinae
2073 505 2115 536 de

1140 537 1231 574 Deo,
1273 544 1305 568 et
1343 537 1407 568 hac
1442 536 1590 569 clausula
1626 542 1949 581 comprehenduntur
1983 552 2115 578 caetera

1141 581 1265 619 omnia,
1300 590 1384 622 quae
1413 590 1479 611 nou
1514 588 1654 621 possunt
1687 583 1818 625 singula
1848 587 2035 619 nominatim
2059 599 2114 621 ex·

1140 623 1232 664 primi
1257 624 1289 653 in
1314 633 1378 654 una
1401 623 1600 656 definitione.

1226 664 1331 696 Unica
1365 672 1487 697 tantum
1516 673 1569 697 est
1597 667 1772 707 divinitas,
1805 676 1836 701 et
1865 677 1972 703 tamen
1996 673 2027 703 in
2052 674 2114 705 hac

1139 718 1205 739 una
1239 709 1407 740 divinitate
1440 716 1517 740 sunt
1550 716 1619 740 tres
1649 721 1832 751 personae,
1861 720 1894 744 et
1922 714 2114 757 intelligitur

1140 752 1268 788 unitas,
1292 762 1367 783 cum
1390 751 1426 782 fit
1448 751 1584 783 collatio
1607 754 1648 784 ad
1672 761 1853 794 creaturaS,
1878 758 1954 798 quia
1977 764 2045 789 tota
2068 760 2114 790 di·

1140 795 1283 825 vinitatis
1317 801 1370 825 est
1404 796 1564 832 creatrix,
1600 795 1717 835 Pater,
1751 797 1873 837 Filius,
1906 805 1938 830 et
1971 800 2114 842 Spiritus

1140 844 1293 868 sanctus:
1327 843 1360 868 et
1389 838 1438 869 sic
1467 838 1507 868 de
1536 840 1676 870 caeteris
1706 841 1881 880 operibuS,
1917 853 2002 883 quae
2032 843 2114 876 fiunt

1140 885 1235 910 extra
1257 880 1468 912 divinitatem.
1519 880 1562 913 Ut
1590 892 1664 913 cum
1686 881 1850 924 loquimur
1872 885 1912 915 de
1936 895 2114 918 conserva—

1140 923 1228 954 tione
1252 933 1361 954 rerunt
1396 924 1554 962 omnium,
1587 935 1647 956 seu
1677 927 1916 958 sustentatione
1947 935 2113 961 creatura-

1140 975 1224 1003 rum,
1248 967 1289 996 de
1313 965 1511 998 collectione
1533 966 1718 1006 Ecclesiae,
1742 974 1775 999 et
1796 970 1917 1001 iudicio
1937 972 2037 1003 totius
2057 982 2113 1014 ge-

1140 1009 1228 1038 neris
1251 1007 1394 1039 humani.
1440 1009 1530 1040 Haec
1553 1021 1674 1051 opera,
1703 1012 1823 1052 quibus
1846 1022 1884 1044 se
1907 1012 2000 1045 Deus
2023 1021 2114 1056 pate-

1138 1050 1233 1088 fecit,
1256 1057 1289 1081 et
1318 1062 1358 1082 ex
1388 1052 1506 1093 quibus
1537 1053 1607 1084 vult
1635 1055 1792 1095 agnosci,
1822 1057 2008 1088 communia
2037 1065 2115 1089 sunt

1139 1093 1197 1123 toti
1221 1093 1400 1132 divinitati,
1419 1095 1505 1126 sicut
1527 1095 1735 1137 Augustinus
1759 1098 1875 1139 inquit:
1912 1098 2018 1138 Opera
2040 1100 2112 1136 Dei,

1136 1136 1242 1174 quoad
1264 1140 1367 1170 extra,
1391 1142 1461 1167 ειιηζ
1483 1139 1631 1173 indivisa,
1654 1149 1707 1169 seu
1730 1143 1900 1170 communia
1924 1144 2023 1172 tribus
2042 1153 2112 1182 per-

1110 1190 1114 1207 ι
1137 1180 1237 1207 sonis:
1261 1180 1323 1210 etsi
1346 1179 1429 1211 haec
1451 1179 1597 1212 limitatio
1624 1181 1722 1213 simul
1751 1189 1802 1214 est
1825 1184 1994 1224 addenda,
2024 1187 2114 1228 quod

1136 1223 1322 1253 servandus
1345 1223 1387 1253 sit
1410 1224 1492 1255 ordo
1515 1234 1746 1264 personarum,
1766 1237 1826 1258 seu
1845 1229 1962 1258 modus
1980 1229 2112 1270 agendi,

1136 1275 1202 1305 quo
1232 1275 1450 1307 unaquaeque
1478 1277 1622 1308 persona
1652 1269 1719 1310 agit
1746 1269 1778 1300 in
1805 1269 1856 1301 his
1885 1273 2113 1304 communibus

1135 1308 1304 1348 operibus,
1328 1311 1521 1349 praesertim
1545 1311 1632 1351 quod
1655 1312 1772 1343 attinet
1794 1313 1835 1343 ad
1862 1314 2022 1345 beneficia
2045 1314 2110 1346 Dei

1134 1360 1215 1392 erga
1238 1349 1440 1391 Ecclesiam,
1463 1353 1505 1383 ad
1528 1363 1613 1394 quae
1635 1354 1806 1385 mittuntur
1828 1354 1931 1388 Filius
1954 1362 1987 1388 et
2009 1357 2111 1399 Spiri-

1132 1401 1186 1424 tus
1209 1400 1358 1425 sanctus.

1218 1452 1302 1484 Hinc
1320 1463 1499 1495 possumus
1522 1460 1700 1487 contexere
1722 1456 1888 1499 integram
1914 1458 2108 1501 descriptio-

1132 1505 1207 1526 nem
1230 1496 1306 1533 Dci‚
1330 1496 1436 1539 qualis
1459 1503 1539 1529 nota
1562 1508 1638 1529 esse
1661 1500 1759 1531 debet
1778 1501 1810 1531 in
1834 1500 2002 1533 Ecclesia:
2025 1502 2111 1532 Deus

1132 1543 1177 1568 est
1208 1541 1339 1569 essentia
1369 1541 1562 1578 spiritualis,
1592 1542 1784 1581 intel'iqens,
1819 1547 1960 1578 aeterna,
1995 1545 2060 1574 alia
2090 1556 2110 1575 a

1132 1584 1284 1611 creaturis
1306 1582 1461 1616 omnebus,-
1484 1593 1596 1618 veraae,
1619 1584 1716 1619 bona,
1738 1587 1839 1621 iusta,
1865 1591 1970 1622 casta,
1993 1589 2110 1617 miseri-

1132 1635 1213 1660 cors,
1238 1625 1387 1664 benefica,
1416 1627 1577 1656 immensae
1599 1629 1774 1666 sapientiae
1796 1633 1826 1658 et
1843 1632 2024 1668 potentiae,
2047 1632 2109 1660 ira-

1131 1678 1219 1697 scens
1237 1672 1397 1707 pcccatis:
1419 1668 1518 1699 Pater
1540 1674 1692 1704 aeternus,
1716 1675 1746 1700 et
1774 1671 1896 1710 Filius,
1919 1676 1948 1702 et
1969 1673 2109 1712 Spiritus

1131 1714 1270 1740 sanctus:
1292 1713 1373 1741 sicat
1395 1722 1427 1741 se
1444 1713 1598 1751 patefecit
1622 1713 1773 1743 ‘livinitus
1795 1719 1880 1745 certo
1902 1715 1993 1745 verbo
2016 1720 2046 1745 et
2068 1721 2109 1746 te-

1131 1755 1284 1784 ,elimoniis
1305 1755 1430 1789 divinis,
1454 1755 1540 1795 quod
1561 1755 1660 1786 Pater
1682 1761 1832 1793 aeternus,
1855 1768 1917 1787 una
1939 1769 2005 1788 cum
2024 1759 2109 1789 Filio

1131 1800 1160 1826 et
1187 1796 1311 1835 Spiritu
1343 1801 1453 1827 sancto
1487 1809 1588 1828 omnes
1620 1810 1670 1829 res
1692 1802 1832 1835 creavit,
1865 1805 1896 1830 et
1918 1811 2021 1831 earum
2042 1803 2108 1832 sab-

1130 1841 1266 1869 stantia-t·
1295 1845 1470 1874 comerent,
1499 1845 1529 1871 et
1555 1843 1588 1871 in
1615 1852 1725 1881 yenere
1750 1843 1882 1873 hnmano
1906 1844 2028 1883 collc‘ylt
2049 1845 2110 1875 sibu·

1130 1886 1284 1912 aeternam
1306 1883 1497 1922 Ecclesiam,
1522 1895 1581 1923 per
1603 1889 1633 1914 et
1653 1890 1762 1923 proter
1784 1886 1916 1925 Filium;
1943 1891 1973 1917 et
1996 1892 2042 1917 est
2063 1890 2106 1918 ιἰι-

1129 1925 1194 1954 dvx
1215 1927 1363 1956 iustorum
1386 1931 1415 1956 et
1437 1928 1629 1957 iniustorum.

1215 1985 1305 2017 Haec
1334 1987 1514 2028 descriptio
1547 1987 1612 2019 Dei
1641 1988 1787 2019 ostendit
1816 1989 1992 2021 discrimen
2021 1991 2106 2022 inter

1127 2029 1274 2060 notitiam
1297 2028 1360 2060 Dei
1382 2029 1661 2072 philosophicam,
1686 2037 1717 2062 et
1740 2041 1831 2069 eam,
1861 2042 1945 2073 quae
1967 2033 2106 2065 docetur

1127 2071 1159 2102 in
1188 2071 1350 2104 Ecclesia.
1406 2072 1532 2115 Estque
1561 2083 1663 2115 saepe
1693 2075 1872 2115 repetenda
1906 2076 1938 2106 in
1971 2076 2104 2107 invoca-

1127 2115 1229 2150 tione;
1253 2116 1329 2156 quia
1352 2116 1620 2158 quandocunque
1643 2128 1761 2158 preces
1784 2124 1917 2148 nostras
1937 2117 2103 2150 fundimus

1126 2157 1168 2188 ad
1192 2157 1316 2197 Deum,
1346 2159 1505 2191 ‹lebetrus
1528 2160 1677 2201 cogitare
1700 2161 1876 2191 discrimen
1901 2167 2034 2193 nostrae
2057 2163 2104 2192 in-

1126 2202 1325 2239 vocationis,
1344 2208 1376 2233 et
1394 2202 1566 2240 Ethnicae‚
1585 2209 1619 2234 ut
1637 2202 1845 2244 alloquamur
1858 2214 1971 2235 verum
1984 2203 2104 2244 Deum,

1125 2245 1180 2286 qui
1203 2254 1242 2276 se
1264 2244 1421 2286 patefecit
1443 2244 1474 2276 in
1498 2245 1664 2284 Ecclesia,
1687 2252 1719 2277 et
1738 2256 1810 2276 eum
1829 2246 1879 2276 sic
1897 2247 2103 2286 invocemus,

1124 2289 1210 2318 sicut
1234 2287 1304 2319 vult
1326 2299 1346 2320 a
1369 2289 1465 2320 nobis
1488 2288 1646 2320 invocari.
1697 2288 1768 2319 Nee
1797 2295 1916 2330 potest⁴
1936 2289 2102 2322 exhauriri

1124 2331 1285 2371 sapientia
1315 2332 1555 2373 comprehensa
1583 2333 1615 2362 in
1644 2331 1707 2362 hac
1736 2331 1960 2373 descriptione
1983 2334 2015 2364 in
2038 2332 2103 2365 hac

1247 2374 1316 2405 Sed
1342 2381 1461 2416 postea
1488 2385 1601 2406 coram
1632 2384 1816 2405 cernemus-
1874 2374 2003 2407 lnterea
2032 2374 2102 2407 vult

1122 2427 1185 2448 nos
1210 2416 1303 2448 Deus
1336 2418 1431 2449 istam
1465 2418 1649 2448 doctrinam
1678 2417 1719 2448 de
1749 2427 1787 2448 se
1811 2427 1951 2456 sonare,
1987 2425 2020 2449 et
2043 2429 2102 2460 per

1123 2461 1356 2501 cogitationem
1376 2462 1447 2492 eius
1471 2466 1522 2491 est
1544 2458 1682 2498 efficax,
1704 2460 1790 2491 sicut
1812 2461 2025 2492 diciturt-Ex
2047 2471 2101 2491 ore

1121 2504 1287 2541 infantium
1311 2508 1340 2533 et
1363 2504 1538 2533 lactentium
1558 2503 1724 2542 perfecisti
1745 2503 1803 2533 tibi
1825 2504 1928 2534 robur.

1208 2554 1274 2585 lam
1303 2555 1466 2586 addantur
1494 2554 1548 2586 hic
1575 2553 1777 2586 catechetiea
1806 2554 1879 2595 illa,
1910 2565 1995 2598 quae
2022 2562 2100 2587 sunt

680 2592 751 2624 Nos
781 2595 938 2634 dicimus,
975 2596 1071 2626 Deum
1120 2599 1314 2629 necessaria
1336 2598 1434 2629 ctiam
1456 2598 1567 2638 pueris
1590 2598 1622 2628 in
1646 2597 1816 2637 Ecclesia,
1847 2599 1909 2630 etsi
1933 2609 1999 2630 non
2022 2609 2100 2639 pos-

1864 2659 1895 2684 ⁶5
