2324 2958
135 137 198 169 451

135 237 188 263 tur
206 235 358 272 putemus
380 229 581 261 tentationes
603 237 682 260 esse
704 229 859 271 quiddam
870 228 1039 261 fortuitum
1062 234 1117 259 aut

135 272 295 306 naturale.

221 313 310 348 Nolo
332 314 387 346 hic
411 314 558 358 delinire,
582 322 690 347 utrum
717 314 882 347 Diabolus
912 313 1046 345 Christo
1069 314 1117 344 vi-

136 358 225 392 sibili
249 357 358 400 aliqua
382 357 489 389 forma
512 358 714 399 apparuerit,
739 363 772 389 et
784 356 957 389 visibiliter
979 366 1052 388 cum
1076 366 1116 388 eo

137 401 326 435 collocutus
360 401 414 439 sit,
448 410 490 432 an
525 411 608 432 vero
646 400 798 433 offuderit
832 401 860 431 ei
895 399 1116 441 cogitationes

136 445 314 483 eiusmodi,
372 443 470 476 uibus
493 443 706 476 vehementer
728 443 867 476 affectus
890 443 963 480 fuit,
986 448 1019 474 et
1042 452 1118 474 cum

135 489 256 531 quibus
280 488 334 519 diu
370 492 502 519 uctatus
525 493 588 519 est.

223 532 340 563 Potest
368 529 452 568 fieri,
485 531 574 572 quod
604 530 701 561 etiam
736 527 854 560 visibili
878 529 1001 568 specie,
1024 537 1118 569 prae-

135 575 251 606 sertim
273 575 305 606 in
329 574 463 605 deserto
486 574 669 605 occurrerit
690 571 854 604 Diabolus
879 571 1024 609 Christo,
1054 571 1118 603 sic-

135 623 172 650 ut
194 626 296 659 saepe
318 622 419 648 vexat
440 616 507 647 hoc
528 617 628 647 modo
652 617 747 647 etiam
770 625 916 647 summos
941 614 1050 651 viros3
1085 620 1119 645 et

136 661 215 693 boni
238 669 371 703 quoque
393 658 503 702 angeli
533 668 768 700 nonnunquam
796 668 834 690 se
857 657 1117 698 conspiciendos

137 704 264 736 sanctis
283 704 452 745 praebent.

223 747 366 788 Saepius
390 752 498 778 tamen
520 745 659 776 immittit
683 742 848 775 Diabolus
871 743 998 774 sanctis
1028 743 1118 785 cogi-

136 791 292 828 tationes,
316 790 435 831 quibus
459 789 568 820 turbat
591 789 728 819 animos.
761 786 936 822 Quomodo
960 786 1027 818 hoc
1049 786 1118 825 fiat,

135 843 203 865 non
222 839 332 875 potest
354 832 474 874 exponi
493 842 513 862 a
537 830 695 873 Physic0,
718 830 779 862 sed
791 829 1008 871 plaerumque
1019 830 1119 861 sumit

135 877 351 909 occasionem
386 877 428 907 ab
457 873 568 916 aliquo
597 875 729 906 obiecto
762 873 845 905 soris
878 872 1013 911 oblato;
1043 883 1119 905 cum

135 918 254 962 aliquis
278 919 391 950 incidit
412 919 446 950 in
469 916 669 955 sodalitium,
692 917 749 948 ubi
772 922 848 948 sunt
866 925 1038 948 sermones
1062 917 1119 948 im-

135 963 220 1004 puri,
243 961 408 994 Diabolus
433 972 509 992 mox
533 960 671 992 offundit
700 960 953 1002 imaginationes
977 960 1119 992 obscoe-

134 1015 211 1045 naS,
233 1006 354 1047 quibus
377 1005 564 1037 incenditur
587 1005 726 1036 animus.
771 1004 881 1044 Saepe
908 1003 942 1033 in
965 1003 1118 1034 convivio

135 1049 276 1089 erumpit
299 1047 398 1079 alicui
421 1048 561 1089 inprobo
585 1046 707 1079 homini
730 1056 771 1078 ex
793 1046 1013 1088 suggestione
1041 1045 1119 1077 Dia-

135 1091 203 1124 boli
239 1091 376 1123 verbum
410 1090 556 1133 aliquod,
590 1100 655 1132 quo
679 1089 765 1121 alius
789 1090 834 1121 ita
856 1087 1060 1131 percellitur,
1083 1094 1120 1121 ut

137 1135 262 1168 incidat
284 1134 318 1165 in
341 1135 576 1166 acerbissimas
601 1133 834 1175 cogitationes
881 1132 1035 1174 Denique
1062 1142 1119 1164 va-

135 1179 203 1210 rias
222 1177 354 1219 species
383 1175 457 1209 aliis
492 1183 591 1219 atque
614 1175 686 1208 aliis
711 1176 833 1214 obiicit,
864 1185 949 1217 quae
973 1176 1120 1208 occasio-

135 1232 210 1253 nem
234 1221 395 1261 praebent
418 1221 590 1252 venenatis
615 1220 884 1261 cogitationibus-

222 1264 346 1295 Omnes
382 1262 534 1295 homines
568 1262 693 1304 aliquid
727 1263 863 1293 istarum
886 1271 997 1293 rerum
1021 1270 1119 1302 expe-

134 1307 273 1345 riuntur,
297 1312 330 1338 et
352 1306 482 1348 quidem
506 1306 612 1347 magis
636 1311 796 1337 exercent
819 1315 881 1336 nos
900 1305 1119 1347 cogitationes

135 1350 316 1388 eiusmodi,
340 1359 424 1391 quas
454 1348 618 1381 Diabolus
643 1348 800 1386 offundit,
831 1358 928 1389 quam
959 1352 1119 1379 externus

135 1398 351 1434 conspectus.
397 1392 445 1423 lta
469 1392 539 1423 fieri
562 1397 685 1432 potest,
709 1396 746 1422 ut
767 1390 933 1422 Diabolus
952 1389 1120 1422 Christum

134 1437 304 1468 vexaverit
315 1434 413 1467 simul
426 1435 587 1467 eiusmodi
600 1434 861 1474 cogitationibus,
885 1443 971 1476 quae
987 1431 1120 1465 fuerunt

134 1489 232 1511 acres
255 1477 388 1517 stimuli,
411 1484 444 1510 et
467 1478 579 1520 magni
601 1483 722 1516 motuS,
746 1482 779 1508 et
803 1477 1017 1509 vehementes
1041 1477 1119 1508 ima-

133 1522 334 1565 ginationes.
402 1520 472 1553 Sed
506 1521 696 1553 omittamus
730 1519 818 1552 hanc
853 1520 1120 1562 disputationem,

135 1566 303 1608 quomodo
328 1566 528 1597 tentationes
551 1563 675 1595 Christi
698 1562 806 1595 sactae
818 1564 894 1602 sint,
917 1570 950 1595 et
969 1563 1120 1596 dicamus

135 1609 177 1641 de
209 1609 454 1651 significatione
477 1608 594 1639 harum
618 1607 849 1639 tentationum:
885 1606 982 1638 Prius
1010 1612 1121 1638 tamen

134 1652 176 1684 de
197 1652 274 1693 ipso
296 1650 464 1684 vocabulo
487 1652 520 1682 in
539 1661 664 1693 genere
687 1649 810 1693 aliquid
833 1651 1033 1682 monendum
1058 1657 1120 1682 est.

221 1695 370 1727 Verbum
409 1697 554 1734 Tentare,
589 1700 641 1726 est
675 1692 801 1726 formae
846 1693 1119 1736 frequentativae.

136 1738 335 1770 Germanice
359 1738 524 1781 significat
547 1739 651 1770 Einen
675 1739 828 1776 baecken,
851 1739 985 1777 conari,
1015 1742 1051 1769 ut
1074 1743 1121 1769 te-

136 1791 218 1813 neas
242 1780 396 1823 aliquem.
464 1781 628 1813 Graecum
652 1781 796 1822 πειράζω,
820 1781 999 1823 significat,
1022 1790 1120 1820 expe-

135 1829 215 1857 rior.
261 1824 343 1856 Cum
367 1824 432 1856 hoc
457 1825 609 1866 congruit
629 1835 695 1856 vox
709 1824 909 1856 Germanica
932 1826 1120 1862 ver-suellen,

135 1869 167 1899 id
191 1873 255 1906 est,
278 1869 416 1910 aggredi
440 1866 564 1909 aliquid
588 1868 809 1909 experiundo,
843 1878 884 1898 an
908 1868 1020 1909 possis
1046 1878 1119 1908 per-

135 1911 247 1943 ficere.
315 1911 375 1942 Est
409 1918 519 1943 autem
552 1910 783 1942 Germanicum
813 1910 877 1942 hoc
901 1913 1077 1942 rer-rnaben
1100 1921 1120 1941 a

136 1955 340 1997 quaerendo,
364 1964 426 1986 seu
445 1954 657 1995 vestigando,
682 1964 741 1986 ron
764 1956 835 1986 dem
858 1956 987 1986 suchen.
1065 1955 1120 1985 Ver

136 1999 168 2029 in
205 1998 446 2039 compositione
480 2003 662 2038 usurpatur
694 1998 726 2029 in
761 1995 880 2028 malain
915 2003 1052 2038 partem,
1086 2005 1118 2029 et

137 2042 289 2082 congruit
320 2052 392 2073 cum
418 2040 561 2074 Graeco.
592 2041 688 2082 πηριὶ.
734 2039 894 2082 Exempla
918 2039 1018 2071 multa
1042 2047 1120 2072 sunt

138 2085 169 2116 in
190 2084 389 2116 Germanica
411 2082 535 2127 lingua.
602 2086 791 2122 rerderben,
825 2085 914 2115 venit
948 2095 967 2115 a
998 2095 1061 2122 rer,
1086 2090 1118 2115 et

135 2129 266 2167 derben,
289 2128 377 2170 quod
401 2128 566 2170 significat
589 2129 761 2166 hmuclzen,
795 2127 1006 2169 τίποχρᾶσθαι,
1041 2137 1118 2168 pau-

136 2170 226 2202 latim
261 2180 458 2203 consumere
488 2181 562 2209 usu,
594 2170 650 2202 vel
685 2171 781 2202 etiam
806 2173 938 2202 omnino
981 2172 1119 2202 verdere.

137 2215 193 2246 Sic
230 2216 423 2254 verbam-en,
456 2216 642 2254 verklaqen,
666 2224 831 2254 remonon,
854 2220 885 2246 et
908 2182 1010 2246 muita
1033 2214 1120 2245 simi-

138 2256 191 2289 lia.
238 2258 285 2290 lta
307 2258 405 2299 igitur
427 2259 612 2298 remuclnen,
635 2264 688 2290 est
712 2264 777 2289 tam
801 2259 855 2290 diu
868 2268 1040 2300 quaerere,
1063 2257 1120 2289 ali·

137 2311 246 2343 quem,
279 2302 386 2333 donec
421 2300 606 2342 implicetur
639 2299 777 2344 laqueo:
814 2304 928 2334 Einem
961 2313 998 2333 so
1026 2305 1121 2341 lanae

137 2346 331 2384 nachyelwn,
355 2346 421 2376 bias
444 2355 519 2377 man
536 2346 601 2385 jlm
624 2346 658 2377 ln
680 2346 743 2377 den
766 2347 868 2377 etr-tels
896 2346 1031 2385 brt'nffet.
1077 2344 1119 2375 Ut

138 2389 275 2429 quando
300 2388 462 2420 Diabolus
485 2387 631 2431 implicat
653 2389 757 2430 primo
782 2388 944 2421 Davidem
968 2389 1120 2420 incendio

137 2432 271 2469 amoris,
306 2438 424 2472 postea
459 2433 564 2475 magis
599 2433 772 2475 magisque
807 2443 881 2465 cum
916 2431 1055 2464 involvit
1089 2433 1120 2463 in

138 2473 269 2507 scelera
292 2481 324 2506 et
348 2486 484 2516 poenas.

778 134 890 166 PlllL.
915 135 1015 167 MEL.
1039 133 1227 166 SCRlPTA
1250 134 1514 167 EXEGETlCA.

2090 139 2154 173 452

1242 230 1403 272 Genera
1434 233 1707 273 tentationum
1738 233 1779 274 in
1811 235 1886 275 hac
1918 235 2091 276 historia.

1258 356 1326 388 lam
1359 357 1450 399 quod
1483 358 1526 389 ad
1559 358 1730 390 historiam
1764 359 1902 391 istarum
1937 360 2155 393 tentationum

1172 397 1295 431 Christi
1330 401 1457 438 attinet,
1482 406 1570 442 puto
1605 411 1663 432 eas
1697 401 1772 433 ideo
1810 411 1971 443 expresse
2007 403 2154 445 scriptas

1171 452 1261 481 esse,
1284 444 1362 485 quia
1390 444 1424 474 in
1454 444 1560 485 ipsius
1582 454 1729 485 persona
1752 445 1931 477 ostendunt
1954 447 2153 488 praecipuas

1171 487 1368 518 tentationes
1402 487 1504 518 totius
1541 488 1692 528 corporis
1722 487 1898 520 Ecclesiae
1921 489 1962 520 ab
1986 489 2076 520 initio
2099 499 2155 521 ns-

1171 539 1236 570 que
1258 530 1301 560 ad
1323 529 1432 561 finem.
1477 529 1672 562 Recitantur
1694 531 1793 572 igitur
1813 537 1881 563 tres
1905 532 2030 574 gradus
2049 538 2153 563 tenta-

1172 573 1296 604 tionum
1330 571 1472 611 christi,
1508 583 1594 616 quae
1617 580 1694 605 sunt
1716 575 1895 616 iniagineS‚
1918 585 1980 607 seu
2002 585 2095 607 exem
2122 574 2154 606 la

1171 616 1423 657 praecipuarum
1446 617 1660 648 tentationum
1690 616 1876 649 Ecclesiae.
1944 617 2011 650 lmo
2039 619 2072 650 in
2113 619 2153 649 iis

1170 658 1252 699 ipsis
1276 660 1512 691 tentationibus
1537 660 1682 692 cernitur
1705 661 1812 692 series
1836 666 1868 692 ct
1890 661 1972 693 ordo
1986 660 2154 693 calamita-

1170 706 1237 732 tum
1261 699 1436 734 Ecclesiae
1459 703 1501 734 ab
1525 703 1615 734 initio
1640 713 1748 745 usque
1771 705 1814 735 ad
1844 703 1952 735 finem.
2021 704 2152 736 Primus

1171 744 1295 786 gradus
1329 751 1381 776 est
1413 744 1615 787 Paupertas:
1649 745 1752 785 alter,
1786 746 1988 779 Curiositas:
2025 748 2152 785 tertius,

1171 787 1341 829 Cupiditas
1364 789 1469 830 regni.

1329 953 1393 994 De
1424 954 1554 1008 primo
1585 955 1716 1009 gradu
1746 955 1990 996 tentationis.

1260 1044 1404 1077 Primum
1438 1044 1594 1078 Ecclesia
1627 1051 1767 1078 vexatur
1788 1051 1996 1088 paupertate,
2026 1051 2057 1077 et
2079 1055 2155 1087 pro·

1171 1095 1243 1130 pter
1266 1087 1354 1121 hanc
1372 1088 1464 1120 multi
1489 1090 1646 1121 deserunt
1658 1087 1846 1122 Ecclesiam
1857 1096 1915 1121 aut
1927 1089 2155 1121 ministerium.

1171 1131 1309 1174 Loquor
1341 1139 1452 1164 autem
1486 1143 1552 1164 non
1586 1138 1712 1164 tantum
1746 1133 1788 1164 de
1816 1132 1927 1173 inopia
1949 1130 2072 1171 victus,
2094 1132 2156 1164 sed

1172 1175 1271 1206 etiam
1295 1175 1335 1206 de
1357 1174 1432 1206 aliis
1457 1177 1712 1217 quibuscunque
1735 1175 1898 1213 miseriis,
1925 1174 2101 1217 periculis,
2124 1181 2157 1206 et

1171 1218 1472 1259 persecutionibus.
1529 1217 1683 1251 Ecclesia
1705 1229 1807 1260 saepe
1830 1217 1956 1251 nullum
1981 1218 2083 1250 habet
2105 1227 2156 1249 re-

1172 1267 1316 1302 ceptum,
1346 1260 1440 1293 nulla
1469 1260 1614 1303 hospitia
1635 1262 1742 1300 firma,
1766 1260 1857 1293 nulla
1879 1262 2060 1302 praesidia,
2082 1259 2157 1292 nul-

1171 1303 1237 1336 lam
1261 1302 1489 1336 defensionem
1512 1304 1698 1337 humanam.
1745 1305 1807 1340 Qui
1832 1305 2044 1346 experiuntur
2067 1302 2157 1343 talia,

1171 1347 1330 1389 sentiunt,
1353 1358 1452 1389 quam
1474 1357 1577 1379 saeva
1594 1347 1681 1379 haec
1702 1348 1746 1380 sit
1764 1349 1912 1380 tentatio.
1954 1348 2048 1380 Adeo
2072 1348 2158 1380 enim

1170 1388 1374 1431 languefacit
1407 1391 1570 1432 quosdam
1603 1389 1794 1423 sollicitudo
1820 1391 1861 1422 de
1884 1391 1986 1430 victu,
2019 1397 2055 1423 ut
2078 1399 2157 1423 con-

1172 1433 1320 1484 sciscant
1342 1434 1405 1465 sibi
1427 1439 1576 1466 mortem.
1605 1433 1760 1476 Denique
1782 1433 1849 1466 late
1872 1439 1963 1477 patet
1980 1434 2066 1467 haec
2087 1440 2164 1466 tens

1172 1483 1264 1508 tatio.

1260 1519 1439 1562 Plaerique
1470 1526 1626 1562 pastores
1661 1527 1738 1552 sunt
1771 1531 1951 1563 paupereS,
1993 1525 2158 1562 coguntur

1173 1563 1340 1595 sustinere
1362 1564 1440 1595 odia
1462 1563 1642 1602 hominum,
1666 1565 1876 1597 excutiuntur
1898 1574 1939 1595 ex
1968 1563 2039 1595 suis
2063 1563 2156 1595 nidu-

1172 1605 1224 1638 lis.
1278 1606 1335 1639 Sic
1367 1607 1468 1649 igitur
1500 1612 1533 1638 et
1567 1606 1733 1639 Christum
1767 1608 1945 1649 exagitavit
1978 1605 2156 1645 Diabolus,

1174 1660 1249 1682 cum
1271 1650 1488 1682 inchoaturus
1509 1656 1601 1682 esset
1618 1651 1848 1682 ministerium:
1873 1649 1977 1682 voluit
2000 1659 2074 1681 eum
2097 1650 2157 1681 ab·

1173 1699 1319 1725 steri-ere
1343 1704 1363 1725 a
1386 1694 1578 1726 ministerio.
1614 1693 1791 1736 proposuit
1816 1694 1846 1725 ei
1869 1692 2026 1734 pericula.
2057 1691 2156 1731 Vide,

1172 1737 1202 1768 si
1225 1738 1378 1778 coeperis
1413 1737 1547 1775 docere,
1569 1738 1685 1769 venies
1708 1738 1740 1769 in
1764 1738 1889 1769 odium:
1923 1736 2060 1778 patieris
2082 1745 2156 1778 per-

1173 1780 1384 1812 secutiones:
1418 1790 1485 1811 non
1520 1779 1659 1812 habebis
1695 1781 1872 1822 hospitium
1908 1785 2052 1812 certum:
2087 1789 2155 1811 non

1172 1823 1430 1865 protectioneinz
1455 1824 1541 1856 sicut
1566 1823 1720 1855 Christus
1743 1825 1814 1866 ipsc
1838 1829 1958 1864 postea
1982 1822 2075 1855 dicit:
2106 1824 2156 1854 Fe·-

1171 1868 1236 1898 ἰήιε
1257 1868 1396 1899 hominis
1418 1877 1481 1899 non
1504 1868 1606 1907 hahet,
1630 1869 1683 1898 ubi
1703 1872 1802 1908 caput
1822 1869 1965 1899 reclinet.

1260 1909 1351 1942 llaec
1375 1911 1510 1942 tentatio
1534 1910 1739 1952 significatur
1762 1911 1794 1941 in
1823 1910 1935 1941 verbis
1965 1908 2032 1941 illis
2056 1907 2157 1940 lroni·

1172 1954 1235 1985 cis:
1269 1954 1308 1984 Si
1339 1964 1375 1985 es
1406 1956 1494 1993 filins
1529 1956 1596 1991 Dei,
1631 1956 1691 1993 dic,
1726 1959 1762 1985 ut
1787 1955 1914 1994 lapides
1940 1954 2023 1992 fiant
2041 1962 2156 1994 pasees.

1172 1995 1308 2028 Scilicet
1338 2003 1372 2028 tu
1396 1997 1500 2033 'wives
1531 2008 1571 2028 ex
1595 1996 1778 2038 lapidibus,
1808 1995 1938 2028 scilicet
1961 2002 1996 2028 tu
2014 1994 2156 2026 habebis

1172 2038 1411 2071 defensionem.
1460 2040 1597 2071 Romani
1617 2051 1682 2072 non
1703 2039 1879 2072 defendent
1904 2046 1947 2072 te.
1971 2037 2074 2071 multo
2098 2037 2157 2069 mi·

1172 2094 1234 2114 nus
1271 2082 1455 2114 Pharisaei:
1491 2084 1556 2115 eris
1580 2084 1708 2115 invisus
1737 2084 1907 2116 omnibus.
1942 2083 2010 2114 eris
2033 2081 2157 2123 ubique

1172 2127 1203 2158 in
1227 2127 1315 2158 odio.

1259 2169 1423 2202 Diabolici
1446 2180 1620 2202 sermones
1643 2177 1720 2202 sunt
1743 2169 1935 2209 San-castici,
1967 2175 2003 2200 ut
2021 2167 2156 2211 quando

1173 2223 1213 2245 ex
1247 2214 1399 2245 obsessis
1433 2213 1588 2255 loquitur,
1622 2219 1781 2255 perpetuo
1812 2211 1893 2244 ludit
1917 2211 2101 2243 sarcasmis
2124 2217 2157 2243 et

1174 2256 1276 2287 salsis
1300 2258 1425 2294 ironiis,
1450 2258 1554 2289 [tedet
1573 2259 1739 2298 epiittc'scle.
1763 2255 1854 2288 Talis
1878 2257 2078 2287 Sarcasmns
2103 2261 2156 2286 est

1173 2301 1204 2331 in
1229 2300 1366 2333 historin
1391 2301 1578 2342 passionis:
1602 2302 1639 2334 Se·
1660 2302 1761 2333 bilim-
1786 2302 1847 2332 Det*
1869 2310 1913 2335 es.
1934 2299 2094 2331 descende
2116 2299 2157 2329 de

1171 2354 1276 2376 cruca

1259 2388 1458 2419 Snrcasmus
1482 2387 1581 2420 habet
1605 2397 1725 2419 nomen
1744 2397 1764 2418 a
1787 2386 1883 2423 rictu,
1913 2385 1975 2416 αἠὀ
2006 2385 2057 2416 τοῦ
2086 2394 2156 2424 σαρ-

1173 2432 1280 2470 κιὶζην,
1330 2431 1440 2463 nando
1463 2432 1504 2469 is,
1527 2433 1581 2473 qui
1606 2431 1713 2462 victus
1735 2436 1800 2463 est.
1824 2429 2000 2461 deridetur.

1261 2474 1306 2505 Ta
1325 2476 1397 2506 ibus
1431 2475 1615 2507 sni-cosmis
1655 2473 1846 2506 deridentur
1880 2473 1979 2505 etiam
2019 2476 2156 2503 nostrae

1177 2517 1347 2549 Ecclesiae
1371 2519 1412 2549 nb
1436 2519 1656 2550 adversariis:
1691 2516 1763 2548 Vos
1787 2517 1869 2548 estis
1893 2514 2060 2552 Ecclesia.
2094 2513 2156 2545 sed

1175 2561 1305 2604 qualem
1341 2561 1470 2594 habetis
1510 2562 1771 2603 protectionem?
1838 2559 1927 2591 ustis
1972 2557 2158 2594 miserrimi,

1147 2637 1151 2643 ,
1175 2606 1256 2637 estis
1281 2604 1572 2644 conculcatissinii,
1596 2612 1627 2638 et
1651 2604 1862 2637 abiectissimi
1886 2603 2038 2635 omnium.
2063 2598 2157 2633 Mula
