2324 2958
76 192 142 226 309

82 281 306 320 mesarienffl'S,
321 279 537 319 Athanasius,
554 279 610 322 qui
622 288 744 321 magna
756 280 934 310 certamina
949 280 1047 311 susti-

77 329 148 362 nuit
168 335 241 364 cum
262 324 406 355 Arianis.
451 323 575 354 Postea
595 321 820 364 AugustinuS,
850 323 904 363 qui
927 320 1046 354 refuta-

82 372 125 404 ἡ
155 377 285 400 errores
315 365 578 407 Pelagianorum.
623 364 702 396 Item
732 364 893 404 Prosper,
928 371 960 395 et
993 363 1047 396 alii

79 410 167 446 alti
189 410 266 441 boni
288 419 329 441 ac
356 409 443 440 docti
465 408 543 446 viri,
573 417 712 450 quorum
740 405 794 438 alii
821 406 894 438 aliis
924 408 1046 439 rectius

79 459 249 487 senserunt

158 494 246 526 luter
262 495 355 535 ipsos
373 491 559 524 Monachus
575 491 636 524 fuit
653 490 879 530 Bemhardus,
902 492 958 533 qui
975 490 1047 523 fun-

77 539 259 572 damentum
282 536 358 568 fidei
386 536 516 567 retinuit
545 541 576 566 et
604 534 816 576 propagavit,
846 541 923 575 post
950 545 1046 576 quem

76 580 136 612 etsi
157 579 314 620 paulatim
338 588 470 609 errores
493 578 612 609 invecti
636 583 724 616 sunt,
746 583 779 608 et
800 576 969 618 plaerique
992 587 1046 608 su-

70 633 132 665 per
153 622 398 654 fundamentum
421 621 492 652 fere
513 619 594 663 nillil
615 618 702 651 aliud
730 620 794 651 nisi
824 618 962 661 stipulas
993 629 1046 651 ex-

73 670 256 701 truxerunt,
279 663 377 705 aliqui
399 670 506 694 tamen
525 663 664 695 subinde
681 668 836 694 taxarunt
852 661 941 694 idola
959 663 1045 694 Pon-

73 706 182 739 tificia.
226 705 365 738 Multum
387 705 472 737 lucis
494 706 618 744 habuit,
642 706 739 736 etiam
761 711 838 736 ante
860 705 945 736 haec
966 711 1045 736 tem-

72 760 155 792 pora
177 748 351 780 Taulerus:
381 748 423 779 Et
447 753 575 788 patrum
598 754 785 779 nostrorum
809 748 964 779 memoria
984 747 1044 779 fuit

73 791 169 824 valde
197 792 316 823 doctus
348 792 414 829 vir,
445 791 538 822 cuim
569 791 692 832 scripta
720 796 848 827 extant,
871 789 1045 821 Wesselus

73 833 324 876 Groningensis.
370 833 498 864 Nomen
520 833 697 865 Wesselus
724 840 804 873 puto
827 843 904 864 esse
927 842 1043 864 nomen

70 875 197 909 Basilii.
242 877 362 908 Audivi
382 875 584 916 Capnionem
608 882 795 907 narrantem
818 876 859 906 de
882 885 934 913 eo,
957 875 1044 916 quod

71 918 207 952 Parisiis
227 918 388 960 expulsus
406 919 450 949 sit
467 924 656 959 propterea,
679 919 754 960 quia
772 918 928 960 dogmata
947 928 1044 959 quae-

71 963 146 994 dam
167 960 444 993 scholasticorum
467 962 666 1002 improbarit.
707 960 759 991 De
781 959 969 1001 plaerisque
993 970 1046 991 ca-

71 1005 192 1046 pitibus
215 1004 385 1045 religionis
408 1002 630 1044 Evangelicae
652 1004 756 1034 sensit
779 1004 882 1040 idem,
914 1003 1002 1044 quod
1026 1013 1045 1034 a

70 1048 168 1078 nobis
191 1057 278 1078 nunc
301 1047 450 1084 traditur,
475 1053 650 1087 postquam
672 1051 786 1076 nostra
806 1051 915 1076 aetate
934 1055 1044 1085 repur-

71 1090 159 1132 gatio
178 1089 353 1121 Ecclesiae
372 1088 458 1120 sacta
478 1095 541 1126 est,
565 1095 597 1119 et
620 1088 725 1119 lucem
743 1087 917 1129 Evangelii
935 1086 1045 1128 splen-

71 1132 229 1163 didiorem
253 1132 346 1163 Deus
369 1130 572 1162 mirabilibus
595 1131 829 1162 occasionibus
852 1131 967 1161 iterum
990 1141 1044 1161 ac-

71 1175 166 1207 cendi
190 1174 300 1205 voluit.

156 1217 287 1258 Scripta
311 1215 457 1247 &Vesseli
480 1221 557 1247 sunt
580 1216 684 1253 bona,
715 1216 742 1245 si
773 1216 847 1256 quis
871 1226 944 1246 cum
967 1225 1044 1256 qua-

71 1260 145 1291 darn
175 1260 385 1296 dexteritate,
415 1264 446 1289 et
474 1269 540 1289 non
571 1257 776 1290 cavillatorie
807 1258 936 1289 iudicet.
983 1258 1044 1288 Dei

70 1302 232 1334 beneficio
262 1304 325 1333 iam
355 1301 486 1343 singula
517 1302 689 1332 traduntur
719 1299 924 1342 explicatius.
969 1300 1042 1331 Non

71 1345 183 1376 habuit
215 1351 293 1376 tunc
323 1343 459 1381 mulms,
494 1354 565 1374 cum
595 1344 714 1384 quibus
748 1341 899 1375 conferre
933 1349 1043 1384 posset

70 1389 251 1418 sententias
286 1397 374 1417 suas.
420 1386 526 1426 Magis
564 1384 766 1416 illustrantur
800 1395 873 1422 reS,
912 1386 1043 1426 quando

70 1429 183 1471 plures
207 1428 380 1460 conferunt
402 1429 543 1459 studium
568 1435 599 1458 et
622 1438 772 1467 operam,
801 1429 887 1458 sicut
915 1428 1043 1464 dicitur,

69 1472 171 1510 ὁμιλία
201 1472 277 1502 ἔτεκε
305 1475 422 1510 τέχναςε
457 1470 591 1501 Ferrum
616 1469 712 1509 ferro
741 1471 885 1507 acuitur,
916 1471 963 1500 sic
991 1471 1044 1501 τίν

68 1515 173 1546 cirum
196 1515 294 1545 acuit.
338 1513 420 1544 Cum
443 1522 497 1544 res
522 1513 703 1554 agitantur,
732 1519 763 1543 et
792 1512 871 1543 fiunt
897 1511 1042 1542 collatio-

68 1566 129 1588 nes
163 1556 412 1593 sententiarum,
446 1566 513 1587 non
545 1562 670 1587 tantum
700 1556 884 1586 excitantur
912 1555 1044 1596 ingenia

68 1599 111 1630 ad
133 1598 347 1640 inquirendos
370 1597 479 1629 fontes
502 1599 740 1636 doctrinarum,
763 1598 823 1628 sed
847 1598 943 1628 etiam
967 1607 1043 1629 con-

67 1640 238 1673 firmantur
261 1640 369 1677 animi,
394 1646 427 1671 et
449 1650 503 1671 res
522 1640 614 1681 ipsae
637 1641 719 1671 fiunt
742 1639 951 1671 illustriores.

155 1683 281 1724 Capnio
300 1683 454 1714 narrabat
472 1681 617 1713 iVesseli
637 1692 760 1713 morem
777 1681 892 1719 fuisse,
917 1688 951 1713 ut
969 1693 1043 1723 par-

68 1732 133 1758 tem
152 1726 309 1766 temporis
329 1725 486 1757 tribueret
507 1724 639 1756 lectioni
657 1725 839 1756 Bibliorum
856 1724 1042 1763 hebraicae,

68 1769 144 1811 quia
166 1767 225 1800 fuit
250 1769 333 1799 bene
357 1769 475 1800 doctus
504 1768 537 1799 in
559 1767 699 1810 linguis,
730 1774 857 1808 partem
880 1778 959 1799 vero
988 1769 1042 1799 tri-

67 1812 184 1843 bueret
222 1810 295 1842 aliis
334 1811 502 1842 docendis.
553 1810 675 1841 Docuit
707 1817 815 1841 autem
853 1809 948 1841 simul
987 1810 1042 1841 he-

68 1855 199 1892 braice,
228 1859 261 1885 et
289 1854 457 1885 doctrinae
479 1853 652 1885 Ecclesiae
675 1863 834 1884 summam
857 1852 1042 1894 explicavit,

68 1903 101 1928 et
113 1897 279 1928 coniunxit
295 1895 536 1937 philosophica.
561 1896 681 1927 Postea
700 1896 874 1927 consenuit
894 1897 925 1926 in
939 1895 1042 1937 Phry-

68 1940 128 1971 sia.
162 1939 204 1970 Et
227 1939 359 1979 scripsit
382 1938 457 1970 mihi
477 1938 576 1970 Pater
597 1948 658 1969 seu
678 1940 769 1979 prior
788 1938 1041 1977 Groningensis,

67 1987 143 2013 ante
173 1981 295 2013 multos
327 1991 450 2018 annos,
485 1991 522 2012 se
555 1982 723 2013 audivisse
756 1980 843 2012 illins
879 1980 1042 2023 colloquia

68 2034 142 2055 cum
171 2023 348 2065 Rodolpho
379 2022 553 2065 Agricola,
587 2025 628 2055 de
658 2024 773 2055 iisdem
802 2025 922 2061 rebus,
957 2034 1041 2065 quae

67 2077 155 2098 nunc
179 2074 408 2108 proponuntur
430 2068 460 2097 in
484 2067 607 2097 nostris
629 2066 802 2099 Ecclesiis.

154 2110 210 2141 Sic
248 2110 348 2151 igitur
381 2110 527 2140 servavit
560 2108 652 2140 Deus
685 2110 856 2141 veritatem
889 2110 1040 2140 omnibus

67 2153 268 2193 temporibus
296 2152 328 2183 in
356 2151 521 2193 aliquibus
549 2152 712 2183 membris.
756 2151 797 2183 Et
825 2153 965 2184 subinde
993 2153 1040 2183 in-

67 2195 228 2226 stauravit
260 2205 300 2225 ac
334 2194 506 2226 renovarit
539 2194 749 2226 ministerium
783 2201 815 2226 et
844 2193 1039 2226 Ecclesiam.

66 2236 102 2267 ld
124 2243 287 2269 monstrat
309 2236 392 2268 haec
415 2238 487 2277 ipsa
510 2237 614 2268 sen'es
637 2238 791 2268 continua
814 2238 1039 2269 successionis

66 2280 192 2320 piorum
216 2280 387 2311 doctorum
410 2281 441 2310 in
464 2280 622 2322 regimine
644 2279 898 2311 Ecclesiastico:
933 2280 1039 2315 Quam

67 2322 241 2360 intuentes,
265 2323 496 2354 confirmemus
522 2323 617 2353 tidem
641 2323 682 2354 de
704 2329 862 2363 perpetua
884 2333 1040 2364 praesen-

68 2365 112 2396 tia
133 2364 191 2396 filii
213 2365 276 2396 Dei
299 2366 330 2396 in
354 2364 526 2401 Ecclesia,
561 2370 593 2395 et
627 2365 667 2396 de
695 2366 831 2397 veritate
860 2366 1040 2404 doctrinae,

754 185 971 219 POSTILLA
993 184 1385 218 MELANTHONIANA.

1068 1500 1071 1542 1

2003 186 2068 219 310

1099 280 1158 310 das
1187 289 1300 310 eorum
1328 279 1538 317 vocationes,
1567 281 1733 311 mirandos
1759 281 1837 312 item
1867 286 2006 312 eventus
2036 288 2067 312 et

1098 321 1307 353 liberationes
1336 323 1530 363 cogitamus.
1576 323 1658 353 Nam
1687 322 1736 354 his
1767 323 1962 355 testimoniis
1987 323 2067 354 divi-

1098 365 1150 396 nis
1177 370 1210 395 et
1235 366 1339 406 ipsum
1373 365 1542 395 doctrinae
1575 376 1680 406 genus
1715 367 1877 404 sancitur,
1911 372 1943 397 et
1972 366 2067 407 quasi

1100 408 1310 449 obsignatur,
1341 413 1372 438 et
1396 407 1544 447 privatim
1567 408 1599 438 in
1622 409 1718 439 nobis
1741 409 1930 440 accenditur
1956 415 1988 440 et
2011 407 2068 439 ali-

1098 457 1151 481 tur
1174 450 1290 481 fiducia
1313 459 1393 492 erga
1415 448 1534 487 Deum,
1557 456 1589 481 ut
1613 456 1794 482 statuamus
1818 451 1914 482 nobis
1938 460 2068 492 quoque

1099 493 1206 524 Deum
1227 492 1398 524 affuturum
1422 502 1513 523 esse.
1545 493 1629 524 sicut
1659 491 1734 523 illos
1760 500 1889 524 constat
1914 493 2068 524 divinitus

1099 536 1270 567 exauditos
1294 542 1323 566 et
1348 535 1477 566 adiutos
1501 545 1587 566 esse.
1633 535 1689 567 sic
1708 537 1792 566 enim
1814 543 1847 567 et
1865 535 1997 567 Psalmo
2015 536 2067 567 34.

1098 577 1236 619 singulis
1269 576 1441 608 Ecclesiae
1479 578 1635 608 membris
1673 578 1918 609 commendatur
1956 578 2068 610 talium

1099 620 1323 661 exemplorum
1345 621 1398 661 pia
1421 621 1596 662 cogitatio,
1627 631 1700 651 cum
1723 621 1825 662 inquit
1847 620 1972 652 David:
2006 623 2070 653 Iste

1097 673 1225 703 pauper
1247 664 1409 700 claruerit,
1432 667 1462 693 et
1484 663 1640 694 Dominus
1662 664 1827 694 exauclicit
1850 673 1926 694 euza-
1966 665 2069 704 Iyilnr

1099 710 1128 736 et
1150 716 1207 737 cos
1230 706 1372 736 accedite
1394 706 1438 736 mi
1460 715 1535 736 eum.

1185 748 1308 784 Quarta
1331 758 1448 783 causa,
1477 758 1536 778 cur
1559 748 1747 788 aspicienda
1777 749 1817 778 sit
1847 747 1985 778 historia
2008 747 2069 778 Ec-

1099 790 1237 829 clesiae,
1271 797 1339 827 est,
1373 796 1407 821 ut
1437 791 1614 821 excitemur
1644 791 1685 821 ad
1715 791 1856 821 studium
1884 791 2070 822 imitationis

1098 844 1210 864 earum
1235 834 1399 870 virtutum,
1421 843 1506 874 quae
1529 832 1638 864 lucent
1662 833 1692 863 in
1717 834 1840 863 sanctis
1864 833 1895 863 in
1918 833 1984 863 vita
2007 834 2069 874 pri·

1098 882 1173 906 vata
1197 883 1227 906 et
1251 875 1399 916 publica,
1436 875 1536 913 Quia,
1565 876 1625 906 etsi
1653 885 1718 906 non
1747 885 1925 915 possumus
1953 876 2069 906 imitari

1098 928 1158 949 scu
1185 919 1319 959 assequi
1349 917 1478 948 illarum
1508 918 1660 949 virtutum
1693 918 1816 960 gradus
1846 924 1877 948 et
1906 917 2069 949 excellen—

1097 963 1185 998 tiam,
1209 967 1316 991 tamen
1340 961 1429 992 initia
1452 961 1482 991 in
1507 961 1603 991 nobis
1627 970 1702 991 esse
1726 961 1857 997 debent,
1881 967 1912 991 et
1930 970 1970 990 ea
1991 971 2070 1001 quo·

1097 1004 1229 1034 tidianis
1249 1003 1412 1034 exercitiis
1431 1002 1574 1034 fovenda
1593 1010 1623 1034 et
1642 1003 1793 1043 augenda
1811 1009 1899 1034 sunt.
1938 1002 2022 1033 Nam
2041 1009 2071 1033 et

1097 1046 1130 1076 in
1153 1046 1278 1076 sanctis
1300 1047 1437 1077 virtutes
1460 1045 1591 1077 suerunt
1614 1047 1700 1076 dona
1719 1045 1792 1082 Dei,
1816 1046 1874 1075 sed
1899 1046 1961 1086 ipsi
1985 1045 2071 1076 dona

1097 1089 1160 1119 ista
1183 1095 1419 1126 exercuerunt,
1449 1096 1479 1119 et
1505 1087 1671 1130 diligentia
1693 1098 1754 1118 sua
1777 1089 1918 1119 retinere
1940 1088 2070 1119 studue-

1099 1138 1183 1168 runt,
1202 1141 1268 1161 non
1288 1138 1504 1162 excusserunt
1518 1132 1602 1162 dona
1615 1131 1688 1162 Dei.
1718 1130 1762 1161 Ut
1781 1141 1860 1171 ergo
1881 1132 1941 1172 ipsi
1960 1129 2070 1168 fidem,

1097 1174 1353 1211 invocationem,
1383 1173 1610 1210 dilectionem,
1640 1172 1863 1207 tolerantiam,
1892 1173 2071 1210 leiritatem,

1096 1214 1335 1254 fortitudinem,
1359 1217 1575 1247 constantiam
1600 1217 1851 1257 praestiterunt,
1874 1223 1905 1246 et
1929 1217 1958 1246 in
1984 1216 2069 1247 omni

1099 1256 1208 1290 osticio
1240 1257 1412 1299 diligentes
1445 1257 1595 1290 fuerunt:
1631 1259 1686 1290 Sic
1720 1259 1750 1289 in
1785 1265 1854 1289 tota
1887 1259 2071 1290 obedientia

1097 1301 1171 1332 Deo
1196 1302 1316 1338 debita,
1340 1308 1371 1332 et
1394 1302 1426 1332 in
1449 1300 1567 1332 osticiis
1587 1301 1770 1333 vocationis
1790 1309 1924 1331 nostrae
1942 1301 1984 1332 ad
2003 1302 2070 1332 imi-

1097 1344 1231 1374 tandum
1259 1345 1354 1374 nobis
1383 1354 1606 1385 proponamus
1638 1342 1787 1384 exempla
1815 1342 1943 1374 illarum
1973 1344 2070 1375 virtu-

1096 1392 1175 1423 tum,
1199 1392 1230 1416 et
1253 1393 1401 1427 petamus
1424 1397 1444 1417 a
1463 1386 1547 1423 Deo,
1570 1393 1603 1417 ut
1627 1385 1750 1417 similes
1769 1386 1906 1417 virtutes
1924 1387 1956 1417 in
1977 1387 2070 1417 nobis

1096 1429 1269 1466 accendat,
1293 1435 1433 1466 tueatur,
1458 1435 1489 1459 et
1510 1428 1692 1465 confirmet,
1712 1439 1772 1459 nec
1791 1429 1923 1470 ignavia
1940 1435 1996 1460 ant
2015 1438 2069 1469 pe-

1096 1470 1231 1501 tulantia
1262 1477 1376 1502 nostra
1404 1471 1607 1502 excutiamus
1636 1471 1726 1502 initia
1753 1471 1913 1502 donorum
1935 1472 2070 1512 spiritus

1097 1514 1211 1544 sancti.

1182 1556 1247 1586 Sed
1271 1562 1303 1586 ut
1327 1558 1482 1594 κακοζηλία
1506 1556 1637 1593 vitetur,
1659 1556 1829 1587 sciendum
1848 1561 1910 1594 est,
1931 1556 2069 1597 primum

1096 1597 1256 1638 Exempla
1280 1599 1322 1628 ad
1346 1597 1494 1639 regulam
1523 1599 1804 1629 accommodanda
1832 1609 1925 1629 esset
1956 1604 1987 1630 et
2013 1598 2069 1630 he-

1096 1642 1206 1678 roica,
1236 1651 1320 1682 quae
1344 1646 1419 1671 sunt
1441 1640 1659 1678 inimitabilia,
1688 1641 1905 1672 discernenda
1928 1651 2005 1672 esse
2028 1642 2069 1672 ab

1096 1684 1147 1720 iis.
1171 1693 1254 1724 quae
1276 1688 1417 1724 possunt
1441 1692 1516 1714 esse
1536 1682 1729 1714 Communia
1750 1684 1783 1714 in
1803 1685 1964 1715 omnibus.
2006 1684 2068 1715 De-

1096 1726 1170 1757 inde
1189 1732 1219 1757 et
1238 1726 1447 1757 vocationum
1466 1726 1653 1763 diversitas,
1676 1731 1708 1757 et
1729 1726 1889 1757 donorum
1908 1726 2069 1757 dissimili—

1096 1769 1175 1800 tudo
1209 1769 1449 1799 consideranda
1484 1773 1546 1799 est.
1594 1767 1666 1809 Ego
1699 1778 1767 1799 non
1800 1769 1906 1800 debeo
1941 1779 2069 1811 pugnas

1095 1811 1234 1842 Davidis
1257 1811 1290 1841 in
1318 1812 1389 1842 acie
1417 1811 1549 1848 imitari,
1582 1812 1642 1842 sed
1672 1809 1832 1849 officium,
1869 1811 1966 1853 quale
1993 1811 2068 1843 mihi

1068 1849 1070 1854 ’
1095 1854 1284 1885 attributum
1307 1860 1370 1891 est,
1393 1852 1532 1884 fideliter
1555 1852 1676 1891 facere,
1698 1854 1731 1884 in
1755 1854 1914 1885 docendo.

67 2417 164 2448 quam
187 2418 356 2446 sonamus,
381 2414 413 2438 et
435 2406 674 2448 amplectimur,
696 2414 728 2439 et
751 2418 847 2449 quam
869 2409 911 2439 ad
929 2415 1041 2449 poste·
1063 2413 1068 2457 Ι

67 2459 124 2481 ros
146 2451 377 2487 transmittere,
402 2449 522 2491 singuli
546 2460 607 2481 suo
625 2449 702 2481 loco
721 2451 853 2482 studere
871 2451 1038 2482 debemus.

152 2491 331 2524 Plurimum
355 2493 453 2523 etiam
475 2493 518 2523 ad
543 2493 798 2524 confirmandam
821 2493 917 2525 fidem
941 2495 1040 2535 prod-

67 2541 130 2573 est,
154 2545 226 2566 cum
250 2546 314 2566 non
339 2535 436 2565 modo
460 2535 728 2573 consideramus,
750 2537 914 2577 quomodo
938 2537 1040 2568 eonti-

67 2582 167 2609 nuata
184 2578 271 2608 serie
291 2578 517 2609 successerint
535 2578 598 2609 sibi
615 2578 756 2609 invicem
774 2579 890 2616 sancti,
913 2585 945 2610 et
963 2580 1040 2620 quid

67 2621 205 2661 quisque
229 2626 419 2652 sauctorum
442 2620 602 2658 docuerit,
625 2621 686 2652 sed
707 2621 805 2652 etiam
828 2631 902 2652 cum
923 2622 1040 2654 miran-

1180 1896 1271 1927 Haec
1295 1902 1344 1927 est
1368 1895 1534 1937 generalis
1558 1896 1708 1928 doctrina
1734 1896 1774 1928 de
1803 1896 1995 1928 utilitatibus
2024 1898 2069 1928 hi·

1095 1940 1217 1970 storiae
1240 1937 1432 1975 Ecclesiae,
1463 1939 1505 1969 ad
1532 1949 1629 1980 quam
1658 1938 1831 1970 reserenda
1855 1947 1903 1970 est
1929 1950 2068 1971 comme-

1094 1983 1232 2013 moratio
1257 1983 1297 2012 (le
1320 1982 1455 2019 sanctis,
1479 1992 1563 2023 quos
1583 1988 1713 2013 constat
1731 1981 1917 2014 illustrasse
1936 1993 1975 2014 ac
1994 1994 2067 2024 pro-

1094 2035 1239 2066 pagasse
1262 2025 1442 2056 doctrinam
1462 2035 1481 2055 a
1499 2023 1572 2055 Deo
1597 2025 1760 2056 traditam.
1796 2024 1940 2057 Prorsus
1959 2032 2066 2056 autem

1093 2067 1159 2098 alia
1181 2077 1236 2098 res
1260 2074 1323 2105 est,
1347 2067 1436 2108 quod
1459 2067 1640 2098 adversarii
1664 2067 1792 2106 dicunt,
1817 2074 1952 2099 sanctos
1976 2069 2066 2098 invo-

1094 2110 1219 2141 candos
1254 2120 1344 2148 esse,
1378 2109 1433 2141 vel
1465 2116 1501 2141 ut
1531 2109 1764 2151 opitulatores,
1799 2109 1852 2141 vel
1885 2118 1916 2141 ut
1949 2111 2066 2141 media-

1093 2159 1194 2184 tores.

1179 2193 1279 2227 Nullo
1309 2195 1408 2226 modo
1438 2195 1480 2225 ad
1512 2193 1613 2226 ullum
1647 2202 1798 2228 sanctum
1831 2193 1982 2226 sarienda
2015 2202 2065 2227 est

1093 2239 1277 2275 invocatio,
1306 2238 1366 2269 sed
1395 2238 1585 2279 dirigendae
1614 2244 1691 2269 sunt
1718 2248 1836 2279 preces
1865 2244 1999 2269 nostrae
2022 2239 2065 2269 ad

1093 2287 1217 2322 patrem
1248 2279 1379 2312 Domini
1412 2282 1517 2311 nostri
1545 2282 1617 2312 lesu
1646 2280 1784 2318 Christi,
1819 2287 1850 2311 et
1883 2281 1923 2311 ad
1959 2281 2064 2320 ipsum

1093 2323 1193 2355 tilium
1216 2323 1391 2355 Dominum
1419 2330 1567 2354 nostrum
1591 2323 1697 2354 lesum
1721 2323 1884 2354 Christum
1913 2329 1945 2354 et
1973 2324 2064 2364 spiri-

1093 2373 1160 2398 tum
1184 2372 1344 2398 sanetum.
1381 2366 1423 2397 Et
1446 2365 1564 2397 fiducia
1587 2372 1700 2397 nostra
1724 2366 1754 2396 in
1777 2366 1985 2397 invocatione
2009 2367 2064 2397 niti

1093 2410 1189 2441 debet
1218 2419 1283 2440 uno
1313 2415 1345 2440 et
1372 2407 1446 2440 solo
1476 2409 1654 2440 mediatore
1677 2408 1821 2440 Christo.
1866 2408 1928 2440 Hic
1956 2408 2063 2440 honos

1090 2462 1156 2483 non
1179 2458 1230 2483 est
1253 2451 1503 2483 transferendus
1526 2451 1568 2481 ad
1591 2450 1772 2491 prophetas
1795 2457 1850 2482 aut
1867 2451 2063 2493 Apostolos,

1091 2501 1145 2526 aut
1168 2493 1319 2531 Mariam,
1342 2500 1397 2526 aut
1420 2493 1597 2535 quemlibet
1620 2492 1718 2525 alium
1740 2500 1901 2526 sanctum.
1945 2497 2063 2535 Impro-

1091 2538 1199 2568 banda
1221 2537 1320 2579 igitur
1342 2544 1373 2568 et
1401 2535 1556 2577 fugienda
1585 2542 1636 2566 est
1664 2535 1828 2568 hominum
1859 2544 2062 2568 mortuorum

1090 2580 1265 2612 invocatio.
1310 2579 1369 2610 Est
1401 2580 1485 2610 enim
1514 2578 1672 2610 Ethnicus
1701 2589 1791 2617 moS‚
1825 2581 1878 2621 qui
1909 2585 1941 2610 et
1970 2580 2062 2610 Deos

1089 2621 1212 2654 multos
1235 2628 1266 2654 et
1288 2621 1438 2653 homines
1460 2627 1625 2662 mortuos,
1653 2622 1708 2663 qui
1730 2622 1850 2654 virtute
1874 2628 1929 2653 aut
1952 2632 2061 2653 rerum

1805 2681 1856 2706 20·
