<?xml version="1.0" encoding="UTF-8"?>
<!DOCTYPE html PUBLIC "-//W3C//DTD XHTML 1.0 Transitional//EN"
    "http://www.w3.org/TR/xhtml1/DTD/xhtml1-transitional.dtd">
<html xmlns="http://www.w3.org/1999/xhtml" xml:lang="en" lang="en">
 <head>
  <title>
</title>
<meta http-equiv="Content-Type" content="text/html;charset=utf-8" />
  <meta name='ocr-system' content='tesseract 3.04.00' />
  <meta name='ocr-capabilities' content='ocr_page ocr_carea ocr_par ocr_line ocrx_word'/>
</head>
<body>
  <div class='ocr_page' id='page_1' title='image "./operaquaesupersu24melauoft/operaquaesupersu24melauoft_0439.png"; bbox 0 0 2324 2958; ppageno 0'>
   <div class='ocr_carea' id='block_1_1' title="bbox 155 166 220 200">
    <p class='ocr_par' dir='ltr' id='par_1_1' title="bbox 155 166 220 200">
     <span class='ocr_line' id='line_1_1' title="bbox 155 166 220 200; baseline -0.015 0"><span class='ocrx_word' id='word_1_1' title='bbox 155 166 220 200; x_wconf 81' lang='lat'><strong>825</strong></span> 
     </span>
    </p>
   </div>
   <div class='ocr_carea' id='block_1_2' title="bbox 156 256 1134 634">
    <p class='ocr_par' dir='ltr' id='par_1_2' title="bbox 156 256 1134 634">
     <span class='ocr_line' id='line_1_2' title="bbox 158 256 1130 300; baseline -0.007 -6"><span class='ocrx_word' id='word_1_2' title='bbox 158 271 291 300; x_wconf 80' lang='lat' dir='ltr'><strong>cureuS,</strong></span> <span class='ocrx_word' id='word_1_3' title='bbox 315 265 368 291; x_wconf 88' lang='lat' dir='ltr'><strong>aut</strong></span> <span class='ocrx_word' id='word_1_4' title='bbox 391 258 623 291; x_wconf 81' lang='lat' dir='ltr'><strong>Academicus.</strong></span> <span class='ocrx_word' id='word_1_5' title='bbox 683 257 754 288; x_wconf 90' lang='lat' dir='ltr'><strong>Etsi</strong></span> <span class='ocrx_word' id='word_1_6' title='bbox 788 257 872 288; x_wconf 92' lang='lat' dir='ltr'><strong>enim</strong></span> <span class='ocrx_word' id='word_1_7' title='bbox 902 256 1027 299; x_wconf 78' lang='lat' dir='ltr'>cogitat</span> <span class='ocrx_word' id='word_1_8' title='bbox 1053 265 1130 288; x_wconf 92' lang='lat' dir='ltr'><strong>esse</strong></span> 
     </span>
     <span class='ocr_line' id='line_1_3' title="bbox 157 299 1131 346; baseline -0.007 -10"><span class='ocrx_word' id='word_1_9' title='bbox 157 304 280 346; x_wconf 86' lang='lat' dir='ltr'><strong>aliquid</strong></span> <span class='ocrx_word' id='word_1_10' title='bbox 313 301 436 339; x_wconf 89' lang='lat' dir='ltr'><strong>Deum,</strong></span> <span class='ocrx_word' id='word_1_11' title='bbox 470 307 579 333; x_wconf 89' lang='lat' dir='ltr'><strong>tamen</strong></span> <span class='ocrx_word' id='word_1_12' title='bbox 619 306 760 342; x_wconf 81' lang='lat' dir='ltr'><strong>vagatur</strong></span> <span class='ocrx_word' id='word_1_13' title='bbox 798 305 924 337; x_wconf 82' lang='lat' dir='ltr'><strong>mente,</strong></span> <span class='ocrx_word' id='word_1_14' title='bbox 957 309 1022 330; x_wconf 90' lang='lat' dir='ltr'><strong>non</strong></span> <span class='ocrx_word' id='word_1_15' title='bbox 1057 299 1131 337; x_wconf 86' lang='lat' dir='ltr'><strong>scit,</strong></span> 
     </span>
     <span class='ocr_line' id='line_1_4' title="bbox 157 341 1132 388; baseline -0.006 -10"><span class='ocrx_word' id='word_1_16' title='bbox 157 348 235 388; x_wconf 83' lang='lat' dir='ltr'><strong>quid</strong></span> <span class='ocrx_word' id='word_1_17' title='bbox 258 347 301 377; x_wconf 93' lang='lat' dir='ltr'><strong>sit</strong></span> <span class='ocrx_word' id='word_1_18' title='bbox 319 345 527 376; x_wconf 81' lang='lat' dir='ltr'><strong>statuendum</strong></span> <span class='ocrx_word' id='word_1_19' title='bbox 549 344 590 375; x_wconf 80' lang='lat' dir='ltr'><strong>de</strong></span> <span class='ocrx_word' id='word_1_20' title='bbox 613 343 770 377; x_wconf 81' lang='lat' dir='ltr'><strong>essentia,</strong></span> <span class='ocrx_word' id='word_1_21' title='bbox 794 348 849 373; x_wconf 87' lang='lat' dir='ltr'><strong>aut</strong></span> <span class='ocrx_word' id='word_1_22' title='bbox 872 341 1045 373; x_wconf 85' lang='lat' dir='ltr'><strong>voluntate</strong></span> <span class='ocrx_word' id='word_1_23' title='bbox 1056 341 1132 379; x_wconf 89' lang='lat' dir='ltr'><strong>Dei,</strong></span> 
     </span>
     <span class='ocr_line' id='line_1_5' title="bbox 157 384 1132 424; baseline -0.007 -3"><span class='ocrx_word' id='word_1_24' title='bbox 157 388 258 421; x_wconf 87' lang='lat' dir='ltr'><strong>habet</strong></span> <span class='ocrx_word' id='word_1_25' title='bbox 279 388 502 419; x_wconf 81' lang='lat' dir='ltr'><strong>dubitationes</strong></span> <span class='ocrx_word' id='word_1_26' title='bbox 536 396 627 424; x_wconf 90' lang='lat' dir='ltr'><strong>suas,</strong></span> <span class='ocrx_word' id='word_1_27' title='bbox 661 394 814 423; x_wconf 82' lang='lat' dir='ltr'><strong>erroreS,</strong></span> <span class='ocrx_word' id='word_1_28' title='bbox 847 385 1013 416; x_wconf 82' lang='lat' dir='ltr'><strong>tenebras.</strong></span> <span class='ocrx_word' id='word_1_29' title='bbox 1056 384 1132 415; x_wconf 89' lang='lat' dir='ltr'><strong>Non</strong></span> 
     </span>
     <span class='ocr_line' id='line_1_6' title="bbox 157 427 1132 474; baseline -0.006 -11"><span class='ocrx_word' id='word_1_30' title='bbox 157 432 257 474; x_wconf 85' lang='lat' dir='ltr'><strong>igitur</strong></span> <span class='ocrx_word' id='word_1_31' title='bbox 280 441 300 462; x_wconf 88' lang='lat' dir='ltr'><strong>a</strong></span> <span class='ocrx_word' id='word_1_32' title='bbox 328 431 428 462; x_wconf 90' lang='lat' dir='ltr'><strong>rebus</strong></span> <span class='ocrx_word' id='word_1_33' title='bbox 470 429 614 461; x_wconf 81' lang='lat' dir='ltr'><strong>externis</strong></span> <span class='ocrx_word' id='word_1_34' title='bbox 644 427 839 459; x_wconf 89' lang='lat' dir='ltr'><strong>sumendum</strong></span> <span class='ocrx_word' id='word_1_35' title='bbox 872 433 922 458; x_wconf 89' lang='lat' dir='ltr'><strong>est</strong></span> <span class='ocrx_word' id='word_1_36' title='bbox 956 427 1132 459; x_wconf 78' lang='lat' dir='ltr'><strong>discrimen</strong></span> 
     </span>
     <span class='ocr_line' id='line_1_7' title="bbox 156 469 1132 508; baseline -0.005 -3"><span class='ocrx_word' id='word_1_37' title='bbox 156 474 241 506; x_wconf 91' lang='lat' dir='ltr'><strong>inter</strong></span> <span class='ocrx_word' id='word_1_38' title='bbox 262 474 444 505; x_wconf 82' lang='lat' dir='ltr'><strong>membrum</strong></span> <span class='ocrx_word' id='word_1_39' title='bbox 465 482 566 503; x_wconf 77' lang='lat' dir='ltr'><strong>verae</strong></span> <span class='ocrx_word' id='word_1_40' title='bbox 588 471 779 508; x_wconf 84' lang='lat' dir='ltr'><strong>Ecclesiae,</strong></span> <span class='ocrx_word' id='word_1_41' title='bbox 809 476 841 501; x_wconf 88' lang='lat' dir='ltr'><strong>et</strong></span> <span class='ocrx_word' id='word_1_42' title='bbox 864 469 947 501; x_wconf 84' lang='lat' dir='ltr'><strong>alios</strong></span> <span class='ocrx_word' id='word_1_43' title='bbox 969 469 1132 508; x_wconf 86' lang='lat' dir='ltr'><strong>homines,</strong></span> 
     </span>
     <span class='ocr_line' id='line_1_8' title="bbox 157 513 1134 553; baseline -0.004 -6"><span class='ocrx_word' id='word_1_44' title='bbox 157 516 228 548; x_wconf 77' lang='lat' dir='ltr'><strong>sive</strong></span> <span class='ocrx_word' id='word_1_45' title='bbox 261 517 326 547; x_wconf 88' lang='lat' dir='ltr'><strong>sint</strong></span> <span class='ocrx_word' id='word_1_46' title='bbox 358 514 501 553; x_wconf 88' lang='lat' dir='ltr'><strong>Ethnici,</strong></span> <span class='ocrx_word' id='word_1_47' title='bbox 536 516 607 546; x_wconf 84' lang='lat' dir='ltr'><strong>sive</strong></span> <span class='ocrx_word' id='word_1_48' title='bbox 629 513 900 551; x_wconf 86' lang='lat' dir='ltr'><strong>Mahometistae,</strong></span> <span class='ocrx_word' id='word_1_49' title='bbox 935 513 1005 544; x_wconf 86' lang='lat' dir='ltr'><strong>sive</strong></span> <span class='ocrx_word' id='word_1_50' title='bbox 1039 513 1134 544; x_wconf 89' lang='lat' dir='ltr'><strong>etiam</strong></span> 
     </span>
     <span class='ocr_line' id='line_1_9' title="bbox 156 556 1134 598; baseline -0.005 -7"><span class='ocrx_word' id='word_1_51' title='bbox 156 558 351 597; x_wconf 82' lang='lat' dir='ltr'><strong>Christiani,</strong></span> <span class='ocrx_word' id='word_1_52' title='bbox 382 557 522 590; x_wconf 85' lang='lat' dir='ltr'><strong>Ethnice</strong></span> <span class='ocrx_word' id='word_1_53' title='bbox 545 558 708 598; x_wconf 81' lang='lat' dir='ltr'><strong>viventes,</strong></span> <span class='ocrx_word' id='word_1_54' title='bbox 741 556 774 587; x_wconf 89' lang='lat' dir='ltr'><strong>id</strong></span> <span class='ocrx_word' id='word_1_55' title='bbox 798 561 864 594; x_wconf 86' lang='lat' dir='ltr'><strong>est,</strong></span> <span class='ocrx_word' id='word_1_56' title='bbox 892 556 945 597; x_wconf 91' lang='lat' dir='ltr'><strong>qui</strong></span> <span class='ocrx_word' id='word_1_57' title='bbox 968 565 1034 587; x_wconf 90' lang='lat' dir='ltr'><strong>non</strong></span> <span class='ocrx_word' id='word_1_58' title='bbox 1058 561 1134 587; x_wconf 90' lang='lat' dir='ltr'><strong>sunt</strong></span> 
     </span>
     <span class='ocr_line' id='line_1_10' title="bbox 156 599 609 634; baseline -0.004 -1"><span class='ocrx_word' id='word_1_59' title='bbox 156 603 233 634; x_wconf 80' lang='lat' dir='ltr'><strong>viva</strong></span> <span class='ocrx_word' id='word_1_60' title='bbox 254 603 403 633; x_wconf 89' lang='lat' dir='ltr'><strong>membra</strong></span> <span class='ocrx_word' id='word_1_61' title='bbox 425 599 609 632; x_wconf 83' lang='lat' dir='ltr'><strong>Ecclesiae.</strong></span> 
     </span>
    </p>
   </div>
   <div class='ocr_carea' id='block_1_3' title="bbox 224 762 1076 818">
    <p class='ocr_par' dir='ltr' id='par_1_3' title="bbox 224 762 1076 818">
     <span class='ocr_line' id='line_1_11' title="bbox 224 762 1076 818; baseline -0.006 -11"><span class='ocrx_word' id='word_1_62' title='bbox 224 766 343 807; x_wconf 75' lang='lat' dir='ltr'><strong>Unde</strong></span> <span class='ocrx_word' id='word_1_63' title='bbox 376 771 438 804; x_wconf 77' lang='lat' dir='ltr'><strong>est</strong></span> <span class='ocrx_word' id='word_1_64' title='bbox 469 777 564 818; x_wconf 84' lang='lat' dir='ltr'><strong>ergo</strong></span> <span class='ocrx_word' id='word_1_65' title='bbox 597 763 793 803; x_wconf 85' lang='lat' dir='ltr'><strong>sumenda</strong></span> <span class='ocrx_word' id='word_1_66' title='bbox 826 762 1076 804; x_wconf 76' lang='lat' dir='ltr'><strong>differentia?</strong></span> 
     </span>
    </p>
   </div>
   <div class='ocr_carea' id='block_1_4' title="bbox 153 851 1137 2221">
    <p class='ocr_par' dir='ltr' id='par_1_4' title="bbox 155 851 1137 1443">
     <span class='ocr_line' id='line_1_12' title="bbox 243 851 1135 897; baseline -0.006 -9"><span class='ocrx_word' id='word_1_67' title='bbox 243 855 454 897; x_wconf 82' lang='lat' dir='ltr'><strong>Respontleo.</strong></span> <span class='ocrx_word' id='word_1_68' title='bbox 504 853 635 885; x_wconf 91' lang='lat' dir='ltr'><strong>Ethnici</strong></span> <span class='ocrx_word' id='word_1_69' title='bbox 664 853 787 885; x_wconf 89' lang='lat' dir='ltr'><strong>habent</strong></span> <span class='ocrx_word' id='word_1_70' title='bbox 816 852 1008 894; x_wconf 80' lang='lat' dir='ltr'><strong>particulam</strong></span> <span class='ocrx_word' id='word_1_71' title='bbox 1038 851 1135 894; x_wconf 89' lang='lat' dir='ltr'><strong>legis,</strong></span> 
     </span>
     <span class='ocr_line' id='line_1_13' title="bbox 158 895 1137 941; baseline -0.005 -10"><span class='ocrx_word' id='word_1_72' title='bbox 158 899 351 941; x_wconf 85' lang='lat' dir='ltr'><strong>praesertim</strong></span> <span class='ocrx_word' id='word_1_73' title='bbox 385 898 426 929; x_wconf 92' lang='lat' dir='ltr'><strong>de</strong></span> <span class='ocrx_word' id='word_1_74' title='bbox 460 896 578 928; x_wconf 83' lang='lat' dir='ltr'><strong>officiis</strong></span> <span class='ocrx_word' id='word_1_75' title='bbox 617 897 783 928; x_wconf 81' lang='lat' dir='ltr'><strong>secundae</strong></span> <span class='ocrx_word' id='word_1_76' title='bbox 817 895 967 934; x_wconf 88' lang='lat' dir='ltr'><strong>tabulae,</strong></span> <span class='ocrx_word' id='word_1_77' title='bbox 1001 896 1137 937; x_wconf 85' lang='lat' dir='ltr'><strong>primam</strong></span> 
     </span>
     <span class='ocr_line' id='line_1_14' title="bbox 157 938 1136 980; baseline -0.005 -6"><span class='ocrx_word' id='word_1_78' title='bbox 157 940 302 975; x_wconf 86' lang='lat' dir='ltr'><strong>tabulam</strong></span> <span class='ocrx_word' id='word_1_79' title='bbox 336 939 448 972; x_wconf 90' lang='lat' dir='ltr'><strong>delent</strong></span> <span class='ocrx_word' id='word_1_80' title='bbox 481 945 513 971; x_wconf 89' lang='lat' dir='ltr'><strong>et.</strong></span> <span class='ocrx_word' id='word_1_81' title='bbox 552 946 776 979; x_wconf 86' lang='lat' dir='ltr'><strong>corrumpunt.</strong></span> <span class='ocrx_word' id='word_1_82' title='bbox 839 938 1016 980; x_wconf 91' lang='lat' dir='ltr'><strong>Opponunt</strong></span> <span class='ocrx_word' id='word_1_83' title='bbox 1055 948 1136 969; x_wconf 82' lang='lat' dir='ltr'><strong>vero</strong></span> 
     </span>
     <span class='ocr_line' id='line_1_15' title="bbox 157 980 1136 1023; baseline -0.006 -6"><span class='ocrx_word' id='word_1_84' title='bbox 157 985 232 1019; x_wconf 90' lang='lat' dir='ltr'><strong>Deo</strong></span> <span class='ocrx_word' id='word_1_85' title='bbox 255 982 354 1022; x_wconf 86' lang='lat' dir='ltr'><strong>idola,</strong></span> <span class='ocrx_word' id='word_1_86' title='bbox 382 989 414 1015; x_wconf 87' lang='lat' dir='ltr'><strong>et</strong></span> <span class='ocrx_word' id='word_1_87' title='bbox 437 981 491 1014; x_wconf 90' lang='lat' dir='ltr'><strong>alii</strong></span> <span class='ocrx_word' id='word_1_88' title='bbox 514 982 636 1015; x_wconf 81' lang='lat' dir='ltr'><strong>babent</strong></span> <span class='ocrx_word' id='word_1_89' title='bbox 668 982 751 1013; x_wconf 91' lang='lat' dir='ltr'><strong>alias</strong></span> <span class='ocrx_word' id='word_1_90' title='bbox 775 982 947 1023; x_wconf 86' lang='lat' dir='ltr'><strong>opiniones</strong></span> <span class='ocrx_word' id='word_1_91' title='bbox 981 982 1024 1012; x_wconf 86' lang='lat' dir='ltr'><strong>de</strong></span> <span class='ocrx_word' id='word_1_92' title='bbox 1044 980 1136 1017; x_wconf 80' lang='lat' dir='ltr'><strong>Deo3</strong></span> 
     </span>
     <span class='ocr_line' id='line_1_16' title="bbox 158 1023 1137 1066; baseline -0.004 -7"><span class='ocrx_word' id='word_1_93' title='bbox 158 1027 213 1059; x_wconf 87' lang='lat' dir='ltr'><strong>alii</strong></span> <span class='ocrx_word' id='word_1_94' title='bbox 236 1025 320 1059; x_wconf 90' lang='lat' dir='ltr'><strong>alios</strong></span> <span class='ocrx_word' id='word_1_95' title='bbox 343 1026 476 1058; x_wconf 85' lang='lat' dir='ltr'><strong>furores</strong></span> <span class='ocrx_word' id='word_1_96' title='bbox 500 1035 561 1057; x_wconf 86' lang='lat' dir='ltr'><strong>seu</strong></span> <span class='ocrx_word' id='word_1_97' title='bbox 591 1024 698 1057; x_wconf 85' lang='lat' dir='ltr'><strong>cultus</strong></span> <span class='ocrx_word' id='word_1_98' title='bbox 728 1024 967 1056; x_wconf 86' lang='lat' dir='ltr'><strong>idololatricos.</strong></span> <span class='ocrx_word' id='word_1_99' title='bbox 1013 1023 1137 1066; x_wconf 81' lang='lat' dir='ltr'><strong>Magna</strong></span> 
     </span>
     <span class='ocr_line' id='line_1_17' title="bbox 157 1066 1136 1112; baseline -0.005 -10"><span class='ocrx_word' id='word_1_100' title='bbox 157 1080 236 1112; x_wconf 90' lang='lat' dir='ltr'><strong>pars</strong></span> <span class='ocrx_word' id='word_1_101' title='bbox 260 1070 391 1112; x_wconf 86' lang='lat' dir='ltr'><strong>generis</strong></span> <span class='ocrx_word' id='word_1_102' title='bbox 420 1069 552 1100; x_wconf 87' lang='lat' dir='ltr'><strong>humani</strong></span> <span class='ocrx_word' id='word_1_103' title='bbox 587 1074 639 1099; x_wconf 89' lang='lat' dir='ltr'><strong>est</strong></span> <span class='ocrx_word' id='word_1_104' title='bbox 662 1068 840 1109; x_wconf 82' lang='lat' dir='ltr'><strong>Epicurea,</strong></span> <span class='ocrx_word' id='word_1_105' title='bbox 875 1068 981 1098; x_wconf 89' lang='lat' dir='ltr'><strong>maior</strong></span> <span class='ocrx_word' id='word_1_106' title='bbox 1008 1066 1136 1098; x_wconf 70' lang='lat' dir='ltr'><strong>Acade»</strong></span> 
     </span>
     <span class='ocr_line' id='line_1_18' title="bbox 157 1110 1136 1153; baseline -0.005 -8"><span class='ocrx_word' id='word_1_107' title='bbox 157 1114 254 1151; x_wconf 90' lang='lat' dir='ltr'><strong>mica,</strong></span> <span class='ocrx_word' id='word_1_108' title='bbox 291 1122 376 1153; x_wconf 89' lang='lat' dir='ltr'><strong>quae</strong></span> <span class='ocrx_word' id='word_1_109' title='bbox 398 1122 465 1143; x_wconf 90' lang='lat' dir='ltr'><strong>non</strong></span> <span class='ocrx_word' id='word_1_110' title='bbox 499 1110 569 1142; x_wconf 79' lang='lat' dir='ltr'><strong>vult</strong></span> <span class='ocrx_word' id='word_1_111' title='bbox 598 1121 674 1142; x_wconf 84' lang='lat' dir='ltr'><strong>esse</strong></span> <span class='ocrx_word' id='word_1_112' title='bbox 697 1110 859 1151; x_wconf 84' lang='lat' dir='ltr'><strong>Epicurea</strong></span> <span class='ocrx_word' id='word_1_113' title='bbox 893 1116 924 1141; x_wconf 90' lang='lat' dir='ltr'><strong>et</strong></span> <span class='ocrx_word' id='word_1_114' title='bbox 947 1115 1055 1140; x_wconf 91' lang='lat' dir='ltr'><strong>tamen</strong></span> <span class='ocrx_word' id='word_1_115' title='bbox 1079 1110 1136 1140; x_wconf 89' lang='lat' dir='ltr'><strong>du-</strong></span> 
     </span>
     <span class='ocr_line' id='line_1_19' title="bbox 157 1151 1136 1197; baseline -0.005 -10"><span class='ocrx_word' id='word_1_116' title='bbox 157 1157 251 1194; x_wconf 90' lang='lat' dir='ltr'><strong>bitat,</strong></span> <span class='ocrx_word' id='word_1_117' title='bbox 274 1155 352 1197; x_wconf 90' lang='lat' dir='ltr'><strong>quid</strong></span> <span class='ocrx_word' id='word_1_118' title='bbox 374 1155 417 1186; x_wconf 92' lang='lat' dir='ltr'><strong>sit</strong></span> <span class='ocrx_word' id='word_1_119' title='bbox 439 1153 551 1186; x_wconf 91' lang='lat' dir='ltr'><strong>Deus:</strong></span> <span class='ocrx_word' id='word_1_120' title='bbox 575 1154 662 1185; x_wconf 84' lang='lat' dir='ltr'><strong>sicut</strong></span> <span class='ocrx_word' id='word_1_121' title='bbox 683 1153 820 1184; x_wconf 89' lang='lat' dir='ltr'><strong>Hecuba</strong></span> <span class='ocrx_word' id='word_1_122' title='bbox 843 1153 930 1193; x_wconf 90' lang='lat' dir='ltr'><strong>apud</strong></span> <span class='ocrx_word' id='word_1_123' title='bbox 948 1151 1136 1193; x_wconf 87' lang='lat' dir='ltr'><strong>Euripidem</strong></span> 
     </span>
     <span class='ocr_line' id='line_1_20' title="bbox 157 1197 1137 1237; baseline -0.004 -7"><span class='ocrx_word' id='word_1_124' title='bbox 157 1197 292 1230; x_wconf 85' lang='lat' dir='ltr'><strong>clamat:</strong></span> <span class='ocrx_word' id='word_1_125' title='bbox 319 1198 344 1229; x_wconf 87' lang='lat'><strong><em>0</em></strong></span> <span class='ocrx_word' id='word_1_126' title='bbox 368 1197 497 1237; x_wconf 62' lang='lat' dir='ltr'><strong>Iupiter,</strong></span> <span class='ocrx_word' id='word_1_127' title='bbox 516 1200 625 1228; x_wconf 71' lang='lat' dir='ltr'><strong>ine-oco</strong></span> <span class='ocrx_word' id='word_1_128' title='bbox 648 1200 692 1230; x_wconf 80' lang='lat' dir='ltr'><strong>te,</strong></span> <span class='ocrx_word' id='word_1_129' title='bbox 723 1197 878 1236; x_wconf 72' lang='lat' dir='ltr'><strong>quidquid</strong></span> <span class='ocrx_word' id='word_1_130' title='bbox 897 1206 951 1233; x_wconf 76' lang='lat' dir='ltr'><strong>es,</strong></span> <span class='ocrx_word' id='word_1_131' title='bbox 981 1198 1048 1226; x_wconf 67' lang='lat' dir='ltr'><strong>stre</strong></span> <span class='ocrx_word' id='word_1_132' title='bbox 1078 1197 1137 1227; x_wconf 79' lang='lat' dir='ltr'><strong>lzoc</strong></span> 
     </span>
     <span class='ocr_line' id='line_1_21' title="bbox 156 1238 1133 1280; baseline -0.004 -8"><span class='ocrx_word' id='word_1_133' title='bbox 156 1243 285 1280; x_wconf 86' lang='lat' dir='ltr'><strong>coelum,</strong></span> <span class='ocrx_word' id='word_1_134' title='bbox 307 1243 374 1272; x_wconf 76' lang='lat' dir='ltr'><strong>sive</strong></span> <span class='ocrx_word' id='word_1_135' title='bbox 395 1249 494 1278; x_wconf 76' lang='lat' dir='ltr'><strong>mens,</strong></span> <span class='ocrx_word' id='word_1_136' title='bbox 518 1249 599 1279; x_wconf 83' lang='lat' dir='ltr'><strong>quae</strong></span> <span class='ocrx_word' id='word_1_137' title='bbox 621 1243 671 1270; x_wconf 81' lang='lat' dir='ltr'><strong>esc</strong></span> <span class='ocrx_word' id='word_1_138' title='bbox 690 1239 724 1270; x_wconf 78' lang='lat' dir='ltr'><strong>z&#39;n</strong></span> <span class='ocrx_word' id='word_1_139' title='bbox 747 1241 842 1271; x_wconf 83' lang='lat' dir='ltr'><strong>coelo.</strong></span> <span class='ocrx_word' id='word_1_140' title='bbox 883 1239 1005 1269; x_wconf 86' lang='lat' dir='ltr'><strong>Postea</strong></span> <span class='ocrx_word' id='word_1_141' title='bbox 1028 1238 1133 1269; x_wconf 86' lang='lat' dir='ltr'><strong>addit:</strong></span> 
     </span>
     <span class='ocr_line' id='line_1_22' title="bbox 156 1283 1134 1324; baseline -0.004 -9"><span class='ocrx_word' id='word_1_142' title='bbox 156 1292 344 1324; x_wconf 75' lang='lat' dir='ltr'><strong>quamquam</strong></span> <span class='ocrx_word' id='word_1_143' title='bbox 386 1283 452 1314; x_wconf 80' lang='lat' dir='ltr'><strong>iam</strong></span> <span class='ocrx_word' id='word_1_144' title='bbox 497 1283 552 1313; x_wconf 83' lang='lat' dir='ltr'><strong>diu</strong></span> <span class='ocrx_word' id='word_1_145' title='bbox 595 1285 726 1322; x_wconf 64' lang='lat' dir='ltr'><strong>ignavos</strong></span> <span class='ocrx_word' id='word_1_146' title='bbox 769 1284 979 1321; x_wconf 68' lang='lat' dir='ltr'><strong>opitulatores</strong></span> <span class='ocrx_word' id='word_1_147' title='bbox 1016 1284 1134 1312; x_wconf 73' lang='lat' dir='ltr'><strong>invoco.</strong></span> 
     </span>
     <span class='ocr_line' id='line_1_23' title="bbox 156 1323 1136 1366; baseline -0.004 -8"><span class='ocrx_word' id='word_1_148' title='bbox 156 1326 244 1358; x_wconf 85' lang='lat' dir='ltr'><strong>Dicit</strong></span> <span class='ocrx_word' id='word_1_149' title='bbox 274 1335 312 1356; x_wconf 90' lang='lat' dir='ltr'><strong>se</strong></span> <span class='ocrx_word' id='word_1_150' title='bbox 345 1335 413 1356; x_wconf 92' lang='lat' dir='ltr'><strong>non</strong></span> <span class='ocrx_word' id='word_1_151' title='bbox 447 1325 608 1362; x_wconf 86' lang='lat' dir='ltr'><strong>exaudiri,</strong></span> <span class='ocrx_word' id='word_1_152' title='bbox 642 1334 680 1356; x_wconf 91' lang='lat' dir='ltr'><strong>se</strong></span> <span class='ocrx_word' id='word_1_153' title='bbox 714 1324 849 1366; x_wconf 81' lang='lat' dir='ltr'><strong>negligi.</strong></span> <span class='ocrx_word' id='word_1_154' title='bbox 906 1323 999 1355; x_wconf 87' lang='lat' dir='ltr'><strong>Talia</strong></span> <span class='ocrx_word' id='word_1_155' title='bbox 1034 1333 1136 1365; x_wconf 89' lang='lat' dir='ltr'><strong>saepe</strong></span> 
     </span>
     <span class='ocr_line' id='line_1_24' title="bbox 157 1366 1135 1408; baseline -0.003 -8"><span class='ocrx_word' id='word_1_156' title='bbox 157 1375 234 1400; x_wconf 85' lang='lat' dir='ltr'><strong>sunt</strong></span> <span class='ocrx_word' id='word_1_157' title='bbox 263 1369 294 1399; x_wconf 90' lang='lat' dir='ltr'><strong>in</strong></span> <span class='ocrx_word' id='word_1_158' title='bbox 323 1368 532 1408; x_wconf 68' lang='lat' dir='ltr'><strong>poematibus</strong></span> <span class='ocrx_word' id='word_1_159' title='bbox 562 1377 750 1408; x_wconf 82' lang='lat' dir='ltr'><strong>expressae.</strong></span> <span class='ocrx_word' id='word_1_160' title='bbox 814 1368 938 1398; x_wconf 85' lang='lat' dir='ltr'><strong>Poetae</strong></span> <span class='ocrx_word' id='word_1_161' title='bbox 972 1366 1135 1398; x_wconf 79' lang='lat' dir='ltr'><strong>finxerunt</strong></span> 
     </span>
     <span class='ocr_line' id='line_1_25' title="bbox 155 1410 569 1443; baseline -0.007 0"><span class='ocrx_word' id='word_1_162' title='bbox 155 1411 316 1443; x_wconf 90' lang='lat' dir='ltr'><strong>humanas</strong></span> <span class='ocrx_word' id='word_1_163' title='bbox 340 1410 569 1441; x_wconf 72' lang='lat' dir='ltr'><strong>ooo-itationes.</strong></span> 
     </span>
    </p>

    <p class='ocr_par' dir='ltr' id='par_1_5' title="bbox 153 1435 1136 1911">
     <span class='ocr_line' id='line_1_26' title="bbox 242 1435 1135 1484; baseline -0.001 0"><span class='ocrx_word' id='word_1_164' title='bbox 242 1453 299 1484; x_wconf 89' lang='lat' dir='ltr'><strong>Sic</strong></span> <span class='ocrx_word' id='word_1_165' title='bbox 322 1453 354 1483; x_wconf 90' lang='lat' dir='ltr'><strong>in</strong></span> <span class='ocrx_word' id='word_1_166' title='bbox 378 1435 476 1483; x_wconf 75' lang='lat' dir='ltr'><strong>Creta</strong></span> <span class='ocrx_word' id='word_1_167' title='bbox 499 1451 558 1483; x_wconf 75' lang='lat' dir='ltr'><strong>tuit</strong></span> <span class='ocrx_word' id='word_1_168' title='bbox 582 1453 667 1484; x_wconf 86' lang='lat' dir='ltr'><strong>lovis</strong></span> <span class='ocrx_word' id='word_1_169' title='bbox 680 1450 890 1483; x_wconf 85' lang='lat' dir='ltr'><strong>simulacrum</strong></span> <span class='ocrx_word' id='word_1_170' title='bbox 911 1452 981 1483; x_wconf 90' lang='lat' dir='ltr'><strong>sine</strong></span> <span class='ocrx_word' id='word_1_171' title='bbox 999 1452 1135 1483; x_wconf 88' lang='lat' dir='ltr'><strong>auribus</strong></span> 
     </span>
     <span class='ocr_line' id='line_1_27' title="bbox 155 1493 1135 1536; baseline -0.003 -8"><span class='ocrx_word' id='word_1_172' title='bbox 155 1503 187 1528; x_wconf 90' lang='lat' dir='ltr'><strong>et</strong></span> <span class='ocrx_word' id='word_1_173' title='bbox 210 1495 326 1527; x_wconf 76' lang='lat' dir='ltr'><strong>oculis.</strong></span> <span class='ocrx_word' id='word_1_174' title='bbox 372 1495 437 1526; x_wconf 82' lang='lat' dir='ltr'><strong>lste</strong></span> <span class='ocrx_word' id='word_1_175' title='bbox 460 1493 589 1532; x_wconf 75' lang='lat' dir='ltr'><strong>artifex,</strong></span> <span class='ocrx_word' id='word_1_176' title='bbox 613 1495 666 1536; x_wconf 91' lang='lat' dir='ltr'><strong>qui</strong></span> <span class='ocrx_word' id='word_1_177' title='bbox 690 1495 748 1526; x_wconf 76' lang='lat' dir='ltr'><strong>{uit</strong></span> <span class='ocrx_word' id='word_1_178' title='bbox 772 1500 889 1526; x_wconf 85' lang='lat' dir='ltr'><strong>auctor</strong></span> <span class='ocrx_word' id='word_1_179' title='bbox 913 1497 1053 1532; x_wconf 79' lang='lat' dir='ltr'><strong>statuae,</strong></span> <span class='ocrx_word' id='word_1_180' title='bbox 1079 1500 1135 1526; x_wconf 88' lang='lat' dir='ltr'><strong>aut</strong></span> 
     </span>
     <span class='ocr_line' id='line_1_28' title="bbox 156 1536 1135 1579; baseline -0.003 -9"><span class='ocrx_word' id='word_1_181' title='bbox 156 1539 271 1570; x_wconf 78' lang='lat' dir='ltr'><strong>derisit</strong></span> <span class='ocrx_word' id='word_1_182' title='bbox 295 1538 462 1575; x_wconf 85' lang='lat' dir='ltr'><strong>homines,</strong></span> <span class='ocrx_word' id='word_1_183' title='bbox 499 1538 693 1575; x_wconf 71' lang='lat' dir='ltr'><strong>credentes,</strong></span> <span class='ocrx_word' id='word_1_184' title='bbox 720 1537 807 1579; x_wconf 91' lang='lat' dir='ltr'><strong>quod</strong></span> <span class='ocrx_word' id='word_1_185' title='bbox 830 1536 923 1568; x_wconf 92' lang='lat' dir='ltr'><strong>Deus</strong></span> <span class='ocrx_word' id='word_1_186' title='bbox 949 1547 1008 1569; x_wconf 88' lang='lat' dir='ltr'><strong>eos</strong></span> <span class='ocrx_word' id='word_1_187' title='bbox 1032 1537 1135 1578; x_wconf 86' lang='lat' dir='ltr'><strong>respi-</strong></span> 
     </span>
     <span class='ocr_line' id='line_1_29' title="bbox 155 1579 1135 1622; baseline -0.003 -9"><span class='ocrx_word' id='word_1_188' title='bbox 155 1582 220 1613; x_wconf 88' lang='lat' dir='ltr'><strong>ciat</strong></span> <span class='ocrx_word' id='word_1_189' title='bbox 254 1587 286 1612; x_wconf 89' lang='lat' dir='ltr'><strong>et</strong></span> <span class='ocrx_word' id='word_1_190' title='bbox 321 1581 491 1616; x_wconf 80' lang='lat' dir='ltr'><strong>exaudiat3</strong></span> <span class='ocrx_word' id='word_1_191' title='bbox 525 1586 579 1611; x_wconf 85' lang='lat' dir='ltr'><strong>aut</strong></span> <span class='ocrx_word' id='word_1_192' title='bbox 613 1579 717 1611; x_wconf 75' lang='lat' dir='ltr'><strong>voluit</strong></span> <span class='ocrx_word' id='word_1_193' title='bbox 744 1579 950 1622; x_wconf 84' lang='lat' dir='ltr'><strong>significare,</strong></span> <span class='ocrx_word' id='word_1_194' title='bbox 985 1579 1135 1611; x_wconf 89' lang='lat' dir='ltr'><strong>homines</strong></span> 
     </span>
     <span class='ocr_line' id='line_1_30' title="bbox 153 1622 1134 1663; baseline -0.003 -7"><span class='ocrx_word' id='word_1_195' title='bbox 153 1634 221 1656; x_wconf 90' lang='lat' dir='ltr'><strong>non</strong></span> <span class='ocrx_word' id='word_1_196' title='bbox 245 1624 400 1660; x_wconf 88' lang='lat' dir='ltr'><strong>credere,</strong></span> <span class='ocrx_word' id='word_1_197' title='bbox 433 1623 521 1663; x_wconf 86' lang='lat' dir='ltr'><strong>quod</strong></span> <span class='ocrx_word' id='word_1_198' title='bbox 546 1622 639 1655; x_wconf 88' lang='lat' dir='ltr'><strong>Deus</strong></span> <span class='ocrx_word' id='word_1_199' title='bbox 662 1633 720 1654; x_wconf 86' lang='lat' dir='ltr'><strong>eos</strong></span> <span class='ocrx_word' id='word_1_200' title='bbox 750 1623 914 1661; x_wconf 77' lang='lat' dir='ltr'><strong>exaudiat,</strong></span> <span class='ocrx_word' id='word_1_201' title='bbox 944 1629 976 1654; x_wconf 92' lang='lat' dir='ltr'><strong>et</strong></span> <span class='ocrx_word' id='word_1_202' title='bbox 999 1632 1054 1653; x_wconf 89' lang='lat' dir='ltr'><strong>res</strong></span> <span class='ocrx_word' id='word_1_203' title='bbox 1077 1633 1134 1653; x_wconf 87' lang='lat' dir='ltr'><strong>no-</strong></span> 
     </span>
     <span class='ocr_line' id='line_1_31' title="bbox 154 1665 1136 1704; baseline -0.001 -6"><span class='ocrx_word' id='word_1_204' title='bbox 154 1674 244 1698; x_wconf 90' lang='lat' dir='ltr'><strong>stras</strong></span> <span class='ocrx_word' id='word_1_205' title='bbox 268 1671 380 1703; x_wconf 88' lang='lat' dir='ltr'><strong>curet,</strong></span> <span class='ocrx_word' id='word_1_206' title='bbox 414 1666 486 1696; x_wconf 88' lang='lat' dir='ltr'><strong>sive</strong></span> <span class='ocrx_word' id='word_1_207' title='bbox 513 1675 710 1704; x_wconf 85' lang='lat' dir='ltr'><strong>aerumnas,</strong></span> <span class='ocrx_word' id='word_1_208' title='bbox 743 1667 814 1697; x_wconf 87' lang='lat' dir='ltr'><strong>sive</strong></span> <span class='ocrx_word' id='word_1_209' title='bbox 844 1665 954 1698; x_wconf 81' lang='lat' dir='ltr'><strong>cultus</strong></span> <span class='ocrx_word' id='word_1_210' title='bbox 982 1672 1136 1697; x_wconf 61' lang='lat' dir='ltr'><strong>nostros:&gt;</strong></span> 
     </span>
     <span class='ocr_line' id='line_1_32' title="bbox 155 1706 1136 1750; baseline 0 -10"><span class='ocrx_word' id='word_1_211' title='bbox 155 1709 241 1740; x_wconf 88' lang='lat' dir='ltr'><strong>sicut</strong></span> <span class='ocrx_word' id='word_1_212' title='bbox 263 1708 340 1739; x_wconf 87' lang='lat' dir='ltr'><strong>mihi</strong></span> <span class='ocrx_word' id='word_1_213' title='bbox 364 1708 495 1750; x_wconf 90' lang='lat' dir='ltr'><strong>quidam</strong></span> <span class='ocrx_word' id='word_1_214' title='bbox 514 1706 616 1739; x_wconf 88' lang='lat' dir='ltr'><strong>semel</strong></span> <span class='ocrx_word' id='word_1_215' title='bbox 639 1709 826 1749; x_wconf 86' lang='lat' dir='ltr'><strong>respondit:</strong></span> <span class='ocrx_word' id='word_1_216' title='bbox 849 1710 937 1740; x_wconf 75' lang='lat' dir='ltr'><strong>Deus</strong></span> <span class='ocrx_word' id='word_1_217' title='bbox 959 1719 1022 1740; x_wconf 84' lang='lat' dir='ltr'><strong>non</strong></span> <span class='ocrx_word' id='word_1_218' title='bbox 1044 1713 1136 1740; x_wconf 78' lang='lat' dir='ltr'><strong>curat</strong></span> 
     </span>
     <span class='ocr_line' id='line_1_33' title="bbox 155 1751 1135 1793; baseline -0.001 -10"><span class='ocrx_word' id='word_1_219' title='bbox 155 1753 236 1784; x_wconf 82' lang='lat' dir='ltr'><strong>bona</strong></span> <span class='ocrx_word' id='word_1_220' title='bbox 257 1761 375 1791; x_wconf 54' lang='lat' dir='ltr'><strong>operm</strong></span> <span class='ocrx_word' id='word_1_221' title='bbox 410 1761 484 1782; x_wconf 90' lang='lat' dir='ltr'><strong>cum</strong></span> <span class='ocrx_word' id='word_1_222' title='bbox 507 1760 580 1782; x_wconf 86' lang='lat' dir='ltr'><strong>eum</strong></span> <span class='ocrx_word' id='word_1_223' title='bbox 602 1751 854 1793; x_wconf 83' lang='lat' dir='ltr'><strong>interrogarem,</strong></span> <span class='ocrx_word' id='word_1_224' title='bbox 887 1762 930 1783; x_wconf 83' lang='lat' dir='ltr'><strong>an</strong></span> <span class='ocrx_word' id='word_1_225' title='bbox 953 1756 1062 1784; x_wconf 78' lang='lat' dir='ltr'><strong>essent</strong></span> <span class='ocrx_word' id='word_1_226' title='bbox 1082 1761 1135 1783; x_wconf 85' lang='lat' dir='ltr'><strong>ne-</strong></span> 
     </span>
     <span class='ocr_line' id='line_1_34' title="bbox 155 1793 1134 1835; baseline -0.001 -9"><span class='ocrx_word' id='word_1_227' title='bbox 155 1795 324 1826; x_wconf 77' lang='lat' dir='ltr'><strong>cessaria?</strong></span> <span class='ocrx_word' id='word_1_228' title='bbox 355 1799 444 1825; x_wconf 90' lang='lat' dir='ltr'><strong>certe</strong></span> <span class='ocrx_word' id='word_1_229' title='bbox 468 1800 561 1825; x_wconf 85' lang='lat' dir='ltr'><strong>curat</strong></span> <span class='ocrx_word' id='word_1_230' title='bbox 583 1793 677 1826; x_wconf 93' lang='lat' dir='ltr'><strong>Deus</strong></span> <span class='ocrx_word' id='word_1_231' title='bbox 700 1795 789 1826; x_wconf 92' lang='lat' dir='ltr'><strong>bona</strong></span> <span class='ocrx_word' id='word_1_232' title='bbox 813 1803 933 1835; x_wconf 91' lang='lat' dir='ltr'><strong>opera,</strong></span> <span class='ocrx_word' id='word_1_233' title='bbox 962 1801 993 1825; x_wconf 87' lang='lat' dir='ltr'><strong>et</strong></span> <span class='ocrx_word' id='word_1_234' title='bbox 1017 1795 1045 1825; x_wconf 92' lang='lat' dir='ltr'><strong>si</strong></span> <span class='ocrx_word' id='word_1_235' title='bbox 1068 1804 1134 1825; x_wconf 89' lang='lat' dir='ltr'><strong>non</strong></span> 
     </span>
     <span class='ocr_line' id='line_1_35' title="bbox 156 1836 1134 1878; baseline -0.001 -10"><span class='ocrx_word' id='word_1_236' title='bbox 156 1843 247 1868; x_wconf 88' lang='lat' dir='ltr'><strong>esset</strong></span> <span class='ocrx_word' id='word_1_237' title='bbox 270 1836 445 1868; x_wconf 80' lang='lat' dir='ltr'><strong>discrimen</strong></span> <span class='ocrx_word' id='word_1_238' title='bbox 468 1837 629 1868; x_wconf 89' lang='lat' dir='ltr'><strong>bonorum</strong></span> <span class='ocrx_word' id='word_1_239' title='bbox 652 1842 684 1869; x_wconf 91' lang='lat' dir='ltr'><strong>et</strong></span> <span class='ocrx_word' id='word_1_240' title='bbox 706 1836 866 1869; x_wconf 89' lang='lat' dir='ltr'><strong>malorum</strong></span> <span class='ocrx_word' id='word_1_241' title='bbox 885 1847 1032 1878; x_wconf 84' lang='lat' dir='ltr'><strong>operum,</strong></span> <span class='ocrx_word' id='word_1_242' title='bbox 1054 1836 1134 1868; x_wconf 86' lang='lat' dir='ltr'><strong>nihil</strong></span> 
     </span>
     <span class='ocr_line' id='line_1_36' title="bbox 157 1878 502 1911; baseline -0.006 0"><span class='ocrx_word' id='word_1_243' title='bbox 157 1885 247 1911; x_wconf 86' lang='lat' dir='ltr'><strong>esset</strong></span> <span class='ocrx_word' id='word_1_244' title='bbox 271 1878 502 1910; x_wconf 87' lang='lat' dir='ltr'><strong>calamitatum.</strong></span> 
     </span>
    </p>

    <p class='ocr_par' dir='ltr' id='par_1_6' title="bbox 155 1916 1135 2179">
     <span class='ocr_line' id='line_1_37' title="bbox 243 1916 1135 1967; baseline 0.001 -14"><span class='ocrx_word' id='word_1_245' title='bbox 243 1916 580 1967; x_wconf 77' lang='lat' dir='ltr'><strong>Christianus’homO,</strong></span> <span class='ocrx_word' id='word_1_246' title='bbox 603 1929 639 1954; x_wconf 91' lang='lat' dir='ltr'><strong>ut</strong></span> <span class='ocrx_word' id='word_1_247' title='bbox 654 1921 776 1961; x_wconf 74' lang='lat' dir='ltr'><strong>David,</strong></span> <span class='ocrx_word' id='word_1_248' title='bbox 798 1932 865 1954; x_wconf 92' lang='lat' dir='ltr'><strong>non</strong></span> <span class='ocrx_word' id='word_1_249' title='bbox 888 1928 1012 1954; x_wconf 84' lang='lat' dir='ltr'><strong>tantum</strong></span> <span class='ocrx_word' id='word_1_250' title='bbox 1036 1921 1135 1954; x_wconf 86' lang='lat' dir='ltr'><strong>habet</strong></span> 
     </span>
     <span class='ocr_line' id='line_1_38' title="bbox 155 1963 1134 2007; baseline -0.001 -10"><span class='ocrx_word' id='word_1_251' title='bbox 155 1966 294 1997; x_wconf 87' lang='lat' dir='ltr'><strong>virtutes</strong></span> <span class='ocrx_word' id='word_1_252' title='bbox 314 1964 480 1995; x_wconf 89' lang='lat' dir='ltr'><strong>secundae</strong></span> <span class='ocrx_word' id='word_1_253' title='bbox 502 1963 655 2003; x_wconf 84' lang='lat' dir='ltr'><strong>tabulae,</strong></span> <span class='ocrx_word' id='word_1_254' title='bbox 681 1967 741 1998; x_wconf 91' lang='lat' dir='ltr'><strong>sed</strong></span> <span class='ocrx_word' id='word_1_255' title='bbox 764 1966 860 1998; x_wconf 89' lang='lat' dir='ltr'><strong>etiam</strong></span> <span class='ocrx_word' id='word_1_256' title='bbox 882 1967 1018 2007; x_wconf 89' lang='lat' dir='ltr'><strong>primae,</strong></span> <span class='ocrx_word' id='word_1_257' title='bbox 1047 1964 1134 1997; x_wconf 92' lang='lat' dir='ltr'><strong>scili-</strong></span> 
     </span>
     <span class='ocr_line' id='line_1_39' title="bbox 156 2006 1134 2050; baseline -0.001 -10"><span class='ocrx_word' id='word_1_258' title='bbox 156 2014 208 2040; x_wconf 92' lang='lat' dir='ltr'><strong>cet</strong></span> <span class='ocrx_word' id='word_1_259' title='bbox 225 2009 424 2050; x_wconf 83' lang='lat' dir='ltr'><strong>agnitionem</strong></span> <span class='ocrx_word' id='word_1_260' title='bbox 443 2007 510 2038; x_wconf 86' lang='lat' dir='ltr'><strong>veri</strong></span> <span class='ocrx_word' id='word_1_261' title='bbox 528 2006 603 2045; x_wconf 85' lang='lat' dir='ltr'><strong>Dei,</strong></span> <span class='ocrx_word' id='word_1_262' title='bbox 626 2017 739 2040; x_wconf 89' lang='lat' dir='ltr'><strong>veram</strong></span> <span class='ocrx_word' id='word_1_263' title='bbox 757 2009 1012 2047; x_wconf 86' lang='lat' dir='ltr'><strong>invocationem,</strong></span> <span class='ocrx_word' id='word_1_264' title='bbox 1035 2018 1134 2040; x_wconf 81' lang='lat' dir='ltr'><strong>veros</strong></span> 
     </span>
     <span class='ocr_line' id='line_1_40' title="bbox 157 2049 1133 2094; baseline -0.001 -11"><span class='ocrx_word' id='word_1_265' title='bbox 157 2050 265 2083; x_wconf 90' lang='lat' dir='ltr'><strong>cultus</strong></span> <span class='ocrx_word' id='word_1_266' title='bbox 299 2051 330 2081; x_wconf 90' lang='lat' dir='ltr'><strong>in</strong></span> <span class='ocrx_word' id='word_1_267' title='bbox 365 2050 534 2092; x_wconf 88' lang='lat' dir='ltr'><strong>agnitione</strong></span> <span class='ocrx_word' id='word_1_268' title='bbox 568 2056 600 2081; x_wconf 88' lang='lat' dir='ltr'><strong>et</strong></span> <span class='ocrx_word' id='word_1_269' title='bbox 633 2049 698 2082; x_wconf 87' lang='lat' dir='ltr'><strong>fide</strong></span> <span class='ocrx_word' id='word_1_270' title='bbox 726 2051 935 2085; x_wconf 75' lang='lat' dir='ltr'><strong>mediatoris:</strong></span> <span class='ocrx_word' id='word_1_271' title='bbox 970 2052 1045 2094; x_wconf 89' lang='lat' dir='ltr'><strong>quia</strong></span> <span class='ocrx_word' id='word_1_272' title='bbox 1067 2062 1133 2083; x_wconf 90' lang='lat' dir='ltr'><strong>non</strong></span> 
     </span>
     <span class='ocr_line' id='line_1_41' title="bbox 155 2092 1134 2136; baseline 0 -11"><span class='ocrx_word' id='word_1_273' title='bbox 155 2099 280 2126; x_wconf 86' lang='lat' dir='ltr'><strong>tantum</strong></span> <span class='ocrx_word' id='word_1_274' title='bbox 303 2093 404 2125; x_wconf 85' lang='lat' dir='ltr'><strong>habet</strong></span> <span class='ocrx_word' id='word_1_275' title='bbox 427 2092 546 2134; x_wconf 85' lang='lat' dir='ltr'><strong>legem,</strong></span> <span class='ocrx_word' id='word_1_276' title='bbox 576 2093 634 2124; x_wconf 88' lang='lat' dir='ltr'><strong>sed</strong></span> <span class='ocrx_word' id='word_1_277' title='bbox 654 2094 749 2125; x_wconf 74' lang='lat' dir='ltr'><strong>etiam</strong></span> <span class='ocrx_word' id='word_1_278' title='bbox 770 2093 1008 2136; x_wconf 83' lang='lat' dir='ltr'><strong>Evangelium,</strong></span> <span class='ocrx_word' id='word_1_279' title='bbox 1039 2100 1071 2126; x_wconf 92' lang='lat' dir='ltr'><strong>et</strong></span> <span class='ocrx_word' id='word_1_280' title='bbox 1094 2105 1134 2126; x_wconf 82' lang='lat' dir='ltr'><strong>ex</strong></span> 
     </span>
     <span class='ocr_line' id='line_1_42' title="bbox 155 2134 1050 2179; baseline 0.002 -11"><span class='ocrx_word' id='word_1_281' title='bbox 155 2135 339 2178; x_wconf 80' lang='lat' dir='ltr'><strong>Evangelio</strong></span> <span class='ocrx_word' id='word_1_282' title='bbox 361 2136 500 2168; x_wconf 89' lang='lat' dir='ltr'><strong>sumitur</strong></span> <span class='ocrx_word' id='word_1_283' title='bbox 522 2134 700 2167; x_wconf 83' lang='lat' dir='ltr'><strong>declaratio</strong></span> <span class='ocrx_word' id='word_1_284' title='bbox 723 2135 807 2179; x_wconf 85' lang='lat' dir='ltr'><strong>legis</strong></span> <span class='ocrx_word' id='word_1_285' title='bbox 829 2137 862 2169; x_wconf 90' lang='lat' dir='ltr'><strong>in</strong></span> <span class='ocrx_word' id='word_1_286' title='bbox 885 2137 1050 2170; x_wconf 81' lang='lat' dir='ltr'><strong>Ecclesia.</strong></span> 
     </span>
    </p>

    <p class='ocr_par' dir='ltr' id='par_1_7' title="bbox 241 2179 1136 2221">
     <span class='ocr_line' id='line_1_43' title="bbox 241 2179 1136 2221; baseline 0 -10"><span class='ocrx_word' id='word_1_287' title='bbox 241 2180 314 2211; x_wconf 89' lang='lat' dir='ltr'><strong>Hoc</strong></span> <span class='ocrx_word' id='word_1_288' title='bbox 344 2185 395 2211; x_wconf 90' lang='lat' dir='ltr'><strong>est</strong></span> <span class='ocrx_word' id='word_1_289' title='bbox 429 2189 509 2221; x_wconf 89' lang='lat' dir='ltr'><strong>ergo</strong></span> <span class='ocrx_word' id='word_1_290' title='bbox 545 2179 720 2211; x_wconf 86' lang='lat' dir='ltr'><strong>discrimen</strong></span> <span class='ocrx_word' id='word_1_291' title='bbox 755 2181 840 2211; x_wconf 87' lang='lat' dir='ltr'><strong>inter</strong></span> <span class='ocrx_word' id='word_1_292' title='bbox 868 2179 1072 2219; x_wconf 80' lang='lat' dir='ltr'><strong>Ecclesiam,</strong></span> <span class='ocrx_word' id='word_1_293' title='bbox 1105 2186 1136 2212; x_wconf 91' lang='lat' dir='ltr'><strong>et</strong></span> 
     </span>
    </p>
   </div>
   <div class='ocr_carea' id='block_1_5' title="bbox 838 160 1481 195">
    <p class='ocr_par' dir='ltr' id='par_1_8' title="bbox 838 160 1481 195">
     <span class='ocr_line' id='line_1_44' title="bbox 838 160 1481 195; baseline 0.002 -2"><span class='ocrx_word' id='word_1_294' title='bbox 838 160 1052 195; x_wconf 78' lang='lat' dir='ltr'><strong>POSTILLA</strong></span> <span class='ocrx_word' id='word_1_295' title='bbox 1084 160 1481 194; x_wconf 78' lang='lat' dir='ltr'><strong>MELANTHONIANA.</strong></span> 
     </span>
    </p>
   </div>
   <div class='ocr_carea' id='block_1_6' title="bbox 2093 163 2158 196">
    <p class='ocr_par' dir='ltr' id='par_1_9' title="bbox 2093 163 2158 196">
     <span class='ocr_line' id='line_1_45' title="bbox 2093 163 2158 196; baseline -0.015 0"><span class='ocrx_word' id='word_1_296' title='bbox 2093 163 2158 196; x_wconf 78' lang='lat'><strong>826</strong></span> 
     </span>
    </p>
   </div>
   <div class='ocr_carea' id='block_1_7' title="bbox 1181 253 2167 1535">
    <p class='ocr_par' dir='ltr' id='par_1_10' title="bbox 1181 253 2160 542">
     <span class='ocr_line' id='line_1_46' title="bbox 1181 253 2157 297; baseline 0.002 -12"><span class='ocrx_word' id='word_1_297' title='bbox 1181 254 1224 285; x_wconf 93' lang='lat' dir='ltr'><strong>Ut</strong></span> <span class='ocrx_word' id='word_1_298' title='bbox 1247 253 1441 286; x_wconf 87' lang='lat' dir='ltr'><strong>celebretur.</strong></span> <span class='ocrx_word' id='word_1_299' title='bbox 1487 255 1596 290; x_wconf 88' lang='lat' dir='ltr'><strong>Quare</strong></span> <span class='ocrx_word' id='word_1_300' title='bbox 1619 254 1688 287; x_wconf 86' lang='lat' dir='ltr'><strong>vult</strong></span> <span class='ocrx_word' id='word_1_301' title='bbox 1717 254 1902 287; x_wconf 69' lang='lat' dir='ltr'><strong>celebrari?</strong></span> <span class='ocrx_word' id='word_1_302' title='bbox 1947 255 2157 297; x_wconf 84' lang='lat' dir='ltr'><strong>Respondeo.</strong></span> 
     </span>
     <span class='ocr_line' id='line_1_47' title="bbox 1181 296 2158 337; baseline 0.002 -9"><span class='ocrx_word' id='word_1_303' title='bbox 1181 296 1225 328; x_wconf 91' lang='lat' dir='ltr'><strong>Ut</strong></span> <span class='ocrx_word' id='word_1_304' title='bbox 1247 298 1465 329; x_wconf 89' lang='lat' dir='ltr'><strong>communicet</strong></span> <span class='ocrx_word' id='word_1_305' title='bbox 1487 298 1585 329; x_wconf 88' lang='lat' dir='ltr'><strong>nobis</strong></span> <span class='ocrx_word' id='word_1_306' title='bbox 1607 308 1701 330; x_wconf 89' lang='lat' dir='ltr'><strong>suam</strong></span> <span class='ocrx_word' id='word_1_307' title='bbox 1724 299 1912 336; x_wconf 89' lang='lat' dir='ltr'><strong>bonitatem,</strong></span> <span class='ocrx_word' id='word_1_308' title='bbox 1943 299 1974 329; x_wconf 87' lang='lat' dir='ltr'><strong>id</strong></span> <span class='ocrx_word' id='word_1_309' title='bbox 1998 305 2061 337; x_wconf 88' lang='lat' dir='ltr'><strong>est,</strong></span> <span class='ocrx_word' id='word_1_310' title='bbox 2090 309 2158 330; x_wconf 91' lang='lat' dir='ltr'><strong>non</strong></span> 
     </span>
     <span class='ocr_line' id='line_1_48' title="bbox 1181 341 2158 381; baseline 0.001 -10"><span class='ocrx_word' id='word_1_311' title='bbox 1181 345 1305 371; x_wconf 90' lang='lat' dir='ltr'><strong>tantum</strong></span> <span class='ocrx_word' id='word_1_312' title='bbox 1328 341 1416 372; x_wconf 85' lang='lat' dir='ltr'><strong>bona</strong></span> <span class='ocrx_word' id='word_1_313' title='bbox 1439 341 1602 381; x_wconf 82' lang='lat' dir='ltr'><strong>eorporis,</strong></span> <span class='ocrx_word' id='word_1_314' title='bbox 1625 341 1685 372; x_wconf 87' lang='lat' dir='ltr'><strong>sed</strong></span> <span class='ocrx_word' id='word_1_315' title='bbox 1708 347 1741 372; x_wconf 92' lang='lat' dir='ltr'><strong>ut</strong></span> <span class='ocrx_word' id='word_1_316' title='bbox 1765 350 1803 372; x_wconf 84' lang='lat' dir='ltr'><strong>se</strong></span> <span class='ocrx_word' id='word_1_317' title='bbox 1821 341 1927 381; x_wconf 86' lang='lat' dir='ltr'><strong>ipsum</strong></span> <span class='ocrx_word' id='word_1_318' title='bbox 1950 342 2046 372; x_wconf 86' lang='lat' dir='ltr'><strong>nobis</strong></span> <span class='ocrx_word' id='word_1_319' title='bbox 2070 351 2158 373; x_wconf 81' lang='lat' dir='ltr'><strong>com-</strong></span> 
     </span>
     <span class='ocr_line' id='line_1_49' title="bbox 1182 381 2156 424; baseline 0.001 -11"><span class='ocrx_word' id='word_1_320' title='bbox 1182 383 1336 421; x_wconf 82' lang='lat' dir='ltr'><strong>municet,</strong></span> <span class='ocrx_word' id='word_1_321' title='bbox 1355 383 1560 424; x_wconf 83' lang='lat' dir='ltr'><strong>sapientiam,</strong></span> <span class='ocrx_word' id='word_1_322' title='bbox 1582 381 1700 421; x_wconf 88' lang='lat' dir='ltr'><strong>lucem,</strong></span> <span class='ocrx_word' id='word_1_323' title='bbox 1729 383 1900 421; x_wconf 77' lang='lat' dir='ltr'><strong>iustitiam,</strong></span> <span class='ocrx_word' id='word_1_324' title='bbox 1931 384 2029 414; x_wconf 78' lang='lat' dir='ltr'><strong>vitain</strong></span> <span class='ocrx_word' id='word_1_325' title='bbox 2053 394 2156 415; x_wconf 84' lang='lat' dir='ltr'><strong>suam.</strong></span> 
     </span>
     <span class='ocr_line' id='line_1_50' title="bbox 1183 424 2159 468; baseline 0.002 -13"><span class='ocrx_word' id='word_1_326' title='bbox 1183 424 1322 467; x_wconf 89' lang='lat' dir='ltr'><strong>Propter</strong></span> <span class='ocrx_word' id='word_1_327' title='bbox 1344 424 1431 457; x_wconf 86' lang='lat' dir='ltr'><strong>hanc</strong></span> <span class='ocrx_word' id='word_1_328' title='bbox 1455 435 1590 456; x_wconf 86' lang='lat' dir='ltr'><strong>causam</strong></span> <span class='ocrx_word' id='word_1_329' title='bbox 1612 424 1680 456; x_wconf 86' lang='lat' dir='ltr'><strong>vult</strong></span> <span class='ocrx_word' id='word_1_330' title='bbox 1703 426 1852 467; x_wconf 87' lang='lat' dir='ltr'><strong>agnosci,</strong></span> <span class='ocrx_word' id='word_1_331' title='bbox 1875 431 1906 457; x_wconf 90' lang='lat' dir='ltr'><strong>et</strong></span> <span class='ocrx_word' id='word_1_332' title='bbox 1929 427 1961 457; x_wconf 92' lang='lat' dir='ltr'><strong>in</strong></span> <span class='ocrx_word' id='word_1_333' title='bbox 1991 427 2159 468; x_wconf 89' lang='lat' dir='ltr'><strong>agnitione</strong></span> 
     </span>
     <span class='ocr_line' id='line_1_51' title="bbox 1183 466 2160 505; baseline 0.001 -6"><span class='ocrx_word' id='word_1_334' title='bbox 1183 469 1349 500; x_wconf 86' lang='lat' dir='ltr'><strong>invocari:</strong></span> <span class='ocrx_word' id='word_1_335' title='bbox 1374 468 1447 499; x_wconf 90' lang='lat' dir='ltr'><strong>ideo</strong></span> <span class='ocrx_word' id='word_1_336' title='bbox 1470 466 1541 499; x_wconf 92' lang='lat' dir='ltr'><strong>vult</strong></span> <span class='ocrx_word' id='word_1_337' title='bbox 1565 466 1738 505; x_wconf 83' lang='lat' dir='ltr'><strong>celebrari,</strong></span> <span class='ocrx_word' id='word_1_338' title='bbox 1767 474 1803 499; x_wconf 87' lang='lat' dir='ltr'><strong>ut</strong></span> <span class='ocrx_word' id='word_1_339' title='bbox 1825 469 1919 499; x_wconf 83' lang='lat' dir='ltr'><strong>nobis</strong></span> <span class='ocrx_word' id='word_1_340' title='bbox 1944 470 2160 500; x_wconf 87' lang='lat' dir='ltr'><strong>communicet</strong></span> 
     </span>
     <span class='ocr_line' id='line_1_52' title="bbox 1184 512 1363 542; baseline 0 0"><span class='ocrx_word' id='word_1_341' title='bbox 1184 521 1244 542; x_wconf 91' lang='lat' dir='ltr'><strong>sua</strong></span> <span class='ocrx_word' id='word_1_342' title='bbox 1268 512 1363 542; x_wconf 85' lang='lat' dir='ltr'><strong>bona.</strong></span> 
     </span>
    </p>

    <p class='ocr_par' dir='ltr' id='par_1_11' title="bbox 1184 551 2167 1535">
     <span class='ocr_line' id='line_1_53' title="bbox 1269 551 2160 595; baseline 0 -10"><span class='ocrx_word' id='word_1_343' title='bbox 1269 553 1480 595; x_wconf 65' lang='lat' dir='ltr'><strong>Aspiciamus</strong></span> <span class='ocrx_word' id='word_1_344' title='bbox 1508 559 1617 584; x_wconf 90' lang='lat' dir='ltr'><strong>autem</strong></span> <span class='ocrx_word' id='word_1_345' title='bbox 1640 562 1702 584; x_wconf 91' lang='lat' dir='ltr'><strong>nos</strong></span> <span class='ocrx_word' id='word_1_346' title='bbox 1725 551 1864 594; x_wconf 86' lang='lat' dir='ltr'><strong>singuli,</strong></span> <span class='ocrx_word' id='word_1_347' title='bbox 1897 559 1929 584; x_wconf 89' lang='lat' dir='ltr'><strong>et</strong></span> <span class='ocrx_word' id='word_1_348' title='bbox 1953 552 2160 594; x_wconf 76' lang='lat' dir='ltr'><strong>deploremus</strong></span> 
     </span>
     <span class='ocr_line' id='line_1_54' title="bbox 1184 594 2160 638; baseline 0.001 -11"><span class='ocrx_word' id='word_1_349' title='bbox 1184 602 1332 628; x_wconf 84' lang='lat' dir='ltr'><strong>nostram</strong></span> <span class='ocrx_word' id='word_1_350' title='bbox 1371 595 1609 638; x_wconf 86' lang='lat' dir='ltr'><strong>negligentiam</strong></span> <span class='ocrx_word' id='word_1_351' title='bbox 1624 618 1633 634; x_wconf 85' lang='lat'><strong>,</strong></span> <span class='ocrx_word' id='word_1_352' title='bbox 1677 596 1767 636; x_wconf 89' lang='lat' dir='ltr'><strong>quod</strong></span> <span class='ocrx_word' id='word_1_353' title='bbox 1806 605 1873 626; x_wconf 93' lang='lat' dir='ltr'><strong>non</strong></span> <span class='ocrx_word' id='word_1_354' title='bbox 1911 594 2160 637; x_wconf 83' lang='lat' dir='ltr'><strong>magnifacimus</strong></span> 
     </span>
     <span class='ocr_line' id='line_1_55' title="bbox 1185 637 2162 678; baseline -0.001 -8"><span class='ocrx_word' id='word_1_355' title='bbox 1185 640 1437 670; x_wconf 81' lang='lat' dir='ltr'><strong>invocationem.</strong></span> <span class='ocrx_word' id='word_1_356' title='bbox 1499 639 1535 670; x_wconf 84' lang='lat' dir='ltr'><strong>Si</strong></span> <span class='ocrx_word' id='word_1_357' title='bbox 1568 648 1635 670; x_wconf 91' lang='lat' dir='ltr'><strong>non</strong></span> <span class='ocrx_word' id='word_1_358' title='bbox 1673 643 1763 669; x_wconf 85' lang='lat' dir='ltr'><strong>esset</strong></span> <span class='ocrx_word' id='word_1_359' title='bbox 1801 637 1889 669; x_wconf 90' lang='lat' dir='ltr'><strong>aliud</strong></span> <span class='ocrx_word' id='word_1_360' title='bbox 1926 645 2097 678; x_wconf 90' lang='lat' dir='ltr'><strong>peccatum</strong></span> <span class='ocrx_word' id='word_1_361' title='bbox 2130 640 2162 670; x_wconf 91' lang='lat' dir='ltr'><strong>in</strong></span> 
     </span>
     <span class='ocr_line' id='line_1_56' title="bbox 1186 681 2162 724; baseline 0 -11"><span class='ocrx_word' id='word_1_362' title='bbox 1186 692 1309 724; x_wconf 86' lang='lat' dir='ltr'><strong>genere</strong></span> <span class='ocrx_word' id='word_1_363' title='bbox 1331 682 1491 719; x_wconf 88' lang='lat' dir='ltr'><strong>humano,</strong></span> <span class='ocrx_word' id='word_1_364' title='bbox 1522 691 1620 723; x_wconf 91' lang='lat' dir='ltr'><strong>quam</strong></span> <span class='ocrx_word' id='word_1_365' title='bbox 1644 681 1728 713; x_wconf 87' lang='lat' dir='ltr'><strong>haec</strong></span> <span class='ocrx_word' id='word_1_366' title='bbox 1750 681 1968 722; x_wconf 85' lang='lat' dir='ltr'><strong>ingratitudo,</strong></span> <span class='ocrx_word' id='word_1_367' title='bbox 1999 687 2029 711; x_wconf 92' lang='lat' dir='ltr'><strong>et</strong></span> <span class='ocrx_word' id='word_1_368' title='bbox 2054 683 2162 723; x_wconf 77' lang='lat' dir='ltr'><strong>segni—</strong></span> 
     </span>
     <span class='ocr_line' id='line_1_57' title="bbox 1186 723 2162 765; baseline -0.001 -9"><span class='ocrx_word' id='word_1_369' title='bbox 1186 726 1247 756; x_wconf 90' lang='lat' dir='ltr'><strong>ties</strong></span> <span class='ocrx_word' id='word_1_370' title='bbox 1271 726 1303 756; x_wconf 91' lang='lat' dir='ltr'><strong>in</strong></span> <span class='ocrx_word' id='word_1_371' title='bbox 1326 725 1546 762; x_wconf 84' lang='lat' dir='ltr'><strong>invocatione,</strong></span> <span class='ocrx_word' id='word_1_372' title='bbox 1569 723 1624 755; x_wconf 90' lang='lat' dir='ltr'><strong>vel</strong></span> <span class='ocrx_word' id='word_1_373' title='bbox 1647 725 1757 764; x_wconf 89' lang='lat' dir='ltr'><strong>potius</strong></span> <span class='ocrx_word' id='word_1_374' title='bbox 1781 731 1913 765; x_wconf 88' lang='lat' dir='ltr'><strong>stupor:</strong></span> <span class='ocrx_word' id='word_1_375' title='bbox 1939 728 2047 754; x_wconf 88' lang='lat' dir='ltr'><strong>tamen</strong></span> <span class='ocrx_word' id='word_1_376' title='bbox 2072 734 2162 755; x_wconf 86' lang='lat' dir='ltr'><strong>esse-</strong></span> 
     </span>
     <span class='ocr_line' id='line_1_58' title="bbox 1186 765 2164 809; baseline 0 -11"><span class='ocrx_word' id='word_1_377' title='bbox 1186 778 1260 798; x_wconf 88' lang='lat' dir='ltr'><strong>mus</strong></span> <span class='ocrx_word' id='word_1_378' title='bbox 1283 773 1459 809; x_wconf 78' lang='lat' dir='ltr'><strong>propterea</strong></span> <span class='ocrx_word' id='word_1_379' title='bbox 1482 768 1570 809; x_wconf 88' lang='lat' dir='ltr'><strong>digni</strong></span> <span class='ocrx_word' id='word_1_380' title='bbox 1594 767 1744 798; x_wconf 77' lang='lat' dir='ltr'><strong>maximis</strong></span> <span class='ocrx_word' id='word_1_381' title='bbox 1767 767 1893 806; x_wconf 86' lang='lat' dir='ltr'><strong>poenis.</strong></span> <span class='ocrx_word' id='word_1_382' title='bbox 1938 765 2008 797; x_wconf 87' lang='lat' dir='ltr'><strong>Nec</strong></span> <span class='ocrx_word' id='word_1_383' title='bbox 2031 767 2164 798; x_wconf 90' lang='lat' dir='ltr'><strong>dubium</strong></span> 
     </span>
     <span class='ocr_line' id='line_1_59' title="bbox 1188 806 2163 851; baseline -0.001 -10"><span class='ocrx_word' id='word_1_384' title='bbox 1188 806 1250 842; x_wconf 64' lang='lat' dir='ltr'><strong>es?</strong></span> <span class='ocrx_word' id='word_1_385' title='bbox 1271 820 1334 841; x_wconf 88' lang='lat' dir='ltr'><strong>nos</strong></span> <span class='ocrx_word' id='word_1_386' title='bbox 1368 817 1545 851; x_wconf 86' lang='lat' dir='ltr'><strong>propterea</strong></span> <span class='ocrx_word' id='word_1_387' title='bbox 1576 810 1673 841; x_wconf 89' lang='lat' dir='ltr'><strong>etiam</strong></span> <span class='ocrx_word' id='word_1_388' title='bbox 1710 808 1808 850; x_wconf 87' lang='lat' dir='ltr'><strong>plecti</strong></span> <span class='ocrx_word' id='word_1_389' title='bbox 1843 809 1966 840; x_wconf 88' lang='lat' dir='ltr'><strong>durius.</strong></span> <span class='ocrx_word' id='word_1_390' title='bbox 2023 809 2163 841; x_wconf 88' lang='lat' dir='ltr'><strong>Veteres</strong></span> 
     </span>
     <span class='ocr_line' id='line_1_60' title="bbox 1188 851 2164 893; baseline -0.001 -9"><span class='ocrx_word' id='word_1_391' title='bbox 1188 854 1397 884; x_wconf 88' lang='lat' dir='ltr'><strong>nominarunt</strong></span> <span class='ocrx_word' id='word_1_392' title='bbox 1419 853 1554 891; x_wconf 78' lang='grc' dir='ltr'><strong>άκηδίαν,</strong></span> <span class='ocrx_word' id='word_1_393' title='bbox 1599 863 1674 884; x_wconf 90' lang='lat' dir='ltr'><strong>uam</strong></span> <span class='ocrx_word' id='word_1_394' title='bbox 1696 857 1909 884; x_wconf 76' lang='lat' dir='ltr'><strong>numerarunt</strong></span> <span class='ocrx_word' id='word_1_395' title='bbox 1931 851 2016 882; x_wconf 87' lang='lat' dir='ltr'><strong>inter</strong></span> <span class='ocrx_word' id='word_1_396' title='bbox 2038 858 2164 893; x_wconf 81' lang='lat' dir='ltr'><strong>septem</strong></span> 
     </span>
     <span class='ocr_line' id='line_1_61' title="bbox 1188 863 2164 937; baseline -0.003 -9"><span class='ocrx_word' id='word_1_397' title='bbox 1188 902 1328 937; x_wconf 87' lang='lat' dir='ltr'><strong>peccata</strong></span> <span class='ocrx_word' id='word_1_398' title='bbox 1350 894 1511 927; x_wconf 85' lang='lat' dir='ltr'><strong>mortalia.</strong></span> <span class='ocrx_word' id='word_1_399' title='bbox 1569 863 1779 927; x_wconf 44' lang='lat' dir='ltr'><strong>&amp;ocabulum</strong></span> <span class='ocrx_word' id='word_1_400' title='bbox 1802 895 1910 935; x_wconf 85' lang='lat' dir='ltr'><strong>ipsum</strong></span> <span class='ocrx_word' id='word_1_401' title='bbox 1932 894 2097 935; x_wconf 81' lang='lat' dir='ltr'><strong>significat</strong></span> <span class='ocrx_word' id='word_1_402' title='bbox 2118 896 2164 925; x_wconf 91' lang='lat' dir='ltr'><strong>in·</strong></span> 
     </span>
     <span class='ocr_line' id='line_1_62' title="bbox 1188 939 2164 977; baseline -0.002 -7"><span class='ocrx_word' id='word_1_403' title='bbox 1188 939 1331 976; x_wconf 89' lang='lat' dir='ltr'><strong>curiam,</strong></span> <span class='ocrx_word' id='word_1_404' title='bbox 1364 940 1632 977; x_wconf 71' lang='lat' dir='ltr'><strong>mzachtsamlceit,</strong></span> <span class='ocrx_word' id='word_1_405' title='bbox 1674 939 1821 977; x_wconf 72' lang='lat' dir='ltr'><strong>Triiqlzeit</strong></span> <span class='ocrx_word' id='word_1_406' title='bbox 1854 947 1906 969; x_wconf 87' lang='lat' dir='ltr'><strong>am</strong></span> <span class='ocrx_word' id='word_1_407' title='bbox 1943 939 2164 969; x_wconf 69' lang='lat' dir='ltr'><strong>Gottesdienst.</strong></span> 
     </span>
     <span class='ocr_line' id='line_1_63' title="bbox 1188 980 2163 1022; baseline -0.002 -9"><span class='ocrx_word' id='word_1_408' title='bbox 1188 981 1314 1013; x_wconf 85' lang='lat' dir='ltr'><strong>Contra</strong></span> <span class='ocrx_word' id='word_1_409' title='bbox 1343 980 1430 1013; x_wconf 87' lang='lat' dir='ltr'><strong>hanc</strong></span> <span class='ocrx_word' id='word_1_410' title='bbox 1453 981 1578 1020; x_wconf 79' lang='grc' dir='ltr'><em>ἀκηδίαν</em></span> <span class='ocrx_word' id='word_1_411' title='bbox 1604 991 1811 1022; x_wconf 87' lang='lat' dir='ltr'><strong>opponamus</strong></span> <span class='ocrx_word' id='word_1_412' title='bbox 1847 986 1947 1011; x_wconf 90' lang='lat' dir='ltr'><strong>totam</strong></span> <span class='ocrx_word' id='word_1_413' title='bbox 1981 981 2163 1011; x_wconf 85' lang='lat' dir='ltr'><strong>doctrinam</strong></span> 
     </span>
     <span class='ocr_line' id='line_1_64' title="bbox 1188 1022 2165 1065; baseline -0.002 -10"><span class='ocrx_word' id='word_1_414' title='bbox 1188 1025 1229 1056; x_wconf 91' lang='lat' dir='ltr'><strong>de</strong></span> <span class='ocrx_word' id='word_1_415' title='bbox 1251 1024 1476 1064; x_wconf 68' lang='lat' dir='ltr'><strong>invocatione,</strong></span> <span class='ocrx_word' id='word_1_416' title='bbox 1507 1035 1604 1065; x_wconf 87' lang='lat' dir='ltr'><strong>quam</strong></span> <span class='ocrx_word' id='word_1_417' title='bbox 1635 1033 1750 1055; x_wconf 91' lang='lat' dir='ltr'><strong>omnes</strong></span> <span class='ocrx_word' id='word_1_418' title='bbox 1777 1023 1927 1054; x_wconf 86' lang='lat' dir='ltr'><strong>homines</strong></span> <span class='ocrx_word' id='word_1_419' title='bbox 1957 1023 1989 1053; x_wconf 87' lang='lat' dir='ltr'><strong>in</strong></span> <span class='ocrx_word' id='word_1_420' title='bbox 2011 1022 2165 1054; x_wconf 87' lang='lat' dir='ltr'><strong>Ecclesia</strong></span> 
     </span>
     <span class='ocr_line' id='line_1_65' title="bbox 1188 1066 2165 1105; baseline -0.002 -7"><span class='ocrx_word' id='word_1_421' title='bbox 1188 1073 1299 1098; x_wconf 89' lang='lat' dir='ltr'><strong>tenere</strong></span> <span class='ocrx_word' id='word_1_422' title='bbox 1322 1067 1452 1105; x_wconf 84' lang='lat' dir='ltr'><strong>debent,</strong></span> <span class='ocrx_word' id='word_1_423' title='bbox 1485 1077 1551 1098; x_wconf 92' lang='lat' dir='ltr'><strong>non</strong></span> <span class='ocrx_word' id='word_1_424' title='bbox 1585 1072 1708 1097; x_wconf 89' lang='lat' dir='ltr'><strong>tantum</strong></span> <span class='ocrx_word' id='word_1_425' title='bbox 1730 1072 1765 1097; x_wconf 90' lang='lat' dir='ltr'><strong>ut</strong></span> <span class='ocrx_word' id='word_1_426' title='bbox 1788 1066 1905 1103; x_wconf 86' lang='lat' dir='ltr'><strong>sciant,</strong></span> <span class='ocrx_word' id='word_1_427' title='bbox 1928 1066 1987 1097; x_wconf 86' lang='lat' dir='ltr'><strong>sed</strong></span> <span class='ocrx_word' id='word_1_428' title='bbox 2011 1066 2107 1097; x_wconf 89' lang='lat' dir='ltr'><strong>etiam</strong></span> <span class='ocrx_word' id='word_1_429' title='bbox 2129 1071 2165 1097; x_wconf 91' lang='lat' dir='ltr'><strong>ut</strong></span> 
     </span>
     <span class='ocr_line' id='line_1_66' title="bbox 1188 1109 2165 1151; baseline -0.001 -11"><span class='ocrx_word' id='word_1_430' title='bbox 1188 1115 1375 1141; x_wconf 82' lang='lat' dir='ltr'><strong>exerceant.</strong></span> <span class='ocrx_word' id='word_1_431' title='bbox 1434 1109 1529 1141; x_wconf 89' lang='lat' dir='ltr'><strong>Hanc</strong></span> <span class='ocrx_word' id='word_1_432' title='bbox 1563 1115 1751 1151; x_wconf 86' lang='lat' dir='ltr'><strong>repetemus</strong></span> <span class='ocrx_word' id='word_1_433' title='bbox 1786 1119 1873 1140; x_wconf 89' lang='lat' dir='ltr'><strong>nunc</strong></span> <span class='ocrx_word' id='word_1_434' title='bbox 1907 1111 2028 1140; x_wconf 84' lang='lat' dir='ltr'><strong>usitata</strong></span> <span class='ocrx_word' id='word_1_435' title='bbox 2051 1114 2165 1140; x_wconf 85' lang='lat' dir='ltr'><strong>nostra</strong></span> 
     </span>
     <span class='ocr_line' id='line_1_67' title="bbox 1187 1150 2164 1193; baseline -0.001 -10"><span class='ocrx_word' id='word_1_436' title='bbox 1187 1151 1356 1183; x_wconf 86' lang='lat' dir='ltr'><strong>Methodo.</strong></span> <span class='ocrx_word' id='word_1_437' title='bbox 1413 1151 1455 1183; x_wconf 89' lang='lat' dir='ltr'><strong>Et</strong></span> <span class='ocrx_word' id='word_1_438' title='bbox 1489 1152 1563 1193; x_wconf 88' lang='lat' dir='ltr'><strong>quia</strong></span> <span class='ocrx_word' id='word_1_439' title='bbox 1596 1151 1733 1184; x_wconf 88' lang='lat' dir='ltr'><strong>multum</strong></span> <span class='ocrx_word' id='word_1_440' title='bbox 1766 1150 1885 1189; x_wconf 82' lang='lat' dir='ltr'><strong>refert,</strong></span> <span class='ocrx_word' id='word_1_441' title='bbox 1924 1157 1957 1182; x_wconf 91' lang='lat' dir='ltr'><strong>ut</strong></span> <span class='ocrx_word' id='word_1_442' title='bbox 1993 1150 2164 1193; x_wconf 84' lang='lat' dir='ltr'><strong>diligenter</strong></span> 
     </span>
     <span class='ocr_line' id='line_1_68' title="bbox 1187 1193 2166 1226; baseline 0 0"><span class='ocrx_word' id='word_1_443' title='bbox 1187 1196 1366 1226; x_wconf 89' lang='lat' dir='ltr'><strong>retineatur</strong></span> <span class='ocrx_word' id='word_1_444' title='bbox 1413 1195 1587 1226; x_wconf 77' lang='lat' dir='ltr'><strong>discrimen</strong></span> <span class='ocrx_word' id='word_1_445' title='bbox 1627 1195 1845 1226; x_wconf 83' lang='lat' dir='ltr'><strong>invocationis</strong></span> <span class='ocrx_word' id='word_1_446' title='bbox 1885 1193 2094 1226; x_wconf 88' lang='lat' dir='ltr'><strong>Christianae</strong></span> <span class='ocrx_word' id='word_1_447' title='bbox 2135 1200 2166 1226; x_wconf 86' lang='lat' dir='ltr'><strong>et</strong></span> 
     </span>
     <span class='ocr_line' id='line_1_69' title="bbox 1187 1236 2165 1281; baseline -0.001 -12"><span class='ocrx_word' id='word_1_448' title='bbox 1187 1237 1366 1275; x_wconf 82' lang='lat' dir='ltr'><strong>Ethnicae3</strong></span> <span class='ocrx_word' id='word_1_449' title='bbox 1398 1238 1537 1279; x_wconf 87' lang='lat' dir='ltr'><strong>primum</strong></span> <span class='ocrx_word' id='word_1_450' title='bbox 1571 1236 1649 1269; x_wconf 73' lang='lat' dir='ltr'><strong>volo</strong></span> <span class='ocrx_word' id='word_1_451' title='bbox 1682 1239 1841 1281; x_wconf 36' lang='lat' dir='ltr'><strong>persequi.</strong></span> <span class='ocrx_word' id='word_1_452' title='bbox 1869 1238 2095 1278; x_wconf 81' lang='lat' dir='ltr'><strong>quaestionem</strong></span> <span class='ocrx_word' id='word_1_453' title='bbox 2118 1238 2165 1268; x_wconf 92' lang='lat' dir='ltr'><strong>in-</strong></span> 
     </span>
     <span class='ocr_line' id='line_1_70' title="bbox 1187 1279 2165 1319; baseline -0.001 -7"><span class='ocrx_word' id='word_1_454' title='bbox 1187 1282 1351 1319; x_wconf 78' lang='lat' dir='ltr'><strong>stitutam=</strong></span> <span class='ocrx_word' id='word_1_455' title='bbox 1385 1281 1426 1312; x_wconf 87' lang='lat' dir='ltr'><strong>de</strong></span> <span class='ocrx_word' id='word_1_456' title='bbox 1448 1280 1629 1312; x_wconf 86' lang='lat' dir='ltr'><strong>differentia</strong></span> <span class='ocrx_word' id='word_1_457' title='bbox 1661 1281 1879 1312; x_wconf 75' lang='lat' dir='ltr'><strong>invocationis</strong></span> <span class='ocrx_word' id='word_1_458' title='bbox 1902 1279 2110 1311; x_wconf 82' lang='lat' dir='ltr'><strong>Christianae</strong></span> <span class='ocrx_word' id='word_1_459' title='bbox 2132 1286 2165 1311; x_wconf 91' lang='lat' dir='ltr'><strong>et</strong></span> 
     </span>
     <span class='ocr_line' id='line_1_71' title="bbox 1188 1322 2165 1365; baseline -0.001 -10"><span class='ocrx_word' id='word_1_460' title='bbox 1188 1324 1358 1356; x_wconf 85' lang='lat' dir='ltr'><strong>Ethnicae.</strong></span> <span class='ocrx_word' id='word_1_461' title='bbox 1404 1322 1527 1355; x_wconf 87' lang='lat' dir='ltr'><strong>Postea</strong></span> <span class='ocrx_word' id='word_1_462' title='bbox 1550 1324 1669 1362; x_wconf 89' lang='lat' dir='ltr'><strong>dicam,</strong></span> <span class='ocrx_word' id='word_1_463' title='bbox 1693 1324 1734 1354; x_wconf 92' lang='lat' dir='ltr'><strong>de</strong></span> <span class='ocrx_word' id='word_1_464' title='bbox 1757 1324 1876 1365; x_wconf 90' lang='lat' dir='ltr'><strong>quibus</strong></span> <span class='ocrx_word' id='word_1_465' title='bbox 1899 1323 2000 1355; x_wconf 89' lang='lat' dir='ltr'><strong>rebus</strong></span> <span class='ocrx_word' id='word_1_466' title='bbox 2022 1332 2165 1354; x_wconf 88' lang='lat' dir='ltr'><strong>necesse</strong></span> 
     </span>
     <span class='ocr_line' id='line_1_72' title="bbox 1188 1365 2164 1409; baseline -0.002 -10"><span class='ocrx_word' id='word_1_467' title='bbox 1188 1368 1229 1399; x_wconf 90' lang='lat' dir='ltr'><strong>sit</strong></span> <span class='ocrx_word' id='word_1_468' title='bbox 1251 1377 1314 1398; x_wconf 94' lang='lat' dir='ltr'><strong>nos</strong></span> <span class='ocrx_word' id='word_1_469' title='bbox 1341 1365 1492 1408; x_wconf 86' lang='lat' dir='ltr'><strong>singulos</strong></span> <span class='ocrx_word' id='word_1_470' title='bbox 1527 1367 1674 1409; x_wconf 89' lang='lat' dir='ltr'><strong>cogitare</strong></span> <span class='ocrx_word' id='word_1_471' title='bbox 1706 1367 1738 1397; x_wconf 91' lang='lat' dir='ltr'><strong>in</strong></span> <span class='ocrx_word' id='word_1_472' title='bbox 1771 1366 1991 1398; x_wconf 79' lang='lat' dir='ltr'><strong>invocatione.</strong></span> <span class='ocrx_word' id='word_1_473' title='bbox 2049 1366 2164 1397; x_wconf 90' lang='lat' dir='ltr'><strong>Omnis</strong></span> 
     </span>
     <span class='ocr_line' id='line_1_73' title="bbox 1187 1408 2165 1451; baseline 0.001 -11"><span class='ocrx_word' id='word_1_474' title='bbox 1187 1416 1303 1441; x_wconf 87' lang='lat' dir='ltr'><strong>nostra</strong></span> <span class='ocrx_word' id='word_1_475' title='bbox 1336 1408 1428 1441; x_wconf 89' lang='lat' dir='ltr'><strong>salus</strong></span> <span class='ocrx_word' id='word_1_476' title='bbox 1467 1410 1587 1451; x_wconf 89' lang='lat' dir='ltr'><strong>pendet</strong></span> <span class='ocrx_word' id='word_1_477' title='bbox 1619 1411 1661 1441; x_wconf 93' lang='lat' dir='ltr'><strong>ab</strong></span> <span class='ocrx_word' id='word_1_478' title='bbox 1697 1409 1762 1441; x_wconf 88' lang='lat' dir='ltr'><strong>hoc</strong></span> <span class='ocrx_word' id='word_1_479' title='bbox 1796 1408 1905 1447; x_wconf 84' lang='lat' dir='ltr'><strong>cultu,</strong></span> <span class='ocrx_word' id='word_1_480' title='bbox 1939 1409 2026 1441; x_wconf 88' lang='lat' dir='ltr'><strong>sicut</strong></span> <span class='ocrx_word' id='word_1_481' title='bbox 2060 1409 2165 1450; x_wconf 82' lang='lat' dir='ltr'><strong>inquit</strong></span> 
     </span>
     <span class='ocr_line' id='line_1_74' title="bbox 1188 1451 2167 1492; baseline -0.001 -8"><span class='ocrx_word' id='word_1_482' title='bbox 1188 1452 1365 1484; x_wconf 77' lang='lat' dir='ltr'><strong>Salomon:</strong></span> <span class='ocrx_word' id='word_1_483' title='bbox 1402 1453 1516 1484; x_wconf 75' lang='lat' dir='ltr'><strong>Turris</strong></span> <span class='ocrx_word' id='word_1_484' title='bbox 1552 1453 1752 1492; x_wconf 59' lang='lat' dir='ltr'><strong>sorttksima,</strong></span> <span class='ocrx_word' id='word_1_485' title='bbox 1790 1454 1910 1484; x_wconf 77' lang='lat' dir='ltr'><strong>Nomen</strong></span> <span class='ocrx_word' id='word_1_486' title='bbox 1946 1451 2093 1491; x_wconf 75' lang='lat' dir='ltr'><strong>Domini,</strong></span> <span class='ocrx_word' id='word_1_487' title='bbox 2122 1453 2167 1484; x_wconf 85' lang='lat' dir='ltr'><strong>ad</strong></span> 
     </span>
     <span class='ocr_line' id='line_1_75' title="bbox 1187 1496 1834 1535; baseline -0.002 -8"><span class='ocrx_word' id='word_1_488' title='bbox 1187 1497 1270 1527; x_wconf 74' lang='lat' dir='ltr'><strong>Itane</strong></span> <span class='ocrx_word' id='word_1_489' title='bbox 1292 1498 1480 1535; x_wconf 61' lang='lat' dir='ltr'><strong>consumens</strong></span> <span class='ocrx_word' id='word_1_490' title='bbox 1504 1499 1615 1535; x_wconf 73' lang='lat' dir='ltr'><strong>iustus,</strong></span> <span class='ocrx_word' id='word_1_491' title='bbox 1637 1496 1834 1527; x_wconf 75' lang='lat' dir='ltr'><strong>liberabitur.</strong></span> 
     </span>
    </p>
   </div>
   <div class='ocr_carea' id='block_1_8' title="bbox 1187 1658 2165 1869">
    <p class='ocr_par' dir='ltr' id='par_1_12' title="bbox 1187 1658 2165 1869">
     <span class='ocr_line' id='line_1_76' title="bbox 1189 1658 2165 1715; baseline -0.001 -14"><span class='ocrx_word' id='word_1_492' title='bbox 1189 1660 1356 1710; x_wconf 21' lang='lat' dir='ltr'><strong>Quibus,</strong></span> <span class='ocrx_word' id='word_1_493' title='bbox 1378 1675 1475 1715; x_wconf 86' lang='lat' dir='ltr'><strong>crgo</strong></span> <span class='ocrx_word' id='word_1_494' title='bbox 1506 1661 1637 1700; x_wconf 87' lang='lat' dir='ltr'><strong>modis</strong></span> <span class='ocrx_word' id='word_1_495' title='bbox 1662 1659 1794 1700; x_wconf 78' lang='lat' dir='ltr'><strong>differt:</strong></span> <span class='ocrx_word' id='word_1_496' title='bbox 1824 1660 2025 1700; x_wconf 77' lang='lat' dir='ltr'><strong>invocatio</strong></span> <span class='ocrx_word' id='word_1_497' title='bbox 2048 1658 2165 1701; x_wconf 75' lang='lat' dir='ltr'><strong>Chri-</strong></span> 
     </span>
     <span class='ocr_line' id='line_1_77' title="bbox 1187 1737 2163 1787; baseline -0.001 -9"><span class='ocrx_word' id='word_1_498' title='bbox 1187 1738 1316 1778; x_wconf 82' lang='lat' dir='ltr'><strong>stiana</strong></span> <span class='ocrx_word' id='word_1_499' title='bbox 1354 1738 1406 1778; x_wconf 87' lang='lat' dir='ltr'><strong>ab</strong></span> <span class='ocrx_word' id='word_1_500' title='bbox 1446 1737 1628 1787; x_wconf 80' lang='lat' dir='ltr'><strong>Ethnica,</strong></span> <span class='ocrx_word' id='word_1_501' title='bbox 1674 1737 1858 1787; x_wconf 57' lang='lat' dir='ltr'><strong>Turcica„</strong></span> <span class='ocrx_word' id='word_1_502' title='bbox 1904 1744 1946 1777; x_wconf 81' lang='lat' dir='ltr'><strong>et</strong></span> <span class='ocrx_word' id='word_1_503' title='bbox 1984 1737 2163 1778; x_wconf 89' lang='lat' dir='ltr'><strong>omnium</strong></span> 
     </span>
     <span class='ocr_line' id='line_1_78' title="bbox 1322 1814 2025 1869; baseline 0.001 -14"><span class='ocrx_word' id='word_1_504' title='bbox 1322 1814 1487 1855; x_wconf 86' lang='lat' dir='ltr'><strong>aliarum</strong></span> <span class='ocrx_word' id='word_1_505' title='bbox 1523 1814 1706 1869; x_wconf 81' lang='lat' dir='ltr'><strong>gentium</strong></span> <span class='ocrx_word' id='word_1_506' title='bbox 1739 1814 2025 1856; x_wconf 69' lang='lat' dir='ltr'><strong>invocatione?</strong></span> 
     </span>
    </p>
   </div>
   <div class='ocr_carea' id='block_1_9' title="bbox 1186 1921 2165 2084">
    <p class='ocr_par' dir='ltr' id='par_1_13' title="bbox 1186 1921 2165 2084">
     <span class='ocr_line' id='line_1_79' title="bbox 1272 1921 2165 1965; baseline 0 -11"><span class='ocrx_word' id='word_1_507' title='bbox 1272 1922 1482 1965; x_wconf 88' lang='lat' dir='ltr'><strong>Respondeo.</strong></span> <span class='ocrx_word' id='word_1_508' title='bbox 1516 1921 1680 1954; x_wconf 86' lang='lat' dir='ltr'><strong>Differunt</strong></span> <span class='ocrx_word' id='word_1_509' title='bbox 1702 1921 1889 1963; x_wconf 84' lang='lat' dir='ltr'><strong>dupliciter:</strong></span> <span class='ocrx_word' id='word_1_510' title='bbox 1912 1921 2055 1954; x_wconf 90' lang='lat' dir='ltr'><strong>Primum</strong></span> <span class='ocrx_word' id='word_1_511' title='bbox 2072 1923 2165 1965; x_wconf 86' lang='lat' dir='ltr'><strong>agni-</strong></span> 
     </span>
     <span class='ocr_line' id='line_1_80' title="bbox 1187 1964 2162 2007; baseline -0.001 -10"><span class='ocrx_word' id='word_1_512' title='bbox 1187 1966 1275 1997; x_wconf 89' lang='lat' dir='ltr'><strong>tione</strong></span> <span class='ocrx_word' id='word_1_513' title='bbox 1298 1967 1464 1998; x_wconf 86' lang='lat' dir='ltr'><strong>essentiae</strong></span> <span class='ocrx_word' id='word_1_514' title='bbox 1486 1965 1566 1997; x_wconf 84' lang='lat' dir='ltr'><strong>Dei:</strong></span> <span class='ocrx_word' id='word_1_515' title='bbox 1601 1965 1770 2003; x_wconf 83' lang='lat' dir='ltr'><strong>secundo,</strong></span> <span class='ocrx_word' id='word_1_516' title='bbox 1793 1966 1960 2007; x_wconf 84' lang='lat' dir='ltr'><strong>agnitione</strong></span> <span class='ocrx_word' id='word_1_517' title='bbox 1983 1964 2162 1997; x_wconf 87' lang='lat' dir='ltr'><strong>voluntatis</strong></span> 
     </span>
     <span class='ocr_line' id='line_1_81' title="bbox 1186 2008 2164 2084; baseline -0.001 -43"><span class='ocrx_word' id='word_1_518' title='bbox 1186 2008 1413 2084; x_wconf 42' lang='lat' dir='ltr'><strong>&amp;celzmalss’gius</strong></span> <span class='ocrx_word' id='word_1_519' title='bbox 1447 2014 1577 2050; x_wconf 89' lang='lat' dir='ltr'><strong>oportet</strong></span> <span class='ocrx_word' id='word_1_520' title='bbox 1610 2009 1651 2040; x_wconf 91' lang='lat' dir='ltr'><strong>de</strong></span> <span class='ocrx_word' id='word_1_521' title='bbox 1684 2009 1830 2040; x_wconf 85' lang='lat' dir='ltr'><strong>essentia</strong></span> <span class='ocrx_word' id='word_1_522' title='bbox 1862 2009 1938 2047; x_wconf 88' lang='lat' dir='ltr'><strong>dici,</strong></span> <span class='ocrx_word' id='word_1_523' title='bbox 1973 2014 2090 2049; x_wconf 89' lang='lat' dir='ltr'><strong>postea</strong></span> <span class='ocrx_word' id='word_1_524' title='bbox 2123 2009 2164 2040; x_wconf 91' lang='lat' dir='ltr'><strong>de</strong></span> 
     </span>
    </p>
   </div>
   <div class='ocr_carea' id='block_1_10' title="bbox 156 2215 2165 2298">
    <p class='ocr_par' dir='ltr' id='par_1_14' title="bbox 156 2215 2165 2298">
     <span class='ocr_line' id='line_1_82' title="bbox 156 2215 2165 2298; baseline 0.001 -44"><span class='ocrx_word' id='word_1_525' title='bbox 156 2221 238 2254; x_wconf 87' lang='lat' dir='ltr'><strong>alias</strong></span> <span class='ocrx_word' id='word_1_526' title='bbox 262 2228 390 2265; x_wconf 88' lang='lat' dir='ltr'><strong>gentes.</strong></span> <span class='ocrx_word' id='word_1_527' title='bbox 427 2221 519 2264; x_wconf 84' lang='lat' dir='ltr'><strong>Lege</strong></span> <span class='ocrx_word' id='word_1_528' title='bbox 543 2221 711 2254; x_wconf 87' lang='lat' dir='ltr'><strong>declarata</strong></span> <span class='ocrx_word' id='word_1_529' title='bbox 734 2232 774 2254; x_wconf 82' lang='lat' dir='ltr'><strong>ex</strong></span> <span class='ocrx_word' id='word_1_530' title='bbox 785 2221 980 2265; x_wconf 85' lang='lat' dir='ltr'><strong>Evangelio,</strong></span> <span class='ocrx_word' id='word_1_531' title='bbox 1004 2225 1135 2297; x_wconf 47' lang='lat' dir='ltr'><strong>insigne</strong></span> <span class='ocrx_word' id='word_1_532' title='bbox 1159 2229 1163 2298; x_wconf 62' lang='grc' dir='ltr'>ἰ</span> <span class='ocrx_word' id='word_1_533' title='bbox 1189 2218 1408 2269; x_wconf 79' lang='lat' dir='ltr'><strong>Quomodo</strong></span> <span class='ocrx_word' id='word_1_534' title='bbox 1453 2218 1642 2258; x_wconf 76' lang='lat' dir='ltr'><strong>differunt</strong></span> <span class='ocrx_word' id='word_1_535' title='bbox 1688 2216 1892 2272; x_wconf 74' lang='lat' dir='ltr'><strong>agnjthne</strong></span> <span class='ocrx_word' id='word_1_536' title='bbox 1931 2215 2165 2257; x_wconf 67' lang='lat' dir='ltr'><strong>ESSentlae?</strong></span> 
     </span>
     <span class='ocr_line' id='line_1_83' title="bbox 1098 2276 1136 2298; baseline -0.026 0"><span class='ocrx_word' id='word_1_537' title='bbox 1098 2276 1136 2298; x_wconf 83' lang='lat' dir='ltr'><strong>os</strong></span> 
     </span>
    </p>
   </div>
   <div class='ocr_carea' id='block_1_11' title="bbox 155 2263 1139 2651">
    <p class='ocr_par' dir='ltr' id='par_1_15' title="bbox 155 2263 1138 2522">
     <span class='ocr_line' id='line_1_84' title="bbox 156 2263 1051 2305; baseline 0.001 -8"><span class='ocrx_word' id='word_1_538' title='bbox 156 2266 334 2297; x_wconf 78' lang='lat' dir='ltr'><strong>discrimen</strong></span> <span class='ocrx_word' id='word_1_539' title='bbox 357 2265 483 2297; x_wconf 85' lang='lat' dir='ltr'><strong>faciunt</strong></span> <span class='ocrx_word' id='word_1_540' title='bbox 507 2263 615 2297; x_wconf 86' lang='lat' dir='ltr'><strong>cultus</strong></span> <span class='ocrx_word' id='word_1_541' title='bbox 639 2266 761 2305; x_wconf 88' lang='lat' dir='ltr'><strong>primae</strong></span> <span class='ocrx_word' id='word_1_542' title='bbox 783 2264 923 2297; x_wconf 87' lang='lat' dir='ltr'><strong>tabulae.</strong></span> <span class='ocrx_word' id='word_1_543' title='bbox 963 2267 1051 2298; x_wconf 85' lang='lat' dir='ltr'><strong>Inter</strong></span> 
     </span>
     <span class='ocr_line' id='line_1_85' title="bbox 155 2308 580 2350; baseline 0 -11"><span class='ocrx_word' id='word_1_544' title='bbox 155 2308 303 2350; x_wconf 90' lang='lat' dir='ltr'><strong>inprimis</strong></span> <span class='ocrx_word' id='word_1_545' title='bbox 327 2316 379 2340; x_wconf 88' lang='lat' dir='ltr'><strong>est</strong></span> <span class='ocrx_word' id='word_1_546' title='bbox 402 2309 580 2340; x_wconf 84' lang='lat' dir='ltr'><strong>invocatio.</strong></span> 
     </span>
     <span class='ocr_line' id='line_1_86' title="bbox 156 2350 1138 2395; baseline 0.002 -12"><span class='ocrx_word' id='word_1_547' title='bbox 156 2358 207 2383; x_wconf 88' lang='lat' dir='ltr'><strong>est</strong></span> <span class='ocrx_word' id='word_1_548' title='bbox 241 2352 401 2393; x_wconf 87' lang='lat' dir='ltr'><strong>agnitioni</strong></span> <span class='ocrx_word' id='word_1_549' title='bbox 426 2351 498 2382; x_wconf 79' lang='lat' dir='ltr'><strong>Dei.</strong></span> <span class='ocrx_word' id='word_1_550' title='bbox 555 2350 649 2383; x_wconf 88' lang='lat' dir='ltr'><strong>Deus</strong></span> <span class='ocrx_word' id='word_1_551' title='bbox 688 2351 763 2383; x_wconf 87' lang='lat' dir='ltr'><strong>ideo</strong></span> <span class='ocrx_word' id='word_1_552' title='bbox 802 2350 873 2383; x_wconf 87' lang='lat' dir='ltr'><strong>vult</strong></span> <span class='ocrx_word' id='word_1_553' title='bbox 907 2353 1063 2395; x_wconf 84' lang='lat' dir='ltr'><strong>agnosci,</strong></span> <span class='ocrx_word' id='word_1_554' title='bbox 1102 2359 1138 2385; x_wconf 89' lang='lat' dir='ltr'><strong>ut</strong></span> 
     </span>
     <span class='ocr_line' id='line_1_87' title="bbox 156 2393 1138 2437; baseline 0.001 -12"><span class='ocrx_word' id='word_1_555' title='bbox 156 2394 345 2426; x_wconf 87' lang='lat' dir='ltr'><strong>invocetur.</strong></span> <span class='ocrx_word' id='word_1_556' title='bbox 402 2394 440 2425; x_wconf 88' lang='lat' dir='ltr'><strong>Et</strong></span> <span class='ocrx_word' id='word_1_557' title='bbox 463 2393 516 2425; x_wconf 87' lang='lat' dir='ltr'><strong>hic</strong></span> <span class='ocrx_word' id='word_1_558' title='bbox 540 2399 590 2425; x_wconf 86' lang='lat' dir='ltr'><strong>est</strong></span> <span class='ocrx_word' id='word_1_559' title='bbox 614 2393 688 2425; x_wconf 86' lang='lat' dir='ltr'><strong>finis</strong></span> <span class='ocrx_word' id='word_1_560' title='bbox 711 2394 870 2432; x_wconf 82' lang='lat' dir='ltr'><strong>hominiS‚</strong></span> <span class='ocrx_word' id='word_1_561' title='bbox 903 2396 945 2426; x_wconf 88' lang='lat' dir='ltr'><strong>ad</strong></span> <span class='ocrx_word' id='word_1_562' title='bbox 968 2405 1064 2437; x_wconf 90' lang='lat' dir='ltr'><strong>quem</strong></span> <span class='ocrx_word' id='word_1_563' title='bbox 1087 2401 1138 2428; x_wconf 87' lang='lat' dir='ltr'><strong>est</strong></span> 
     </span>
     <span class='ocr_line' id='line_1_88' title="bbox 156 2435 1138 2478; baseline 0.003 -10"><span class='ocrx_word' id='word_1_564' title='bbox 156 2437 325 2475; x_wconf 80' lang='lat' dir='ltr'><strong>conditus,</strong></span> <span class='ocrx_word' id='word_1_565' title='bbox 364 2444 397 2469; x_wconf 88' lang='lat' dir='ltr'><strong>et</strong></span> <span class='ocrx_word' id='word_1_566' title='bbox 428 2438 483 2478; x_wconf 91' lang='lat' dir='ltr'><strong>qui</strong></span> <span class='ocrx_word' id='word_1_567' title='bbox 518 2437 719 2471; x_wconf 82' lang='lat' dir='ltr'><strong>instauratur</strong></span> <span class='ocrx_word' id='word_1_568' title='bbox 752 2447 812 2478; x_wconf 91' lang='lat' dir='ltr'><strong>per</strong></span> <span class='ocrx_word' id='word_1_569' title='bbox 846 2435 963 2469; x_wconf 89' lang='lat' dir='ltr'><strong>Filium</strong></span> <span class='ocrx_word' id='word_1_570' title='bbox 996 2438 1072 2477; x_wconf 92' lang='lat' dir='ltr'><strong>Dei,</strong></span> <span class='ocrx_word' id='word_1_571' title='bbox 1105 2444 1138 2471; x_wconf 86' lang='lat' dir='ltr'><strong>et</strong></span> 
     </span>
     <span class='ocr_line' id='line_1_89' title="bbox 156 2478 489 2522; baseline 0.003 -11"><span class='ocrx_word' id='word_1_572' title='bbox 156 2478 301 2522; x_wconf 85' lang='lat' dir='ltr'><strong>Spritum</strong></span> <span class='ocrx_word' id='word_1_573' title='bbox 328 2487 489 2512; x_wconf 88' lang='lat' dir='ltr'><strong>sanctum.</strong></span> 
     </span>
    </p>

    <p class='ocr_par' dir='ltr' id='par_1_16' title="bbox 156 2521 1139 2651">
     <span class='ocr_line' id='line_1_90' title="bbox 245 2521 1139 2564; baseline 0.001 -10"><span class='ocrx_word' id='word_1_574' title='bbox 245 2521 314 2554; x_wconf 90' lang='lat' dir='ltr'><strong>Cur</strong></span> <span class='ocrx_word' id='word_1_575' title='bbox 333 2524 418 2555; x_wconf 90' lang='lat' dir='ltr'><strong>enim</strong></span> <span class='ocrx_word' id='word_1_576' title='bbox 438 2522 590 2555; x_wconf 86' lang='lat' dir='ltr'><strong>conditus</strong></span> <span class='ocrx_word' id='word_1_577' title='bbox 615 2528 666 2553; x_wconf 90' lang='lat' dir='ltr'><strong>est</strong></span> <span class='ocrx_word' id='word_1_578' title='bbox 689 2522 811 2555; x_wconf 73' lang='lat' dir='ltr'><strong>homo?</strong></span> <span class='ocrx_word' id='word_1_579' title='bbox 845 2521 1060 2564; x_wconf 84' lang='lat' dir='ltr'><strong>Respondeo.</strong></span> <span class='ocrx_word' id='word_1_580' title='bbox 1094 2523 1139 2555; x_wconf 92' lang='lat' dir='ltr'><strong>Ut</strong></span> 
     </span>
     <span class='ocr_line' id='line_1_91' title="bbox 156 2564 1138 2607; baseline 0.002 -11"><span class='ocrx_word' id='word_1_581' title='bbox 156 2571 334 2607; x_wconf 84' lang='lat' dir='ltr'><strong>agnoscat,</strong></span> <span class='ocrx_word' id='word_1_582' title='bbox 356 2566 507 2599; x_wconf 76' lang='lat' dir='ltr'><strong>invocet,</strong></span> <span class='ocrx_word' id='word_1_583' title='bbox 542 2571 575 2597; x_wconf 90' lang='lat' dir='ltr'><strong>et</strong></span> <span class='ocrx_word' id='word_1_584' title='bbox 610 2564 700 2597; x_wconf 81' lang='lat' dir='ltr'><strong>colat</strong></span> <span class='ocrx_word' id='word_1_585' title='bbox 721 2564 839 2597; x_wconf 89' lang='lat' dir='ltr'><strong>Deum.</strong></span> <span class='ocrx_word' id='word_1_586' title='bbox 885 2565 997 2601; x_wconf 87' lang='lat' dir='ltr'><strong>Quare</strong></span> <span class='ocrx_word' id='word_1_587' title='bbox 1028 2572 1138 2598; x_wconf 84' lang='lat' dir='ltr'><strong>autem</strong></span> 
     </span>
     <span class='ocr_line' id='line_1_92' title="bbox 156 2606 1136 2651; baseline 0.002 -13"><span class='ocrx_word' id='word_1_588' title='bbox 156 2606 227 2639; x_wconf 86' lang='lat' dir='ltr'><strong>vult</strong></span> <span class='ocrx_word' id='word_1_589' title='bbox 258 2607 353 2640; x_wconf 84' lang='lat' dir='ltr'><strong>Deus</strong></span> <span class='ocrx_word' id='word_1_590' title='bbox 388 2608 547 2651; x_wconf 66' lang='lat' dir='ltr'><strong>agnosci,</strong></span> <span class='ocrx_word' id='word_1_591' title='bbox 580 2608 747 2647; x_wconf 78' lang='lat' dir='ltr'><strong>invocari,</strong></span> <span class='ocrx_word' id='word_1_592' title='bbox 781 2607 868 2641; x_wconf 69' lang='lat' dir='ltr'><strong>coli?</strong></span> <span class='ocrx_word' id='word_1_593' title='bbox 923 2608 1136 2651; x_wconf 85' lang='lat' dir='ltr'><strong>Respondeo.</strong></span> 
     </span>
    </p>
   </div>
   <div class='ocr_carea' id='block_1_12' title="bbox 636 2301 1162 2351">
    <p class='ocr_par' dir='ltr' id='par_1_17' title="bbox 636 2301 1162 2351">
     <span class='ocr_line' id='line_1_93' title="bbox 636 2301 1162 2351; baseline 0.006 -12"><span class='ocrx_word' id='word_1_594' title='bbox 636 2308 720 2339; x_wconf 83' lang='lat' dir='ltr'><strong>Nam</strong></span> <span class='ocrx_word' id='word_1_595' title='bbox 749 2308 803 2340; x_wconf 91' lang='lat' dir='ltr'><strong>hic</strong></span> <span class='ocrx_word' id='word_1_596' title='bbox 834 2308 944 2341; x_wconf 87' lang='lat' dir='ltr'><strong>cultus</strong></span> <span class='ocrx_word' id='word_1_597' title='bbox 967 2311 1136 2351; x_wconf 87' lang='lat' dir='ltr'><strong>proximus</strong></span> <span class='ocrx_word' id='word_1_598' title='bbox 1161 2301 1162 2304; x_wconf 11' lang='grc' dir='ltr'><strong>Ἴ</strong></span> 
     </span>
    </p>
   </div>
   <div class='ocr_carea' id='block_1_13' title="bbox 1160 2551 1165 2652">
    <p class='ocr_par' dir='ltr' id='par_1_18' title="bbox 1160 2551 1165 2652">
     <span class='ocr_line' id='line_1_94' title="bbox 1160 2551 1165 2652; baseline 0 0"><span class='ocrx_word' id='word_1_599' title='bbox 1160 2551 1165 2652; x_wconf 95' lang='lat' dir='ltr'><strong> </strong></span> 
     </span>
    </p>
   </div>
   <div class='ocr_carea' id='block_1_14' title="bbox 1187 2307 2166 2639">
    <p class='ocr_par' dir='ltr' id='par_1_19' title="bbox 1187 2307 2166 2639">
     <span class='ocr_line' id='line_1_95' title="bbox 1275 2307 2165 2348; baseline -0.004 -7"><span class='ocrx_word' id='word_1_600' title='bbox 1275 2309 1418 2348; x_wconf 87' lang='lat' dir='ltr'><strong>Ethnici,</strong></span> <span class='ocrx_word' id='word_1_601' title='bbox 1451 2308 1569 2347; x_wconf 85' lang='lat' dir='ltr'><strong>Turci,</strong></span> <span class='ocrx_word' id='word_1_602' title='bbox 1605 2308 1714 2339; x_wconf 90' lang='lat' dir='ltr'><strong>ludaei</strong></span> <span class='ocrx_word' id='word_1_603' title='bbox 1747 2307 1844 2348; x_wconf 90' lang='lat' dir='ltr'><strong>impii,</strong></span> <span class='ocrx_word' id='word_1_604' title='bbox 1879 2311 1911 2337; x_wconf 82' lang='lat' dir='ltr'><strong>et</strong></span> <span class='ocrx_word' id='word_1_605' title='bbox 1943 2316 2077 2345; x_wconf 85' lang='lat' dir='ltr'><strong>omnes,</strong></span> <span class='ocrx_word' id='word_1_606' title='bbox 2111 2307 2165 2348; x_wconf 90' lang='lat' dir='ltr'><strong>qui</strong></span> 
     </span>
     <span class='ocr_line' id='line_1_96' title="bbox 1187 2349 2165 2387; baseline -0.005 -2"><span class='ocrx_word' id='word_1_607' title='bbox 1187 2363 1254 2385; x_wconf 91' lang='lat' dir='ltr'><strong>non</strong></span> <span class='ocrx_word' id='word_1_608' title='bbox 1277 2358 1355 2385; x_wconf 86' lang='lat' dir='ltr'><strong>sunt</strong></span> <span class='ocrx_word' id='word_1_609' title='bbox 1376 2362 1456 2383; x_wconf 88' lang='lat' dir='ltr'><strong>vera</strong></span> <span class='ocrx_word' id='word_1_610' title='bbox 1479 2353 1625 2383; x_wconf 89' lang='lat' dir='ltr'><strong>membra</strong></span> <span class='ocrx_word' id='word_1_611' title='bbox 1647 2349 1831 2387; x_wconf 85' lang='lat' dir='ltr'><strong>Ecclesiae,</strong></span> <span class='ocrx_word' id='word_1_612' title='bbox 1855 2355 1967 2380; x_wconf 90' lang='lat' dir='ltr'><strong>errant</strong></span> <span class='ocrx_word' id='word_1_613' title='bbox 1989 2350 2030 2381; x_wconf 91' lang='lat' dir='ltr'><strong>de</strong></span> <span class='ocrx_word' id='word_1_614' title='bbox 2052 2358 2165 2381; x_wconf 86' lang='lat' dir='ltr'><strong>essen—</strong></span> 
     </span>
     <span class='ocr_line' id='line_1_97' title="bbox 1188 2391 2165 2436; baseline -0.004 -8"><span class='ocrx_word' id='word_1_615' title='bbox 1188 2397 1233 2428; x_wconf 90' lang='lat' dir='ltr'><strong>tia</strong></span> <span class='ocrx_word' id='word_1_616' title='bbox 1266 2395 1340 2428; x_wconf 93' lang='lat' dir='ltr'><strong>Dei.</strong></span> <span class='ocrx_word' id='word_1_617' title='bbox 1396 2394 1526 2427; x_wconf 89' lang='lat' dir='ltr'><strong>Ethnici</strong></span> <span class='ocrx_word' id='word_1_618' title='bbox 1560 2394 1687 2436; x_wconf 84' lang='lat' dir='ltr'><strong>fingunt</strong></span> <span class='ocrx_word' id='word_1_619' title='bbox 1723 2391 1844 2424; x_wconf 90' lang='lat' dir='ltr'><strong>multos</strong></span> <span class='ocrx_word' id='word_1_620' title='bbox 1878 2391 1979 2423; x_wconf 89' lang='lat' dir='ltr'><strong>Deos.</strong></span> <span class='ocrx_word' id='word_1_621' title='bbox 2036 2391 2165 2424; x_wconf 84' lang='lat' dir='ltr'><strong>Turcae</strong></span> 
     </span>
     <span class='ocr_line' id='line_1_98' title="bbox 1189 2433 2166 2477; baseline -0.005 -6"><span class='ocrx_word' id='word_1_622' title='bbox 1189 2440 1303 2471; x_wconf 88' lang='lat' dir='ltr'><strong>dicunt</strong></span> <span class='ocrx_word' id='word_1_623' title='bbox 1324 2449 1423 2470; x_wconf 93' lang='lat' dir='ltr'><strong>unum</strong></span> <span class='ocrx_word' id='word_1_624' title='bbox 1447 2447 1524 2469; x_wconf 89' lang='lat' dir='ltr'><strong>esse</strong></span> <span class='ocrx_word' id='word_1_625' title='bbox 1543 2437 1663 2474; x_wconf 84' lang='lat' dir='ltr'><strong>Deum,</strong></span> <span class='ocrx_word' id='word_1_626' title='bbox 1688 2442 1720 2466; x_wconf 90' lang='lat' dir='ltr'><strong>et</strong></span> <span class='ocrx_word' id='word_1_627' title='bbox 1743 2433 1926 2477; x_wconf 85' lang='lat' dir='ltr'><strong>gloriantur</strong></span> <span class='ocrx_word' id='word_1_628' title='bbox 1948 2444 1986 2466; x_wconf 88' lang='lat' dir='ltr'><strong>se</strong></span> <span class='ocrx_word' id='word_1_629' title='bbox 2009 2435 2166 2467; x_wconf 90' lang='lat' dir='ltr'><strong>invocare</strong></span> 
     </span>
     <span class='ocr_line' id='line_1_99' title="bbox 1187 2476 2165 2521; baseline -0.004 -7"><span class='ocrx_word' id='word_1_630' title='bbox 1187 2481 1278 2514; x_wconf 87' lang='lat' dir='ltr'><strong>illum</strong></span> <span class='ocrx_word' id='word_1_631' title='bbox 1301 2481 1421 2519; x_wconf 88' lang='lat' dir='ltr'><strong>Deum,</strong></span> <span class='ocrx_word' id='word_1_632' title='bbox 1451 2481 1504 2521; x_wconf 89' lang='lat' dir='ltr'><strong>qui</strong></span> <span class='ocrx_word' id='word_1_633' title='bbox 1528 2480 1570 2510; x_wconf 90' lang='lat' dir='ltr'><strong>sit</strong></span> <span class='ocrx_word' id='word_1_634' title='bbox 1594 2478 1745 2511; x_wconf 88' lang='lat' dir='ltr'><strong>conditor</strong></span> <span class='ocrx_word' id='word_1_635' title='bbox 1773 2476 1857 2509; x_wconf 90' lang='lat' dir='ltr'><strong>coeli</strong></span> <span class='ocrx_word' id='word_1_636' title='bbox 1880 2484 1913 2509; x_wconf 91' lang='lat' dir='ltr'><strong>et</strong></span> <span class='ocrx_word' id='word_1_637' title='bbox 1934 2483 2054 2510; x_wconf 88' lang='lat' dir='ltr'><strong>terrae.</strong></span> <span class='ocrx_word' id='word_1_638' title='bbox 2099 2479 2165 2511; x_wconf 85' lang='lat' dir='ltr'><strong>Sed</strong></span> 
     </span>
     <span class='ocr_line' id='line_1_100' title="bbox 1187 2519 2166 2567; baseline -0.005 -10"><span class='ocrx_word' id='word_1_639' title='bbox 1187 2531 1311 2567; x_wconf 87' lang='lat' dir='ltr'><strong>negant</strong></span> <span class='ocrx_word' id='word_1_640' title='bbox 1332 2524 1422 2555; x_wconf 85' lang='lat' dir='ltr'><strong>hunc</strong></span> <span class='ocrx_word' id='word_1_641' title='bbox 1444 2523 1551 2554; x_wconf 90' lang='lat' dir='ltr'><strong>Deum</strong></span> <span class='ocrx_word' id='word_1_642' title='bbox 1574 2531 1650 2553; x_wconf 89' lang='lat' dir='ltr'><strong>esse</strong></span> <span class='ocrx_word' id='word_1_643' title='bbox 1673 2520 1816 2560; x_wconf 87' lang='lat' dir='ltr'><strong>Patrem,</strong></span> <span class='ocrx_word' id='word_1_644' title='bbox 1846 2519 1979 2559; x_wconf 86' lang='lat' dir='ltr'><strong>Filium,</strong></span> <span class='ocrx_word' id='word_1_645' title='bbox 2010 2527 2043 2553; x_wconf 91' lang='lat' dir='ltr'><strong>et</strong></span> <span class='ocrx_word' id='word_1_646' title='bbox 2066 2520 2166 2562; x_wconf 86' lang='lat' dir='ltr'><strong>Spiri-</strong></span> 
     </span>
     <span class='ocr_line' id='line_1_101' title="bbox 1486 2563 2166 2596; baseline 0 -1"><span class='ocrx_word' id='word_1_647' title='bbox 1486 2565 1552 2596; x_wconf 84' lang='lat' dir='ltr'><strong>{mo</strong></span> <span class='ocrx_word' id='word_1_648' title='bbox 1580 2563 1782 2596; x_wconf 90' lang='lat' dir='ltr'><strong>horribiliter</strong></span> <span class='ocrx_word' id='word_1_649' title='bbox 1809 2571 2008 2596; x_wconf 81' lang='lat' dir='ltr'><strong>execrantur</strong></span> <span class='ocrx_word' id='word_1_650' title='bbox 2034 2563 2166 2595; x_wconf 90' lang='lat' dir='ltr'><strong>Patrem</strong></span> 
     </span>
     <span class='ocr_line' id='line_1_102' title="bbox 1776 2605 2164 2639; baseline -0.005 0"><span class='ocrx_word' id='word_1_651' title='bbox 1776 2606 1866 2639; x_wconf 81' lang='lat' dir='ltr'><strong>Idem</strong></span> <span class='ocrx_word' id='word_1_652' title='bbox 1899 2605 2025 2639; x_wconf 83' lang='lat' dir='ltr'><strong>faciunt</strong></span> <span class='ocrx_word' id='word_1_653' title='bbox 2057 2606 2164 2639; x_wconf 86' lang='lat' dir='ltr'><strong>ludaei</strong></span> 
     </span>
    </p>
   </div>
   <div class='ocr_carea' id='block_1_15' title="bbox 1188 2573 1719 2643">
    <p class='ocr_par' dir='ltr' id='par_1_20' title="bbox 1188 2573 1719 2643">
     <span class='ocr_line' id='line_1_103' title="bbox 1188 2573 1440 2600; baseline -0.012 0"><span class='ocrx_word' id='word_1_654' title='bbox 1188 2574 1255 2600; x_wconf 88' lang='lat' dir='ltr'><strong>tum</strong></span> <span class='ocrx_word' id='word_1_655' title='bbox 1279 2573 1440 2599; x_wconf 86' lang='lat' dir='ltr'><strong>sanctum.</strong></span> 
     </span>
     <span class='ocr_line' id='line_1_104' title="bbox 1189 2606 1719 2643; baseline -0.009 0"><span class='ocrx_word' id='word_1_656' title='bbox 1189 2610 1322 2643; x_wconf 90' lang='lat' dir='ltr'><strong>Domini</strong></span> <span class='ocrx_word' id='word_1_657' title='bbox 1350 2609 1455 2641; x_wconf 89' lang='lat' dir='ltr'><strong>nostri</strong></span> <span class='ocrx_word' id='word_1_658' title='bbox 1489 2608 1563 2639; x_wconf 85' lang='lat' dir='ltr'><strong>lesu</strong></span> <span class='ocrx_word' id='word_1_659' title='bbox 1586 2606 1719 2639; x_wconf 86' lang='lat' dir='ltr'><strong>Christi.</strong></span> 
     </span>
    </p>
   </div>
  </div>
 </body>
</html>
