2324 2958
191 156 253 188 107

193 249 323 280 invocat
357 253 561 283 creaturam,
595 255 614 276 a
637 254 701 286 qua
723 254 790 275 non
813 243 961 280 auditur,
992 251 1077 283 quae
1099 250 1164 271 non

192 297 243 322 est
266 289 370 321 Deus.
394 289 467 320 Non
490 294 614 319 tantum
637 293 688 318 est
712 285 910 323 idololatria,
934 285 1064 326 quando
1088 284 1164 314 ado-

191 334 275 364 ratio
299 332 333 363 fit
355 332 396 363 ad
415 338 575 362 Statuam:
598 329 665 361 Sed
677 329 785 367 etiam,
799 339 871 360 cum
885 334 1045 364 creatura,
1068 335 1165 367 quae-

193 385 322 417 cunque
345 384 384 405 ea
406 374 460 411 sit,
485 374 677 410 invocatur,
711 372 794 407 Quia
824 370 898 402 talis
920 369 1085 401 invocatio
1109 367 1164 398 tri-

191 419 260 449 buit
282 418 311 448 ei
335 417 548 454 divinitatem,
572 415 660 457 quod
683 425 749 446 non
772 420 823 445 est
846 413 1009 444 divinitas.

278 459 379 490 Recte
402 466 511 489 autem
533 459 575 490 ad
599 458 685 489 hunc
698 456 796 488 filium
814 456 962 497 dirigitur
983 453 1163 489 invocatio,

191 503 279 534 sicut
311 501 363 533 hic
392 511 550 542 expresse
580 501 656 531 dicit
686 499 889 539 Stephanus:
928 497 1062 528 Domine
1090 497 1164 526 Iesu

191 549 317 584 suscipe
338 547 487 584 spirltum
511 553 630 584 meum,
671 543 752 578 Quia
778 547 829 573 est
848 547 964 571 natura
986 538 1097 575 Deus,
1131 544 1164 568 et

192 594 243 619 est
273 589 473 618 instaurator
503 588 588 617 vitae
611 592 775 617 aeternae.
842 583 887 614 lta
913 583 982 624 ipse
1006 579 1092 611 tilius
1115 580 1162 610 in-

191 630 276 671 quit:
307 630 410 661 l'em’le
428 630 472 660 ad
493 639 543 660 me
564 639 683 667 ornnes,
702 631 734 659 et
752 636 808 666 eqo
830 628 971 664 reficiam
994 633 1059 654 ros.
1105 621 1162 653 Sic

190 670 312 703 Paulus
336 678 426 703 orat:
454 671 610 703 Dominus
631 673 722 702 lesus
743 672 798 701 dec
814 669 908 699 robis.
975 665 1015 697 Et
1040 663 1162 696 Psalmi

188 713 366 755 loquuntur
389 715 430 746 de
448 715 656 745 invocatione
679 712 834 743 Messiae:
867 710 1060 742 invocabunt
1082 717 1162 739 cane.

194 758 309 789 Omnes
338 762 452 796 yemes
485 757 739 796 deprecabuntur
772 763 852 785 eum.
914 752 1023 792 Saepe
1052 751 1162 781 audivi

190 808 447 841 conquerentem
470 798 513 830 D.
535 797 728 829 Mai-tinum:
752 797 783 829 Si
802 795 882 827 nihil
911 800 1001 826 esset
1029 792 1107 824 maii
1130 793 1162 824 in

188 842 399 874 invocatione
431 847 638 878 sanctorum,
668 840 730 872 nisi
753 839 840 881 quod
864 839 1077 869 obscuratum
1113 842 1164 867 est

189 885 254 917 hoc
276 891 521 927 argumentum,
556 883 644 925 quod
668 892 747 913 vera
765 882 930 913 invocatio
953 879 1098 911 Messiae
1120 879 1164 910 sit

189 928 421 965 testimonium,
444 926 532 968 quod
555 927 597 957 sit
619 925 724 962 Deus,
748 925 841 956 nimis
865 933 1020 965 magnum
1043 920 1163 953 malum

190 977 287 1002 essct.
355 970 393 1000 Et
422 976 531 1000 tamen
561 975 637 1000 sunt
660 965 911 999 innumerabilia
934 964 1021 997 mala
1044 965 1076 996 in
1099 965 1163 995 isto

189 1014 334 1055 pessimo
357 1011 446 1043 cultu
464 1018 664 1042 sanctorum.

276 1055 347 1086 Nos
370 1053 520 1095 exemplo
544 1053 702 1094 Stephani
727 1053 883 1083 debemus
907 1050 1094 1082 exuscitare
1117 1050 1164 1080 in-

190 1099 396 1129 vocationem
416 1104 562 1128 nostram
582 1096 624 1127 ad
647 1094 747 1127 filium
759 1094 833 1132 Dei,
858 1103 954 1135 quem
977 1099 1068 1124 recte
1091 1102 1165 1124 ora-

188 1150 261 1172 mus
284 1146 422 1181 utraque
445 1139 554 1177 modo,
579 1145 614 1170 ut
637 1144 669 1169 et
692 1143 763 1170 oret
785 1138 856 1178 ipse
869 1147 928 1177 pro
948 1136 1045 1167 nobis
1058 1140 1163 1167 aeter-

188 1194 264 1215 num
287 1190 424 1224 patrem,
448 1188 480 1213 et
502 1187 536 1213 ut
559 1182 630 1222 ipse
658 1191 720 1211 nos
743 1180 841 1211 iuvet.
909 1178 1063 1215 Quotidie
1098 1177 1165 1209 cla-

189 1236 332 1257 memus:
356 1225 431 1257 lesu
455 1224 500 1256 fili
523 1223 597 1262 Dei,
620 1224 777 1255 miserere
800 1222 875 1260 mei,
898 1221 1093 1260 exaudime,
1118 1221 1164 1252 in-

188 1270 321 1299 tercede
343 1278 403 1309 pro
423 1278 474 1299 me
486 1267 574 1308 apud
587 1272 754 1298 aeternum
767 1271 893 1306 patrem
907 1271 1010 1303 tuum,
1034 1263 1165 1296 Sancti-

187 1311 250 1343 fica
274 1322 336 1349 me,
355 1312 431 1342 «lato
445 1310 564 1352 Spiritu
586 1315 703 1340 sancto
726 1318 819 1349 rege,
843 1313 876 1339 et
897 1307 974 1339 iuva
996 1317 1060 1338 me.
1089 1307 1165 1338 Non

189 1355 272 1385 satis
295 1360 357 1392 est,
375 1353 462 1395 quod
485 1353 578 1384 scitis
597 1350 686 1383 illam
698 1351 897 1394 negativam,
919 1350 1165 1395 invocationem

190 1398 380 1428 sanctorum
413 1394 495 1427 nihil
517 1405 610 1426 esse:
645 1395 706 1426 sed
733 1394 877 1426 accedat
899 1399 933 1425 et
954 1391 1165 1431 affirmativa,

189 1445 224 1471 ut
257 1440 344 1470 serio
374 1444 406 1470 et
438 1438 592 1470 ardenter
624 1437 787 1469 invocetis
809 1435 919 1468 Deum
940 1436 974 1468 in
997 1435 1165 1479 agnitione

191 1481 258 1521 filii,
282 1488 314 1513 et
336 1481 498 1514 invocetis
521 1479 623 1512 filium
644 1481 761 1521 ipsum.

274 1524 425 1556 Precatio
438 1523 596 1565 Stephani
615 1530 667 1555 est
678 1522 899 1555 testimonium
911 1522 953 1554 de
975 1527 1045 1554 toto
1057 1520 1166 1553 Evan-

189 1566 288 1610 gelio.
358 1567 530 1605 Testatur,
572 1567 660 1608 quod
696 1565 784 1598 filius
820 1565 864 1597 sit
902 1564 1008 1597 Deus.
1081 1564 1165 1600 Quia

189 1616 300 1642 creata
333 1616 450 1642 natura
483 1620 550 1641 non
578 1615 689 1651 potest
721 1607 867 1646 salvare,
900 1608 1054 1640 Testatur
1076 1608 1165 1646 item,

189 1654 276 1695 quod
299 1653 474 1684 credentes
497 1658 575 1694 post
596 1658 733 1684 mortem
746 1649 992 1683 transferantur
1013 1651 1056 1682 ad
1070 1650 1164 1682 Chri-

188 1704 286 1728 stum.
308 1696 480 1735 Testatur,
514 1695 603 1737 quod
625 1694 713 1727 aliud
736 1695 779 1726 sit
801 1694 956 1736 spiritus,
979 1692 1067 1725 aliud
1091 1703 1164 1726 cor-

203 1749 260 1771 ius.

188 1750 201 1781 ι
274 1781 326 1813 De
349 1780 517 1823 Stephano
542 1781 639 1813 etiam
661 1780 872 1813 memineritis
890 1789 1024 1811 versum
1035 1778 1165 1817 Bembi,

188 1825 244 1867 qui
267 1824 399 1865 scripsit
423 1834 554 1856 carmen
576 1834 697 1866 magna
720 1822 896 1865 elegantia,
930 1822 1020 1864 quod
1054 1828 1163 1854 tamen

188 1878 255 1899 non
278 1874 329 1899 est
347 1868 519 1909 integrum,
542 1867 582 1898 de
606 1865 789 1909 Stephano:

243 1929 314 1960 Ibat
333 1937 431 1959 omns
453 1927 592 1958 animis:
615 1931 648 1958 ec
667 1937 726 1967 spe
746 1936 808 1959 rua
829 1927 951 1958 damna
968 1926 1102 1957 let-nbat.

274 1995 435 2027 Differunt
468 1994 652 2037 triumphus
682 2001 714 2026 et
748 1995 869 2026 ovatio.
931 1993 967 2025 ln
1001 1991 1165 2034 triumpho

189 2039 293 2071 maior
314 2045 385 2070 erat
408 2048 538 2080 pompa,
561 2045 593 2069 et
615 2037 728 2069 taurus
760 2038 978 2069 mactabatur.
1045 2037 1165 2068 ovatio

189 2089 259 2113 erat
282 2082 386 2112 minor
407 2091 539 2122 pompa,
564 2087 595 2112 et
613 2081 818 2112 mactabatur
836 2081 921 2111 ovis.
968 2079 1104 2117 Ovans,
1133 2079 1165 2110 id

188 2131 249 2162 est,
273 2123 415 2162 laetans,
443 2124 538 2155 trium
553 2123 660 2155 vlmns.
728 2122 946 2154 Considerate
976 2122 1166 2154 discrimina

187 2168 282 2199 trium
307 2168 468 2198 virtutum.
534 2135 824 2208 'l'heologicarunu
858 2165 946 2203 fidei,
978 2166 1061 2206 spei,
1086 2164 1166 2196 dile-

187 2211 316 2242 ctionis.
379 2210 477 2241 Fides
508 2210 540 2240 in
588 2210 763 2241 ‚raesentia
785 2209 906 2250 accipit
935 2209 1164 2240 remissionem

186 2259 416 2296 peccatorum,
446 2220 748 2284 reconciliationem
777 2261 850 2283 cum
872 2250 960 2289 Deo,
983 2251 1165 2292 imputatio-

187 2306 260 2328 nem
282 2296 433 2327 iustitiac.
481 2295 566 2336 Spes
589 2296 731 2327 intuetur
753 2292 873 2325 sutura.
919 2293 977 2325 Est
1002 2295 1087 2325 enim
1111 2304 1165 2325 ex-

210 2339 328 2370 ectatio
352 2339 438 2370 vitae
461 2345 618 2370 aeternae
638 2344 729 2369 certo
749 2337 877 2369 dandae
905 2342 1040 2378 propter
1065 2335 1164 2368 lilium

206 2382 262 2420 )ei‚
298 2389 328 2413 et
362 2381 573 2423 mitigationis
606 2387 664 2412 aut
694 2379 902 2411 liberationis
936 2380 967 2411 in
1001 2378 1064 2411 hac
1098 2380 1164 2411 vita

188 2426 276 2457 iuxta
300 2422 470 2456 consilium
494 2423 565 2456 Dei.
613 2423 766 2466 Papistae
789 2423 943 2455 obiiciunt
966 2422 1077 2454 nobis:

275 2485 406 2516 Fidum
429 2488 478 2515 es!
503 2489 593 2516 actus
611 2487 688 2525 spei.

274 2529 359 2568 Ergo
381 2538 444 2559 non
462 2532 511 2559 ese
531 2532 622 2559 actm
637 2529 722 2566 fidel.

275 2597 483 2638 Respondeo.
535 2595 615 2628 fide
643 2595 824 2637 accipimus
847 2603 1007 2637 praesens
1032 2594 1164 2625 bonum.

825 148 935 181 PHlL.
957 147 1060 180 MEL.
1084 144 1269 179 SCRIPTA
1292 141 1556 175 EXEGETICA.

2133 143 2196 178 108

1218 237 1285 277 Spe
1308 241 1521 277 expectamus
1544 234 1663 268 sutura.
1711 236 1799 268 Haec
1823 234 1996 278 explicatio
2027 244 2059 269 et
2082 239 2196 271 distin-

1218 279 1282 310 ctio
1312 277 1372 309 suit
1404 277 1502 310 valde
1524 285 1620 321 grata
1642 278 1755 311 multis
1784 279 1897 310 bonis:
1932 279 1973 310 Et
2005 281 2195 313 nominatim

1217 321 1329 352 dicere
1362 331 1500 362 possum
1535 323 1575 353 de
1603 322 1676 353 viru
1711 322 1911 363 gravissimo
1942 328 1975 353 et
1998 324 2196 364 gravissime

1217 364 1380 395 iudicante
1403 362 1434 394 D
1458 364 1659 406 Hieronymo
1693 362 1874 396 Schurfh'o.
1928 363 2071 397 Dilectio
2091 374 2143 398 est
2163 368 2195 398 in

1217 406 1282 437 fide
1305 406 1441 437 obedire
1464 409 1616 439 omnibus
1638 408 1802 439 mandatis
1831 406 1913 445 Dei,
1948 417 2022 439 cum
2051 410 2194 450 quadam

1215 447 1339 480 laetitia
1362 449 1394 479 in
1417 448 1504 481 Deo.
1570 449 1624 481 De
1654 447 1705 481 his
1736 451 1842 481 tribus
1869 450 2045 482 virtutibus
2069 453 2195 484 moneri

1216 501 1278 522 nos
1304 491 1488 534 cogitemus
1512 491 1568 524 illo
1592 503 1704 524 versu.
1749 494 1830 524 Ibat.
1877 491 2094 535 significatur
2117 496 2194 527 obe-

1216 534 1345 565 dientia.
1378 533 1420 566 (81-
1443 537 1522 577 gebct
1546 537 1602 574 bin,
1628 537 1684 572 letit
1707 536 1756 573 fid)
1783 536 1937 577 ῖὼίιιῴῐειι,
1962 538 2015 568 mie
2039 538 2082 569 eiu
2107 538 2194 577 ἴσθι-ῆι

1216 578 1265 609 litt.
1321 577 1389 608 Scit
1412 576 1500 608 hanc
1522 579 1741 610 obedientiam
1764 577 1839 609 Deo
1871 577 2022 619 placere,
2058 586 2090 611 et
2121 591 2194 612 cum

1218 619 1360 660 quadam
1382 617 1507 651 laetitia
1524 619 1647 653 tolerat
1668 623 1870 663 martyrium.
1925 622 2031 654 Omns
2060 624 2196 656 animis:

1214 661 1368 702 Respicit
1385 662 1427 692 ad
1451 662 1560 702 fidem,
1594 674 1659 705 qua
1692 665 1805 695 statuit
1828 674 2007 705 personam
2029 675 2123 697 suam
2141 676 2196 698 ac-

1216 710 1345 745 ceptam
1368 713 1445 735 esse
1464 703 1538 737 Deo
1561 716 1621 747 per
1644 706 1758 745 filium,
1792 714 1824 739 et
1859 708 1959 738 sentit
1993 707 2194 740 consolatio·

1214 757 1301 794 nem,
1331 752 1365 778 ut
1398 747 1535 779 dicitur:
1568 748 1738 781 iustificati
1761 750 1846 788 fide,
1881 761 1997 791 pacem
2020 750 2193 784 habemus.

1214 789 1266 820 l<it
1298 789 1394 820 etiam
1423 799 1585 831 expressa
1613 793 1735 823 mentio
1769 793 1868 833 Spei:
1900 795 2042 826 Lembac
2073 794 2196 827 (lomna

1214 842 1277 864 sua
1294 842 1361 872 spe,
1383 832 1416 863 id
1439 838 1502 870 est,
1526 840 1618 865 certo
1641 836 1839 875 expectabat
1862 842 2030 868 aeternam
2043 835 2194 879 gloriam,

1215 873 1369 913 salutem,
1391 874 1556 914 laetitiam,
1577 878 1846 910 consuetudinem
1870 889 1944 911 cum
1968 879 2051 911 Deo.

1301 917 1372 948 Has
1394 918 1532 949 virtutes
1554 918 1675 961 singuli
1698 921 1855 953 debemus
1873 932 2030 954 exercere
2053 923 2085 954 in
2105 924 2193 955 omni

1215 961 1295 999 vita,
1318 966 1351 991 et
1374 961 1405 991 in
1429 961 1536 992 media
1558 968 1673 993 morte.
1741 962 1894 995 Sciamus
1923 975 1986 996 nos
2005 965 2078 998 Deo
2101 976 2196 1006 prae·

1216 1009 1307 1034 stare
1330 1004 1550 1035 obedientiam
1573 1004 1728 1043 debitam,
1751 1007 1879 1047 quoties
1897 1017 2054 1040 vocamur
2076 1010 2118 1040 ad
2142 1019 2197 1041 ae·

1216 1056 1351 1078 rumnas
1384 1053 1522 1088 propter
1551 1046 1809 1079 coniessionem.
1872 1049 2022 1081 Sciamus
2061 1051 2197 1092 placere

1217 1088 1303 1127 Deo,
1328 1095 1360 1120 et
1383 1099 1559 1130 personam
1570 1096 1721 1127 nostram
1733 1097 1868 1133 propter
1884 1093 2096 1125 mediatorem
2120 1093 2197 1132 fide,

1218 1138 1250 1163 et
1272 1131 1360 1163 hanc
1383 1133 1614 1171 obedientiam,
1639 1144 1714 1165 cum
1737 1140 1768 1166 et
1791 1133 2034 1167 confessionem
2057 1136 2197 1175 edimus,

1218 1181 1250 1207 et
1272 1184 1345 1206 eam
1367 1176 1584 1218 obsignamus
1608 1176 1793 1209 tolerantia.
1839 1177 2070 1219 Proponamus
2101 1180 2198 1211 etiam

1216 1218 1314 1249 nobis
1336 1217 1623 1258 immortalitatem,
1647 1226 1678 1251 et
1702 1229 1875 1260 speremus
1899 1231 1970 1253 eam
1993 1222 2085 1253 iuxta
2107 1232 2198 1254 man-

1217 1261 1329 1292 datum
1352 1259 1428 1300 Dei,
1451 1261 1536 1296 Quia
1559 1262 1692 1304 singula
1722 1264 1786 1294 ista
1815 1263 1910 1295 Deus
1944 1265 2076 1296 mandat
2100 1265 2199 1296 nobis

1217 1303 1388 1335 omnibus:
1421 1310 1457 1335 ut
1490 1305 1665 1337 credamus
1692 1315 1755 1337 nos
1778 1313 1914 1348 propter
1937 1306 2037 1339 filium
2061 1307 2125 1339 Dei
2147 1317 2200 1339 re·

1218 1347 1293 1388 cipi,
1315 1352 1348 1378 et
1371 1353 1586 1388 expectemus
1609 1346 1752 1380 futuram
1776 1350 1888 1388 vitam,
1911 1356 1943 1381 et
1955 1351 2044 1382 bona
2065 1349 2123 1382 illa
2145 1359 2199 1382 ae·

1218 1395 1329 1428 terna,
1362 1389 1491 1421 scilicet
1522 1390 1556 1420 in
1589 1392 1855 1430 resurrectione,
1891 1398 1924 1424 et
1957 1394 2200 1425 consuetudine

1218 1442 1293 1464 cum
1321 1438 1455 1463 aeterna
1483 1430 1646 1464 Ecclesia.
1712 1432 1788 1465 Item
1811 1441 1847 1466 ut
1871 1436 2046 1468 erc-damus
2065 1435 2201 1478 placere

1217 1474 1290 1506 Deo
1313 1480 1462 1506 nostram
1485 1474 1743 1515 confessionem,
1767 1484 1800 1509 et
1823 1475 2020 1511 afflictiones
2050 1485 2199 1519 nostras,

1218 1527 1303 1560 quas
1326 1516 1381 1549 alii
1402 1517 1528 1550 habent
1549 1517 1644 1550 alias.

1306 1561 1335 1592 1.
1360 1560 1447 1592 Petr.
1473 1561 1501 1591 l.
1525 1561 1660 1600 dicitur,
1693 1561 1847 1595 Pei-fecte
1875 1572 1937 1594 seu
1967 1562 2103 1596 firmiter
2125 1572 2199 1604 spe·

1217 1609 1289 1635 rate
1310 1606 1430 1640 τελείως
1448 1605 1587 1643 ἐλπίζετε,
1607 1605 1639 1635 id
1657 1611 1720 1643 est,
1742 1606 1885 1648 integra,
1896 1604 2007 1647 plena,
2027 1605 2120 1637 firma
2137 1615 2199 1647 spe

1217 1652 1393 1688 expectate
1415 1647 1573 1688 gratiam,
1596 1645 1660 1678 hoc
1679 1653 1740 1685 est,
1763 1658 1899 1687 munuS,
1934 1649 2076 1687 domum,
2110 1648 2200 1690 quod

1217 1690 1425 1722 exhibebitur
1447 1689 1556 1728 nobis,
1579 1691 1712 1731 quando
1734 1692 1907 1733 apparebit
1930 1690 2105 1723 Dominus.

1304 1731 1375 1763 Nisi
1399 1741 1458 1763 cor
1475 1730 1597 1763 habeat
1619 1733 1784 1765 obiectum
1809 1735 1940 1771 bonum,
1964 1743 2029 1765 non
2049 1732 2199 1767 laetatur.

1218 1774 1330 1807 Causa
1350 1773 1495 1806 laetitiae
1518 1781 1569 1806 est
1591 1776 1756 1808 obiectum
1775 1777 1907 1808 bonum.
1939 1776 2080 1811 Quando
2103 1787 2199 1808 mens

1217 1819 1362 1849 intuetur
1384 1818 1550 1849 obiectum
1573 1817 1706 1857 malum,
1729 1829 1794 1850 non
1812 1820 1912 1850 habet
1935 1817 2101 1851 laetitiam.
2125 1819 2200 1852 Ste-

1216 1861 1347 1903 phanus
1370 1861 1513 1892 intuetur
1535 1861 1654 1892 bonam
1677 1861 1880 1894 voluntatem
1904 1862 1978 1893 Dei.
2034 1862 2106 1894 Scit
2135 1863 2198 1894 sibi

1218 1904 1391 1936 remissum
1415 1913 1493 1935 esse
1516 1911 1706 1944 peccatum,
1739 1905 1802 1937 scit
1825 1914 1863 1936 se
1882 1906 1997 1936 vocari
2020 1905 2063 1937 ad
2086 1904 2199 1937 laetis-

1217 1947 1335 1978 simam
1358 1947 1631 1978 consuetudinem
1655 1957 1728 1979 cum
1753 1946 1818 1979 filio
1842 1947 1916 1979 Dei.
1962 1947 2040 1979 ldeo
2064 1954 2118 1980 est
2142 1949 2199 1980 bo·

1218 2000 1262 2022 no
1295 1996 1329 2021 et
1362 1988 1541 2031 tranquillo
1575 1991 1700 2028 animo,
1736 1998 1769 2022 et
1791 1991 1854 2022 scit
1877 1989 2012 2031 placere
2034 1990 2108 2022 Deo
2132 1990 2198 2024 hoc

1218 2032 1429 2071 sacrificium,
1463 2033 1551 2074 quod
1581 2040 1717 2074 propter
1741 2032 1988 2065 consessionem
2015 2034 2198 2066 moriturus

1219 2082 1300 2108 erat.
1364 2074 1444 2107 Saul
1468 2076 1555 2106 videt
1580 2086 1736 2117 poenam,
1770 2077 1830 2107 sed
1853 2086 1920 2108 non
1950 2076 2039 2107 videt
2064 2077 2196 2108 bonum.

1219 2119 1296 2151 ldeo
1319 2129 1385 2150 non
1408 2124 1517 2159 potest
1540 2117 1663 2150 habere
1686 2118 1852 2150 laetitiam.
2139 2118 2166 2149 Ο

1305 2160 1413 2203 Saepe
1435 2161 1533 2203 igitur
1552 2163 1736 2203 cogitemus
1759 2162 1848 2193 hunc
1870 2170 2015 2199 versum,
2038 2172 2113 2194 cum
2131 2172 2197 2204 quo

1219 2205 1370 2248 congruit
1393 2203 1474 2235 illud
1499 2205 1626 2246 insigne
1640 2205 1764 2237 dictum
1778 2203 1885 2236 Pauli:
1908 2206 1984 2236 Pas
2007 2206 2069 2236 Dea·
2085 2209 2200 2244 reynel

1219 2252 1252 2280 ιἰι
1285 2248 1434 2280 cordibus
1467 2251 1590 2283 restrae,
1625 2249 1656 2279 id
1681 2254 1744 2285 est,
1771 2248 1910 2279 retinete
1933 2247 2087 2278 iustitiam
2110 2247 2198 2285 fidei,

1219 2288 1486 2334 tranquillitatem
1517 2291 1640 2328 cordis,
1675 2289 1843 2329 confidite,
1877 2290 1966 2331 quod
2000 2290 2072 2321 sitis
2096 2300 2198 2322 curae

1219 2334 1305 2373 Deo,
1338 2334 1425 2376 quod
1455 2333 1526 2365 sitis
1561 2335 1697 2375 recepti,
1731 2333 1819 2375 quod
1853 2331 1947 2364 Deus
1978 2333 2063 2363 adsit
2087 2334 2198 2371 vobis,

1219 2378 1307 2420 quod
1329 2378 1372 2408 sit
1393 2377 1601 2419 mitigaturus
1614 2376 1828 2409 calamitates.
1874 2375 1965 2407 Haec
1988 2381 2065 2407 sunt
2084 2374 2199 2414 realia,

1218 2427 1251 2453 et
1275 2420 1397 2452 habent
1414 2430 1508 2451 usum
1533 2421 1563 2451 in
1587 2421 1664 2452 vita.
1721 2419 1762 2451 Et
1783 2418 1913 2461 quidem
1943 2427 2077 2449 manere
2099 2418 2199 2450 debet

1218 2473 1299 2506 spes
1320 2463 1408 2495 vitae
1429 2470 1599 2501 aeternae,
1621 2463 1748 2495 etiamsi
1773 2461 1881 2494 omnia
1904 2459 2090 2502 corporalia
2110 2461 2198 2493 bona

1220 2505 1388 2539 tolluntur.
1435 2506 1498 2538 lob.
1527 2506 1575 2538 13.
