2324 2958
219 188 278 200 ἢ--

217 197 281 220 ύῦἶ)

218 282 305 313 dicta
328 287 379 312 est
401 279 544 311 Tiberia.
590 278 692 317 Urbs,
721 287 808 320 quae
830 277 909 310 olim
930 275 991 309 suit
1013 277 1198 314 Nemetum,

217 323 384 366 appellata
406 329 456 354 est
478 323 586 363 Spita,
619 322 652 353 id
674 327 738 360 est,
771 320 906 359 cohors,
938 319 992 352 vel
1016 320 1115 351 Curia
1138 319 1198 350 lm-

217 367 392 410 peratoriS.
459 365 599 396 Romani
638 375 760 408 magno
808 363 948 395 consilio
990 363 1199 394 deducebant

218 410 296 442 olim
319 408 492 446 colonias,
525 414 561 440 ut
593 408 795 440 minueretur
828 405 1000 438 multitudo
1031 405 1198 436 hominum

217 454 250 485 in
273 453 422 494 partibus
445 450 570 490 ltaliae,
601 457 633 483 et
656 458 690 482 ut
714 449 947 482 consuleretur
971 447 1197 490 tranquillitati

218 498 355 528 istarum
379 495 566 537 regionum,
602 504 685 536 quas
708 495 907 526 devicerant.
953 492 1128 523 Mittebant
1151 496 1199 522 to·

220 546 271 570 tas
294 537 437 570 familias
471 536 553 575 alio,
588 538 830 569 distribuebant
857 545 959 577 agros
982 535 1068 566 inter
1091 543 1198 565 novos

417 583 461 613 lta
485 579 723 612 consulebatur
745 580 967 615 tenuioribus,
1004 585 1037 609 et
1060 587 1196 608 exorna-

530 624 600 655 Nec
634 622 743 655 solum
778 621 921 654 familiae
955 620 1105 659 Italicae,
1138 620 1200 651 sed

219 581 372 614 colonos.

221 626 339 657 bantur
361 626 474 656 urbes.

219 669 318 701 etiam
336 666 457 699 milites
480 668 523 699 ibi
548 666 815 703 collocabantur,
847 665 967 706 quibus
991 664 1201 696 donabantur
1224 670 1227 680 ¹

348 709 397 742 llli
420 709 539 742 milites
562 716 657 741 erant
679 716 833 751 tanquam
864 707 1082 749 praesidiarii,
1116 707 1201 737 sicut

219 754 330 787 adhuc
352 753 450 785 Turci
473 752 608 785 faciunt.
654 753 842 784 Procedunt
874 752 905 782 in
929 751 1012 788 dies,
1042 756 1073 781 et
1098 747 1201 781 collo-

220 804 297 831 cant
321 797 486 840 praesidia
510 798 541 828 in
565 795 649 828 locis
673 794 880 837 opportunis.
935 793 1050 825 Nostri
1081 792 1201 834 princi-

219 851 292 884 pes,
315 841 448 883 quando
471 838 573 871 semel
597 840 718 870 ducunt
743 837 924 870 exercitum
952 837 984 867 in
1008 835 1202 878 Ungarfflm,

220 894 337 916 rursus
360 884 492 915 abeunt.
538 885 584 914 lta
607 880 688 913 nihil
709 881 896 923 proficiunt,
919 889 985 911 non
1005 879 1201 921 procedunt.

220 927 337 970 Regna
359 937 426 958 non
450 932 591 968 possunt
614 925 805 956 conservari
829 924 902 954 sine
926 923 1108 964 praesidiis.

308 969 475 1002 Caesarea
503 970 600 1011 igitur
624 967 858 1010 Cappadociae
888 965 949 997 suit
973 964 1113 997 Colonia
1137 964 1202 996 Ro-

221 1024 328 1046 mana.
386 1013 483 1044 Pater
517 1011 633 1043 Basilii
667 1011 822 1042 scribitur
856 1008 961 1041 fuisse
995 1010 1044 1040 vir
1067 1006 1201 1046 nobilis,

221 1057 338 1089 eodem
362 1056 491 1087 nomine
515 1054 640 1093 Basilii,
665 1055 758 1086 cuius
781 1054 924 1085 maiores
953 1051 1084 1084 fuerunt
1108 1051 1202 1083 Chri-

221 1100 331 1138 stiani,
354 1097 454 1141 aliqui
478 1100 576 1130 etiam
600 1109 641 1130 ex
664 1098 704 1128 iis
728 1103 903 1139 martyres.
957 1096 1064 1127 Mater
1087 1093 1202 1126 Basilii

221 1144 408 1175 nominatur
431 1141 599 1173 Emntelia.
645 1141 681 1172 ld
710 1150 830 1172 nomen
859 1145 910 1171 est
933 1150 953 1170 a
976 1149 1055 1170 cura
1078 1144 1110 1169 et
1133 1136 1203 1169 dili-

221 1186 342 1229 gentia.
387 1185 500 1217 Nostri
534 1185 684 1216 homines
714 1189 927 1224 corrumpunt
959 1181 1045 1213 hanc
1072 1191 1202 1218 vocent,

223 1240 297 1261 cum
321 1229 432 1260 dicunt
456 1229 616 1260 thumum.
661 1226 796 1258 fratres
820 1226 933 1257 habuit
952 1224 1098 1257 Basilius
1122 1231 1203 1262 tres,

222 1283 264 1305 ex
288 1272 407 1315 quibus
442 1271 508 1303 duo
531 1270 609 1302 sacti
643 1277 719 1302 sunt
747 1270 844 1301 etiam
875 1269 1050 1310 Episcopi,
1086 1268 1203 1299 Petrus

222 1315 404 1352 Sebastae,
439 1321 470 1346 et
494 1314 679 1356 Gregorius
701 1313 838 1350 Nissae,
871 1312 958 1343 uude
983 1318 1016 1342 et
1039 1311 1204 1342 Nissenus

223 1359 350 1390 dicitur.
416 1357 561 1389 Basilius
602 1357 734 1388 tandem
774 1355 882 1387 sactus
923 1360 975 1386 est
1015 1354 1204 1395 Episcopus

222 1402 422 1434 Caesareae.

308 1445 473 1476 Nissenus
507 1444 641 1485 scripsit
676 1441 786 1473 utilem
819 1440 984 1479 libellum,
1017 1449 1204 1482 quanquam

222 1488 424 1525 tenuiorem,
462 1488 513 1519 cui
549 1485 676 1519 titullus.
711 1491 762 1517 est
796 1487 845 1516 De
878 1488 997 1516 anima.
1043 1483 1140 1518 Quod
1164 1491 1204 1513 eo

223 1532 353 1563 dibetcs
375 1531 475 1567 scire,
499 1536 533 1561 ut
568 1529 721 1572 cogitetis
755 1537 887 1569 semper
909 1528 942 1558 in
966 1525 1119 1558 Ecclesia
1142 1525 1208 1556 exi-

221 1576 387 1606 stimatum
410 1574 527 1611 fuisse,
552 1573 736 1605 doctrinam
763 1570 907 1613 aliquam
931 1571 972 1602 de
996 1569 1207 1601 distinctione

221 1619 442 1660 potentiarum
475 1618 604 1649 animae
644 1615 870 1647 necessariam
911 1623 998 1645 esse.
1063 1612 1206 1647 Quando

223 1660 349 1694 Paulus
382 1661 477 1692 dicit:
519 1662 708 1692 Delineutes
752 1661 918 1690 rerilatem
957 1661 992 1689 in
1030 1658 1206 1688 intus-licta:

223 1705 311 1741 Quid
334 1705 479 1736 nominat
503 1702 694 1734 veritatem?
739 1702 796 1734 Sic
819 1707 919 1733 vocat
941 1699 1127 1731 naturalem
1150 1709 1208 1730 no·

221 1749 343 1786 titiam,
376 1757 462 1789 quae
484 1753 533 1778 est
558 1747 589 1778 in
613 1751 738 1783 mente,
772 1755 857 1786 quae
890 1743 945 1775 lex
968 1750 1107 1775 naturae
1141 1740 1206 1773 alio

222 1792 354 1824 nomine
378 1797 528 1822 vocatur.
575 1789 660 1825 Quid
683 1789 831 1820 nominat
861 1786 1073 1818 iniustitiam?
1119 1785 1208 1816 Affe-

223 1842 298 1867 ctus
322 1844 464 1875 praVOS,
500 1832 555 1875 qui
586 1839 664 1864 sunt
687 1833 718 1863 in
742 1838 836 1872 parte
859 1837 1053 1872 appetente,
1088 1829 1119 1860 id
1144 1834 1207 1866 est,

223 1879 254 1909 in
277 1877 450 1910 voluntate
473 1882 505 1907 et
529 1877 642 1907 corde.
689 1875 814 1906 Gentes
837 1875 986 1905 sciebant
1001 1873 1108 1904 Deum
1132 1881 1209 1903 csse

223 1922 356 1959 iustum,
391 1926 532 1957 castum,
566 1926 598 1950 et
633 1917 799 1950 volentem
833 1914 931 1955 talia,
965 1915 1076 1958 qualia
1110 1915 1208 1947 docet

222 1963 294 1999 lex,
329 1974 415 2007 quac
450 1969 501 1994 est
532 1962 641 1994 lumen
672 1962 817 1994 divinum
845 1961 1013 1992 conditum
1043 1960 1075 1991 in
1098 1965 1209 1990 mente

223 2018 282 2040 seu
306 2014 401 2049 parte
429 2014 670 2049 cognoscente:
706 2005 775 2036 Sed
811 2011 927 2035 contra
960 2003 1024 2035 hac
1059 2003 1208 2034 notitiam

223 2050 409 2083 naturalem
432 2060 512 2092 pars
535 2055 697 2092 appetens
726 2048 920 2089 indulgebat
950 2046 1063 2087 pravis
1085 2045 1208 2085 cupidi-

224 2096 359 2132 tatihuS,
384 2100 419 2125 ut
443 2094 578 2125 dicitur:
613 2093 718 2123 Video
747 2090 885 2123 meliora
908 2091 1092 2132 proboque,
1121 2091 1209 2121 dete-

224 2140 312 2171 riora
335 2147 469 2179 sequor.
527 2136 618 2168 Haec
643 2135 810 2167 distinctio
843 2135 948 2176 partis
972 2133 1209 2175 cognoscentis

225 2189 256 2214 et
279 2181 491 2223 appententis
515 2180 709 2212 necessaria
740 2186 791 2209 est
815 2179 846 2209 in
872 2175 1033 2209 Ecclesta.
1079 2175 1117 2207 Et
1143 2186 1209 2207 tna-

225 2226 276 2266 gis
301 2224 475 2257 dulces-cet
511 2223 609 2255 vobis
637 2223 800 2259 doctrina,
825 2221 954 2263 quaein
972 2220 1095 2252 nostris
1115 2217 1209 2250 libel-

223 2269 265 2300 lis
297 2269 338 2299 de
371 2268 479 2299 anima
513 2267 665 2305 traditur,
700 2267 728 2297 si
763 2265 954 2307 cogitabitis
988 2263 1121 2295 easdem
1156 2272 1209 2294 res

223 2313 309 2345 tradi
343 2312 441 2343 etiam
475 2311 517 2342 ab
553 2308 619 2342 illis
660 2309 828 2342 veteribus
851 2308 1070 2349 scriptoribus
1094 2304 1209 2338 Eccle-

224 2355 386 2394 siasticiS,
420 2354 481 2386 etsi
505 2360 642 2386 nostrae
676 2352 916 2396 explicationes
941 2356 1018 2383 sunt
1040 2349 1209 2392 aliquanto

224 2399 408 2432 uberiores.

311 2441 474 2473 lnstitutio
514 2439 652 2482 puerilis
691 2438 807 2471 Basilii
830 2444 863 2470 et
901 2437 1039 2469 fratrum
1078 2435 1138 2468 suit
1177 2437 1209 2468 in

224 2486 364 2518 aedibus
388 2485 555 2526 paternis,
589 2485 644 2516 ubi
667 2494 734 2515 non
765 2483 863 2515 modo
887 2482 1014 2513 semina
1038 2481 1210 2512 doctrinae

225 2529 435 2561 Christianae
475 2529 681 2567 didicerunt,
725 2527 785 2558 sed
827 2526 924 2557 etiam
965 2523 1209 2567 philosophiae.

223 2571 353 2615 Estque
387 2572 527 2613 insignis
567 2571 651 2602 haec
687 2570 853 2602 sententia
892 2568 1110 2606 Nazianzeni,
1154 2567 1208 2609 qui

225 2615 401 2657 descripsit
425 2617 525 2647 vitam
549 2613 665 2647 Basilii
690 2623 783 2646 more
805 2613 965 2650 oratorio,
988 2622 1087 2653 quam
1111 2610 1210 2642 debe·

226 2660 267 2691 tin
292 2658 482 2690 meminisse
517 2659 558 2689 ad
593 2657 765 2690 refutanda
800 2655 969 2688 hominnm
1003 2654 1210 2687 indoctorum

219 712 303 755 agri.

857 183 967 215 PHtL.
991 182 1093 214 MEL-
1116 182 1301 215 SCRIPTA
1329 180 1592 214 EXEGETICA.
1984 175 2003 189 ⁸

2169 183 2234 216 356

1250 277 1383 315 iudicia,
1405 276 1460 318 qui
1479 281 1693 308 contemnunt
1710 276 1818 307 bonas
1836 274 1962 314 literas,
1985 283 2017 307 et
2035 277 2146 308 studia
2162 276 2232 318 phi-

1249 319 1436 361 losophica.
1482 318 1560 351 Ntm
1580 319 1654 351 ideo
1677 319 1904 350 contemnenda
1927 323 1975 350 est
1998 320 2156 357 auditio,
2186 320 2234 351 in-

1251 364 1335 405 quit,
1364 363 1450 404 quod
1477 363 1527 394 ita
1553 362 1743 404 quibusdam
1771 362 1940 393 videatur.-
1967 362 2025 394 sed
2051 363 2160 403 potius
2186 363 2234 393 in·

1250 407 1333 438 salsi
1358 416 1398 438 ac
1424 406 1636 447 praeposteri
1661 405 1803 436 habende·
1829 408 1918 443 sunt,
1952 406 2010 446 qui
2035 405 2095 436 hoc
2123 406 2234 437 arreti-

1250 453 1354 486 numt,
1389 450 1505 490 quique
1533 458 1640 480 omnes
1669 449 1722 479 sui
1749 448 1868 479 similes
1900 457 1969 479 esse
2001 449 2167 489 optarint,
2199 451 2237 480 ut

1249 493 1386 534 privata
1408 501 1516 523 eorum
1539 492 1729 533 ι’φιοναπῑιίι
1758 492 1929 522 communis
1956 492 2164 532 iynmuntt'ae
2190 495 2234 534 teg

1250 535 1358 567 nebris
1389 535 1577 576 obteyntur,
1611 544 1668 565 nec
1700 535 1867 575 quisquam
1901 535 2045 575 ipsorum
2073 535 2235 567 inscitiam

1250 579 1375 620 prodat
1398 582 1428 609 et
1451 582 1621 619 comynat.

1338 621 1373 652 ln
1396 620 1624 653 adolescentia
1647 626 1679 652 et
1703 620 1788 651 virili
1810 626 1919 651 aetate
1942 620 2147 652 continuavit
2170 619 2234 651 Ba-

1252 663 1346 696 silius
1365 670 1397 695 et
1415 663 1647 706 philosophiae
1665 664 1786 701 studia,
1809 669 1841 694 et
1860 663 2031 694 doctrinae
2049 661 2233 694 Ecclesiae.

1253 707 1294 738 Et
1316 707 1368 738 his
1393 707 1540 738 adiunxit
1569 708 1676 738 studia
1704 706 1932 748 eloquentiae,
1964 716 2104 748 quorum
2132 715 2237 738 causa

1254 750 1452 782 Caesaream
1466 759 1504 781 se
1517 749 1667 787 contulit,
1687 751 1741 781 ubi
1760 749 1934 781 doctrinae
1952 758 2023 785 arx,
2043 755 2075 780 et
2093 749 2236 780 omnium

1253 794 1414 825 bonarum
1426 793 1545 824 artium
1557 791 1768 830 domicilium,
1786 798 1818 824 et
1836 793 1932 833 quasi
1946 792 2127 824 Academia
2142 801 2236 833 prae-

1254 837 1351 878 cipua
1374 842 1406 867 et
1428 835 1666 867 florentissima
1685 846 1724 867 eo
1743 842 1891 876 tempore
1910 834 1981 866 fuit.
2016 834 2138 866 Postea
2151 834 2237 866 Con-

1254 878 1503 921 stantinopolim
1527 878 1630 920 petiit,
1654 888 1740 920 quae
1758 878 1908 910 similiter
1926 884 1994 910 tum
2013 876 2155 909 celebris
2177 876 2239 909 fuit

1254 922 1422 955 literarum
1449 922 1577 954 studiis.
1621 921 1768 953 Tandem
1792 921 1943 953 Athenas
1966 922 2074 959 venit,
2102 921 2159 953 ubi
2181 920 2238 951 mi-

1255 977 1338 998 nora
1371 964 1427 997 illo
1462 972 1608 1007 tempore
1642 965 1752 996 studia
1785 971 1896 1003 erant,
1932 975 2029 1007 quam
2062 965 2094 995 in
2126 963 2239 995 multis

1254 1010 1356 1041 Asiae
1381 1009 1537 1047 urbibus,
1565 1008 1627 1039 sed
1649 1006 1744 1039 locus
1766 1014 1903 1049 propter
1925 1014 2071 1039 veterem
2099 1006 2238 1039 celebri-

1255 1059 1353 1084 tatem
1377 1051 1487 1084 adhuc
1511 1052 1739 1093 appetebatur.
1785 1050 1831 1082 lbi
1855 1051 1998 1082 amicitia
2025 1051 2108 1082 inter
2130 1051 2239 1091 ipsum

1254 1101 1286 1127 et
1316 1095 1563 1127 Nazianzenum
1593 1100 1766 1126 contracta
1794 1099 1863 1131 est,
1896 1104 1981 1136 quae
2015 1094 2145 1125 duravit
2178 1102 2240 1134 per

1255 1149 1384 1171 omnem
1408 1138 1506 1169 vitam
1530 1148 1653 1169 eorum.

1343 1182 1463 1213 Narrat
1490 1181 1721 1212 Nazianzenus
1745 1178 1851 1211 fuisse
1874 1179 2014 1211 Athenis
2042 1189 2169 1212 morem
2197 1180 2240 1210 si-

1254 1223 1363 1257 milem
1387 1225 1461 1256 ritui
1485 1223 1702 1261 scholastico,
1725 1224 1780 1264 qui
1803 1224 1991 1255 nominatur
2008 1221 2184 1264 Depositio
2206 1223 2240 1254 iu

1256 1269 1464 1306 Academiis,
1495 1274 1530 1299 ut
1553 1268 1592 1305 ii,
1623 1267 1678 1308 qui
1706 1267 1846 1307 primum
1874 1277 1915 1298 eo
1946 1267 2167 1305 accederent,
2196 1267 2240 1297 ab

1255 1311 1348 1349 aliis,
1379 1312 1433 1353 qui
1464 1311 1586 1342 diutius
1619 1310 1662 1341 ibi
1692 1308 1840 1346 fuerant,
1874 1316 2113 1342 exercerentur
2138 1309 2242 1341 variis

1256 1355 1520 1396 quaestionibus,
1544 1360 1576 1386 et
1599 1359 1676 1394 post
1699 1359 1847 1384 terrores
1870 1363 1912 1384 ac
1934 1351 2029 1384 lusus
2049 1353 2163 1384 varios
2186 1353 2242 1384 de·

1257 1399 1458 1429 ducerentur
1479 1398 1520 1428 ad
1546 1395 1714 1427 balneum:
1742 1395 1864 1426 Postea
1887 1396 2016 1427 demum
2039 1395 2242 1427 haberentur

1256 1441 1289 1472 in
1312 1450 1449 1472 numero
1474 1437 1791 1480 condiscipulorum.
1837 1437 1984 1470 Causam
2012 1439 2110 1470 huius
2139 1437 2242 1469 moris

1257 1484 1363 1522 addit,
1391 1489 1426 1515 ut
1450 1481 1559 1514 fastus
1584 1488 1616 1513 et
1639 1482 1832 1524 arrogantia
1860 1481 2100 1523 deprimeretur
2127 1481 2162 1513 in
2184 1490 2242 1512 no-

1257 1527 1362 1565 vitiis,
1387 1533 1419 1558 et
1440 1525 1688 1568 exploraretur,
1712 1523 1819 1566 qualis
1843 1525 1983 1567 quisque
2006 1530 2114 1563 esset,
2137 1530 2174 1556 ut
2197 1523 2244 1556 di·

1259 1571 1360 1601 citur:
1396 1572 1485 1601 Inter·
1512 1570 1602 1601 lusus
1631 1573 1661 1599 ot
1691 1569 1809 1610 pocula
1839 1572 2075 1610 coynosctmtm·
2104 1568 2242 1609 inyem'm

1259 1614 1376 1656 Legite
1404 1612 1495 1644 illam
1525 1613 1780 1653 descriptionem
1814 1617 1916 1643 totam
1946 1611 2034 1653 apud
2063 1610 2244 1643 Nazianze-

1259 1668 1353 1694 num,
1382 1657 1437 1697 qui
1461 1657 1504 1688 ait
1530 1654 1706 1693 Basilium,
1735 1661 1913 1696 propterea
1941 1655 2032 1697 quod
2061 1655 2093 1686 in
2116 1654 2246 1686 honore

1258 1701 1321 1732 iam
1345 1699 1531 1732 habebatur
1558 1705 1695 1741 propter
1725 1699 1958 1736 eruditionem,
1988 1706 2018 1730 et
2046 1699 2244 1738 gravitatem

1259 1745 1291 1776 in
1314 1744 1475 1779 moribus,
1499 1743 1662 1774 communi
1685 1740 1742 1773 illa
1767 1741 1842 1782 lege
1864 1739 2010 1773 solutum
2033 1740 2148 1773 fuisse.

1345 1787 1416 1818 Nec
1440 1784 1498 1818 suit
1524 1784 1670 1817 Basilius
1693 1785 1834 1816 Athenis
1858 1791 1984 1816 tantum
2012 1784 2144 1817 auditor
2170 1795 2245 1816 ora·

1261 1837 1367 1861 torum
1391 1836 1420 1861 et
1445 1828 1732 1871 philosophorum.
1757 1829 1816 1860 sed
1841 1829 1914 1869 ipse
1932 1839 2066 1870 quoque
2084 1838 2103 1859 a
2121 1828 2245 1860 studio·

1259 1874 1307 1905 sis
1331 1873 1373 1905 ad
1397 1873 1583 1904 docendum
1607 1873 1765 1903 invitatus
1790 1879 1852 1903 est.
1900 1871 1978 1903 lude
2002 1872 2098 1903 rediit
2121 1871 2247 1903 Caesa·

1261 1927 1362 1948 ream.
1408 1915 1450 1947 Et
1473 1927 1547 1948 cum
1571 1914 1771 1958 aliquamdiu
1795 1915 1838 1947 ibi
1862 1916 2029 1956 specimen
2054 1914 2246 1947 eruditionis

1260 1960 1489 2001 praebuisset,
1524 1960 1601 2001 quia
1632 1970 1706 1991 cum
1737 1965 1847 1991 aetate
1876 1969 1957 1990 cura
1988 1959 2021 1990 in
2051 1967 2093 1990 eo
2121 1968 2247 2000 cogno-

1261 2004 1407 2035 scendae
1437 2009 1469 2035 et
1500 2004 1642 2034 tuendae
1673 2003 1845 2034 doctrinae
1876 2001 2086 2034 Phristianae
2115 2010 2247 2034 cresce·

1262 2049 1333 2083 bat,
1364 2047 1598 2089 peregrinatus
1622 2053 1674 2077 est
1697 2057 1755 2087 per
1777 2045 1971 2083 Thraciam,
2002 2046 2192 2088 Aegyptum
2215 2052 2246 2077 et

1262 2097 1363 2122 totam
1388 2089 1457 2122 sere
1476 2091 1604 2128 Asiani,
1629 2097 1663 2122 ut
1688 2088 1861 2122 Ecclesias
1885 2089 2082 2131 praecipuas
2106 2089 2246 2127 videret,

1262 2140 1293 2165 et
1323 2134 1354 2164 in
1386 2133 1438 2165 his
1468 2134 1612 2171 audiret,
1643 2144 1709 2164 non
1739 2132 1849 2165 solutu
1880 2133 1958 2174 quid
1990 2133 2156 2170 dicerent,
2186 2132 2247 2164 sed

1261 2178 1357 2209 etiam
1382 2188 1401 2208 a
1425 2179 1543 2220 quibus
1568 2177 1752 2209 doctrinam
1775 2178 1996 2218 accepissent.

1348 2219 1429 2253 Tale
1471 2221 1613 2252 studium
1655 2220 1871 2262 inquirendae
1905 2219 2052 2251 veritatis
2096 2217 2247 2261 profecto

1262 2263 1361 2296 laude
1380 2265 1514 2307 dignum
1536 2271 1603 2295 est:
1630 2263 1668 2295 Et
1692 2264 1741 2295 sic
1761 2264 1992 2305 peregrinatus
2011 2269 2061 2294 est
2079 2261 2248 2296 irenaeus.

1261 2308 1316 2350 qui
1341 2318 1406 2340 non
1431 2309 1530 2339 modo
1556 2308 1722 2339 Asiaticas
1746 2313 1777 2339 et
1801 2307 1953 2338 Graecas
1978 2304 2169 2344 Ecclesias,
2193 2315 2247 2338 ve·

1262 2362 1333 2383 runt
1358 2352 1455 2383 etiam
1480 2349 1629 2383 Gallicas
1654 2357 1686 2382 et
1709 2349 1926 2382 Germanicas
1941 2350 2040 2381 *citat-

1350 2394 1452 2426 Ernnt
1477 2401 1543 2426 tum
1573 2395 1604 2426 in
1629 2392 1793 2426 Ecclesiis
1824 2393 1970 2436 collegia
1998 2392 2188 2424 docentium
2215 2397 2248 2425 et

1262 2438 1478 2476 discentium,
1515 2437 1634 2470 similia
1671 2437 1907 2480 prophetarum
1942 2442 1974 2468 et
2011 2433 2249 2477 Apostolorum

1264 2481 1408 2519 scholis,
1437 2483 1468 2513 in
1497 2483 1616 2524 quibus
1644 2482 1911 2512 conservabatur
1933 2480 2086 2512 doctrina
2107 2484 2250 2521 accepte

2310 1666 2314 1671 ,
2298 1556 2315 1617 Δι’-ι
2293 1510 2306 1528 ⁴-

1262 2535 1282 2556 a
1304 2525 1478 2567 discipulis
1504 2523 1751 2567 Apostolorum.
1799 2523 1839 2555 Et
1868 2523 1927 2556 suit
1955 2533 2022 2555 non
2045 2521 2150 2556 multo
2172 2527 2250 2555 auh
2293 2547 2304 2557 .

1263 2575 1374 2600 natum
1400 2567 1556 2601 Basilium
1582 2568 1768 2610 Gregorius
1792 2566 2108 2604 Neomenias-tensis,
2135 2565 2192 2609 qui
2214 2569 2251 2598 et

1262 2610 1445 2654 discipulos
1480 2611 1720 2653 Apostolorum
1753 2612 1922 2650 audierat,
1962 2616 1994 2642 et
2027 2610 2151 2652 optim·
2183 2607 2250 2641 fid·

1261 2665 1375 2687 eorum
1407 2656 1591 2687 doctrinam
1621 2656 1810 2687 retinuerat.
1856 2653 1919 2685 nto
1948 2651 2104 2686 refutavit
2131 2652 2249 2686 Suu·-
