2324 2958
63 170 126 203 497

62 264 134 297 neri
157 269 270 295 votum
298 259 386 293 fecit.
435 258 617 292 Somniavit
641 258 759 300 igitur,
790 259 885 300 quasi
907 258 1034 291 iubere·
1059 258 1063 274 ¹

63 314 117 339 tur
139 317 158 338 a
180 305 329 342 Venere,
359 312 502 335 coronas
532 311 574 333 ex
603 301 691 332 rosis
714 300 837 339 factas,
865 302 1033 342 impositas

63 355 193 382 statuae
214 347 376 384 Veneris,
405 354 550 382 sumere,
583 350 616 375 et
639 353 799 385 coquere,
835 350 868 375 et
890 345 966 375 inde
988 342 1034 374 la·
1061 364 1063 401 Ι

65 388 144 424 v‘are
166 390 294 428 faciem.
340 389 387 420 lta
409 388 469 420 {uit
491 393 616 419 curata.
661 386 758 418 Lavit
781 396 819 417 se
843 387 975 418 coronis
997 384 1034 417 il-

64 434 106 467 lis
139 444 180 466 ex
213 433 324 470 rosis,
365 438 398 463 et
420 430 515 462 rediit
541 429 678 472 pristina
708 427 874 471 elegantia
896 428 1034 467 formae,

64 485 200 520 propter
226 485 323 517 quam
351 474 493 515 expetita
516 479 567 504 est
588 483 609 503 a
631 470 738 514 Cyro,
773 477 806 503 et
834 478 910 512 post
939 471 1035 503 huius

64 527 201 553 mortem
223 529 244 549 a
260 517 362 548 fratre
381 518 567 548 Artaxerxe
585 514 770 546 Mnemone.
816 514 938 546 Postea
957 525 1035 545 con-

63 563 217 595 taminata
250 566 319 598 est,
354 560 451 590 etiam
484 569 542 600 per
570 556 654 589 alias
684 558 832 588 incestas
861 563 1036 589 consuetu-

64 606 168 638 dines.
211 603 336 635 Darius
365 601 452 633 filius
481 610 582 632 ausus
605 605 656 632 est
677 605 792 641 petere
816 610 835 631 a
858 608 952 642 patre
973 599 1035 630 Ar-

63 655 211 684 taxerxe,
230 646 282 678 die
306 644 528 676 coronationis
552 652 633 674 suae
657 643 804 684 (quando
829 643 1035 674 consuetudo

63 696 149 728 erat,
178 696 214 721 ut
239 687 320 720 nihil
342 687 464 729 petenti
486 687 721 728 denegaretur)
742 684 911 718 mulierem
935 685 1036 717 illam.

63 732 162 765 Pater
183 742 255 764 non
273 730 385 763 ferens
408 730 479 762 eius
502 729 711 767 desiderium,
735 739 852 760 rursus
875 739 947 760 eam
969 727 1036 760 filio

63 776 192 808 ademit.

149 818 216 850 Sed
242 816 299 848 illa
322 815 448 847 curatio
478 813 603 846 scabiei
626 824 685 855 per
708 823 805 845 rosas
829 820 957 853 coctas,
981 814 1037 845 ha-

65 862 119 892 bet
147 862 243 892 etiam
272 858 444 901 physicum
474 856 615 899 aliquid,
648 857 723 898 quia
747 866 825 888 rosa
848 857 947 888 habet
970 857 1035 887 vim

63 902 284 945 abstergendi.
348 900 487 936 Quando
524 900 615 941 pueri
649 899 773 930 habent
806 909 923 930 manus
963 909 1036 930 sca-

61 946 201 984 biosas,
238 945 357 976 videtis
387 953 445 975 eos
475 953 606 974 sumere
639 941 760 984 aliquid
783 942 970 980 atramenti,
1005 946 1037 973 et

61 986 198 1020 allinere
228 987 388 1029 pustulis,
421 987 496 1028 quia
519 991 735 1017 atramentum
758 985 884 1016 arrodit
907 991 939 1016 et
961 985 1037 1016 abs-

62 1032 168 1072 tergit.
232 1030 329 1065 Quod
351 1035 429 1061 sunt
458 1029 564 1060 morbi
591 1028 714 1070 proprii
738 1026 1037 1059 scholasticorum?

62 1073 222 1111 Scabies,
245 1072 441 1110 catarrhus,
465 1073 648 1113 Paupertas
673 1080 859 1102 crumenae.

147 1116 256 1148 Tertia
280 1115 459 1146 differentia
487 1121 537 1146 est
567 1114 674 1146 vicina
702 1114 813 1154 priori.
868 1112 959 1144 Vera
981 1113 1037 1144 mi-

62 1158 177 1191 racula
207 1163 391 1200 congruunt
423 1168 496 1189 cum
524 1156 712 1197 praeceptis
742 1155 806 1187 Dei
830 1161 921 1187 recte
943 1155 1037 1187 intel-

61 1200 176 1240 lectis,
199 1207 230 1232 et
254 1212 328 1233 cum
352 1210 514 1241 expresso
543 1200 667 1236 verbo,
698 1204 730 1230 et
761 1198 841 1230 fiunt
868 1199 911 1230 ad
939 1198 1036 1230 huius

61 1244 352 1276 confirmationem.
409 1242 548 1278 Quando
579 1242 677 1283 igitur
699 1240 892 1273 miraculum
916 1241 971 1280 fit,
994 1242 1037 1273 ad

60 1285 288 1318 stabiliendam
305 1284 512 1317 manifestam
528 1285 725 1326 impietatem
743 1290 943 1326 pugnantem
962 1295 1036 1316 cum

57 1329 244 1371 praeceptis
274 1328 355 1366 Dei,
383 1335 439 1360 aut
465 1328 506 1360 ad
530 1327 779 1359 confirmandos
803 1337 934 1359 errores
958 1337 1036 1359 con-

59 1372 181 1404 trarios
211 1372 313 1402 verbo
343 1371 426 1408 Dei;
458 1377 538 1402 tunc
566 1380 634 1401 non
658 1376 707 1402 est
732 1370 876 1401 divinum
898 1370 1036 1402 miracu-

58 1413 145 1453 lum,
167 1415 227 1447 sed
251 1413 414 1446 diabolica
435 1412 556 1445 illusio.

144 1457 238 1489 Hanc
271 1467 419 1488 normam
443 1455 641 1487 diiudicandi
670 1454 828 1486 miracula
856 1455 954 1486 tradit
981 1454 1034 1486 lex

59 1501 132 1541 ipsa
155 1498 291 1531 Denter.
315 1499 382 1537 13„
412 1499 519 1540 quod,
545 1498 678 1540 quando
705 1497 866 1530 miracula
887 1505 1035 1540 pugnant

59 1553 132 1574 cum
157 1542 306 1573 doctrina
330 1543 420 1582 prius
443 1542 564 1572 tradita
586 1551 606 1572 a
630 1540 714 1579 Deo,
739 1547 771 1572 et
793 1540 873 1572 fiunt
896 1542 938 1573 ad
958 1551 1036 1573 con-

58 1583 274 1615 firmationem
297 1583 437 1615 alicuius
461 1583 622 1620 sceleris,
647 1585 713 1615 sint
735 1584 949 1625 repudianda.
993 1583 1036 1614 Et

57 1626 134 1668 quia
167 1626 281 1659 notitia
313 1625 477 1668 Decalogi
512 1627 662 1658 omnibus
691 1626 879 1658 hominibus
909 1625 1035 1667 aliquo-

57 1670 155 1701 modo
179 1675 231 1701 est
252 1668 368 1707 insita,
402 1667 500 1700 facile
522 1675 633 1709 potest
655 1670 752 1700 etiam
775 1680 796 1700 a
818 1668 909 1700 sanis
932 1669 1034 1700 homi-

57 1713 156 1744 nibus
189 1712 346 1750 iudicari,
379 1722 446 1744 non
477 1722 555 1743 esse
583 1712 830 1743 assentiendum
853 1710 1032 1749 miraculis,

59 1755 178 1796 quibus
201 1754 387 1795 postulatur
409 1753 531 1797 aliquid
555 1761 670 1786 contra
693 1760 869 1795 praecepta
891 1754 971 1792 Dei,
1000 1760 1034 1786 ut

59 1808 132 1829 cum
160 1796 313 1829 libidines
341 1804 462 1836 tetrae,
498 1803 553 1829 aut
575 1799 789 1829 mactationes
820 1797 1032 1828 humanarum

58 1840 240 1872 hostiarum
263 1839 428 1872 stabilitae
449 1847 525 1872 sunt
548 1851 608 1881 per
630 1839 787 1872 miracula
811 1840 961 1872 Ethnica.

144 1883 306 1923 Aspasiae
340 1882 531 1914 miraculum
564 1882 680 1915 habuit
712 1889 830 1914 tetram
861 1883 1032 1914 confirma-

57 1926 194 1963 tionem,
218 1936 284 1957 non
313 1924 420 1957 solum
444 1925 664 1964 idololatriae,
692 1926 753 1957 sed
775 1926 870 1957 etiam
895 1927 1032 1968 turpitu-

57 1969 142 2000 dinis
164 1968 266 2006 illius,
291 1979 376 2009 quae
400 1970 616 2000 exercebatur
639 1974 809 2010 praetextu
834 1967 942 2001 cultus
966 1969 1032 2000 Ve-

57 2012 155 2043 neris.
210 2010 352 2043 (alchas
383 2012 509 2042 etiamsi
537 2022 650 2043 verum
673 2012 769 2049 dixit,
789 2019 896 2043 tamen
919 2018 1032 2053 postu-

56 2053 136 2086 lavit
164 2053 323 2085 immolari
358 2053 569 2096 Iphigeniam.
626 2055 660 2085 ld
691 2055 776 2086 ratio
800 2054 951 2097 intelligit
973 2066 1030 2097 pu-

57 2107 158 2139 gnare
181 2107 253 2129 cum
279 2104 471 2139 praecepto:
494 2096 571 2128 Non
593 2098 728 2129 occides.

143 2139 266 2172 Eadem
303 2140 417 2181 regula
446 2141 588 2171 tenenda
616 2147 667 2172 est
695 2142 736 2172 de
767 2141 1030 2182 apparitionibus

57 2188 278 2224 specu-orum:
301 2189 337 2214 ut
361 2193 433 2214 cum
458 2181 621 2215 Diabolus
644 2184 791 2225 apparuit
815 2183 952 2221 Latino,
976 2184 1030 2215 ho-

56 2226 131 2257 mini
165 2224 313 2267 plebeio,
348 2232 383 2257 ut
417 2226 513 2257 iussit
547 2236 620 2257 eum
655 2225 780 2257 referre
807 2226 850 2257 ad
881 2232 1029 2258 senatum

54 2267 236 2300 Romanem
266 2269 306 2300 de
335 2269 559 2300 instaurandis
588 2267 674 2299 ludis
703 2268 932 2301 Circensibus:
967 2269 1030 2305 Qui

55 2321 130 2343 cum
159 2312 248 2343 initio
278 2310 380 2343 nollet
411 2311 523 2343 facere
552 2312 727 2352 imperata,
757 2311 921 2344 interfecit
950 2311 1030 2344 Dia-

55 2352 153 2385 bolus
175 2354 276 2386 filium
300 2355 381 2386 eius.

140 2396 214 2428 Non
237 2404 313 2429 ante
335 2395 457 2428 multos
477 2407 585 2428 annos
609 2397 699 2428 venit
716 2403 883 2439 spectrum
902 2398 942 2429 ad
962 2409 1028 2430 mu-

55 2437 167 2470 lierem
189 2440 221 2470 in
245 2438 318 2471 foro
340 2440 588 2481 Brandeburgi,
618 2440 730 2481 specie
753 2441 814 2471 viri
837 2441 974 2479 mortui3
997 2448 1029 2472 et

56 2481 133 2512 dixit
163 2482 204 2512 ad
228 2492 316 2514 eum:
349 2482 399 2516 Tu
423 2483 574 2521 curabis,
608 2490 642 2514 ut
673 2489 719 2514 tot
743 2482 870 2514 Missae
892 2494 953 2524 pro
977 2495 1028 2516 me

55 2522 218 2565 legantur,
237 2526 312 2567 quia
336 2536 408 2557 sum
432 2526 462 2556 in
486 2526 690 2567 purgatorio,
711 2532 742 2557 et
765 2525 863 2557 valde
886 2528 1026 2558 crucior.

54 2565 189 2605 Mulier,
222 2568 298 2609 quia
327 2578 428 2610 saepe
455 2569 641 2607 audiverat,
673 2578 740 2599 non
770 2569 878 2600 redire
901 2570 1026 2601 animas

53 2615 274 2649 mortuorum,
307 2612 366 2643 sed
401 2617 533 2653 spectra
568 2611 728 2643 eiusmodi
761 2621 838 2643 esse
866 2612 1027 2654 imagines

206 2678 350 2698 niumm.
359 2679 439 2699 OPER.
455 2679 518 2699 VOL
528 2678 608 2700 XXIV.

741 164 957 198 POSTILLA
984 162 1383 196 MELANTHONIANA„

1062 888 1065 902 l

1997 164 2061 196 498

1086 255 1238 294 Diaboli,
1273 255 1456 296 respondit:
1494 255 1539 286 Tu
1572 266 1634 287 non
1667 267 1700 289 es
1730 268 1815 290 meus
1843 259 1997 296 maritus,
2027 268 2060 290 es

1087 299 1257 331 Diabolus.
1302 298 1382 329 Mox
1404 299 1535 329 evanuit
1560 305 1736 340 spectrum.

1173 341 1249 373 Dixi
1284 342 1380 373 etiam
1404 341 1499 371 vobis
1528 340 1610 372 alias
1640 341 1726 374 hanc
1754 342 1942 381 historiam,
1977 354 2060 385 quae

1087 391 1140 416 est
1162 395 1242 416 vera
1273 384 1431 415 narratio:
1476 383 1583 414 Habui
1612 386 1757 424 amitam,
1792 386 1966 418 honestam
1994 397 2060 418 ma—

1087 434 1232 466 tronam,
1266 437 1350 469 quae
1380 436 1452 457 cum
1479 427 1585 466 partui
1616 427 1742 466 vicina,
1774 430 1891 460 marito
1921 435 2059 464 mortuo,

1087 470 1220 502 sederet
1241 475 1370 501 moesta
1387 469 1430 500 ad
1452 467 1561 500 focum
1588 471 1728 510 vesperi,
1751 472 1971 503 ascenderunt
1995 473 2060 504 duo

1087 523 1146 554 per
1169 509 1293 555 gradus
1318 513 1417 548 (sicut
1441 510 1536 543 focus
1561 512 1593 543 in
1612 511 1780 543 Rhenanis
1798 514 1956 545 aedificiis
1975 514 2061 547 solet

1088 564 1164 587 esse
1186 556 1220 587 in
1241 556 1348 587 media
1372 555 1643 596 contignatione).
1699 554 1793 587 Alter
1821 557 1964 588 habebat
1987 568 2061 599 spe-

1089 599 1171 630 ciem
1195 599 1300 630 mariti
1323 598 1454 629 mortui:
1479 595 1562 628 alter
1584 596 1705 640 longus
1730 605 1762 629 et
1785 600 1942 631 robustus
1961 599 2061 632 habe·

1088 643 1145 673 bat
1167 641 1383 673 franciscani
1402 639 1557 671 Monachi
1576 642 1731 681 speciem.
1776 640 1855 672 Erat
1876 642 1964 673 circa
1983 648 2062 674 tem-

1087 695 1150 725 pus
1174 693 1298 715 coenae
1321 684 1353 714 in
1374 683 1491 714 hieme.
1537 683 1674 714 Accedit
1697 685 1795 725 igitur
1825 685 1866 715 ad
1889 683 1998 716 focum
2021 687 2061 723 is,

1089 727 1143 768 qui
1167 727 1317 758 induerat
1339 726 1444 757 mariti
1468 727 1612 766 speciem
1627 752 1635 767 ,
1665 725 1785 758 salutat
1813 737 1950 758 uxorem
1973 738 2062 760 moe-

1088 777 1189 800 stam:
1224 769 1264 800 Et
1287 779 1325 800 ne
1346 778 1562 809 expui-esras,
1586 769 1706 811 inquit,
1729 779 1796 800 sum
1819 771 1956 801 maritus
1977 775 2061 802 tuns.

1088 811 1207 843 Mulier
1241 813 1335 843 sedet
1369 813 1522 849 attonita,
1556 818 1586 843 et
1617 818 1722 843 tamen
1747 819 1913 854 utcunque
1937 823 1973 844 se
1996 813 2063 845 col-

1088 853 1169 896 ligit.
1215 854 1273 885 Ille
1302 854 1558 885 Franciscanum
1582 855 1671 886 iubet
1694 856 1856 895 tantisper
1878 856 2006 898 ingredi
2030 858 2062 887 in

1087 897 1339 939 hypocaustum.
1394 896 1524 928 Deinde
1554 898 1630 929 dicit
1658 898 1699 929 ad
1726 897 1910 935 mulierem,
1944 909 1981 930 se
2009 909 2064 931 ve-

1088 942 1195 978 nisse,
1230 947 1265 973 ut
1299 940 1453 971 mandata
1481 940 1643 981 quaedam
1672 941 1701 972 ei
1729 942 1792 972 det.
1849 941 2003 976 Queritur
2025 952 2064 973 se

1089 983 1230 1015 cruciari
1263 984 1296 1014 in
1324 984 1533 1025 purgatorio;
1567 984 1644 1023 petit
1673 983 1880 1016 sacrificulos
1911 985 2063 1023 conduci,

1089 1027 1142 1068 qui
1156 1025 1279 1057 Missas
1300 1025 1471 1057 celebrent
1489 1026 1529 1056 ad
1548 1026 1654 1067 ipsum
1671 1025 1888 1058 liberandum.
1928 1027 2064 1059 Disces-

1089 1079 1188 1101 surus
1213 1068 1371 1110 postulat,
1389 1075 1423 1100 ut
1448 1069 1509 1099 sibi
1534 1069 1683 1100 dextram
1701 1071 1858 1112 porrigat.
1904 1069 1963 1102 llla
1987 1081 2064 1102 cun-

1090 1117 1215 1149 ctatur,
1238 1112 1411 1149 dubitans,
1433 1118 1541 1142 utrum
1565 1113 1594 1144 ei
1624 1122 1754 1143 manum
1778 1114 1841 1144 det.
1886 1113 1969 1145 Tum
1991 1112 2064 1145 ille:

1087 1154 1145 1186 Da
1167 1154 1258 1193 mihi,
1282 1155 1396 1196 inquit,
1420 1155 1580 1192 ‹lm-tram,
1603 1164 1665 1186 non
1688 1156 1814 1187 laedam
1838 1160 1876 1187 te.
1924 1156 1971 1187 lta
1988 1167 2064 1197 por-

1089 1198 1173 1228 rexit
1207 1198 1236 1229 ei
1270 1208 1401 1228 manum
1428 1196 1560 1237 mulier,
1594 1208 1678 1239 quae
1709 1200 1772 1230 etsi
1796 1209 1863 1230 non
1886 1205 1937 1230 est
1960 1198 2064 1237 laesa,

1088 1247 1196 1272 tamen
1232 1247 1302 1271 atra
1336 1239 1424 1271 facta
1458 1247 1507 1271 est
1542 1241 1648 1272 instar
1676 1242 1849 1280 carbonis,
1883 1249 1914 1273 et
1944 1243 2065 1273 mansit

1087 1294 1204 1315 manus
1233 1290 1304 1314 atra
1332 1294 1392 1325 per
1422 1290 1523 1314 totam
1547 1284 1656 1315 vitam.
1713 1284 1786 1315 Non
1812 1286 1919 1316 amisit
1942 1292 2064 1317 motum

1087 1337 1215 1365 manus,
1235 1326 1294 1357 sed
1317 1332 1440 1357 tantum
1465 1325 1610 1358 colorem
1633 1327 1815 1367 pristinum.
1862 1327 1985 1359 Postea
2009 1327 2064 1360 ille

1087 1375 1221 1400 revocat
1253 1379 1349 1401 suum
1378 1369 1654 1408 Franciscanum,
1687 1377 1719 1401 et
1748 1371 1957 1403 discedentes
1987 1382 2063 1402 mox

1086 1418 1298 1444 evanescunt.

1173 1455 1272 1496 Apud
1297 1454 1494 1496 Gregorium
1518 1453 1674 1497 leguntur
1703 1457 1910 1488 narrationes
1939 1456 2062 1489 similes

1086 1496 1224 1536 multae,
1249 1498 1370 1538 quihus
1393 1496 1450 1529 ille
1474 1498 1632 1538 deceptus
1655 1499 1793 1530 instituit
1815 1500 1962 1540 privatas
1983 1499 2063 1531 Mis-

1087 1550 1145 1572 sas
1168 1550 1228 1582 pro
1253 1538 1427 1571 defunctis.
1484 1540 1540 1571 Ait
1568 1539 1672 1572 fuisse
1700 1548 1914 1584 conspectam
1937 1541 2063 1575 Monia-

1086 1582 1151 1614 lem
1173 1583 1336 1624 quandam
1360 1588 1436 1623 post
1464 1590 1620 1622 mortem,
1649 1594 1735 1626 quae
1757 1583 1893 1616 liberius
1917 1587 2061 1623 vixerat3

1086 1626 1146 1657 sed
1167 1636 1241 1657 cum
1258 1624 1366 1657 lectae
1382 1625 1523 1657 tuissent
1542 1625 1667 1658 Missae
1684 1638 1744 1668 pro
1763 1638 1812 1663 ea,
1831 1638 1898 1659 non
1920 1628 2060 1670 amplius

1086 1669 1192 1700 visum
1227 1678 1303 1699 esse
1337 1675 1514 1708 spectrum.
1571 1669 1660 1701 Idem
1688 1669 1831 1702 affirmat
1855 1672 1895 1702 de
1919 1672 2060 1713 quodam

1086 1710 1294 1749 balneatore,
1324 1712 1378 1752 qui
1408 1721 1480 1741 cum
1504 1721 1605 1753 saepe
1627 1719 1704 1754 post
1728 1720 1865 1745 mortem
1891 1716 2059 1756 apparuis-

1085 1760 1136 1785 set
1159 1755 1190 1785 in
1215 1753 1344 1791 balneo,
1363 1755 1495 1785 desierit
1516 1765 1688 1796 apparere,
1712 1763 1930 1798 posteaquam
1953 1757 2061 1789 lectae

1085 1803 1195 1828 essent
1218 1808 1277 1838 pro
1302 1807 1342 1827 eo
1366 1796 1501 1828 Missae.
1552 1796 1687 1830 Talibus
1711 1800 1853 1840 spectris
1878 1800 2061 1832 cumulatae

1084 1847 1158 1871 sunt
1181 1841 1434 1880 superstitiones
1460 1840 1490 1871 in
1515 1839 1650 1882 Papatu.
1702 1841 1769 1873 Sed
1801 1843 1874 1883 quia
1903 1844 2059 1884 scriptum

1084 1890 1155 1914 est:
1203 1883 1279 1913 Non
1302 1884 1456 1924 exquiras
1482 1887 1647 1915 riv-itatem
1677 1896 1697 1916 a
1721 1887 1872 1917 mortuis.-
1903 1893 1933 1917 et
1956 1886 2060 1918 Missa

1084 1925 1289 1958 manifestam
1313 1927 1509 1967 impietatem
1532 1926 1647 1965 habet,
1676 1938 1742 1958 non
1767 1929 1907 1960 debehat
1933 1929 2060 1972 Grego-

1083 1970 1162 2007 rius,
1185 1976 1240 2000 aut
1265 1968 1319 2000 alii
1342 1970 1465 2000 moveri
1490 1969 1563 2000 istis
1587 1972 1744 2010 spectris;
1767 1973 1851 2004 sicut
1872 1973 2058 2004 econtrario

1083 2022 1149 2044 non
1174 2012 1270 2043 debet
1299 2013 1395 2043 abiici
1424 2011 1589 2053 professio
1621 2015 1782 2052 veritatis,
1817 2022 1873 2046 aut
1903 2016 2058 2057 quidquid

1083 2066 1158 2087 cum
1181 2056 1284 2086 verbo
1308 2055 1371 2086 Dei
1396 2056 1565 2097 congruit,
1596 2057 1722 2088 etiamsi
1746 2058 1915 2099 contingat
1937 2057 2057 2100 aliquid

1083 2104 1212 2140 praeter
1235 2100 1421 2139 opinionem
1445 2105 1610 2137 nostram,
1634 2110 1764 2141 quoquo
1789 2102 1897 2131 modo.

1168 2140 1240 2172 Fuit
1265 2141 1404 2172 Bremae
1428 2141 1558 2182 quidam
1583 2143 1644 2173 sub
1669 2143 1791 2174 initium
1815 2144 2057 2185 repurgatlonis

1082 2183 1253 2225 Evangelii
1277 2185 1379 2225 (quod
1402 2183 1566 2215 Henricus
1590 2185 1852 2226 Sudphaniensis
1871 2188 1994 2227 primus
2013 2187 2057 2218 ibi

1083 2227 1207 2264 docuit)
1238 2228 1291 2268 qui
1322 2225 1408 2258 clam
1437 2227 1598 2259 eximebat
1629 2228 1812 2270 extemplo
1836 2235 1980 2267 statum,
2014 2230 2057 2261 ad

1082 2280 1165 2311 quas
1188 2270 1315 2301 viderat
1338 2280 1514 2301 accurrere
1535 2269 1685 2302 homines
1709 2282 1827 2313 magno
1851 2282 1999 2310 numero,
2021 2279 2057 2304 ut

1083 2313 1183 2343 moris
1206 2312 1265 2344 fuit
1288 2313 1319 2343 in
1340 2312 1475 2354 Papatu.
1522 2313 1569 2344 Ex
1594 2312 1656 2344 illis
1681 2315 1799 2345 statuis
1822 2313 1950 2356 aliquas
1969 2316 2057 2347 domi

1081 2366 1162 2387 suae
1186 2356 1411 2387 comburebat.
1457 2355 1596 2391 Quidam
1628 2358 1697 2387 eius
1718 2357 1863 2395 vicinus,
1886 2357 1985 2389 homo
2008 2357 2055 2390 fe-

1080 2399 1205 2438 stivus,
1240 2406 1388 2430 metuens
1413 2399 1460 2436 ei,
1495 2410 1535 2430 ne
1564 2410 1583 2430 a
1608 2399 1780 2439 Papisticis
1804 2399 1998 2433 sacrificulis
2022 2402 2055 2432 in

1080 2442 1255 2473 discrimen
1275 2442 1505 2480 adduceretur,
1523 2443 1549 2472 si
1570 2441 1874 2483 depraehenderent
1894 2454 1966 2475 eum
1983 2454 2055 2476 sur-

1079 2485 1249 2525 ripientem
1274 2492 1419 2522 statuas,
1442 2485 1550 2516 iniecit
1571 2485 1600 2515 in
1626 2496 1721 2516 unam
1744 2485 1888 2527 anquam
1912 2493 2055 2519 statuam

1080 2534 1191 2569 (quam
1215 2527 1269 2558 ille
1293 2526 1453 2569 gloriatus
1477 2526 1582 2558 fuerat
1603 2537 1639 2558 se
1660 2529 1801 2569 vesperi,
1822 2530 1930 2561 invitis
1950 2531 2054 2562 omni-

1078 2571 1158 2608 bus,
1182 2572 1213 2602 in
1238 2571 1368 2601 domum
1391 2580 1482 2600 suam
1505 2577 1726 2610 portaturum,
1757 2579 1787 2602 et
1811 2571 2053 2614 hypocaustum

1077 2613 1153 2644 inde
1177 2612 1411 2645 calefactumm
1435 2621 1525 2646 esse)
1549 2613 1580 2644 in
1605 2623 1677 2645 eam
1695 2624 1776 2656 ergo
1799 2615 1908 2648 iniecit
1930 2615 2053 2658 aliquid

1851 2676 1883 2700 32
