2324 2958
156 133 219 167 435
841 131 953 165 Pau,-
975 131 1084 164 huz-1„
1100 129 1287 165 SCRIPTA
1308 129 1571 164 EXEGBTICA.
2084 133 2148 167 4³6

1264 222 1385 257 Habuit
1416 234 1492 259 mos
1524 224 1632 256 ieiunii
1665 224 1698 257 in
1721 224 1824 256 veteri
1846 223 2019 264 Ecclesia,
2040 227 2148 260 tetiam

1179 276 1250 298 cum
1273 272 1391 298 auctus
1408 265 1473 300 -fuit
1494 276 1649 298 numerus
1672 266 1797 298 dierum
1819 266 1939 304 ieiunii,
1959 267 2148 301 hane-eom-

1177 308 1462 347 monefactiunem,
1494 308 1634 346 scilieet,
1669 315 1704 340 ut
1732 308 1949 342 abhorrerent
1970 308 2149 343 christiani

1176 352 1218 383 ab
1241 349 1297 382 illa
1318 352 1545 383 obscoenitate
1568 350 1827 383 Bacchanalium
1850 358 1884 383 et
1904 351 2148 394 Lupercalium,

1175 400 1260 435 quae
1292 393 1345 426 his
1375 395 1459 436 ipsis
1493 395 1607 426 diebus
1641 393 1890 427 celebrabantur
1917 395 1960 426 ab
1988 394 2147 427 Ethnieis.

1174 436 1257 467 Nam
1293 437 1343 468 bis
1368 437 1582 468 celebrabant
1605 435 1733 468 Ethnici
1763 436 1986 469 Bacchanalia
2009 444 2147 479 quotan-

154 482 223 513 Sed
243 480 374 513 fuerunt
396 482 514 513 ieiunia
536 479 592 512 illa
614 479 782 512 dissimilia
805 480 862 517 iis,
897 488 981 520 quae
1008 486 1125 519 postea
1175 479 1237 517 nis,
1260 479 1388 511 scilicet
1411 479 1474 511 hoc
1487 485 1646 520 tempore,
1669 480 1731 510 sub
1742 480 1865 511 initium
1877 479 1995 517 Veris;
2016 486 2050 512 et
2071 487 2149 522 post

155 523 285 556 fuerunt
307 525 340 556 in
364 523 502 566 Papatu.
1148 522 1149 525 ’
1177 522 1382 560 vindemiam,
1404 522 1437 554 in
1461 522 1639 554 Autumno.
1684 521 1842 554 Homines
1874 521 2016 554 libenter
2036 533 2148 555 eumu-

239 565 441 608 Epiphanius
476 566 590 598 scribit
622 566 810 597 nominasse
833 574 892 595 eos
920 563 1039 594 ieiunia
1061 563 1124 594 ista
1147 582 1150 607 3
1173 562 1242 595 lant
1265 563 1355 602 talia,
1377 574 1464 606 quae
1485 571 1607 606 augent
1629 571 1661 596 et
1685 565 1869 596 concedunt
1896 563 2071 598 licentiam.

156 609 187 640 in
210 609 366 652 Aegypto
388 613 579 650 ξηροφαγίας,
603 609 633 640 id
657 616 720 645 est,
743 610 840 639 edere
861 609 957 643 sicca,
980 616 1046 637 non
1071 616 1122 635 co·
1147 621 1150 652 ι
1260 605 1481 639 Bacchanalia
1504 614 1577 639 orta
1599 613 1675 638 sunt
1696 607 1907 639 aThebanis.
1935 607 2148 650 Lupercalia,

155 659 218 689 eta,
240 659 275 683 ut
298 651 504 694 amygdalas,
527 651 624 689 fieus,
647 661 753 692 poma,
777 657 808 681 et
830 659 884 680 res
899 647 1032 679 similes.
1062 648 1123 678 Ta·
1147 674 1149 683 <
1174 649 1206 679 id
1229 654 1296 686 est,
1327 648 1451 681 cultum
1474 649 1592 688 Panis,
1618 651 1812 681 invexerunt
1840 650 1871 681 in
1895 649 2021 682 ltaliam
2044 651 2148 683 Aroa-

153 694 217 726 lent
250 698 432 737 ξηροφαγίαν
465 701 639 725 servarunt
675 693 764 724 cirea
796 699 924 732 tempus
958 691 1150 732 passionis,
1175 692 1246 728 des,
1280 691 1334 732 qui
1368 691 1500 724 fuerunt
1531 693 1650 734 partim
1673 700 1837 734 pastores,
1859 690 2147 734 partim'homlnes

153 735 285 769 Christi.
330 739 367 769 In
390 739 449 769 der
470 738 675 769 karncochen.
717 736 766 766 Ac
789 745 907 766 nomen
930 735 1036 774 ipsum
1049 735 1123 764 kur·
1148 756 1149 767 i
1174 732 1346 765 militares:
1369 735 1456 766 sicut
1478 734 1575 767 hodie
1601 735 1750 767 Helvetii.
1819 735 1946 767 Passim
1969 734 2148 768 militarunt

154 782 291 819 reoclien,
326 787 377 811 est
400 779 452 811 vel
475 790 494 810 a
517 779 677 815 carendo,
712 776 764 808 rel
787 779 828 809 ab
852 779 938 813 beer,
961 777 1050 817 quod
1072 781 1123 807 est
1173 776 1336 807 mercede.
1404 776 1499 809 Unde
1531 779 1617 809 idem
1650 779 1770 810 dictum
1805 785 1855 809 est
1884 778 1926 810 de
1949 778 2148 817 Arcadibus,

154 823 242 863 ιερός,
266 821 319 854 vel
343 829 432 854 certe
455 833 474 853 a
496 824 612 859 kiiren,
636 821 666 852 id
691 827 753 857 est,
776 831 795 851 a
818 818 1002 861 deligendo.
1174 819 1263 859 quod
1287 819 1463 858 proverbio
1486 821 1528 851 de
1551 820 1691 852 Caribus
1716 821 1900 852 dicebatur:
1931 823 1995 853 Fac
2019 822 2147 862 pericu-

237 865 383 897 Fuerunt
405 865 504 907 igitur
526 864 615 895 initio
639 864 755 894 ieiunia
773 862 897 903 aliquot
910 862 1033 892 dierum
1054 871 1122 892 ser·
1146 867 1149 874 '
1173 864 1238 892 lum
1261 865 1294 892 in
1319 863 1411 894 Care.
1477 864 1555 894 Ilem
1578 866 1611 894 in
1634 865 1768 895 Arcade.
1835 863 2017 895 Colebatur
2038 870 2148 896 autem

153 914 240 945 vata,
263 914 294 939 et
316 908 446 950 quidem
469 906 566 938 valde
585 907 689 947 rigide
712 912 844 936 servata
867 903 1008 935 fuerunt.
1053 903 1121 935 Sed
1146 897 1149 926 ¹
1178 903 1248 935 Pan
1270 913 1291 934 a
1313 905 1513 945 pastoribus,
1537 912 1570 936 et
1591 905 1786 946 pingebatur
1809 905 1920 947 effigie
1944 916 2075 948 caprae.

152 949 309 992 paulatim
332 951 438 982 erevit
459 948 515 982 ille
538 958 691 980 numerus
716 949 851 979 dierum.
1260 945 1380 988 Vagati
1413 953 1490 978 sunt
1524 948 1621 988 igitur
1654 949 1685 978 in
1721 947 1958 988 Lupercalibus
1997 948 2147 981 homines

237 993 391 1024 Narravit
428 991 506 1024 mihi
545 990 730 1023 Cardinaiis
763 989 1050 1031 saltzburgensis,
1073 998 1122 1027 se,
1174 989 1264 1026 nudi,
1287 989 1348 1020 sed
1371 990 1449 1021 tecti
1472 988 1614 1030 pellibus
1638 990 1793 1031 caprinis.
1815 990 2150 1024 circumeat-suarum

155 226 289 259 multum
311 233 404 266 esset
427 227 459 257 in
482 235 522 257 eo
545 225 818 263 ceremoniarum)
841 225 1061 266 respondere,
1088 233 1127 255 se

155 279 220 301 non
244 270 368 301 moveri
391 267 456 300 huc
479 274 689 310 argument0;
712 269 789 310 quia
810 274 960 300 vetustas
981 265 1038 298 illa
1060 267 1125 298 cito

156 312 343 343 admisisset
361 310 496 342 multum
516 311 786 349 ceremoniarum,
808 311 961 352 opinione
985 309 1126 351 quadam

155 353 331 396 religionis.

240 397 312 439 hgo
345 402 424 438 puto
456 396 565 427 statim
598 402 675 437 post
704 402 853 436 tempora
875 392 1124 434 Apostolorum,

155 446 323 480 receptam
347 448 422 470 esse
444 438 477 470 in
501 437 697 474 Ecclesiam,
715 437 985 469 consuetudinem
1005 436 1123 467 ieiunii.

2295 124 2321 224 ςι

151 1045 225 1069 cum
247 1034 378 1077 legatus
401 1034 518 1067 suisset
540 1035 582 1066 ad
604 1033 716 1066 Iulium
741 1033 945 1069 Pontificem,
964 1032 1122 1064 habuisse

151 1079 305 1110 mandata
325 1079 367 1109 ab
391 1077 590 1119 Imperatore
612 1075 834 1109 Maximiliano
859 1075 980 1112 Primo,
1004 1081 1039 1105 ut
1064 1073 1123 1105 Pa-

150 1131 192 1162 pa
214 1121 367 1153 ieiunium
390 1120 672 1163 Quadragesimae
694 1119 904 1150 distribueret
926 1117 959 1148 in
983 1123 1122 1158 quatuor

149 1164 226 1195 anni
249 1168 379 1204 partes:
410 1164 486 1205 quia
513 1162 679 1194 hominum
701 1161 924 1193 conscientiae
948 1169 1123 1191 oneraren-

149 1213 202 1238 tur
220 1206 437 1248 quadraginta
459 1206 584 1237 dierum
606 1205 742 1242 ieiunio,
777 1211 809 1235 et
831 1204 907 1245 quia
930 1204 1026 1234 etiam
1050 1212 1122 1233 cor-

150 1258 234 1289 pora
267 1247 443 1279 multorum
476 1246 686 1279 laederentur
718 1247 855 1278 assiduo
889 1255 949 1277 esu
971 1246 1122 1286 piscium,

149 1291 221 1322 sive
242 1289 425 1328 salsorum,
449 1291 521 1322 sive
538 1290 728 1321 recentIum.
795 1288 868 1320 Hoc
899 1299 970 1320 cum
990 1288 1121 1318 nomine

150 1333 359 1375 lmperatoris
383 1333 508 1374 egisset
530 1343 604 1365 cum
623 1331 726 1372 Papa,
748 1331 838 1362 dedit
860 1329 914 1362 ille
936 1330 1122 1361 mandatum

148 1375 377 1408 cardinalibus
411 1376 592 1407 iunioribus
626 1380 778 1416 quatuor,
811 1380 846 1405 ut
869 1384 904 1404 re
938 1371 1121 1403 deliberata

147 1419 385 1460 responderent
418 1417 529 1459 legato
559 1417 781 1458 Imperatoris-
825 1414 875 1447 llli
898 1421 973 1456 post
999 1413 1120 1446 delibe-

147 1462 304 1493 rationem
338 1461 596 1502 responderunt,
630 1458 763 1500 placere
793 1459 873 1499 ipsis
909 1464 940 1489 et
973 1457 1119 1499 pontifici

147 1503 320 1536 eonsilium
343 1503 570 1545 Imperator-ist
591 1503 651 1534 sed
664 1502 787 1543 Papam
805 1511 871 1532 non
884 1511 986 1544 posse
1007 1499 1120 1533 facere

146 1547 370 1584 mutationem,
393 1547 464 1577 sine
487 1544 623 1577 aliorum
647 1555 763 1586 regum
780 1554 958 1577 consensu.
987 1543 1120 1575 Debere

147 1599 220 1621 eum
243 1599 344 1632 agere
367 1598 441 1621 cum
464 1587 551 1628 aliis,
574 1595 608 1620 ut
631 1588 716 1619 idem
739 1585 851 1619 velint.
879 1586 973 1619 Tunc
997 1586 1120 1628 Papam

147 1642 223 1664 esse
244 1631 494 1664 ratificaturum.

231 1675 316 1707 Puto
351 1685 410 1706 eos
442 1681 501 1706 aut
523 1673 712 1716 significare
735 1671 895 1710 voluisse,
931 1673 1018 1713 quod
1042 1682 1120 1703 con-

147 1717 260 1749 cordia
284 1717 326 1749 sit
349 1716 564 1749 anteferenda
588 1716 770 1753 mutationi,
804 1715 858 1747 vel
880 1715 1120 1757 tergiversatos
1145 1732 1147 1742 ι

148 1759 260 1799 fuisse,
294 1770 334 1792 ne
368 1761 445 1801 quid
480 1760 643 1791 decedere
673 1759 840 1790 videretur
864 1759 904 1789 de
926 1758 1120 1789 auctoritate

148 1804 269 1844 Papae,
292 1804 320 1833 si
343 1804 383 1834 ad
398 1801 652 1844 postulationem
667 1801 874 1843 imperatoris
897 1801 1021 1842 aliquid
1043 1810 1120 1832 con-

148 1846 319 1877 cessisset.

149 2011 268 2051 Estne
315 2011 504 2051 ieiunium
553 2010 893 2064 Quadragesimac
935 2024 1118 2049 neeessa-

575 2088 703 2127 rium?

234 2186 453 2228 Respondeo:
477 2186 562 2225 Non,
587 2186 672 2222 Quia
683 2187 815 2218 dicitur:
841 2186 976 2218 Frustra
998 2195 1049 2217 me
1069 2195 1118 2217 co-

146 2234 214 2262 lunt
235 2231 396 2262 mandatis
419 2231 587 2262 hominum.
632 2229 723 2268 item,
748 2231 845 2261 Nemo
868 2239 920 2261 ros
949 2230 1066 2260 imle'cet
1086 2232 1119 2260 t'n

147 2274 215 2305 cibo
237 2277 270 2304 ee
286 2278 371 2313 potu.
440 2272 482 2304 Ut
506 2278 615 2304 autem
638 2271 740 2304 multa
764 2271 846 2310 alia,
869 2282 954 2314 quaa
976 2281 1064 2303 nunc
1087 2272 1118 2303 in

148 2315 412 2357 superstitionem
433 2316 688 2356 degenerarunt,
711 2315 893 2347 habuerunt
917 2315 1005 2346 initio
1043 2323 1119 2346 onu-

148 2369 204 2390 sas
227 2357 354 2400 aliquas
388 2358 591 2399 probabiles,
622 2358 666 2389 ita
688 2358 840 2390 ieiunium
864 2365 915 2389 est
939 2358 1119 2390 institutum

148 2400 211 2432 hoc
231 2401 303 2441 ipso
329 2409 488 2441 tempore.
512 2408 545 2433 ut
569 2401 745 2432 Christiani
769 2402 968 2432 abstinerent
993 2411 1013 2431 a
1037 2400 1120 2431 Bac-

149 2443 355 2480 chanalibus,
390 2451 420 2475 et
456 2443 708 2485 Lupercalibus:
742 2453 816 2475 nam
839 2444 1028 2484 superstitio
1052 2441 1119 2479 illa,
1143 2455 1146 2465 =

149 2487 236 2528 quod
261 2487 410 2518 ieiunium
435 2495 524 2518 esset
549 2497 651 2519 eausa
674 2485 810 2525 salutis,
844 2494 874 2518 et
895 2487 1119 2518 necessarium

147 2530 188 2560 ad
213 2529 437 2561 remissionem
461 2537 683 2571 peccatorum,
707 2536 739 2562 et
750 2528 857 2562 cultus
871 2529 945 2567 Dei,
968 2530 1020 2562 diu
1044 2536 1119 2570 post

149 2572 291 2612 pervasit
316 2574 346 2604 in
371 2571 564 2605 Ecclesiam.

1010 2676 1028 2726 Ι

1146 1802 1147 1805 ’
1173 1801 1245 1837 viri,
1267 1798 1398 1841 puellae
1421 1804 1453 1831 et
1476 1805 1656 1831 matronae.

1143 2162 1145 2168 ‹
1172 2141 1242 2179 fuit,
1275 2149 1310 2173 ut

1174 1041 1234 1071 per
1256 1041 1380 1073 pagos;
1403 1039 1673 1074 compresserunt
1692 1031 1863 1064 mulieres:
1887 1032 1929 1064 Et
1952 1039 1987 1064 ut
1997 1031 2149 1065 libidines

1174 1072 1253 1106 illae
1275 1074 1561 1113 confirmat-entur,
1583 1074 1643 1106 fuit
1667 1085 1786 1116 sparsa
1808 1075 1892 1107 haec
1915 1076 2038 1116 opinio,
2060 1075 2150 1117 quod

1175 1115 1328 1148 mulieres
1351 1116 1483 1149 steriles
1508 1118 1625 1149 fierent
1649 1117 1820 1160 gravidae,
1844 1118 1874 1150 si
1891 1116 2150 1160 complecteren-

1174 1166 1226 1191 tur
1248 1169 1307 1190 eas
1331 1158 1482 1201 Luperci.

1259 1201 1385 1233 Romae
1408 1203 1502 1234 etiam
1525 1202 1675 1234 homines
1704 1201 1833 1234 nobiles
1863 1203 2094 1238 discurrebant
2117 1205 2150 1237 in

1174 1243 1428 1290 Lupercalibus,
1452 1243 1736 1286 amplectebantur
1763 1245 1938 1284 mulieres,
1971 1245 2150 1288 pulsabant

1173 1297 1291 1318 manus
1325 1286 1507 1325 mulierum,
1539 1294 1572 1319 et
1608 1286 1771 1319 faciebant
1797 1287 1886 1327 alia,¹
1912 1299 1996 1330 quae
2018 1287 2149 1321 fuerunt

1174 1329 1370 1361 occasiones
1394 1329 1569 1361 multorum
1581 1329 1752 1362 malorum.
1778 1330 1896 1363 Cicero
1909 1331 2021 1363 obiicit
2032 1330 2148 1364 Marco

1173 1372 1331 1409 Antonio,
1354 1373 1443 1414 quod
1466 1372 1648 1404 cucurrerit
1670 1373 1754 1403 inter
1776 1372 1962 1415 Lupercos,
1988 1380 2061 1406 mm
2084 1374 2149 1406 iam

1174 1420 1264 1446 esset
1288 1413 1416 1446 consul.
1484 1414 1556 1446 lloc
1579 1421 1734 1456 quantum
1757 1414 1817 1447 fuit
1839 1416 2009 1449 dedecus?
2061 1415 2150 1450 Vere

1172 1456 1307 1531 ιΙιίἰΙέῑε1
1322 1456 1509 1490 hominibus
1538 1457 1687 1489 Ethnicis
1717 1464 1898 1499 conspecta
1920 1457 1980 1491 suit
2002 1459 2150 1501 potentia

1209 1511 1238 1532 ia
1264 1510 1319 1530 οι.

1258 1542 1339 1574 Plus
1362 1549 1470 1575 autem
1492 1544 1561 1575 vitii
1584 1549 1617 1575 et
1638 1542 1790 1575 licentiae
1800 1543 1985 1576 habuerunt
1997 1543 2147 1578 Baccha-

1173 1584 1276 1624 nalia,
1311 1586 1387 1627 quia
1410 1585 1664 1618 celebrabantur
1685 1592 1804 1623 noctu;
1838 1592 1870 1618 et
1893 1586 2050 1619 tenebrae
2070 1586 2146 1629 plus

1172 1628 1386 1661 occasionum
1408 1630 1566 1671 praebent
1587 1629 1630 1660 ad
1654 1629 1743 1668 vitia,
1765 1629 1850 1661 sieut
1869 1629 2004 1662 dicitur:

1257 1699 1331 1730 Noa:
1353 1702 1385 1729 et
1405 1707 1496 1729 amor
1518 1685 1779 1738 rimamque'nmu
1791 1698 2144 1730 moderamlesuadent.

1259 1756 1293 1788 ln
1327 1755 1444 1797 plateis
1477 1758 1685 1797 vagabantur
1718 1758 1906 1798 promiscue
1940 1757 2090 1796 iuvenes,
2114 1764 2148 1791 et

1702 1800 1737 1831 ln
1762 1801 1913 1832 domibus
1937 1800 2146 1843 agitabantur

1174 1843 1325 1874 convivia
1349 1848 1522 1879 nocturna,
1546 1850 1575 1873 et
1590 1841 1726 1874 liberum
1751 1850 1820 1874 erat
1840 1844 2021 1885 irrumpere
2042 1843 2075 1874 in
2097 1848 2144 1874 ta-

1172 1885 1214 1917 lia
1238 1885 1404 1920 com-iviaz
1438 1887 1492 1926 qui
1518 1885 1671 1916 volebant
1696 1885 1834 1924 lieluari,
1867 1886 2067 1918 invadebant
2087 1886 2144 1917 do-

1171 1938 1257 1966 mos,
1280 1929 1334 1959 ubi
1357 1928 1503 1959 sciebant
1529 1939 1603 1959 esse
1629 1927 1844 1969 epulationes.
1890 1927 1954 1960 Alii
1979 1929 2145 1961 irruebant

1172 1972 1204 2002 in
1227 1972 1355 2003 domos.
1380 1970 1410 2001 in
1435 1972 1552 2012 quibus
1576 1971 1725 2002 sciebant
1750 1981 1828 2003 csse
1851 1970 2009 2013 pulchras
2033 1970 2143 2003 foemi-

1172 2024 1245 2051 nas,
1267 2014 1447 2055 eripiebant
1474 2025 1514 2044 ex
1537 2014 1691 2046 domibus
1714 2013 1800 2045 filias
1824 2021 1855 2046 et
1880 2015 2041 2057 coniuges
2064 2013 2145 2046 alio·

1172 2067 1254 2094 rum,
1277 2062 1309 2087 et
1332 2066 1404 2088 cum
1429 2055 1478 2087 liis
1502 2058 1721 2088 excurrebant
1745 2067 1804 2099 per
1825 2058 1950 2089 urbem.

1257 2098 1340 2131 Den'
1367 2110 1408 2131 ue
1442 2107 1573 2130 tamtum
1608 2099 1683 2131 mali
1718 2101 1749 2131 in
1783 2099 2051 2132 Bacchanalibus
2071 2100 2143 2132 istis

1375 2153 1479 2179 omae,
1512 2149 1543 2173 et
1578 2143 1608 2173 in
1633 2143 1773 2174 Graecia
1796 2142 2012 2185 Magistratus
2037 2143 2144 2176 coacti

1173 2184 1290 2217 fuerint
1316 2185 1484 2217 adversari
1508 2184 1572 2216 illis
1595 2184 1729 2217 nefariis
1752 2182 1949 2224 sceleribus,
1971 2193 2005 2218 et
2028 2196 2144 2228 rapue-

1171 2228 1233 2260 rint
1255 2227 1384 2270 aliquos
1414 2230 1456 2260 ita
1484 2229 1728 2260 debacchantes
1756 2230 1799 2259 ad
1822 2228 2027 2271 supplicium.
2073 2229 2143 2261 Sed

1171 2278 1277 2303 tamen
1302 2270 1476 2309 Diabolus,
1496 2282 1515 2302 a
1539 2282 1604 2313 quo
1629 2273 1758 2303 invecta
1780 2279 1857 2304 sunt
1879 2273 1943 2304 ista
1965 2279 2053 2303 tetra
2069 2281 2142 2304 soo-

1171 2313 1259 2352 lcra,
1283 2315 1376 2352 vicit,
1400 2321 1430 2346 et
1453 2324 1516 2354 ego
1539 2316 1643 2357 magis
1668 2315 1812 2346 incitavit
1833 2314 1992 2347 homines.
2060 2314 2142 2347 Pan-

1171 2357 1266 2389 theus
1290 2368 1362 2389 cum
1386 2358 1417 2389 in
1441 2354 1523 2389 urbe
1545 2357 1732 2390 Thebarum
1744 2359 1977 2390 adversaretur
1994 2356 2141 2389 Bacch·-

1172 2399 1311 2438 natibus,
1335 2401 1442 2432 discer
1468 2407 1520 2432 tus
1543 2407 1603 2431 est.

1258 2443 1295 2474 l't
1312 2444 1410 2485 igitur
1421 2444 1447 2474 C
1461 2444 1598 2475 iristiani
1612 2443 1841 2475 abstraherent
1853 2453 1934 2474 suos
1947 2444 1989 2475 ab
2003 2443 2141 2475 obscoe-

1172 2486 1222 2517 nis
1236 2485 1321 2518 ludis
1345 2485 1456 2518 talium
1480 2486 1745 2528 spectaculorum
1758 2494 1788 2518 et
1804 2486 2043 2524 conviviorum,
2066 2495 2142 2528 pro-

1172 2536 1352 2570 posuerunt
1389 2530 1419 2561 in
1455 2529 1606 2561 Ecclesia
1639 2530 1791 2561 mandata
1813 2530 1854 2561 de
1877 2529 2007 2562 ieiunio.
2073 2528 2139 2560 Sed

1172 2578 1287 2612 pomea
1310 2573 1452 2605 necessit
1477 2573 1675 2614 superstitio.
