2324 2958
103 175 146 208 89
782 171 997 205 I'OSTILLA
1030 171 1427 205 MELANTHONIANA.

104 270 180 302 niae
213 274 265 300 est
291 277 311 299 a
333 269 446 305 καλεῖν,
465 266 499 297 id
521 271 590 304 est,
625 276 645 297 a
675 265 828 297 vocando
858 265 890 295 in
917 264 1081 302 iudicium,
1102 264 1111 312 ι

105 313 194 344 unde
217 316 268 343 est
289 316 320 342 et
343 316 440 341 vetus
462 307 544 340 illud
556 308 708 340 Latinum
727 307 941 345 vocabulum,
961 306 1082 338 Calore

106 362 139 388 et
162 353 334 390 Calendae.

192 395 297 429 Multa
325 392 489 427 vocabula
512 394 647 426 veniunt
668 393 701 424 in
724 393 875 430 abusum,
904 397 1081 432 propterea

107 442 185 483 quia
206 439 357 471 homines
379 438 557 469 abutuntur
579 446 640 468 suo
664 434 786 466 officio.
832 434 880 465 lta
903 433 1081 475 Sophistae

106 493 227 515 nomen
246 481 323 513 olim
344 480 518 511 honestum
540 478 611 510 fuit.
668 477 884 519 Significabat
908 476 1081 508 docentem

106 527 140 557 in
163 523 299 557 scholis.
343 522 467 555 Postea
494 522 571 564 quia
607 519 701 552 multi
729 519 861 551 fuerunt
888 520 1081 561 praestigia-

107 574 210 606 tores,
231 564 430 599 vocabulum
453 565 562 605 coepit
585 564 661 595 odio
692 563 818 594 haberi.
871 562 953 593 Cum
983 562 1081 604 igitur

104 611 139 642 in
163 611 266 651 prima
294 608 351 640 illa
379 607 533 640 Ecclesia
555 605 796 648 Hierosolymis
827 604 936 636 omnia
968 610 1082 636 essent

103 652 203 695 plena
225 651 526 694 Sycophantanmi,
559 648 745 681 maluerunt
779 647 973 686 Christiani,
1005 648 1082 679 dum

104 701 245 738 possent
269 694 455 733 commode,
488 691 666 724 facultates
695 701 775 723 suas
805 691 958 722 vendere.
1011 690 1082 722 Nec

105 744 217 770 tamen
241 747 356 770 omnes
378 736 442 767 1100
464 735 627 773 fecerunt,
649 744 757 776 neque
769 733 922 765 omnibus
940 734 973 764 in
997 733 1081 764 locis

105 780 172 813 hoc
194 786 264 813 erat
286 779 342 812 vel
364 778 594 821 opportunum,
617 777 672 809 vel
695 776 933 809 necessarium.

193 823 289 865 Apud
322 820 508 854 Monachus
544 820 729 852 communio
764 820 944 856 bonorum,
964 828 1081 868 ‘quam

105 867 168 907 ipsi
190 867 359 897 nominant
381 870 608 906 paupertatem
631 869 859 905 spontaneam,
888 867 1006 903 partlm
1029 866 1081 893 est

105 909 315 950 superstitio,
351 908 468 948 partim
492 905 668 938 simulatio.
714 905 837 937 Dicunt
859 914 898 935 se
919 902 1000 935 nihil
1022 903 1080 934 ha-

103 952 184 983 bere
223 950 403 993 proprium.
457 949 525 981 lmo
561 959 643 980 vero
677 949 817 979 maxime
846 946 970 978 habent
1004 956 1080 987 pro-

102 994 219 1035 prium.
265 994 351 1026 Sunt
376 1001 541 1034 pauperes
568 993 640 1023 sine
670 990 819 1028 defectu,
845 988 985 1021 humiles
1008 990 1080 1020 sine

104 1037 277 1077 despectu,
300 1042 331 1068 et
355 1036 473 1067 divites
496 1035 568 1066 sine
591 1034 716 1066 labore.
762 1032 846 1068 Quid
870 1037 981 1072 potest
1004 1041 1081 1063 esse

104 1078 233 1111 dulcius
258 1084 422 1120 occupato
447 1078 577 1115 studiis,
601 1087 698 1119 quam
727 1076 839 1107 vivere
867 1075 900 1106 in
924 1075 1080 1107 convictu

104 1120 173 1161 tali,
194 1122 250 1153 ubi
273 1128 325 1153 est
347 1122 508 1152 instructa
532 1119 652 1157 culina,
677 1125 709 1150 et
731 1117 828 1150 focus
853 1127 895 1148 ex
917 1117 1079 1148 reditibus

103 1163 218 1196 velex
241 1163 506 1196 contributione?
524 1161 600 1194 Dux
624 1161 788 1192 Saxoniae
811 1159 982 1198 Albertus,
1006 1171 1079 1191 011111

103 1207 237 1238 50110101
259 1207 292 1237 111
315 1206 487 1242 convivio,
517 1210 549 1236 et
571 1203 626 1235 alii
649 1204 816 1245 principes
850 1203 1079 1244 praedicarent

102 1258 184 1280 suas
207 1247 380 1286 Civitates,
405 1253 437 1279 et
450 1253 664 1288 quaereretur
687 1256 730 1278 ex
751 1256 803 1283 eo,
827 1246 905 1287 quid
927 1246 1000 1287 ipse
1022 1245 1080 1277 113-

2064 176 2139 207 90·

1133 263 1256 297 Paulus
1279 266 1321 297 de
1342 267 1541 298 necessitate
1564 277 1623 298 seu
1646 269 1834 307 coactione,
1867 269 1926 300 sed
1950 269 1990 300 de
2013 279 2110 301 exae—

1134 308 1287 350 quatione
1310 314 1343 340 et
1365 308 1562 341 liberalitate
1585 309 1780 343 voluntaria.

1179 474 1241 514 De
1274 473 1448 528 collegiis
1480 474 1646 515 diversis
1679 475 1719 514 in
1751 475 1895 516 Schola
1926 477 2073 517 Hiero-

1494 551 1742 605 solymitana.

1218 648 1315 681 Nunc
1339 650 1436 681 venio
1461 649 1503 680 ad
1537 648 1612 688 alia,
1646 660 1732 692 quae
1766 651 1862 682 etiam
1896 659 1970 683 sunt
1994 652 2109 684 Gram-

1133 692 1253 723 matica
1275 692 1307 723 in
1329 691 1394 723 hac
1416 693 1614 724 narratione.
1660 693 1790 725 Dicitur
1813 693 1982 736 Stephano
2005 695 2110 728 fuisse

1134 740 1300 766 certamen
1334 745 1407 766 cum
1441 734 1625 778 Synagoga
1658 735 1894 776 Alexandn'na,
1930 737 2111 778 Libertina,

1134 777 1332 819 Cyrenaica,
1354 784 1416 809 etc.
1461 778 1604 810 Fuerunt
1616 778 1860 821 Hierosolymis
1883 780 1985 811 multa
2009 780 2109 813 colle—

1134 821 1199 861 gia,
1224 826 1255 851 et
1278 819 1416 852 scholae
1437 819 1564 861 11111105,
1586 821 1618 852 111
1632 822 1750 862 quibus
1774 823 2008 854 erudiebantur
2031 825 2109 855 ado-

1133 862 1300 894 lescentes
1324 873 1366 894 ex
1388 862 1462 895 aliis
1485 869 1582 905 atque
1605 863 1679 895 aliis
1697 865 1877 905 provinciis
1900 876 1940 897 eo
1954 867 2045 897 missi
2068 868 2111 899 ad

1133 906 1339 937 discendum:
1363 907 1449 937 sicut
1472 907 1504 937 in
1526 905 1636 938 multis
1649 907 1838 939 Academiis
1862 914 1939 940 sunt
1958 907 2111 951 Collegia

1132 955 1294 980 certarum
1316 949 1496 987 nationum,
1518 954 1553 980 ut
1572 949 1701 991 Pragae
1725 950 1919 983 Germanica
1941 952 2030 982 natio
2053 952 2111 984 ha-

1133 991 1202 1022 buit
1224 1001 1319 1023 suum
1348 990 1548 1033 Collegium:
1582 991 1762 1034 Hispanica
1796 1003 1909 1025 suum:
1938 993 2110 1033 Polonica,

1131 1033 1313 1065 Bohemica
1333 1034 1410 1065 item
1432 1035 1611 1075 proprium.

1218 1076 1267 1108 Ita
1289 1076 1521 1119 Hierosolyma
1539 1076 1600 1109 fuit
1623 1084 1741 1109 ornata
1762 1077 1874 1109 multis
1904 1077 2056 1122 collegiis
2080 1086 2111 1112 et

1132 1118 1270 1158 scholis,
1293 1129 1379 1161 quae
1401 1121 1655 1152 nominabantur
1674 1120 1886 1164 synagogae.
1943 1121 2033 1154 Alibi
2062 1124 2110 1154 in-

1132 1162 1350 1193 stituebantur
1368 1161 1601 1195 adolescentes
1615 1162 1800 1204 Cyrenaici,
1822 1162 1898 1195 alibi
1917 1163 1974 1196 filii
1997 1175 2111 1198 corum

1131 1204 1338 1243 Iudaeorum,
1361 1206 1416 1246 qui
1438 1212 1533 1237 erant
1554 1205 1788 1244 Alexandriae,
1805 1205 1882 1238 alibi
1905 1207 2073 1240 Libertini.

1217 1247 1302 1280 Puto
1324 1247 1498 1280 libertinos
1515 1248 1620 1281 1111550
1642 1248 1857 1291 proselytos,
1892 1260 2031 1292 quorum
2054 1262 2109 1293 pa-

101 1292 208 1330 110το1,
231 1291 319 1333 quod
342 1291 472 1333 insigne
489 1296 581 1321 esset
591 1290 624 1320 in
637 1289 706 1321 suis
720 1289 921 1321 ditionibus?
944 1288 1080 1327 NesciO,
1101 1297 1106 1314 ¹
1131 1295 1241 1322 rentes
1275 1297 1435 1322 venerant
1467 1292 1500 1322 in
1533 1292 1745 1330 servitutem,
1781 1293 1836 1333 qui
1857 1299 1974 1334 postea
1998 1304 2109 1326 manu-

101 1334 218 1376 inquit,
253 1334 330 1375 quid
367 1334 494 1374 possim
533 1333 727 1374 praedicare
764 1333 805 1363 de
845 1332 927 1363 meis
966 1332 1078 1363 rebus.

103 1377 201 1417 (Nam
225 1377 286 1408 viri
309 1386 430 1418 graves
457 1381 490 1407 et
517 1375 645 1406 heroici
676 1385 744 1406 non
771 1373 908 1406 multum
930 1374 1079 1406 iactitant

103 1422 177 1457 sua)
221 1418 337 1450 Habeo
364 1425 473 1450 tamen
509 1417 683 1449 Civitatem
710 1427 820 1455 unam,
851 1417 885 1448 in
915 1427 980 1458 qua
1003 1422 1079 1448 sunt

1130 1333 1236 1372 missi,
1271 1331 1327 1365 vel
1349 1334 1455 1375 pretio
1479 1334 1656 1376 redempti,
1689 1340 1720 1366 et
1737 1333 1887 1367 libertate
1907 1336 2019 1368 donati
2040 1336 2109 1369 fue-

1130 1382 1218 1407 runt.
1283 1375 1340 1407 Isti
1373 1375 1514 1408 libeitini
1547 1378 1588 1409 ab
1612 1376 1685 1408 aliis
1708 1379 1988 1420 segregabantur,
2022 1379 2107 1415 Quia

1131 1418 1187 1450 alii
1214 1419 1348 1461 ingenui
1376 1418 1551 1451 voluemnt
1573 1429 1651 1452 esse
1679 1420 1872 1452 nobiliores.
1938 1421 2109 1454 Fortassis

102 1463 178 1500 tria,
201 1471 286 1503 quae
308 1460 384 1492 mihi
398 1460 613 1492 admiratione
628 1460 729 1502 digna
750 1460 914 1491 videntur.
938 1459 975 1490 ln
996 1460 1080 1491 urbe
1132 1462 1311 1493 constituta
1332 1461 1392 1494 fuit
1425 1461 1637 1505 eleemosyna
1659 1463 1848 1504 peculiaris,
1868 1474 1943 1513 ‘pro
1968 1465 2108 1506 captivis

102 1504 216 1545 Lipsia
238 1509 315 1535 sunt
342 1503 499 1535 Monachi
529 1501 688 1544 triplices.
760 1501 869 1534 Unum
896 1507 949 1533 est
972 1511 1079 1543 genus

100 1545 359 1583 Monachorum,
395 1546 450 1587 qni
472 1545 595 1577 habent
607 1544 743 1576 multum
764 1544 929 1583 frumenti,
951 1550 985 1576 et
1007 1543 1079 1577 nul-

101 1586 156 1620 los
179 1598 295 1632 agros.
339 1588 412 1620 Dae
435 1587 505 1627 stnbt
527 1588 572 1619 111
595 1587 754 1626 5133τῇ11111.
798 1586 948 1619 Alterum
972 1597 1078 1630 genus

101 1631 203 1663 habet
223 1630 362 1663 multum
383 1631 556 1671 pecuniae,
579 1635 611 1661 et
633 1629 744 1662 nullos
768 1630 905 1661 reditus.
951 1630 995 1662 bie
1018 1640 1079 1670 pte:

100 1675 181 1716 riget
203 1674 348 1714 munchen.
393 1672 536 1705 Tertium
559 1682 664 1715 genus
687 1673 787 1704 habet
808 1671 931 1704 multos
942 1671 1078 1711 liberos,

102 1722 137 1749 et
164 1727 231 1748 non
258 1716 360 1748 habet
387 1725 523 1748 uxores,
562 1716 607 1748 bie
630 1715 806 1748 Garmcliten
840 1715 986 1755 mstncben.
1031 1716 1079 1747 lta

102 1765 206 1792 totum
229 1759 309 1798 hoc,
334 1759 422 1801 quod
445 1764 496 1790 est
529 1759 617 1800 apud
644 1757 832 1790 Monachus
864 1768 932 1790 non
955 1758 1079 1790 habere

102 1802 284 1845 proprium,
306 1808 358 1833 est
379 1812 470 1833 mera
492 1800 665 1833 simulatio.

189 1844 280 1876 Haec
300 1845 365 1875 dixi
388 1844 548 1876 hactenus
571 1845 612 1876 de
624 1844 759 1885 antiqua
776 1843 883 1875 forma
895 1842 1080 1882 Ecclesiae,

103 1894 137 1920 et
173 1888 215 1919 de
258 1887 488 1919 communione
522 1897 648 1925 rerum,
692 1897 791 1928 quam
819 1897 886 1917 non
920 1887 1080 1928 praecipit

101 1928 332 1972 Evangelium.
376 1929 570 1972 Decalogus
593 1939 753 1971 expresse
771 1930 878 1961 sancit
900 1929 1080 1961 distinctio-

102 1982 178 2004 nem
202 1973 435 2004 dominiorum:
470 1971 512 2004 Et
534 1971 752 2016 Evangelium
779 1973 941 2014 approbat
971 1973 1079 2004 Oeco-

102 2016 246 2053 nomias,
268 2021 299 2046 et
318 2014 460 2056 politias.

190 2057 259 2089 Sed
298 2058 376 2099 quid
419 2058 685 2098 respondendum
718 2064 771 2090 est
804 2059 848 2090 ad
881 2059 968 2089 dicta
1000 2057 1078 2089 illa:

104 2102 199 2132 Beati
215 2111 388 2141 pauperes,
411 2105 470 2133 etc.
544 2102 623 2132 Vade
640 2103 740 2133 cende
764 2104 882 2142 omnia,
903 2106 960 2133 etc.
1027 2103 1079 2133 Da

104 2146 192 2175 omni
209 2144 334 2183 petenti
353 2148 394 2181 te,
417 2148 476 2175 etc.
522 2142 611 2181 Item,
634 2144 722 2185 quod
745 2143 868 2176 Paulus
890 2144 980 2176 iubet
999 2145 1079 2176 dare

103 2190 140 2217 ut
160 2189 203 2217 sit
222 2188 422 2225 aequalitas?
464 2185 674 2227 Respondeo.
718 2186 842 2218 Textus
864 2187 897 2218 in
908 2185 1077 2218 Matthaeo

102 2228 218 2260 habet:
241 2231 338 2260 Beati
353 2239 517 2269 pauperes
538 2230 664 2269 spiritu.
709 2229 782 2261 Non
805 2230 905 2272 igitur
923 2228 1078 2272 simplici-

103 2276 154 2302 ter
188 2271 229 2302 de
258 2277 453 2313 paupertate
485 2270 640 2313 loquitur.
702 2271 802 2305 Illud:
849 2274 942 2312 Vade,
977 2274 1078 2304 cende

103 2317 221 2351 omnia,
256 2320 307 2345 est
341 2319 551 2355 praeceptum
585 2314 792 2355 particulare.
858 2314 1006 2347 Pertinet
1034 2315 1077 2347 ad

103 2354 303 2397 singularem
327 2357 536 2388 vocationem
559 2355 646 2388 illius
668 2368 843 2398 personae.
909 2360 963 2390 Da
991 2361 1079 2390 omni

99 2403 265 2439 petenhte,
295 2398 440 2441 loquitur
464 2399 504 2430 de
527 2409 662 2441 genere,
695 2400 728 2431 id
751 2406 813 2439 est,
846 2400 901 2432 Da
925 2401 1021 2432 bonis
1044 2407 1076 2432 et

102 2441 212 2480 malis,
234 2442 339 2473 amico
362 2448 395 2473 et
417 2443 547 2474 inimico
571 2444 690 2484 egenti.
754 2442 848 2475 Pauli
881 2444 1015 2482 dictum,
1043 2448 1079 2476 ut

1136 1509 1168 1535 et
1191 1505 1299 1536 servis
1318 1505 1534 1543 redimendis,
1568 1512 1599 1537 et
1621 1504 1739 1538 horum
1768 1505 1844 1537 filiis
1866 1517 1900 1538 111
1922 1506 2039 1539 5011013
2062 1509 2108 1540 111-

1132 1546 1316 1578 stituendiS.
1361 1547 1448 1583 Quid
1471 1547 1622 1580 differunt
1643 1547 1727 1580 liber
1750 1554 1782 1580 et
1804 1547 1964 1581 libertus?
2007 1550 2109 1583 Liber

1131 1589 1250 1621 dieitur
1272 1590 1320 1628 is,
1345 1591 1400 1631 qui
1422 1600 1489 1622 non
1513 1596 1580 1630 est,
1610 1600 1673 1622 nec
1694 1590 1755 1623 fuit
1777 1601 1907 1624 servus.
1953 1592 2108 1626 Libertus

1131 1633 1186 1673 qui
1208 1633 1430 1664 manumissus
1453 1639 1523 1671 est,
1557 1640 1590 1665 et
1611 1633 1772 1665 liberatus
1795 1644 1815 1665 a
1838 1634 2005 1667 servitute.
2050 1635 2109 1668 Sic

1131 1674 1283 1706 differunt
1307 1676 1403 1707 etiam
1427 1675 1560 1717 Ingenui
1590 1682 1623 1707 et
1652 1676 1827 1708 Libertini.
1873 1677 2010 1719 Ingenui
2029 1685 2106 1710 sunt

1130 1718 1198 1748 nati
1221 1727 1262 1749 ex
1284 1717 1398 1749 liberis
1420 1719 1624 1760 parentibus.
1668 1719 1841 1757 Libertini,
1865 1721 1919 1761 qui
1942 1722 2008 1752 nati
2031 1727 2108 1753 sunt

1131 1770 1172 1791 ex
1190 1758 1329 1792 libertis.
1395 1761 1522 1794 Servus
1545 1772 1565 1793 a
1587 1763 1753 1795 servando
1777 1763 1905 1801 dicitur,
1931 1762 2015 1798 Quia
2037 1774 2107 1795 ser-

1131 1809 1228 1835 vatus
1252 1809 1305 1835 est
1327 1804 1360 1835 in
1382 1802 1484 1842 bello,
1519 1810 1550 1836 et
1583 1805 1673 1836 venit
1706 1810 1824 1846 postea
1853 1806 1887 1837 in
1909 1812 2107 1847 potestatem

1131 1847 1214 1885 01115,
1237 1857 1257 1878 3
1275 1857 1341 1889 quo
1361 1852 1413 1879 est
1435 1853 1601 1879 servatus.

1242 2011 1306 2051 De
1338 2011 1466 2052 causis
1497 2012 1759 2053 accusat-ionis
1791 2012 1995 2068 Stephani.

1214 2101 1282 2133 Iam
1306 2103 1534 2134 consideretur
1557 2112 1672 2142 cansa,
1693 2109 1828 2145 propter
1850 2114 1948 2146 quam
1965 2104 2105 2147 Stepha-

1128 2155 1191 2177 nus
1214 2145 1304 2177 venit
1326 2146 1359 2177 in
1381 2146 1576 2187 periculum.
1607 2145 1668 2177 Est
1689 2149 1844 2178 usitatum
1868 2148 2004 2178 dictum:
2025 2148 2103 2189 Sup-

1124 2191 1255 2229 plicium
1277 2198 1340 2220 non
1359 2191 1446 2228 facit
1464 2194 1643 2230 martyrem,
1665 2191 1726 2221 secl
1745 2200 1852 2222 eausa.
1886 2190 2024 2231 Semper
2046 2191 2104 2233 igi—

1129 2237 1182 2263 tur
1204 2231 1237 2262 in
1260 2230 1408 2262 historiis
1430 2238 1611 2273 martyrum
1635 2233 1908 2264 considerandum
1932 2239 1982 2264 est
1995 2243 2103 2274 genus

1129 2274 1309 2306 doctrinae.
1356 2274 1402 2306 lta
1425 2273 1479 2306 1110
1503 2275 1672 2306 doctrinae
1691 2285 1809 2317 genuS,
1840 2276 1881 2307 de
1904 2285 1969 2317 quo
1993 2276 2103 2317 dispu-

1128 2323 1227 2354 tatur,
1248 2323 1300 2348 est
1319 2326 1438 2355 031153,
1471 2323 1608 2359 propter
1630 2328 1728 2360 quam
1751 2317 1940 2359 Stephanus
1960 2316 2103 2351 afficitur

1128 2359 1300 2401 supplicio.
1346 2359 1517 2402 Cogitetur
1540 2370 1633 2403 ergo,
1655 2367 1722 2392 tum
1746 2361 1786 2392 de
1809 2362 2023 2393 accusatione
2045 2362 2102 2394 ad-

1127 2412 1246 2434 versus
1270 2403 1387 2445 ipsum,
1411 2409 1478 2435 tum
1498 2404 1538 2434 de
1560 2403 1779 2445 responsione
1801 2404 1883 2436 01115.

1171 2445 1208 2477 111
1230 2445 1361 2477 Graeco
1385 2452 1462 2478 sunt
1485 2445 1684 2486 ὁμοιόπτωτα,
1719 2446 1750 2477 111
1784 2453 1847 2485 051,
1880 2456 1979 2478 casus
2013 2447 2100 2479 simi-

103 2487 148 2516 sil
163 2487 349 2525 aequuum,
372 2495 438 2516 non
463 2485 539 2517 dicit
561 2485 601 2517 de
624 2485 839 2518 Arithmetica
866 2485 1075 2528 aequalitate,
1127 2487 1202 2520 liter
1223 2489 1424 2526 desinentes,
1456 2489 1529 2519 κατὰ
1552 2489 1654 2527 νόμον,
1687 2487 1761 2519 κατὰ
1783 2489 1889 2527 τόπου,
1923 2490 1997 2521 κατὰ
2019 2491 2099 2521 λαοῦ.

105 2527 165 2558 5011
194 2528 236 2559 de
269 2529 483 2569 proportione
515 2527 725 2567 harmonica,
765 2527 819 2560 vel
853 2529 1075 2568 Geometrica,

105 2570 199 2610 quasi
223 2569 326 2601 dicat:
359 2570 422 2605 Qui
444 2570 543 2602 habet
565 2569 710 2610 multum,
744 2571 798 2603 det
830 2571 978 2611 multum,
1013 2572 1076 2608 Qui

104 2621 170 2644 non
193 2611 305 2651 habet,
338 2622 405 2645 non
427 2619 538 2655 potest
561 2614 651 2645 dare.
717 2613 792 2646 Non
814 2613 958 2656 loquitur
979 2615 1076 2648 etiam

1127 2530 1187 2563 llla
1215 2541 1302 2573 quae
1334 2530 1481 2563 similiter
1514 2531 1683 2569 desinunt,
1716 2531 1838 2563 habent
1860 2531 2002 2574 aliquam
2025 2543 2100 2577 gra-

1127 2575 1218 2613 tiam,
1242 2575 1371 2616 quando
1390 2585 1456 2605 non
1480 2575 1574 2605 nimis
1598 2575 1716 2605 crebro
1735 2581 1947 2616 usurpantur.
1991 2575 2100 2607 Accu-

1128 2622 1221 2649 satur
1254 2617 1458 2658 Stepbanus,
1493 2617 1579 2658 quod
1613 2615 1745 2649 locutus
1777 2617 1820 2649 sit
1852 2623 1964 2650 contra
1990 2621 2099 2658 leyem,
