2324 2958
427 1247 868 1369 POSTILLA
911 1301 1749 1368 MELANTHONIANA.

289 1440 346 1469 Hic
370 1440 491 1478 quidem
514 1439 591 1468 liber
614 1449 670 1467 non
695 1440 735 1469 ab
759 1440 826 1477 ipso
850 1438 1097 1468 Melanthone
1128 1438 1224 1467 literis
1249 1438 1462 1477 consignatus,
1494 1437 1551 1467 sed
1579 1448 1616 1467 ex
1639 1439 1708 1467 eius
1733 1438 1916 1468 familiariter
1939 1439 2089 1468 disseren-

82 1482 122 1513 tis
152 1492 204 1511 ore
232 1492 250 1510 a
278 1481 438 1520 discipulis
469 1482 650 1520 quibusdam
681 1481 796 1510 calamo
827 1486 973 1520 exceptus
1002 1485 1033 1510 et
1061 1491 1078 1509 a
1107 1480 1391 1519 Christophoro
1423 1480 1604 1515 Pezelio,
1641 1481 1720 1509 tideli
1752 1482 1819 1511 eius
1848 1481 2014 1521 discipulo,
2038 1482 2089 1521 qui

81 1525 171 1554 etiam
194 1523 352 1563 Epistola-5
377 1528 406 1553 et
429 1522 568 1553 Consilia
591 1524 659 1552 eius
682 1527 773 1562 atque
797 1522 968 1563 Philippica
990 1525 1174 1562 Argumenta
1198 1522 1306 1558 edidit,
1337 1524 1364 1551 in
1394 1523 1471 1552 hunc
1495 1523 1629 1552 ordinem
1653 1523 1793 1554 redactus
1819 1528 1882 1553 est:
1907 1529 2006 1554 tamen
2031 1535 2090 1554 non

82 1567 215 1596 dubitavi
240 1567 297 1595 hoc
321 1577 397 1604 opus
421 1568 498 1595 inter
521 1567 588 1595 eius
611 1567 725 1604 scripta
748 1567 899 1605 recipere:
924 1566 1030 1595 eodem
1055 1567 1133 1594 enim
1157 1567 1223 1594 iure
1247 1566 1322 1594 inter
1346 1565 1422 1595 haec
1445 1565 1633 1595 referendum
1663 1570 1726 1603 est,
1757 1577 1816 1606 quo
1847 1568 1915 1596 eius
1939 1567 2089 1597 Locorum

80 1608 318 1648 theologicorum
342 1609 435 1648 prima
458 1609 644 1637 adumbratio
668 1612 696 1638 et
721 1610 868 1647 quaedam
893 1609 1007 1646 alia*)‚
1032 1619 1110 1647 quae
1134 1609 1204 1638 item
1230 1619 1286 1637 non
1311 1608 1348 1638 ab
1373 1610 1440 1647 ipso
1463 1610 1633 1648 perscripta
1655 1613 1707 1639 aut
1730 1614 1811 1639 certe
1835 1620 1892 1639 non
1917 1610 2007 1644 edita,
2032 1610 2088 1640 sed

81 1653 119 1682 ab
141 1652 211 1682 aliis
235 1651 349 1681 calamo
374 1661 411 1680 ex
434 1651 502 1680 eius
526 1661 577 1680 ore
601 1655 727 1690 excepta
751 1655 843 1690 atque
867 1652 1009 1691 evulgata
1031 1656 1120 1685 sunt,
1146 1653 1222 1681 inter
1244 1651 1451 1681 Melanthonis
1475 1651 1569 1681 libros
1592 1652 1769 1682 referuntur.

287 1737 450 1767 Historiam
479 1736 571 1766 liuius
603 1737 704 1775 operis
736 1735 878 1766 Pezelius
906 1737 1003 1765 editor
1029 1737 1057 1765 iu
1087 1735 1187 1765 Partis
1208 1736 1228 1765 l.
1253 1736 1438 1775 praefatione
1468 1736 1543 1766 infra
1565 1737 1737 1766 recudenda
1760 1737 1909 1776 prolixius
1933 1739 2089 1774 enarravit,

82 1790 120 1810 ex
143 1790 203 1820 qua
226 1779 253 1810 h.
277 1779 297 1809 l.
322 1780 433 1809 haecce
456 1779 562 1809 resero.
608 1779 726 1815 Quum,
749 1779 831 1809 bello
855 1779 1099 1809 Schmaloaldico
1124 1779 1220 1818 finito,
1242 1779 1409 1809 Academia
1431 1779 1679 1819 iVitebergensis
1704 1781 1869 1810 instaurata.
1891 1785 1995 1814 esset,
2020 1779 2090 1809 Phi·

81 1823 184 1863 lippus
207 1822 385 1852 Melanthon
408 1833 434 1852 a.
463 1825 551 1852 1549.
576 1822 679 1852 multis
704 1822 870 1861 Hungaris,
895 1823 1007 1862 quippe
1031 1824 1082 1861 qui
1105 1821 1302 1851 Germanicas
1332 1823 1495 1851 conciones
1524 1824 1552 1852 in
1576 1823 1698 1863 templis
1723 1823 1892 1862 intelligere
1923 1834 1980 1853 non
2004 1827 2091 1862 pote·

81 1870 156 1901 rant,
179 1866 260 1896 domi
285 1876 361 1895 suae
385 1866 511 1895 instituit
534 1865 644 1895 diebus
667 1865 756 1895 sestis
780 1865 1012 1905 explicationem
1036 1865 1268 1904 Evangeliorum
1292 1864 1540 1899 Doniinicaiiun13
1564 1876 1633 1895 mox
1657 1870 1767 1898 autem.
1791 1866 1916 1896 aliorum
1941 1877 2091 1896 concursu

82 1913 171 1939 aucta
192 1909 362 1948 frequentia
385 1909 565 1943 auditorum,
601 1909 628 1937 in
646 1909 832 1938 auditorium
855 1909 1009 1948 publicum
1032 1908 1184 1938 transtulit
1214 1917 1268 1937 eas
1299 1909 1365 1937 sive
1394 1908 1619 1948 praelectiones
1651 1910 1719 1938 sive
1747 1909 1981 1943 conciunculas,
2013 1919 2090 1948 quas

83 1962 182 1991 usque
205 1952 243 1981 ad
267 1956 390 1981 mortem
413 1961 497 1981 suam
522 1962 549 1980 a.
579 1954 667 1981 1560.
691 1953 883 1982 continuavit.
940 1950 970 1980 ln
995 1951 1044 1981 his
1073 1951 1209 1981 familiari
1241 1961 1381 1980 sermone
1404 1952 1567 1990 insigniora
1591 1952 1776 1991 singulorum
1800 1956 1934 1982 textuum
1958 1952 2091 1991 explica·

83 1996 152 2029 bat,
175 1998 222 2029 et,
247 1996 285 2023 ad
307 1998 425 2033 captum
448 1995 616 2024 auditorum
640 1996 854 2034 praesentium,
879 2005 1005 2034 quorum
1028 1994 1166 2034 plerique
1189 1994 1404 2025 adolescentes
1428 1999 1522 2029 erant,
1546 1995 1630 2024 multi
1655 1996 1742 2025 etiam
1767 1995 1866 2025 adhuc
1890 1996 1984 2035 pueri,
2007 2005 2089 2024 enar-

84 2039 216 2068 rationes
239 2047 314 2067 suas
339 2038 486 2076 dirigens,
510 2041 571 2067 tam
594 2039 788 2077 grammatica
811 2042 841 2067 ct
865 2038 1021 2073 historica,
1051 2041 1113 2067 tum
1137 2048 1207 2066 vero
1232 2038 1319 2067 etiam
1345 2038 1531 2067 catechetica
1554 2042 1584 2068 et
1606 2038 1779 2077 theologica
1802 2040 1932 2067 miscere
1955 2038 2088 2074 solebat,

84 2084 115 2109 ut
138 2090 195 2109 non
219 2081 307 2109 niodo
331 2080 432 2121 utilis,
455 2081 513 2110 sed
535 2082 624 2110 etiam
647 2082 752 2110 suavis
776 2085 806 2110 et
829 2082 959 2110 iucunda
982 2091 1018 2110 ea
1040 2080 1204 2120 praelectio
1235 2084 1333 2110 esset.
1391 2080 1488 2116 Quam
1519 2082 1557 2111 ob
1587 2092 1648 2110 rem
1678 2082 1728 2110 vix
1757 2081 1816 2110 alia
1847 2085 1917 2111 tunc
1946 2082 2090 2120 temporis

83 2123 173 2152 lectio
194 2123 393 2162 NVitebergae
416 2125 513 2163 magia
539 2128 602 2153 erat
626 2123 830 2164 frequentata,
855 2134 944 2163 quam
969 2124 1044 2153 haec
1068 2125 1144 2163 ipsa.
1155 2125 1205 2160 **)

289 2207 355 2237 Etsi
385 2212 483 2238 autem
513 2209 689 2239 Melanthon
714 2209 825 2239 ‹liema-
853 2209 926 2239 nihii
956 2209 1094 2246 solebat,
1122 2214 1354 2248 extemporaneo
1384 2210 1534 2239 sermonis
1565 2219 1675 2248 genere
1704 2214 1809 2245 utens,
1843 2213 1874 2239 ut
1902 2214 1931 2238 et
1955 2209 2092 2239 subirent

83 2252 199 2281 animos
231 2250 368 2284 celerius,
392 2261 470 2290 quae
501 2251 692 2289 dicebantur,
727 2257 757 2282 et
786 2254 854 2292 ipse
883 2253 921 2283 ad
945 2253 1037 2283 horae
1061 2253 1253 2293 clepsydram
1276 2252 1361 2292 plura
1383 2252 1573 2282 absolveret:
1609 2263 1665 2282 non
1691 2252 1850 2282 defuerunt
1874 2256 1989 2285 tamen.
2026 2253 2090 2292 qui,

237 2432 264 2462 ⁶)
285 2432 356 2457 Cont'.
384 2431 571 2461 Proiegomena
600 2437 655 2455 mea
683 2432 707 2456 in
735 2433 903 2458 Melanthonif*
931 2433 1032 2458 Scholia
1056 2433 1080 2458 in
1107 2432 1408 2463 Batrachomyomaehian
1433 2432 1549 2461 Homeri,
1582 2433 1606 2457 in
1637 2433 1711 2458 liuius
1743 2432 1858 2461 Corporis
1890 2432 2090 2464 voi.xv1n.p.

292 2468 339 2492 137
360 2473 410 2497 sn..
432 2467 492 2491 item
518 2466 542 2490 in
568 2465 690 2504 Locorum
716 2466 791 2492 theol.
811 2468 918 2497 primam
943 2467 1181 2497 adumbrationem,
1209 2468 1234 2492 in
1260 2468 1312 2493 voi.
1330 2467 1389 2493 xxi.
1410 2473 1433 2497 p.
1453 2468 1468 2492 5
1487 2474 1544 2499 sq..
1572 2467 1680 2498 denique
1706 2473 1770 2497 quae
1793 2467 1818 2491 in
1843 2467 2035 2497 Proiegomenis
2065 2468 2091 2493 in

289 2501 344 2526 eius
364 2501 513 2526 catechesin
534 2501 657 2530 puerilem
677 2501 700 2525 in
721 2501 772 2525 vol.
791 2502 871 2527 ΧΧΙΙΙ.
889 2508 912 2533 p.
936 2503 982 2527 ¹03
1002 2508 1056 2533 sqq.
1076 2506 1135 2527 noia
1155 2502 1200 2533 ἢ)
1221 2502 1252 2527 de
1272 2502 1424 2527 Brentianae
1444 2502 1518 2527 huius
1537 2502 1593 2527 libri
1611 2502 1722 2526 edidone
1741 2501 1820 2526 anuli.

232 2549 272 2582 ⁰)
292 2551 363 2577 cons.
386 2558 451 2583 quae
477 2552 593 2577 Pezelius
618 2551 642 2576 in
667 2551 828 2577 praefatione
852 2553 932 2579 Pariis
951 2554 979 2579 Π.
999 2553 1064 2578 infra
1083 2553 1230 2578 recudenda
1250 2553 1282 2578 de
1307 2554 1353 2579 hoc
1376 2553 1503 2579 auditorio
1527 2553 1607 2578 refert
1633 2553 1701 2578 hisce
1726 2553 1824 2577 verbis:
1855 2553 1932 2582 „Non
1957 2553 2026 2580 enim
2047 2558 2089 2577 ro-

289 2587 382 2615 gitant.
406 2592 471 2617 quae
495 2587 560 2611 ratio
584 2585 660 2611 suerit
689 2586 807 2612 auditorii
837 2587 918 2616 iliius,
946 2589 971 2613 in
996 2594 1045 2619 quo
1071 2588 1197 2618 Comites,
1223 2589 1351 2618 Bai-ones,
1376 2588 1488 2618 nobiles,
1515 2591 1539 2613 et
1564 2589 1677 2613 omnium
1701 2587 1819 2613 ordinum
1843 2593 1874 2613 ue
1897 2587 2090 2618 professionum

289 2621 411 2649 studiosi.
431 2626 521 2649 senes.
541 2621 660 2647 iuvenes,
679 2621 750 2651 pueri
770 2621 793 2646 in
813 2622 922 2647 maxima
942 2622 1085 2654 frequentia
1106 2623 1138 2648 ab
1157 2629 1201 2648 ore
1221 2622 1335 2648 docentis
1355 2622 1536 2653 pendebant-⁴⁴
