2324 2958
170 170 275 203 xml
802 165 912 197 PHlL.
936 163 1037 196 MEL.
1061 159 1247 194 SCRIPTA
1267 157 1533 192 EXEGETrcA.
2064 159 2174 192 Xle

174 269 262 298 stam,
285 264 366 293 laudi
389 263 448 291 sibi
472 262 562 294 ducit.
586 261 670 299 quod
689 261 731 291 de
752 260 876 291 iusticia
897 259 987 289 de'cat
1003 259 1160 297 perpetuo
1181 252 1219 284 w*
1245 251 1324 283 αὐτᾶ
1346 253 1418 295 περὶ
1439 252 1498 283 τῶν
1520 251 1630 292 αὐτῶν,
1658 257 1692 283 ut
1709 256 1760 282 est
1782 251 1863 292 apud
1883 252 2119 293 Xenophontem
2143 255 2174 284 in

171 307 482 345 Ἀπομνημονευηκοΐς.

380 379 592 409 Delectabatur
609 378 698 406 etiam
718 377 807 406 dictis
820 375 951 415 Epicteti
975 378 1005 403 et
1016 372 1169 403 Platonis:
1195 381 1320 410 quomm
1343 370 1406 406 ille,
1429 371 1532 409 Scire,
1550 371 1653 410 iuquit,
1671 374 1804 411 oportet,
1826 372 1912 411 quod
1930 381 1995 403 mm
2007 374 2109 412 facile
2130 374 2175 404 sit

169 426 294 457 homini
314 422 582 462 comprehendere
603 421 782 451 doctrinam
804 420 952 457 ammam,
971 418 1036 447 nisi
1055 415 1194 454 quotidie
1215 415 1325 445 eadem
1347 417 1379 445 et
1400 415 1489 446 dehac
1508 415 1624 454 aliquas·
1646 417 1678 445 et
1699 415 1819 453 atcdz'at,
1848 418 1881 445 et
1899 415 1996 445 simul
2015 416 2062 446 ad
2080 425 2174 447 usum

173 470 206 498 1'n
230 469 291 498 rim
308 466 497 503 transferat.
542 463 599 491 Hic
622 472 692 491 vero
715 463 803 490 etiam
827 462 883 489 iam
907 468 1002 488 senex
1025 457 1162 495 scripsit,
1186 456 1333 492 πολλάκις
1362 456 1393 487 δὲ
1415 456 1558 496 λεγόμενα
1579 459 1630 487 καὶ
1651 455 1701 489 ἀεὶ
1718 455 1901 495 ἀκουόμενα,
1924 456 2092 489 καὶπολλὰ
2113 458 2174 496 ἔτη,

171 510 257 548 μόγις
289 506 387 545 ὥςπερ
415 504 524 546 χρυσὸς
547 507 758 544 ἐκκαθαίρεται
789 502 862 541 μετὰ
895 501 1005 538 πολλῆς
1021 502 1235 539 πραγματείας.
1281 500 1389 530 Etiam
1416 509 1488 530 cum
1516 508 1614 540 saepe
1641 500 1789 530 doctrina
1815 499 1928 530 eadem
1949 501 2119 540 repetitur,
2143 505 2177 532 ec

172 561 295 591 semper
317 549 445 580 auditur
466 547 575 578 nuum
595 548 702 583 αηηιζς,
721 547 776 577 vix
797 550 902 576 lamen
924 547 961 574 ut
979 551 1092 573 aurum
1112 545 1336 581 perpuryatnr
1356 551 1427 573 cum
1449 543 1576 581 maym'c
1596 542 1773 573 exercicita-

375 615 477 651 Quid?
500 614 579 653 quod
603 614 692 642 beata
715 613 766 642 illa
789 613 885 641 anima
908 609 1039 648 Philippi
1063 609 1156 638 toties
1179 607 1346 638 affirmabat
1367 608 1502 638 studium
1525 610 1667 640 novitatis
1691 609 1831 639 omnibus
1860 609 2065 649 temporibus,
2095 620 2173 639 erro-

173 671 222 691 res
246 662 274 689 in
297 658 469 688 Ecclesiam
494 657 668 686 invexisse?
690 655 728 684 de
752 665 811 693 quo
836 654 945 683 citabat
968 651 1144 690 Hieronymi
1168 650 1299 680 Schurfii
1323 651 1435 680 dictum
1457 652 1511 680 viri
1536 653 1774 691 sapientissimi,
1804 655 1834 681 et
1862 653 1891 681 in
1923 652 2057 682 doctrina
2075 651 2173 682 Evan—

172 703 240 739 gelii
265 706 343 731 recte
367 700 512 733 instituti,
536 699 584 737 qui
610 698 785 727 existimarit
807 696 890 725 illum
909 695 1009 732 fuisse
1027 694 1162 732 primam
1185 697 1393 727 occasionem,
1418 703 1473 722 cur
1494 693 1657 724 Ecclesiae
1679 695 1825 724 doctrina
1848 698 1998 733 σωτηρίη
2018 697 2072 730 sit,
2096 696 2174 735 qula

172 737 316 776 {loce-nem-
338 737 496 772 habuerint
519 741 654 770 studium
677 750 754 769 nova
778 738 930 772 docendi,
954 740 983 766 et
1001 735 1140 775 populus
1163 740 1309 766 conmeta
1329 735 1518 773 fastidiens,
1535 738 1608 766 novi
1630 736 1752 777 aliquid
1775 737 1887 767 audire
1914 737 2054 767 voluerit.
2107 738 2173 768 Uti·

171 799 235 818 nam
260 788 346 820 igitur
365 794 527 824 possemus
552 783 675 822 eadem,
700 793 777 822 quae
806 791 878 810 vera
906 784 977 809 sunt
1005 782 1036 808 et
1063 778 1163 813 utilia,
1194 788 1252 808 non
1281 782 1396 808 tantum
1424 778 1534 807 iisdem
1557 780 1676 815 verbis,
1702 780 1761 810 sed
1779 781 1867 809 etiam
1887 780 1998 809 iisdem
2021 780 2120 810 literis
2143 784 2174 810 et

170 820 298 863 svllabis
323 828 436 863 efferre,
460 831 492 856 ut
514 835 652 864 magnum
675 824 862 854 commodum
886 827 944 863 est,
968 821 1049 861 quod
1072 821 1181 851 iisdem
1205 821 1428 851 characteribus
1451 821 1480 849 in
1499 821 1661 852 scribendo
1684 827 1715 852 et
1726 823 1908 852 numerando
1927 833 2033 853 onmes
2053 825 2172 855 utimur.

375 903 463 939 Quae
487 913 552 931 cum
577 903 617 931 ita
640 902 715 937 sint,
739 905 769 930 et
792 911 899 930 nomen
920 898 1071 939 Philippi,
1094 902 1215 937 propter
1234 897 1313 927 dona
1334 896 1394 926 Dei
1418 897 1446 926 in
1470 907 1539 927 eum
1563 897 1688 934 collata,
1711 902 1742 928 et
1762 900 1869 929 merita
1892 900 1990 939 ipsius
2014 900 2042 929 in
2065 898 2172 930 Eccle—

172 951 248 979 siam
272 953 301 977 et
325 946 448 975 scholas
473 946 613 974 memoria
636 948 665 973 et
688 945 880 973 veneratione
903 944 1049 982 perpetua
1071 940 1283 979 dignissimum
1312 941 1368 980 sit,
1398 943 1428 969 et
1455 941 1632 979 scriptorum
1660 941 1760 980 ipsius
1789 941 1904 972 utilitas
1933 943 1975 972 sit
2000 942 2174 980 manifesta,

172 997 262 1030 atque
285 990 336 1019 illa
359 990 447 1019 etiam
469 998 546 1026 quae
568 997 657 1026 parva
675 987 827 1020 videntur,
852 996 921 1014 vere
939 994 1043 1022 magna
1067 984 1143 1017 sint,
1179 993 1278 1022 neque
1308 984 1346 1011 iis
1377 982 1503 1023 saltem,
1534 984 1585 1022 qui
1610 987 1682 1012 tunc
1711 994 1777 1013 eum
1801 984 1960 1014 docentem
1983 985 2173 1023 audiverunt,

172 1035 228 1063 sed
252 1034 338 1062 etiam
363 1031 527 1070 posteritati
552 1030 708 1069 plurimum
733 1029 882 1068 prodesse
906 1030 1032 1066 queant:
1053 1025 1175 1055 collatio
1194 1027 1265 1055 item
1284 1025 1562 1065 philosophicarum
1586 1026 1823 1066 disputationum
1845 1027 2007 1056 discrimen
2031 1027 2172 1057 Philoso-

172 1077 260 1116 phiae
283 1080 312 1104 et
336 1073 490 1112 Evangelii
511 1072 658 1107 illustret,
678 1070 928 1110 quemadmodum
948 1073 978 1098 et
997 1068 1218 1098 Grammaticae
1241 1068 1460 1108 explicationes
1484 1068 1698 1098 vocabulorum
1729 1073 1759 1099 et
1787 1068 1958 1108 phrasium‚
1992 1073 2022 1099 et
2049 1071 2174 1099 circum·

172 1120 343 1149 stanti-‘irum
367 1117 572 1145 historicarum
598 1115 805 1154 expositiones
824 1122 962 1152 magnum
985 1111 1086 1141 lumen
1112 1111 1240 1141 afferunt
1269 1111 1361 1141 rebus
1392 1112 1470 1151 ipsis
1494 1113 1628 1151 penitius
1657 1112 1892 1151 cognoscendis.
1937 1111 2080 1151 Denique
2104 1123 2173 1142 cum

173 1161 342 1191 eorumdem
367 1159 469 1187 crebra
487 1159 625 1196 repetitio
649 1158 803 1186 confirmet
826 1156 936 1185 iudicia
953 1154 1133 1194 legentium:
1158 1153 1286 1184 Confido
1309 1164 1400 1189 sane,
1431 1156 1530 1185 bonos
1560 1155 1688 1184 candide
1717 1155 1754 1184 de
1778 1154 1836 1184 hoc
1861 1154 1964 1184 labore
1987 1155 2173 1185 iudicaturos

172 1214 259 1242 esse,
283 1214 340 1241 qno
366 1205 491 1231 conatus
515 1211 581 1229 sum
607 1199 749 1238 colligere
773 1200 855 1228 iuxta
877 1197 992 1227 Christi
1010 1200 1206 1236 praeceptum
1228 1196 1265 1227 τὰ
1288 1197 1444 1236 κλάσματα
1466 1196 1504 1228 ια’
1526 1195 1747 1239 περισσεύοντα,
1771 1208 1810 1227 ne
1829 1197 1902 1236 quid
1924 1198 2034 1237 periret
2057 1208 2172 1232 eorum,

172 1257 249 1285 qnae
268 1245 436 1274 salutariter
459 1243 574 1272 erudire
597 1243 802 1282 posteritatem
823 1241 943 1281 possint
962 1240 999 1269 de
1018 1250 1089 1269 vera
1106 1239 1166 1269 Dei
1185 1240 1356 1278 agnitione,
1375 1243 1406 1269 et
1429 1239 1520 1276 cultu,
1541 1244 1571 1270 et
1592 1241 1693 1270 salute
1713 1240 1876 1270 hominum.
1922 1240 1988 1269 Hoc
2007 1251 2107 1270 meum
2130 1241 2171 1269 in-

171 1290 307 1318 stitutum
332 1287 359 1317 si
378 1286 605 1325 approbaverint
627 1286 696 1316 boni
720 1295 755 1314 ac
777 1285 818 1323 pii
837 1284 909 1321 viri,
931 1286 981 1312 est
1004 1284 1033 1312 in
1053 1293 1112 1322 quo
1135 1293 1190 1322 per
1208 1282 1267 1312 Dei
1290 1283 1414 1323 gratiam
1444 1283 1656 1322 acquiescam:
1688 1283 1789 1313 Malos
1821 1287 1852 1313 et
1881 1282 2068 1322 insanaqiles
2097 1281 2173 1312 nihil

171 1341 284 1365 moror,
308 1340 374 1359 cum
395 1330 422 1358 in
442 1333 525 1368 parte
548 1327 647 1358 laudis
665 1329 706 1357 sit
729 1327 928 1366 displicuisse
947 1325 1045 1355 malis.

373 1405 523 1435 Dedicare
546 1409 659 1438 autem,
684 1409 714 1434 et
738 1404 825 1443 quasi
849 1412 1027 1433 consecrare
1051 1402 1128 1431 banc
1150 1405 1264 1440 partem
1284 1401 1398 1431 laboris
1422 1402 1513 1431 istius
1544 1402 1648 1437 vobis,
1682 1401 1871 1435 Rewrendi,
1912 1402 2075 1440 magnifici,
2106 1412 2172 1441 pru·

171 1449 340 1478 deotissimi
371 1459 405 1477 ac
437 1448 643 1477 honestissimi
675 1448 744 1482 viri,
775 1447 825 1485 qui
855 1445 1063 1484 gubernationi
1092 1444 1300 1475 Ecclesiarum
1331 1449 1362 1474 et
1390 1444 1691 1483 Rerumpublicarum
1717 1446 1744 1474 in
1769 1445 1941 1475 civitatibus
1962 1444 2122 1483 Ungaricis
2142 1448 2174 1474 et

169 1490 432 1530 Transsylvanicis
456 1490 706 1529 amplectentibus
729 1499 830 1529 puram
854 1487 1012 1527 Evangelii
1042 1487 1205 1517 doctrinam
1234 1488 1403 1526 praeestis,
1433 1486 1532 1516 volui:
1556 1488 1700 1527 primum,
1724 1488 1794 1527 quia
1817 1487 2023 1526 Hungarorum
2050 1497 2172 1522 caussa,

170 1535 218 1573 qni
243 1544 295 1572 per
315 1538 372 1562 tam
392 1533 554 1571 longinqua
578 1537 607 1562 et
627 1532 760 1562 difficilia
789 1533 894 1561 itinera
916 1531 1114 1569 Vitebergam
1143 1540 1178 1559 se
1202 1530 1368 1559 studiorum
1396 1539 1509 1559 caussa
1531 1529 1599 1559 aliis
1618 1534 1709 1569 atque
1739 1530 1808 1560 aliis
1831 1531 2017 1569 temporibus
2039 1528 2172 1559 contule-

169 1581 249 1607 rant,
273 1586 349 1604 onus
373 1575 430 1604 hoc
449 1575 688 1605 praelectionum
712 1574 945 1605 Dominicalium
968 1574 1093 1613 primum
1117 1573 1145 1602 in
1170 1583 1205 1601 se
1230 1573 1345 1612 recepit
1366 1572 1404 1603 D.
1423 1572 1601 1612 Philippus,
1627 1573 1738 1602 nullam
1767 1574 2013 1612 praetermittens
2037 1573 2173 1602 occasio·

170 1630 236 1648 nem
260 1619 412 1647 erudiendi
438 1619 650 1648 adolescentes
675 1622 795 1647 vestrae
818 1618 935 1656 gentis.
960 1621 990 1646 et
1012 1615 1197 1656 provehendi
1222 1617 1250 1645 in
1277 1615 1399 1655 pietatis
1423 1619 1453 1645 et
1475 1617 1652 1655 optimarum
1676 1617 1780 1645 artium
1804 1616 1926 1646 studiis.

373 1696 506 1726 Deinde.
531 1696 599 1734 quia
622 1695 770 1733 mihiipsi
794 1694 979 1733 Vitebergae
1010 1694 1130 1723 docenti
1154 1693 1253 1723 dulcis
1275 1693 1406 1723 amicitia
1428 1693 1484 1722 suit
1512 1703 1580 1722 cum
1609 1692 1712 1722 multis
1742 1703 1780 1722 ex
1808 1692 2026 1722 honestissima
2051 1693 2173 1721 natione

170 1745 283 1766 vestra:
309 1742 338 1766 et
367 1738 564 1767 Clarissimus
594 1739 637 1766 vir
660 1737 698 1766 I).
724 1736 852 1766 lacobus
876 1737 1036 1767 Monavius
1049 1735 1304 1766 Vratislaviensis
1324 1746 1361 1765 ex
1384 1734 1517 1774 Ungaria
1541 1740 1632 1774 atque
1645 1735 1883 1775 Transsylvania
1905 1739 2007 1764 vestra
2029 1735 2067 1764 ad
2091 1735 2174 1764 bunc

169 1781 302 1809 laborem
336 1780 560 1819 suscipiendum
596 1781 777 1809 mediocrem
813 1781 926 1819 copiam
958 1780 1218 1819 consignationum
1248 1789 1285 1808 ex
1316 1789 1368 1808 ore
1392 1778 1429 1808 l).
1455 1778 1587 1818 Philippi
1618 1783 1826 1817 exceptarum,
1860 1788 1878 1807 a
1908 1777 2010 1808 multis
2038 1782 2172 1807 vestrum

169 1824 352 1862 impetravit,
375 1823 506 1862 mihique
529 1823 742 1862 suppeditavit.
811 1822 851 1852 Ut
874 1824 962 1861 igitur
983 1822 1132 1862 agricolas
1156 1832 1208 1861 par
1225 1826 1274 1852 est
1292 1821 1418 1851 fructum
1441 1823 1588 1851 sementis
1613 1831 1688 1851 suae
1711 1822 1875 1861 percipere,
1899 1822 1939 1851 ita
1962 1821 2172 1860 gratitudinem

172 1876 266 1895 meam
298 1865 506 1895 declarandam
531 1866 618 1894 vobis
647 1876 719 1893 esse
752 1867 780 1894 in
803 1867 966 1905 scriptione
990 1866 1080 1896 huius
1104 1866 1196 1905 partis
1220 1863 1370 1895 Postillae
1399 1863 1705 1894 Melanchthonianae
1730 1865 1848 1904 putavi,
1877 1874 1929 1904 pro
1957 1863 2173 1893 liberalissima

172 1910 440 1938 communicatione
463 1913 628 1937 vestrorum
650 1909 677 1937 in
708 1908 765 1937 boc
788 1919 897 1947 genere
928 1909 1151 1938 thesaurorum.
1171 1918 1250 1946 quos
1274 1908 1302 1937 in
1325 1908 1446 1937 scriniis
1470 1912 1540 1937 ante
1564 1917 1582 1937 a
1605 1909 1693 1938 vobis
1717 1911 1908 1941 asservatos,
1933 1907 2074 1946 publicae
2093 1916 2173 1937 nrinc

172 1951 290 1980 utilitati
315 1953 439 1983 servire.
460 1952 536 1981 baud
562 1951 652 1980 dubie.
675 1961 728 1989 pro
748 1956 847 1981 vestra
869 1952 992 1991 pictate,
1016 1952 1105 1981 dulce
1128 1951 1216 1980 vobis
1236 1951 1302 1982 erit.

376 2037 503 2066 Accedit
533 2037 606 2067 buc.
631 2037 711 2074 qnod
739 2037 840 2065 testari
871 2036 950 2065 volui
982 2047 1029 2065 me
1055 2038 1238 2075 cogitantem
1269 2036 1308 2065 de
1337 2041 1476 2081 κοινωνίᾳ
1498 2033 1558 2067 ’τῶν
1580 2035 1690 2075 ἁγίων,
1719 2046 1808 2075 quam
1833 2036 1861 2064 iu
1885 2034 2010 2065 articulo
2031 2034 2172 2074 Symboli

171 2081 355 2118 profitemur,
380 2090 448 2108 vera
474 2082 564 2109 benev
574 2079 684 2108 olentia
703 2079 841 2118 amplecti
865 2079 1025 2108 Ecclesias
1045 2084 1174 2113 vestrasy
1199 2080 1362 2108 retinentes
1385 2080 1542 2119 puritatem
1567 2079 1721 2108 doctrinae
1744 2079 1903 2111 coelestis,
1928 2082 1956 2107 et
1981 2077 2174 2108 ὑποτύπωσιν

170 2123 357 2160 ι’·γιιιιιιῖιτωι-
383 2123 494 2161 Myon.-
517 2122 554 2151 Ei
581 2122 683 2150 lactari
709 2126 771 2150 toto
796 2126 932 2160 pectore.
957 2123 1046 2160 quod.
1067 2124 1182 2151 cumin
1207 2122 1367 2151 Germania
1390 2122 1474 2151 multi
1500 2122 1663 2151 doctrinam
1689 2132 1786 2150 veram
1812 2123 1949 2160 nequiter
1973 2126 2173 2160 corrumpant.

171 2166 219 2194 alii
251 2168 432 2203 ιμλωιιιιίι,
458 2165 506 2194 alii
533 2169 767 2208 oocsmropm'tq:
793 2166 820 2193 in
853 2165 912 2193 illis
939 2170 1035 2194 tamen
1061 2166 1122 2194 oris
1146 2169 1309 2194 vestrannn
1334 2166 1487 2205 regionum
1512 2166 1673 2195 retineatur
1696 2164 1878 2204 praeclarum
1903 2163 1975 2193 illud
2000 2164 2172 2203 depositura

171 2209 322 2237 doctrina·-
349 2199 666 2237 §trians-inhumanae.
691 2218 858 2243 congruens
883 2219 948 2237 cum
970 2219 1070 2237 norma
1094 2209 1258 2247 scripturae
1277 2207 1472 2247 propheticae
1491 2213 1521 2238 et
1544 2207 1761 2247 Apostolicue.
1787 2212 1816 2237 ct
1841 2218 1907 2237 cum
1931 2217 2086 2236 consensu
2111 2216 2172 2245 per-

172 2257 261 2291 petuo
281 2251 474 2280 orthodoxae
500 2250 660 2280 Ecclesiae
685 2253 812 2279 omnium
837 2256 1010 2289 temporum.

377 2336 552 2367 Postremo.
582 2346 648 2365 cum
677 2346 757 2364 arma
787 2335 913 2364 Turcica
943 2336 998 2364 boc
1028 2341 1159 2375 tempore
1189 2339 1216 2365 iu
1250 2342 1416 2376 conspectu
1445 2338 1523 2369 siut.
1553 2347 1631 2375 quae
1650 2348 1667 2366 a
1691 2337 1859 2366 cen-icibus
1884 2335 2061 2365 Germaniae
2086 2333 2174 2364 Dens

173 2380 261 2415 longo
286 2384 433 2418 tempore„
458 2381 564 2408 virtute
588 2382 708 2407 vostrae
732 2380 830 2415 gentis
855 2379 985 2418 depulit.
1010 2384 1056 2410 et,
1081 2383 1110 2408 ut
1135 2390 1240 2418 spero,
1265 2380 1410 2420 deinceps
1435 2391 1557 2419 quoquc
1582 2379 1730 2419 depellet:
1760 2384 1902 2409 testatum
1928 2378 1983 2407 bac
2013 2377 2173 2418 compella-

171 2425 249 2451 tione
274 2423 370 2452 xolui.
397 2435 441 2451 iu·-
466 2433 502 2450 cx
527 2423 625 2450 animo
649 2422 765 2450 socium
791 2432 863 2449 csse
888 2427 1051 2450 vestrarum
1076 2432 1206 2461 precum,
1232 2426 1261 2451 ct
1286 2423 1382 2452 lleum
1407 2424 1582 2452 ardentibus
1607 2423 1770 2461 gemitibus
1789 2423 1945 2451 vobiscum
1970 2422 2118 2452 invocare.
2143 2426 2174 2450 ut

171 2466 329 2495 Batonius
354 2471 381 2494 et
409 2465 612 2503 ltespublicas
636 2463 782 2493 honestas
806 2465 834 2493 in
859 2470 956 2493 vesum
980 2470 1068 2498 gente
1093 2470 1222 2500 tueatur,
1249 2471 1278 2495 ct
1304 2477 1402 2495 veram
1433 2466 1608 2502 religionem
1638 2476 1674 2495 ac
1704 2465 1893 2505 disciplinam
1924 2470 2099 2495 conservet.
2125 2464 2174 2493 dc-

171 2509 262 2547 pulso
282 2510 350 2540 nm«,
374 2509 528 2536 servitutis
551 2507 712 2539 Turcicao.
737 2511 768 2536 nt
792 2508 994 2546 conspiciatur
1013 2509 1216 2537 testimoninm
1241 2510 1432 2547 praescntiae
1457 2509 1524 2538 Filii
1551 2509 1623 2540 llciz
1654 2513 1683 2539 et
1712 2513 1854 2548 appareat
1882 2518 1981 2537 veram
2012 2519 2086 2537 csse
2110 2517 2174 2546 pro·

172 2552 348 2580 mins-ionem
371 2553 397 2580 in
416 2551 543 2580 Daniele
563 2551 715 2579 traditam:
746 2549 827 2579 Tum·
850 2550 944 2578 stabit
969 2550 1106 2579 Mirtum!
1123 2553 1270 2589 princi-ps
1294 2563 1430 2591 inciynns.
1455 2556 1483 2581 ct
1503 2552 1657 2591 pnjlmrbi't
1677 2562 1738 2591 pro
1757 2551 1832 2590 filiis
1853 2551 1967 2590 populi
1988 2553 2052 2580 sui:
2075 2550 2175 2581 (iuius

172 2595 290 2623 «lisinae
315 2599 343 2623 et
368 2595 625 2623 clementissima--
649 2594 837 2632 protectioni,
857 2598 886 2622 et
910 2604 964 2621 vos
985 2599 1012 2622 et
1033 2593 1161 2623 [amilias
1181 2599 1313 2628 vestras,
1328 2600 1358 2624 et
1376 2597 1547 2625 universam
1571 2596 1695 2635 patriam
1719 2599 1850 2625 vestram
1875 2595 1954 2623 veris
1979 2594 2121 2634 suspiriis
2145 2597 2175 2622 et
