2324 2958
150 153 214 188 831

150 259 224 322 mtin
265 249 426 280 accedunt
465 249 563 280 etiam
604 247 718 290 plures
752 248 836 282 fines
877 251 984 283 minus
1013 251 1128 292 princi-

171 303 191 323 a
205 302 253 323 es.

148 302 170 334 p
236 334 365 366 Deinde
383 335 572 376 respondeo
594 335 637 366 ad
660 333 843 368 Minorem:
871 335 973 368 Falsa
996 342 1048 367 est
1071 335 1130 367 Mi-

148 387 221 415 nor,
256 377 331 419 quia
364 377 429 408 hoc
463 378 570 418 ipsum
603 383 717 419 petere
739 389 759 410 a
781 377 855 411 Deo
887 380 986 417 bona,
1018 385 1052 410 et
1074 379 1129 409 tri-

149 421 249 452 buere
271 419 345 451 Deo
368 419 505 462 gloriam
529 430 634 452 suam.
690 421 774 453 Nam
797 423 906 460 etiam,
929 421 1130 463 indigentiae

147 470 284 494 nostrae
319 473 421 494 causa
454 469 615 504 petenteS‚
649 470 827 503 testamur,
861 466 949 506 quod
984 465 1055 505 ipse
1087 464 1129 494 sit

148 506 244 537 dator
267 507 445 543 bonorum,
478 507 600 538 tribuat
623 516 679 538 res
713 509 942 546 necessarias,
976 506 1129 538 exaudiat

147 555 282 590 propter
304 547 432 586 Filium,
454 558 516 580 nec
538 555 663 581 tantum
693 550 736 581 sit
759 550 923 589 conditor,
946 550 1007 582 sed
1031 550 1128 581 etiam

147 597 367 623 conservator
401 592 526 623 ordinis
560 603 579 623 a
613 603 651 624 se
682 593 838 631 instituti,
872 599 905 624 et
927 593 1127 629 moderator,

146 634 202 676 qui
232 633 309 666 velit
343 640 375 665 et
398 636 505 676 possit
533 634 635 667 multa
668 646 784 677 agere,
820 641 951 676 praeter
980 635 1128 666 ordinem

119 682 125 689 “
147 687 323 709 causarum
345 678 584 716 secundarum,
616 685 751 719 propter
781 678 920 710 salutem
943 676 1127 710 Ecclesiae.

232 719 326 752 Deus
350 719 420 752 vult
452 731 516 751 nos
540 722 687 752 exerceri
722 722 852 763 magnis
888 728 919 752 et
950 721 1127 752 inextrica-

146 761 268 795 bilibus
293 761 548 802 calamitatibus,
577 770 613 795 ut
637 765 667 794 in
691 763 743 794 his
776 773 1002 806 agnoscamus
1025 769 1058 795 et
1080 764 1126 795 in-

146 815 305 838 vocemus
329 815 414 844 eum,
451 813 483 838 et
516 813 551 838 ut
573 807 646 848 ipse
671 808 888 839 communicet
912 808 1009 838 nobis
1033 816 1127 838 suam

146 849 333 881 bonitatem.
380 849 416 880 Si
439 859 505 881 non
529 859 679 882 essemus
703 851 830 888 miseri,
864 859 931 881 non
955 850 1127 890 conspice-

145 898 237 923 retur
259 893 513 924 communicatio
536 893 630 924 istius
660 893 826 924 bonitatis.
882 891 1127 925 Removeamus

146 935 246 977 igitur
269 934 403 966 Stoicas
426 936 687 978 imaginationes.
739 936 893 968 Sciamus
917 935 1026 967 Deum
1051 945 1127 967 esse

145 987 253 1019 agens
271 976 482 1016 liberrimum,
518 985 548 1010 et
574 978 660 1010 velle
682 980 780 1010 nobis
803 978 955 1021 opitulari
978 980 1011 1010 ia
1033 979 1128 1010 mise—

145 1021 216 1059 riis,
240 1026 272 1052 et
294 1022 457 1062 pertinere
480 1022 522 1053 ad
541 1022 611 1053 eius
635 1021 790 1064 gloriam,
823 1028 860 1054 ut
882 1027 1033 1063 petamus
1056 1022 1128 1054 eius

147 1073 262 1105 opem,
297 1064 383 1096 sicut
406 1074 566 1106 expresse
601 1066 738 1098 dicitur:
780 1067 897 1098 Inroca
930 1076 975 1096 me
1009 1070 1042 1097 e'n
1075 1065 1129 1097 (lie

145 1108 369 1139 tribulationis.

147 1228 263 1280 Quae
284 1231 539 1284 requiruntur
559 1232 613 1272 ad
637 1245 775 1271 veram
806 1231 1128 1272 invocationem?

233 1321 444 1363 RespondeO.
502 1321 653 1363 Quinque
688 1328 765 1354 sunt
799 1322 917 1363 capita.
972 1321 1127 1359 Primum,

145 1364 220 1406 quis
244 1365 287 1395 sit
311 1362 576 1405 compellandus:
599 1365 767 1402 Secundo,
795 1371 1021 1407 praeceptum:
1051 1363 1127 1395 Ter-

145 1408 203 1445 tio,
226 1407 422 1448 promissio:
446 1406 585 1445 Quarto,
609 1406 706 1439 fides:
730 1407 871 1445 Quinto,
895 1417 949 1439 res
972 1407 1127 1448 petenda.

144 1449 237 1482 Haec
255 1456 333 1482 sunt
355 1451 535 1491 praecipua
558 1450 679 1491 capita,
702 1460 788 1491 quae
810 1461 942 1492 semper
955 1457 1031 1481 sunt
1050 1460 1127 1481 con-

144 1493 342 1531 sideranda,
385 1503 458 1525 cum
492 1493 534 1524 de
567 1503 647 1524 vera
683 1493 896 1526 invocatione
929 1493 1126 1535 cogitamus.

144 1536 255 1568 Prima
289 1536 447 1578 cogitatio
482 1537 537 1573 sit,
570 1546 662 1576 quem
696 1539 774 1568 celis
807 1537 935 1577 alloqui.
990 1535 1075 1567 Nam
1099 1536 1128 1567 si

144 1579 313 1611 invocatio
348 1585 399 1610 est
433 1588 595 1611 accessus
629 1589 690 1611 seu
723 1579 851 1618 aditus,
880 1589 941 1611 seu
973 1579 1127 1611 ascensio

144 1623 263 1654 mentis
285 1622 328 1654 ad
356 1620 484 1660 Deum,
518 1622 728 1665 cogitandum
763 1628 826 1661 est,
861 1624 917 1664 qui
951 1623 995 1654 sit
1027 1630 1128 1654 verus

144 1664 253 1704 Deus,
275 1663 426 1697 videlicet
449 1665 504 1707 qui
528 1675 566 1697 se
590 1665 744 1706 patefecit
767 1667 877 1697 nobis.
930 1664 1128 1697 Considere-

145 1719 218 1740 mus
242 1719 335 1751 ergo,
358 1709 425 1746 ubi,
445 1709 623 1750 quomodo,
647 1715 678 1740 et
700 1709 833 1751 quando
861 1719 899 1740 se
921 1707 1127 1750 patefecerit.

145 1751 340 1794 s'ogitemus
364 1750 502 1793 singuli:
537 1751 660 1783 invoco
695 1759 727 1784 te
761 1759 895 1784 aeterne
917 1751 1028 1791 Pater,
1060 1751 1127 1783 Do-

145 1795 222 1826 mini
245 1795 350 1827 nostri
373 1798 447 1827 lesu
470 1793 604 1833 Christi,
627 1795 683 1838 qui
705 1801 738 1827 te
761 1794 948 1837 patefecisti
970 1796 1129 1827 immensa

147 1838 305 1876 bonitate,
329 1844 361 1869 et
384 1837 535 1869 clamasti
564 1838 605 1869 de
627 1837 710 1870 Filio
733 1845 807 1877 tuo,
841 1838 985 1870 Domino
1013 1844 1129 1870 nostro

146 1880 220 1912 lesu
244 1880 394 1913 Christo:
423 1882 515 1912 Hunc
537 1881 654 1920 audite,
678 1888 710 1912 et
733 1881 837 1913 effuso
862 1881 988 1923 Spiritu
1010 1887 1128 1913 sancto

145 1925 177 1956 in
202 1922 404 1965 Apostolos,
439 1924 589 1955 conditor
623 1923 708 1956 coeli
743 1931 775 1956 et
806 1930 917 1957 terrae
945 1935 1019 1957 cum
1046 1923 1129 1956 Filio

147 1972 180 1999 et
202 1967 226 1999 S
251 1967 325 1998 iritu
348 1972 477 1998 sancto.

249 2011 385 2051 apr-imis
418 2009 588 2041 historiam
622 2008 852 2051 patefactionis
894 2012 925 2042 in
966 2010 1130 2052 baptismo

149 2053 273 2085 Christi
302 2053 401 2084 nobis
434 2062 668 2094 proponamus.
725 2052 918 2095 Cogitemus
952 2063 1016 2085 nos
1040 2059 1130 2084 stare

149 2097 191 2128 ad
214 2096 399 2134 lordanem,
421 2096 478 2127 ubi
501 2096 611 2127 stabat
634 2095 750 2133 Maria,
773 2096 941 2138 Apostoli,
961 2102 994 2128 et
1017 2097 1129 2128 Sancti

148 2138 251 2177 multi,
275 2140 329 2181 qui
353 2138 485 2171 suerunt
503 2145 710 2180 spectatores
734 2139 892 2181 Baptismi
916 2139 1052 2178 Christi,
1075 2140 1129 2171 ubi

148 2189 201 2214 est
225 2183 337 2214 audita
359 2193 425 2214 vox
459 2182 584 2213 aeterni
608 2181 735 2220 Patris,
770 2183 824 2214 ubi
848 2189 899 2214 est
927 2189 1130 2224 conspectus

148 2224 251 2258 Filius
274 2232 369 2257 stans
392 2226 423 2256 in
448 2224 591 2264 flumine,
619 2233 650 2257 et
674 2226 817 2267 Spiritus
846 2231 984 2258 sanctus
1018 2225 1130 2267 specie

150 2268 323 2301 columbae
342 2269 545 2300 obumbrans
568 2267 694 2300 filium.

235 2311 289 2343 Ad
314 2311 399 2343 tales
430 2312 649 2353 cogitationes
683 2322 746 2344 nos
780 2310 1062 2349 assuefaciamus,
1096 2318 1131 2343 ut

149 2355 434 2397 apprehendamus
458 2353 565 2386 Deum
593 2353 808 2397 patefactum,
844 2362 876 2387 et
894 2355 1044 2397 quidem,
1077 2355 1132 2397 qui

149 2408 187 2429 ee
209 2397 365 2440 patefecit
389 2399 492 2430 misso
516 2397 608 2430 Pilio.

235 2440 420 2473 Teneamus
455 2441 552 2473 etiam
586 2440 760 2484 regulam:
799 2443 899 2474 Nemo
930 2442 1055 2473 acc-eda
1089 2442 1134 2472 ad

152 2487 290 2522 Patrem,
326 2485 390 2516 nisi
421 2494 483 2525 per
519 2486 641 2517 Filium.
699 2484 733 2515 ln
768 2484 831 2516 hac
865 2484 1132 2516 consideratione

150 2529 256 2568 magis
291 2529 462 2570 magisque
500 2528 658 2560 discimus
693 2528 868 2559 discrimen
914 2527 1132 2559 invocationis

151 2570 359 2602 Christianae
394 2578 425 2602 et
449 2570 617 2603 Ethnicae.
673 2570 748 2603 Non
782 2571 944 2603 debemus
973 2571 1132 2613 cogitare,

151 2613 258 2646 Deum
292 2623 368 2646 esse
402 2614 584 2656 quidlibet,
628 2624 689 2647 seu
723 2615 947 2656 quodcunque
980 2613 1131 2645 homines

781 155 894 188 Pau..
917 155 1022 188 MEL.
1050 155 1239 189 SCRIPTA
1261 155 1524 188 EXEGETICA.

1153 833 1159 845 ,
1180 808 1317 838 candum
1340 817 1409 838 cam
1442 809 1580 840 Sanctis.

2094 160 2159 194 832

1185 250 1248 281 sibi
1278 248 1425 291 fingunt,
1460 250 1546 282 sicut
1574 249 1705 282 Ethnici
1740 261 1801 292 pro
1824 252 1894 283 suis
1929 253 2165 294 cupiditatibus

1184 291 1349 323 finxerunt
1368 291 1473 324 Deus.
1506 292 1579 324 Hoc
1603 294 1735 325 damnat
1752 293 1858 332 Deus,
1883 296 1992 327 statim
2016 297 2047 327 in
2070 307 2166 330 exor-

1184 335 1238 366 dio
1262 334 1440 377 Decalogi:
1463 337 1532 375 Eyo
1553 346 1624 369 sam
1647 335 1739 369 Deus
1760 341 1849 378 tuus,
1877 342 1933 378 qui
1953 341 2051 371 eduxi
2071 345 2102 372 te
2124 351 2166 373 ea:

1182 379 1344 418 Aeyypto:
1366 379 1420 410 ubi
1443 379 1535 411 addit
1547 379 1744 411 mentionem
1767 378 1906 412 illustris
1923 381 2165 423 patefactionis,

1181 429 1223 451 ex
1247 430 1312 462 qua
1334 420 1439 453 voluit
1460 423 1610 464 agnosci.

1268 463 1343 495 Non
1357 465 1515 497 debemus
1529 465 1624 496 etiam
1637 465 1795 497 invocare
1817 464 1976 505 Sanceos,
1998 477 2039 499 ac
2060 467 2164 500 multo

1181 506 1289 538 minus
1303 512 1432 538 statuas
1446 507 1664 544 Sanctorum
1686 509 1762 549 quia
1778 509 2019 542 invocationem
2033 517 2164 552 oportet

1181 549 1341 581 directam
1354 560 1430 581 esse
1449 551 1491 583 ad
1515 551 1694 583 essentiam
1716 552 1983 593 omnipotentem,
2006 563 2091 595 quae
2109 564 2164 586 ex-

1180 592 1304 630 audiat,
1327 603 1413 634 quae
1437 592 1598 637 intelligat
1621 594 1763 636 gemitus
1789 595 1912 634 cordis,
1943 606 2030 637 quae
2058 597 2165 638 possit

1181 644 1278 675 opem
1301 633 1400 667 ferre.
1443 636 1533 668 Haec
1556 647 1622 669 non
1647 643 1835 679 congruunt
1858 637 1992 670 Sanctis
2016 640 2164 678 mortuis,

1179 687 1246 708 non
1265 678 1398 710 statuis.

1266 720 1416 753 Viennae
1456 723 1674 754 concionator
1719 723 1852 764 quidam
1894 733 1956 766 pro
2001 725 2164 757 concione

1181 763 1272 802 dixit,
1294 766 1365 796 Non
1388 774 1460 797 esse
1483 768 1674 798 invocandos
1707 766 1862 804 sanctos,
1897 768 1957 799 sed
1984 778 2056 799 esse
2079 771 2163 800 invo-

1636 809 1715 840 lnde
1749 816 1800 840 est
1834 816 1927 841 ortus
1950 819 2091 852 magnus
2114 817 2164 843 tu-

1180 848 1304 881 multus
1323 850 1487 882 adversus
1510 861 1594 882 eum.
1651 851 1718 883 Sed
1753 852 1853 884 credo
1887 852 1993 884 fuisse
2016 854 2164 895 ingenio-

1180 902 1253 923 sum
1276 893 1451 931 hominem,
1486 895 1541 935 qui
1565 900 1651 925 tecte
1674 893 1815 926 voluerit
1839 902 1956 926 taxare
1978 897 2163 928 invocatio-

1180 946 1254 966 nem
1279 942 1490 972 sanctorum3
1516 937 1578 967 etsi
1602 947 1668 967 non
1693 938 1776 975 scio,
1799 939 1964 979 quomodo
1988 949 2026 970 se
2045 945 2163 979 postea

1181 977 1411 1010 declaraverit.
1467 979 1538 1010 Nos
1573 979 1704 1021 quando
1728 980 1922 1013 invocamus
1944 980 2050 1013 Deum
2073 988 2164 1023 pate-

1179 1020 1303 1053 factum
1325 1021 1356 1052 in
1380 1020 1545 1060 Ecclesia,
1570 1022 1801 1064 coniungimus
1825 1033 1889 1054 nos
1912 1034 1986 1055 cum
2009 1025 2164 1056 invocan-

1180 1064 1268 1097 tibus
1302 1065 1454 1097 omnibus
1489 1066 1637 1097 sanctis:
1679 1066 1774 1097 etiam
1817 1076 1891 1097 cum
1925 1064 2008 1104 illis,
2044 1068 2098 1108 qui
2131 1068 2163 1098 in

1181 1106 1278 1139 coelo
1302 1114 1388 1139 sunt.
1433 1108 1516 1140 Nam
1541 1108 1573 1140 hi
1602 1117 1735 1150 quoque
1757 1109 1913 1140 invocant
1937 1116 1970 1140 et
1995 1109 2165 1142 celebrant

1180 1150 1288 1182 Deum
1312 1151 1498 1183 nobiscum.

1267 1194 1423 1225 Secunda
1457 1193 1615 1235 cogitatio
1650 1194 1749 1225 debet
1789 1203 1866 1226 esse
1899 1194 1940 1226 de
1973 1201 2163 1236 praecepto.

1179 1235 1267 1268 Nihil
1297 1242 1349 1267 est
1382 1237 1516 1278 saepius
1551 1237 1742 1277 repetitum,
1778 1247 1876 1277 quam
1911 1239 2098 1270 mandatum
2123 1238 2165 1270 de

1179 1279 1401 1317 invocatione,
1437 1279 1525 1320 quod
1556 1286 1606 1310 est
1630 1279 1859 1320 cogitandum
1894 1281 2051 1320 primum,
2088 1281 2164 1322 quia

1179 1320 1259 1353 nulli
1294 1320 1403 1353 cultus
1438 1321 1569 1362 placent
1593 1321 1684 1359 Deo,
1718 1322 1779 1353 nisi
1813 1322 1867 1363 qui
1890 1323 1932 1353 ab
1956 1332 1997 1353 eo
2021 1324 2165 1354 mandati

1179 1371 1274 1401 sunt,
1312 1365 1403 1395 iuxta
1437 1365 1575 1396 dictum:
1611 1366 1750 1395 Frustra
1783 1368 1890 1396 colunt
1922 1375 1972 1395 me
2001 1367 2164 1399 mandatis·

1177 1409 1350 1440 hominum.
1396 1406 1488 1444 item,
1512 1407 1551 1438 In
1572 1408 1759 1446 praeceptis
1782 1410 1858 1439 meas·
1880 1408 2043 1439 ambulate.

1266 1449 1397 1481 Deinde
1413 1455 1449 1480 ut
1465 1450 1610 1481 sciamus
1623 1460 1688 1481 non
1701 1458 1805 1491 posse
1817 1460 1879 1481 nos
1905 1451 2054 1482 omittere
2076 1449 2164 1482 hunc

1180 1491 1304 1525 cultum
1328 1493 1401 1524 sine
1423 1499 1582 1533 peccato;
1615 1493 1691 1534 quia
1714 1491 1807 1524 Deus
1832 1491 1903 1524 vult
1926 1491 1990 1525 coli
2017 1494 2082 1525 isto
2105 1492 2164 1524 ho·

1179 1546 1280 1574 nore,
1309 1543 1342 1567 et
1366 1541 1506 1567 testatur
1529 1535 1664 1577 placere
1693 1535 1756 1566 sibi
1787 1535 1911 1568 cultum
1932 1535 2164 1568 invocationis.

1179 1579 1275 1612 Scias
1297 1584 1472 1620 peccatum
1506 1588 1582 1610 esse
1617 1579 1829 1611 omissionem
1858 1579 2075 1610 invocationis
2097 1589 2164 1611 non

1179 1623 1298 1662 minus,
1321 1632 1418 1664 quam
1442 1620 1653 1654 violationem
1676 1620 1813 1653 aliorum
1836 1622 2066 1653 mandatorum
2088 1620 2165 1654 Dei.

1179 1665 1260 1698 Item
1282 1671 1457 1707 peccatum
1481 1675 1577 1703 esse,
1610 1665 1743 1706 quando
1772 1664 1808 1696 fit
1830 1665 1998 1696 contraria
2031 1665 2166 1697 invoca-

1181 1710 1225 1740 tio
1248 1710 1353 1741 verbo
1376 1707 1458 1745 Dei;
1480 1715 1515 1740 ut
1535 1719 1608 1740 cum
1630 1709 1807 1739 invocatur
1828 1706 1963 1749 aliquid,
1986 1708 2074 1749 quod
2097 1717 2164 1739 non

1180 1758 1231 1784 est
1254 1751 1359 1784 Deus.

1267 1794 1327 1826 Est
1350 1800 1383 1826 et
1406 1794 1605 1831 mandatum,
1628 1793 1716 1835 quod
1729 1793 1889 1835 praecipit
1909 1793 2166 1832 invocationem,

1180 1838 1414 1880 opponendum
1437 1837 1607 1868 tentationi
1637 1837 1678 1867 de
1713 1837 1914 1878 indignitate
1970 1835 2052 1868 Cum
2086 1836 2166 1868 inci-

1181 1883 1233 1923 pis
1257 1891 1366 1919 orare,
1395 1881 1485 1911 venit
1518 1880 1576 1911 tibi
1611 1880 1643 1910 in
1668 1886 1825 1911 mentem:
1860 1886 1895 1910 tu
1925 1889 1962 1911 es
1996 1879 2164 1921 indignus,

1181 1924 1335 1957 fortassis
1358 1930 1414 1955 tua
1447 1924 1595 1964 precatio
1619 1933 1685 1954 non
1715 1921 1826 1963 placet
1849 1921 1934 1954 Deo.
1991 1921 2052 1953 Hic
2075 1923 2165 1964 cogi-

1181 1974 1246 2005 teS,
1269 1967 1326 1999 tibi
1349 1967 1538 1998 mandatum
1562 1975 1650 2003 esse,
1675 1971 1709 1996 ut
1731 1966 1882 2003 invoces,
1917 1975 1980 1997 nec
2002 1965 2165 2007 respicias

1182 2011 1223 2042 ad
1247 2016 1335 2042 tuam
1365 2009 1417 2041 vel
1450 2009 1657 2051 dignitatem,
1693 2008 1745 2040 vel
1781 2008 2017 2050 indignitatem.
2074 2007 2165 2040 Esne

1182 2054 1321 2096 dignm,
1354 2060 1389 2085 ut
1419 2062 1535 2084 serves
1564 2058 1789 2094 praeceptum:
1824 2053 1895 2083 Non
1919 2053 2062 2090 vocatas,
2096 2057 2165 2090 aut,

1179 2098 1354 2135 ‘Sanctifica
1383 2096 1571 2128 Sabbatum:
1611 2100 1686 2132 aut,
1719 2097 1850 2127 Honora
1875 2099 2005 2136 patrem
2034 2099 2066 2126 et
2099 2103 2166 2126 mo-

1181 2145 1264 2172 !rem
1286 2139 1397 2171 ercam?
1452 2139 1558 2174 Quam
1582 2144 1674 2170 esset
1706 2138 1886 2180 indignum,
1920 2138 2036 2169 intueri
2069 2147 2164 2169 suam

1181 2183 1427 2224 indignitatem,
1460 2189 1491 2213 et
1526 2192 1599 2214 earn
1623 2180 1801 2213 „anteferre
1835 2181 1997 2212 mandatis
2030 2180 2165 2212 diw'nis:

1207 2236 1281 2258 uam
1304 2231 1397 2257 esset
1426 2226 1587 2266 ineptum,
1617 2225 1645 2255 si
1675 2223 1798 2256 ancilla
1827 2225 1995 2256 iuberetur
2021 2232 2167 2265 coquere

1182 2279 1201 2301 a
1218 2268 1305 2311 iquid
1329 2269 1370 2299 ad
1390 2270 1511 2311 ignem,
1535 2274 1566 2300 et
1588 2266 1646 2299 illa
1668 2268 1791 2299 diceret
1815 2265 2067 2298 matrifamilias:
2092 2265 2166 2309 Ego

1184 2322 1249 2343 non
1280 2322 1353 2344 sum
1383 2313 1499 2353 digna,
1533 2317 1567 2342 ut
1601 2321 1741 2353 coquam
1776 2310 1875 2347 istud,
1910 2316 1966 2341 aut
1999 2319 2165 2351 apponam

1183 2354 1282 2387 ollam
1305 2355 1347 2386 ad
1371 2356 1491 2397 ignem.
1539 2354 1638 2395 Certe
1668 2351 1915 2385 materfamilias
1939 2353 2082 2384 diceret:
2116 2350 2166 2383 Tu

1184 2399 1302 2436 bestia,
1326 2408 1367 2429 an
1392 2408 1456 2441 ego
1480 2397 1622 2430 condux}
1647 2403 1679 2429 te
1701 2403 1836 2438 propter
1848 2402 1935 2428 tuam
1953 2394 2167 2438 dignitatem?

1185 2442 1403 2482 obtemperes
1427 2441 1526 2483 igitur
1559 2440 1636 2472 mihi
1666 2440 1843 2481 imponenti
1868 2439 1925 2470 tihi
1948 2437 2010 2470 has
2033 2447 2165 2480 operas.

1270 2483 1381 2516 Tertia
1403 2485 1560 2527 cogitatio
1584 2484 1627 2514 sit
1645 2484 1686 2514 de
1709 2483 1940 2524 promissione.
1982 2480 2076 2513 Dens
2098 2490 2166 2512 non

1186 2533 1309 2559 tantum
1333 2528 1509 2569 praecipit,
1542 2533 1577 2558 ut
1601 2536 1790 2568 precemur,
1824 2525 1883 2557 sed
1913 2524 2003 2556 addit
2025 2525 2165 2566 promie-

1185 2571 1322 2607 sionem,
1353 2577 1386 2602 ut
1411 2571 1556 2602 sciamus
1578 2575 1690 2608 certo,
1723 2569 1812 2611 quod
1835 2567 2059 2600 exaudiamur.
2105 2565 2166 2598 nic

1185 2624 1265 2646 vero
1289 2620 1420 2655 oportet
1443 2613 1605 2656 cognosci
1639 2613 1788 2645 ordinem
1821 2617 1854 2644 et
1877 2610 2068 2643 discrimina
2091 2618 2166 2652 pro·
