2324 2958
214 215 276 248 211

214 320 236 341 a
269 319 336 350 quo
368 309 549 340 abhorrent
581 306 732 338 homines
765 306 962 344 verecundi,
1004 305 1196 346 praesertim

215 353 384 383 seniores:
409 350 477 382 Sed
500 349 566 381 alia
589 348 649 381 suit
671 359 727 381 res
750 359 883 391 magna,
907 358 967 390 per
989 347 1077 379 hunc
1100 347 1197 377 ritum

216 394 432 437 significata.)

303 435 516 477 Respondeo.
561 433 673 465 Antea
694 432 800 465 suerat
824 433 958 464 dictum:
990 433 1105 463 Semen
1134 441 1196 463 mrt-

216 481 307 511 liere's
335 479 534 510 conculcabit
559 482 656 518 capue
682 481 850 517 serpentis.
901 475 992 505 llaec
1022 474 1198 515 promissio

217 522 347 553 venturi
370 521 562 552 mediatoris
585 519 694 551 adhuc
718 520 903 560 vagabatur
925 518 955 548 in
979 523 1048 548 toto
1076 527 1198 558 genere

216 565 371 601 humano,
401 565 474 595 sine
503 563 773 594 determinatione
804 570 863 592 seu
895 561 1199 601 circumscriptione

216 612 317 644 certa.
364 605 442 637 ldeo
465 606 582 648 quaeri
604 611 750 646 poterat:
774 604 867 635 cuius
890 601 1036 634 mulieris
1055 603 1116 634 erit
1146 612 1198 634 se-

216 649 310 680 men?
322 659 361 679 ex
375 659 441 690 qua
454 648 574 691 gente?
586 648 640 679 ubi
654 654 814 678 terrarum
823 646 1004 676 nascetur?
1017 644 1123 686 qualis
1136 646 1198 677 erit

214 692 365 723 liberatio
380 692 464 723 ista?
477 691 573 723 Nunc
585 691 684 732 igitur
699 689 752 720 hic
771 687 942 726 articulus,
961 687 1035 719 fidei
1059 689 1198 719 institui-

214 743 277 773 tur,
290 735 345 776 qui
364 741 416 766 est
432 744 539 766 novus
553 731 724 769 articulus,
741 731 869 762 scilicet
889 731 977 772 quod
998 731 1038 761 acl
1059 731 1197 762 circum-

213 779 367 809 stantiam
380 778 506 814 attinet,
518 774 670 807 videlicet
683 787 690 804 ε
704 774 887 806 Venturum
898 772 977 804 illud
991 784 1102 804 semen
1114 797 1122 811 ,
1137 784 1197 804 seu

214 820 465 862 Redemptorem
475 818 564 850 illum
573 818 774 849 nasciturum
783 827 823 848 ex
832 817 1058 858 posteritates&
1065 816 1196 848 brahae.
1224 826 1228 853 ,ι

301 862 523 904 Sequentibus
563 861 766 902 temporibus
807 859 842 890 fit
880 860 986 891 maior
1020 860 1194 891 restrictio.

213 905 314 937 iacob
346 906 423 936 dicit
457 914 498 936 ex
533 903 629 936 luda:
660 909 693 934 et
723 902 853 945 quidem
881 908 979 940 tunc,
1015 913 1089 933 cum
1122 901 1196 932 finis

213 947 346 990 politiae
369 949 463 978 istius
492 947 637 978 instabit.
682 945 801 976 lterum
829 945 862 976 fit
896 955 983 976 nova
1011 945 1191 979 restrictio,

213 992 347 1032 quando
371 990 491 1021 Davidi
515 990 611 1021 (latur
639 988 835 1030 promissio,
867 987 953 1029 quod
986 997 1026 1019 ex
1055 988 1194 1029 posteri-

212 1041 281 1064 tate
304 1034 406 1074 ipsius
430 1033 620 1064 nasciturus
644 1032 686 1063 sit
704 1031 858 1063 Messias.
903 1029 1073 1062 Michaeas
1098 1031 1195 1062 etiam

213 1077 411 1107 mentionem
440 1074 505 1106 loci
536 1073 634 1113 facit,
663 1075 739 1116 quia
761 1073 856 1105 Deus
881 1071 983 1104 voluit
1009 1071 1196 1104 Ecclesiam

212 1129 289 1149 esse
313 1125 456 1155 certam,
479 1119 534 1149 ubi
558 1123 649 1149 esset
673 1116 897 1159 expectandus
920 1116 1108 1157 redemptor
1130 1115 1195 1148 ille.

301 1161 386 1192 Hinc
408 1162 507 1202 igitur
519 1167 670 1192 sumatur
691 1159 867 1201 responsio
891 1160 931 1190 ad
955 1159 1194 1200 qraestionem,

212 1215 274 1236 cur
297 1205 446 1235 instituta
469 1202 567 1235 suerit
591 1203 812 1239 circumcisio,
836 1208 869 1233 et
892 1202 968 1244 quid
992 1212 1076 1243 opus
1099 1200 1196 1232 fuerit

210 1253 276 1278 tam
290 1252 447 1278 accurate
460 1245 630 1277 celebrare
644 1245 863 1277 ceremoniam
877 1251 941 1276 tam
955 1245 1131 1276 absurdam
1145 1255 1196 1275 ra-

211 1286 1197 1331 tioni,Cumquidemaliaequoqueceremoniaedivinaefue-

210 1334 274 1364 rint
287 1331 508 1364 illustriores?
532 1332 650 1370 Adam,
667 1330 764 1369 Abel,
776 1331 857 1363 Seth
871 1341 950 1361 suas
964 1340 1095 1372 quoque
1108 1339 1197 1361 cerc-

209 1376 338 1407 monins
352 1375 549 1412 habuerunt,
564 1380 608 1413 et,
621 1375 661 1405 de
674 1374 754 1406 Seth
769 1374 902 1404 dicitur:
920 1373 988 1405 Iste
1000 1374 1104 1414 coepit
1113 1377 1198 1405 invo-

209 1428 286 1450 care
297 1428 412 1450 nomen
427 1420 494 1458 Dei,
513 1418 544 1449 id
555 1425 616 1455 est,
628 1417 771 1448 restituit
789 1415 911 1448 cultum
926 1416 999 1454 Dei,
1018 1416 1131 1447 habuit
1152 1422 1198 1446 te-

209 1462 363 1493 stimonia
372 1462 493 1498 divina,
505 1460 621 1492 habuit
634 1459 856 1497 ceremonias,
865 1460 975 1490 docuit
983 1459 1024 1490 (le
1032 1457 1118 1489 Deo.
1131 1458 1199 1490 Cur

210 1514 292 1546 ergo
316 1505 480 1545 scriptura
498 1502 761 1534 circumcisionis
773 1502 916 1533 meminit
940 1512 1014 1532 cum
1033 1499 1091 1532 tali
1106 1510 1197 1542 pom-

210 1557 264 1588 pa,
312 1547 384 1578 uasi
409 1547 450 1577 de
473 1556 509 1577 re
532 1555 653 1587 magua
675 1550 708 1576 et
730 1547 826 1587 gravi
844 1544 1015 1586 ageretur?

287 1557 508 1630 lllespondeo.
554 1588 628 1619 Hoc
652 1587 686 1619 fit
712 1594 848 1629 propter
875 1585 965 1619 illum
993 1597 1115 1618 novum
1145 1596 1196 1617 ar-

210 1630 363 1670 ticulum,
394 1631 482 1674 quod
513 1632 690 1672 promissio
714 1631 778 1662 iam
808 1631 971 1672 pertineat
999 1630 1040 1661 ad
1072 1628 1195 1661 certam

211 1678 359 1718 stirpem,
383 1675 448 1707 imo
472 1675 569 1706 etiam
593 1675 636 1705 ad
666 1680 791 1705 certum
816 1672 943 1711 locum,
972 1674 1057 1704 sicut
1082 1671 1196 1703 Domi-

210 1728 274 1751 nus
298 1718 491 1749 Ahrahamo
515 1718 657 1748 dixerat:
681 1718 747 1756 Eyo
769 1717 850 1748 dabo
872 1718 930 1748 tibi
950 1721 1075 1748 terram
1102 1717 1195 1747 hanc.

300 1761 412 1796 Quoto
443 1770 530 1791 anno
567 1760 677 1791 mundi
707 1760 853 1791 instituta
884 1766 934 1791 est
965 1758 1194 1790 circumcisio?

209 1804 428 1845 Responsio».
484 1804 583 1834 Anno
633 1803 682 1833 his
723 1801 898 1833 millesimo
940 1801 1195 1843 quadragesimo

213 1848 326 1889 quinto
350 1848 497 1877 instituta
522 1853 571 1877 est
598 1846 818 1883 circumcisio,
847 1846 931 1876 sicut
955 1845 1139 1877 invenimus
1164 1845 1195 1875 in

211 1890 343 1921 usitatis
374 1890 673 1930 computationibus
708 1889 955 1919 accuratissime
990 1888 1195 1928 compositis:

212 1933 457 1964 l‘raeterierant
481 1933 547 1963 duo
570 1931 670 1963 millia
689 1941 860 1969 annorum,
885 1942 950 1973 quo
970 1938 1116 1970 tempore
1143 1941 1196 1970 pa-

211 1983 280 2007 tres
304 1982 482 2007 contentos
506 1984 582 2006 esse
607 1975 750 2015 oportuit
775 1975 993 2015 promissione
1017 1973 1070 2004 illa
1097 1984 1195 2015 genc—

210 2017 285 2050 rali:
309 2020 426 2050 Semen
451 2019 596 2049 mulieris
618 2019 820 2051 conculcabit.
844 2023 900 2049 ele.
926 2017 990 2048 lam
1015 2027 1093 2047 vcro
1108 2017 1195 2047 exci-

211 2069 256 2092 tat
294 2061 386 2093 Deus
422 2060 663 2095 Abrahamum,
705 2059 802 2101 elegit
845 2070 1021 2101 personam
1062 2065 1196 2092 certam.

213 2105 304 2136 cuius
326 2105 508 2145 postoritati
532 2102 644 2145 alligat
667 2104 804 2144 primam
828 2104 1094 2144 promissionem.
1141 2102 1195 2133 Vi-

212 2149 254 2178 xit
282 2155 348 2179 tum
373 2147 483 2178 aclhuc
507 2148 583 2176 Sem
610 2145 694 2176 tilius·
719 2146 800 2176 Noe.

299 2190 389 2221 llaec
413 2189 589 2231 diligenter
608 2189 849 2220 consideranda
874 2196 962 2225 sunt,
985 2196 1018 2219 ut
1038 2189 1194 2221 sciamus.

210 2234 286 2275 quid
301 2234 376 2264 novi
391 2232 510 2264 factum
524 2233 654 2269 siccum
667 2233 873 2263 circumcisio
895 2233 970 2262 dnm
984 2238 1044 2269 est,
1069 2238 1098 2262 et
1118 2231 1194 2272 quial

211 2277 241 2307 in
263 2277 325 2307 hac
345 2276 520 2318 praecipue
533 2273 630 2315 suerit
655 2275 848 2305 institutum.
887 2274 1030 2305 Mundus
1054 2276 1196 2305 intuetur

217 2320 502 2350 circumcisionem
511 2325 677 2359 tanquam,
690 2327 756 2348 rem
766 2317 946 2351 ridiculam,
960 2318 1018 2349 scil
1028 2328 1088 2348 nos
1098 2318 1195 2348 ‹lehe-

211 2372 283 2394 mus
297 2363 413 2393 intueri
426 2360 625 2393 voluntatem
635 2360 697 2392 Dei
712 2359 914 2391 declaratam
925 2361 1194 2402 inpromissioue.

299 2406 366 2436 ('u:·
396 2412 503 2436 autem
534 2404 712 2435 institutum
743 2410 791 2434 cst
820 2402 882 2434 noc,
912 2405 1042 2443 signum
1074 2404 1104 2434 iu
1141 2402 1194 2433 illa

209 2455 303 2489 parte
327 2449 489 2489 corporis,
512 2457 596 2489 quac
620 2448 720 2477 servit
745 2447 971 2489 generationi?

298 2490 509 2532 Responde-o.
562 2489 758 2531 Principalis
789 2500 889 2521 causa
916 2495 983 2526 cst,
1016 2489 1091 2531 quia
1119 2499 1193 2530 pro-

209 2534 324 2565 missio
348 2533 380 2564 lo
408 2535 492 2565 uitur
517 2534 556 2563 tle
580 2534 717 2569 sciiiine,
740 2533 813 2564 ideo
835 2533 965 2575 siguum
986 2532 1097 2563 debuit
1115 2542 1193 2563 esse

211 2545 488 2608 commouellactio
513 2577 554 2607 tle
578 2574 635 2607 illo
658 2576 790 2608 obiecto
820 2575 1061 2617 promissionis.
1108 2574 1191 2605 Nam

210 2620 428 2651 Sacramenta
452 2626 527 2650 sunt
552 2620 648 2661 signa
673 2619 785 2649 Verhi.
833 2619 908 2649 ldeo
929 2619 1047 2649 dehent
1072 2627 1192 2648 conve-

909 211 1021 245 Pnu„
1044 210 1147 243 MEL.
1170 209 1359 244 SCRIPTA
1379 208 1633 242 EXEGETlCA

2161 211 2227 242 212

1249 304 1295 334 tio
1322 303 1355 334 in
1382 303 1552 345 Baptismo
1578 302 1743 345 significat
1773 302 1972 335 ablutionem
2001 309 2226 345 peccatorum.

1250 345 1401 388 Sumptio
1425 347 1576 387 corporis
1599 353 1630 378 et
1653 347 1824 388 sanguinis
1849 345 1971 378 Christi
1994 353 2045 377 est
2069 345 2227 378 testifica-

1250 389 1308 427 ti0,
1332 389 1420 431 quod
1435 389 1618 421 inseramur
1637 390 1769 430 con-pon·
1785 388 1919 428 Christi,
1943 389 2146 421 vivificemur
2167 399 2228 431 per

1250 430 1350 464 filium
1373 431 1447 470 Dei,
1470 430 1652 464 efficiamur
1676 433 1821 463 membra
1844 433 1993 474 corporis
2016 433 2098 464 eius.

1336 474 1491 507 Secunda
1525 474 1721 516 significatio
1756 473 1837 512 suit,
1871 475 1960 516 quod
1991 475 2077 506 haec
2110 481 2229 507 natura

1252 524 1369 550 nostra
1394 518 1437 549 sit
1459 518 1700 559 praecidenda,
1735 518 1767 548 id
1791 523 1860 553 est,
1885 518 1973 559 quod
1996 523 2131 559 propter
2153 528 2230 560 pec-

1251 567 1359 592 catum
1377 561 1420 591 sit
1443 561 1607 592 destinata
1630 562 1741 598 morti,
1769 561 1833 591 imo
1857 561 1944 601 quod
1971 559 2057 592 haec
2084 559 2228 592 carnalis

1252 604 1420 645 generatio
1444 604 1486 635 sit
1509 604 1667 641 desitura,
1691 603 1731 634 Et
1754 609 1862 634 tamen
1886 604 1975 645 quod
2003 603 2102 635 vitam
2132 613 2229 646 opor-

1251 652 1316 677 teat
1341 646 1465 677 restitui
1489 656 1548 687 per
1570 645 1651 676 illud
1672 656 1784 678 semen
1810 647 2030 678 benedictum.

1224 682 1228 745 Ι
1336 687 1447 720 Tertia
1487 698 1590 720 causa
1632 688 1708 727 tuit,
1750 695 1785 720 ut
1823 689 1972 720 homines
2004 695 2230 728 monerentur,

1224 750 1227 766 .
1251 732 1338 773 quod
1364 730 1457 763 Deus
1481 730 1581 762 vellet
1604 741 1663 762 eos
1686 739 1879 763 reverenter
1902 733 1948 763 uti
1970 733 2111 763 semine:
2145 731 2229 763 Nam

1224 790 1228 812 1
1251 779 1387 816 peccata
1411 774 1547 805 seminis
1569 781 1646 805 sunt
1670 773 1766 806 valde
1787 773 1953 806 horribilia
1977 775 2009 806 in
2028 784 2151 816 genere
2173 773 2228 806 hu-

1225 819 1227 821 ’
1252 827 1358 854 mano,
1383 827 1468 858 quae
1490 816 1658 847 attrahunt
1680 827 1818 859 magnas
1843 824 1873 848 et
1898 819 2010 849 tristes
2033 827 2170 858 poenas.

1336 860 1463 891 Suntne
1490 858 1639 890 homines
1674 861 1749 891 iusti
1779 860 2052 892 circumcisione?
2079 859 2228 901 Respon-

1251 903 1324 933 deo.
1372 900 1495 933 Paulus
1519 902 1613 939 dicit,
1637 902 1805 933 Abraham
1834 910 1932 935 antea
1961 903 2067 935 fuisse
2095 904 2230 941 iustum,

1250 945 1311 976 sed
1335 945 1507 986 accepisse
1532 945 1832 984 circumcisionem,
1854 953 1889 978 ut
1913 952 2003 978 esset
2026 948 2166 987 σφραγὶς,
2196 946 2230 977 id

1249 994 1319 1026 est,
1349 987 1510 1029 sigillum.
1538 988 1627 1028 quod
1657 988 1956 1021 commonefaceret
1983 999 2058 1020 eum
2088 989 2129 1020 de
2152 999 2230 1031 pro-

1249 1031 1417 1068 missione,
1443 1037 1473 1062 et
1498 1030 1706 1061 confirmaret
1736 1031 1768 1062 in
1800 1041 1840 1063 eo
1872 1031 1979 1063 fidem.
2024 1031 2071 1062 lta
2104 1041 2167 1062 nos
2197 1032 2230 1062 in

1248 1085 1310 1105 usu
1334 1073 1623 1104 Sacramentorurn
1654 1079 1842 1105 nostrorum
1873 1074 2049 1106 debemus·
2061 1075 2230 1106 admoneri

1248 1117 1290 1148 de
1312 1117 1531 1158 promissione
1553 1115 1741 1157 Evangelii,
1771 1124 1803 1148 et,
1833 1117 1920 1149 seire
1935 1140 1943 1155 ,
1971 1117 2060 1158 quod
2085 1117 2230 1148 donatus

1249 1160 1290 1190 sit
1316 1160 1412 1190 nobis
1437 1159 1602 1196 Christus,
1626 1165 1657 1190 et
1680 1160 1767 1201 quorl
1793 1159 1984 1201 placeamus
2007 1159 2094 1197 Deo,
2118 1166 2149 1191 et
2172 1159 2231 1191 ha-

1250 1203 1386 1234 beamus
1410 1202 1637 1233 remissionem
1664 1209 1878 1242 peccatorum
1908 1210 2044 1244 propter
2074 1203 2230 1234 mediato-

1250 1255 1331 1283 rem,
1355 1255 1420 1276 non
1445 1250 1581 1287 propter
1603 1243 1683 1275 illud
1704 1256 1788 1286 opus
1812 1252 1867 1276 aut
1891 1248 1999 1277 ritum.

1337 1288 1430 1319 Deus
1453 1289 1494 1319 ah
1518 1287 1608 1319 initio
1633 1289 1743 1319 statim
1767 1295 1841 1329 post
1865 1287 1995 1329 lapsum
2020 1288 2145 1329 recepit
2166 1289 2230 1330 pri-

1253 1341 1326 1362 mos
1384 1330 1534 1362 homines
1550 1353 1559 1368 ,
1621 1331 1706 1361 edita
1747 1332 1985 1372 ‘promissione
2039 1330 2232 1374 Evangelii,

1251 1374 1326 1415 quia
1370 1372 1522 1404 Ecclesia
1564 1374 1773 1404 constituitur
1820 1384 1903 1405 voce
1936 1372 2129 1416 Evangelii,
2163 1383 2231 1406 non

1253 1416 1463 1447 constituitur
1496 1422 1621 1447 tantum
1656 1426 1740 1447 voce
1773 1415 1869 1456 legis.
1937 1416 2007 1447 Lex
2049 1423 2098 1447 est
2133 1417 2231 1447 etiam

1251 1459 1406 1501 gentibus
1426 1464 1516 1495 nota,
1541 1459 1667 1489 etiamsi
1692 1459 1722 1489 in
1740 1451 1893 1489 Ecclesia
1911 1459 2018 1500 magis
2040 1456 2233 1500 intelligitur

1221 1485 1228 1947 Ι
1250 1502 1315 1532 lex.
1346 1503 1391 1533 lta
1415 1508 1529 1541 postea
1555 1502 1673 1531 mansit
1696 1500 1849 1532 Ecclesia
1873 1507 1997 1532 tantum
2020 1502 2052 1531 in
2077 1510 2115 1532 ea
2138 1507 2233 1542 purte

1222 1953 1226 1967 t

1251 1544 1382 1587 generis
1406 1543 1554 1581 humani,
1582 1553 1668 1584 quae
1697 1545 1908 1575 conservavit
1937 1544 2128 1575 memoriam
2155 1553 2232 1585 pro-

1250 1597 1454 1618 rmssionum.

1336 1630 1408 1661 Fuit
1436 1636 1544 1661 autem
1575 1629 1732 1661 Abrahae
1764 1629 1970 1671 temporibus
2000 1627 2152 1661 Ecclesia
2181 1639 2232 1661 re-

1251 1673 1348 1704 dacta
1376 1673 1407 1704 in
1437 1678 1623 1715 angustum.
1670 1672 1747 1704 ldeo
1777 1672 1869 1704 Deus
1897 1673 2056 1703 immensa
2087 1673 2233 1704 bonitate

1250 1726 1321 1747 eam
1355 1716 1516 1754 restituit,
1549 1722 1708 1746 renovata
1743 1715 1974 1757 promissione,
2009 1722 2040 1746 et
2075 1715 2232 1747 Abrahae

1250 1759 1386 1790 tradita:
1418 1758 1458 1790 In
1486 1762 1608 1791 semine
1634 1763 1689 1790 eim
1717 1760 1945 1790 benedicentur
1978 1767 2089 1790 omnes
2109 1762 2232 1798 yet-ees.

1250 1801 1340 1839 ltem,
1363 1803 1429 1834 Ero
1453 1799 1540 1833 Deus
1557 1806 1632 1833 tuus
1653 1806 1687 1833 et
1705 1805 1839 1833 seminis
1857 1802 1906 1832 (ιη’
1924 1805 1999 1842 pos!
2019 1806 2058 1833 te.
2103 1801 2231 1837 Quibus

1249 1845 1361 1877 verbis
1384 1843 1562 1886 pollicetur
1583 1854 1623 1875 se
1647 1843 1862 1876 collecturum
1887 1854 1962 1875 esse
1982 1843 2166 1876 Ecclesiam
2188 1853 2229 1876 ex

1249 1889 1444 1930 posteritate
1468 1887 1633 1918 Abrahae.

1341 1932 1457 1962 ,innon
1485 1936 1555 1961 erat
1589 1931 1687 1961 etiam
1712 1929 1804 1960 Deus
1836 1930 2002 1971 gentium?
2032 1935 2123 1961 certe
2150 1930 2230 1961 iudi-

1251 1975 1346 2005 cabat
1388 1979 1516 2015 gentes.
1588 1973 1681 2004 Sicut
1723 1973 1864 2004 omnium
1906 1973 2051 2014 gentium
2091 1979 2230 2014 peccata

1251 2016 1341 2048 Deus
1366 2018 1457 2058 punit
1481 2015 1726 2048 universaliter:
1757 2016 1868 2051 Quare
1901 2017 1998 2059 igitur
2023 2016 2113 2052 dicit,
2136 2014 2229 2047 Deus

1249 2071 1374 2091 eorum.

1336 2102 1549 2143 Respondeo.
1596 2102 1756 2143 Loquitur
1783 2103 1824 2133 de
1855 2100 2025 2143 principali
2056 2099 2230 2135 beneficio.

1249 2146 1291 2176 de
1321 2146 1563 2182 misericordia,
1598 2156 1661 2186 qua
1691 2144 1783 2176 Deus
1819 2144 1887 2176 vult
1920 2146 2069 2186 recipere
2103 2153 2163 2175 eos
2197 2144 2228 2174 in

1250 2187 1445 2222 Ecclesiam,
1476 2189 1641 2219 remittere
1670 2194 1827 2229 peccata,
1864 2187 2038 2219 restituere
2074 2187 2229 2218 iustitiam

1249 2238 1280 2262 et
1304 2233 1401 2262 vitam
1425 2238 1602 2262 ueternum.

1336 2276 1401 2314 Ego
1429 2285 1485 2305 ero
1511 2276 1596 2305 Deus
1619 2283 1746 2312 eornm,
1775 2271 1806 2305 id
1839 2279 1907 2307 est.
1937 2283 2003 2304 non
2031 2271 2140 2304 solum
2169 2281 2228 2303 ero

1249 2318 1344 2348 iudex
1377 2327 1509 2351 eorum,
1546 2324 1579 2348 ut
1609 2318 1770 2359 gentium.
1805 2315 1980 2348 declarans.
2014 2316 2095 2347 iram
2122 2325 2228 2346 nicam

1248 2361 1413 2391 adversus
1449 2367 1606 2401 peccata,
1649 2361 1709 2391 seu
1744 2360 1840 2391 etiam
1875 2369 2051 2400 excerpam
2086 2368 2127 2390 ex
2163 2356 2228 2389 illis

1220 2397 1223 2408 ¹
1248 2401 1380 2436 inultos.
1405 2405 1458 2444 qui
1482 2410 1575 2435 eruut
1609 2404 1754 2434 membru
1778 2400 1969 2436 Ecclesiae,
1999 2411 2083 2443 quos
2111 2398 2228 2432 salvos

1220 2474 1223 2483 ‚
1247 2446 1364 2477 faciam
1389 2447 1420 2477 in
1451 2447 1535 2477 omni
1565 2446 1769 2477 aeternitate.
1818 2445 1876 2476 Est
1908 2451 2015 2475 antem
2050 2444 2156 2475 oratio
2184 2443 2227 2474 oi·

1218 2486 1223 2550 s
1247 2488 1311 2520 mul
1336 2488 1549 2531 intelligenda
1574 2487 1770 2520 correlative
1793 2499 1852 2519 seu
1876 2488 2058 2529 reciproce.
2104 2484 2152 2517 llll
2175 2495 2228 2517 me

1247 2532 1390 2562 vicissim
1414 2539 1611 2573 agnoscent.

1331 2575 1398 2606 Seu
1423 2575 1588 2617 quomodo
1611 2575 1718 2617 magis
1741 2579 1946 2616 agnoverunt
1970 2582 2068 2614 qutun
2093 2571 2227 2613 gentos?

1333 2617 1542 2659 Respomleo.
1584 2616 1641 2648 llle
1663 2617 1806 2659 populus
1829 2617 2033 2658 agnoscebat
2057 2613 2163 2645 Deum
2184 2623 2226 2645 ex

207 2663 279 2693 nire
302 2673 376 2694 cum
392 2662 505 2694 Verbo
525 2672 583 2693 seu
608 2663 838 2703 promissione.
876 2660 1000 2694 Men-sto
1023 2659 1076 2692 vel
1099 2659 1192 2692 ublu-
1217 2652 1222 2680 ί
1245 2661 1483 2702 promissione.
1518 2661 1695 2692 invocabat
1734 2669 1846 2693 verum
1876 2657 1984 2691 Deum
2011 2657 2226 2694 conditorem,
