2324 2958
143 155 208 188 949

145 251 257 292 specie
278 248 330 281 hic
353 247 492 280 effusum
515 259 591 281 esse
613 249 768 290 Spiritum
792 256 952 288 sanctum,
974 256 1010 281 ut
1029 250 1118 280 testi-

144 294 287 324 monium
310 298 473 329 exstaret,
498 293 585 333 quod
610 293 725 324 eodem
748 293 846 324 modo
870 292 1119 324 sanctificentur

145 342 280 381 geuteS,
303 345 369 376 quo
393 333 558 375 Apostoli.

176 525 286 576 Quid
316 526 515 580 significat
545 527 585 566 in
617 527 724 566 dicto
757 527 881 566 Petri:
920 533 956 561 In
979 534 1098 562 nomine

587 601 653 629 eius
663 600 678 631 ‘t‘

230 685 357 718 Nomen
381 685 547 727 significat
569 687 748 727 potentiam
770 685 866 717 huius
890 684 981 725 Filii,
1005 693 1037 717 et
1060 697 1118 727 per

145 739 235 767 cum,
267 735 298 760 et
327 736 463 770 propter
492 738 577 759 eum.
634 728 733 766 ltem,
769 730 971 770 agnitionem
1001 730 1117 770 ipsius.

144 771 236 803 Haec
267 771 496 813 complectitur
525 771 644 802 onmia.
702 771 740 801 Et
772 772 875 802 addit:
916 772 978 806 Qui
1005 773 1116 802 credit.

143 814 234 857 Ergo
258 820 387 856 oportet
415 813 480 845 fide
508 814 776 855 apprehendere,
810 821 939 854 oportet
969 816 1116 852 credere,

144 858 232 899 quod
255 864 391 899 propter
414 855 529 887 Filium
555 857 733 888 habeamus
758 858 985 888 remissionem
1004 868 1117 898 pecca·

143 906 269 937 torum,
293 899 484 941 placeamus
508 910 573 930 non
597 907 733 941 propter
756 911 868 940 opera.

230 943 320 974 llaec
345 944 495 974 doctrina
519 943 559 973 de
584 943 724 984 gratuita
747 943 942 974 remissione
964 950 1116 984 peccato·

145 996 235 1023 mm,
276 986 519 1017 consideranda
553 992 601 1016 est
640 987 736 1017 etiam
771 986 802 1016 in
837 987 909 1027 ipsa
943 987 1118 1017 vocatione

145 1029 300 1070 gentium.
357 1028 475 1059 Nullus
503 1028 661 1069 angelus,
696 1029 760 1060 imo
788 1028 899 1060 nullae
926 1028 1117 1071 angelorum

144 1077 177 1102 et
198 1071 363 1102 hominum
387 1078 513 1102 mentes
532 1079 671 1111 possunt
690 1071 980 1112 comprehendere,
997 1078 1118 1112 quanta

144 1113 227 1145 haec
250 1114 291 1145 sit
317 1114 378 1145 Dei
403 1115 531 1146 bonitas
555 1120 586 1145 et
609 1115 843 1152 misericordia,
867 1115 954 1156 quod
977 1125 1016 1145 ex
1042 1125 1118 1145 con-

144 1158 300 1188 taminata
324 1155 379 1188 illa
403 1167 512 1188 massa
538 1158 682 1198 gentium
706 1155 917 1187 Etltnicarum
941 1158 1003 1187 sibi
1027 1156 1118 1187 colli-

144 1200 191 1242 git
215 1198 411 1230 Ecclesiam.
462 1199 628 1241 Cogitate,
659 1197 765 1240 qualis
795 1200 837 1229 sit
860 1200 977 1237 Creta,
1004 1199 1119 1230 Corin-

143 1243 238 1280 thus,
262 1242 379 1279 Roma,
402 1243 532 1283 quando
552 1240 674 1272 Paulus
698 1242 740 1272 ibi
765 1241 889 1283 colligit
913 1241 1117 1278 Ecclesian13

142 1284 201 1315 fuit
224 1285 538 1315 contaminatissima
551 1285 817 1325 turpitudinibus,
832 1283 1030 1322 libidinibus,
1047 1296 1118 1316 scc-

141 1326 276 1359 leribus.
323 1327 357 1357 ln
383 1326 438 1358 illo
463 1328 777 1359 contaminatissimo
800 1327 896 1366 loco,
920 1335 1025 1359 tamen
1050 1327 1118 1359 col-

142 1369 254 1412 ligitur
276 1368 448 1408 Ecclesia,
480 1377 512 1401 et
537 1369 635 1411 aliqui
662 1370 741 1402 liunt
763 1372 909 1402 membra
931 1370 1117 1402 Ecclesiae.

143 1412 328 1455 Cyprianus
352 1411 410 1444 suit
431 1423 548 1455 magus
572 1421 603 1444 et
629 1415 835 1445 obst-oenus:
857 1415 941 1445 sicut
961 1424 1034 1445 cum
1051 1414 1117 1444 Ma-

166 1458 196 1487 ia
219 1454 449 1488 universaliter
471 1462 547 1487 sunt
572 1457 747 1487 coniuncta
770 1455 833 1487 alia
858 1456 999 1488 scelera.
1038 1455 1118 1488 Nul-

141 1466 196 1531 ἧς
219 1499 382 1530 invenitur
404 1509 540 1541 maguS,
574 1500 629 1541 qui
657 1510 723 1530 non
752 1500 794 1530 sit
816 1499 965 1541 pollutus
988 1500 1117 1541 magnis

142 1540 338 1574 sceleribus.

229 1584 426 1626 Ubicunque
455 1583 581 1616 habitat
611 1579 792 1622 Diabolus,
826 1586 870 1616 ibi
901 1591 1004 1616 tetrae
1040 1591 1117 1616 sunt

141 1624 307 1658 libidines.
357 1627 446 1669 Magi
471 1628 664 1668 profitentur
687 1639 724 1659 se
749 1638 826 1659 esse
849 1629 961 1659 socios
986 1635 1017 1659 et
1041 1638 1118 1659 con-

142 1669 332 1702 foederatos
355 1680 428 1702 cum
452 1669 607 1701 Diabolo.

191 1759 193 1761 Ι
229 1720 288 1752 1113
320 1729 369 1753 est
400 1723 498 1764 igitur
527 1723 684 1754 immensa
709 1723 838 1754 bonitas
862 1722 942 1760 Dei,
966 1723 1053 1764 quod
1077 1733 1117 1754 ex

142 1763 208 1795 hac
235 1764 415 1796 miserrima
445 1776 556 1797 massa
584 1766 716 1807 generis
748 1766 878 1796 humani
909 1765 1033 1805 colligit
1056 1765 1117 1797 Ec·

142 1805 289 1838 clesiam.
346 1807 385 1838 Et
413 1807 497 1839 haec
524 1809 596 1850 ipsa
625 1807 779 1840 collectio
809 1815 861 1839 est
891 1809 1117 1840 maniiestissi-

143 1861 228 1881 mum
260 1851 497 1889 testimonium,
531 1853 618 1893 qaod
644 1852 748 1894 gratis
774 1852 920 1883 homines
943 1859 1117 1891 vocentur,

143 1898 175 1924 ct
198 1892 427 1924 iustificentur.

212 2054 271 2086 EX
297 2054 498 2086 ALtoRUM.
523 2055 741 2088 ANNORUM
766 2057 1045 2089 RHAPSODHS.

229 2132 321 2163 Sicut
352 2133 384 2163 in
414 2132 466 2163 die
490 2132 706 2164 Pente—costes
730 2134 926 2166 testificatus
950 2142 1000 2166 est
1024 2134 1115 2167 Deus

141 2174 316 2207 manifesto
350 2176 553 2213 testimonio,
593 2186 631 2207 se
664 2176 742 2208 dare
776 2178 931 2217 Spiritum
966 2185 1115 2209 sanctum

141 2217 333 2255 Ecclesiae,
364 2219 495 2259 quando
519 2217 631 2249 effudit
655 2220 809 2259 Spiritum
833 2227 982 2251 sanctum
1006 2221 1114 2252 visibi-

141 2259 217 2292 liter
245 2263 276 2292 in
306 2260 508 2302 Apostolos,
542 2269 574 2292 ct
599 2268 726 2293 coetum
755 2261 806 2293 bis
833 2264 1038 2301 adiunctum,
1071 2265 1115 2295 ita

141 2315 229 2335 nunc
258 2303 392 2336 effundit
422 2304 577 2345 Spiritum
608 2311 756 2336 sanctum
785 2306 815 2336 in
846 2314 973 2336 coetum
1004 2306 1114 2337 Ethni-

141 2357 232 2383 cum,
265 2354 298 2378 ut
328 2350 518 2378 ostentm-ct
544 2348 763 2379 testimonium
795 2347 905 2390 colligi
928 2348 1113 2381 Ecclesiam

141 2400 181 2421 ex
205 2395 275 2421 toto
300 2400 422 2432 genere
452 2390 592 2421 numano
617 2391 702 2421 inter
725 2390 864 2422 ludaeos
888 2401 919 2422 et
942 2391 1113 2423 Ethnicos.

140 2432 211 2464 Nec
234 2439 286 2463 est
309 2434 414 2464 minus
439 2433 614 2473 magnifica
638 2433 817 2472 revelatio,
845 2433 933 2466 sacta
961 2436 992 2466 in
1017 2436 1114 2467 domo
1138 2447 1140 2474 ς

827 155 1042 188 POSTlLLA
1065 155 1463 189 MELANTHOMANA.

2080 159 2144 190 960

1172 250 1277 280 sancti
1299 249 1448 281 Ethnicis
1471 251 1586 282 eodem
1606 251 1711 282 modo.
1758 250 1864 282 Valde
1881 250 1946 283 hoc
1963 253 2076 282 mirum
2095 252 2143 283 eis

1172 291 1249 329 suit,
1280 291 1440 323 Ethnicos
1469 295 1603 334 aequari
1633 293 1779 328 ludaei&
1812 295 1887 334 quia
1910 301 2003 325 erant
2026 295 2057 325 in
2082 295 2144 326 hae

1171 335 1401 375 persuasione,
1424 345 1560 376 regnum
1581 337 1724 367 Messian
1742 338 1905 377 pertinere
1927 338 1966 368 ad
1992 337 2142 369 ludaeos

1173 377 1268 409 Haud
1297 378 1394 408 dubie
1423 377 1514 408 multi
1537 379 1718 409 habuerunt
1743 381 1806 410 hoc
1831 381 2007 417 somnium,
2043 381 2143 421 Spiri-

1172 428 1239 452 tum
1262 426 1411 451 sanctum
1435 427 1558 451 tantum
1582 423 1745 462 quandam
1769 424 2048 463 praeparationem
2068 433 2144 454 esse

1172 464 1212 494 ad
1242 461 1322 494 illud
1351 461 1603 503 pulcherrimum
1638 475 1789 504 regnum,
1821 466 1907 505 quod
1939 473 2051 496 essent
2087 464 2144 497 alt—

1171 513 1294 547 quanto
1318 513 1393 546 post
1416 504 1557 537 collecta
1579 505 1688 547 aliqua
1712 506 1930 540 multitudine.
1961 508 2144 540 inchoatun'

1171 551 1203 579 in
1227 549 1291 579 hoc
1313 549 1452 585 mundo,
1477 554 1640 588 tamquam
1663 547 1806 589 politiam
1830 549 1982 591 aliquam.

1256 590 1308 622 De
1331 592 1460 622 visione
1483 590 1570 622 Petri
1594 592 1642 621 sic
1665 599 1892 632 argumentor:

1299 652 1450 691 Apes-loli
1470 660 1530 681 non
1555 655 1684 681 errant:

1300 696 1415 725 Petrus
1437 694 1487 724 ln'c
1510 695 1648 724 errarit:

1300 737 1387 778 Eryo
1410 746 1471 768 mm
1495 741 1567 767 erat
1592 737 1774 776 Apostolus.

1256 804 1365 836 Prono
1389 805 1566 840 Minorem3
1589 805 1663 846 quia
1688 804 1796 835 adhuc
1819 805 1961 843 dubitat,
1983 817 2024 837 an
2048 806 2144 839 liceat

1172 848 1262 878 vesci
1286 848 1472 879 immundis:
1497 849 1542 879 Er
1567 849 1624 879 hat
1644 849 1722 879 uoclz
1746 849 1797 878 die
1815 850 2010 889 plemam-ey,
2033 851 2080 881 Er
2097 855 2146 882 set

1170 901 1222 922 em
1244 892 1337 926 Itale,
1370 893 1437 922 und
1457 895 1565 922 miisse
1593 889 1702 931 legem
1726 890 1907 921 Mosaicam
1934 891 2053 931 hatten,
2080 895 2146 925 und

1170 938 1278 965 iniisse
1305 935 1391 965 nicht
1421 935 1699 974 ts'clzzeee'nefletsek
1729 943 1832 964 essen.
1888 933 1946 964 Est
1977 936 2048 967 sine
2076 935 2144 967 ulla

1171 977 1372 1007 dubitatione
1395 986 1496 1007 error.

1257 1018 1457 1059 Respondet)
1486 1019 1624 1050 rotunde
1654 1026 1684 1049 et
1718 1020 1875 1057 breviter,
1903 1022 1944 1051 ad
1968 1019 2143 1052 Maiorem:

1171 1062 1324 1101 Apostoli
1350 1072 1411 1092 non
1442 1066 1572 1100 errant,
1602 1061 1730 1093 scilicet
1759 1063 1790 1092 in
1816 1063 1981 1101 doctrina,
2012 1065 2071 1095 sed
2095 1075 2144 1095 er-

1171 1111 1245 1135 rant
1274 1103 1449 1145 aliquando
1480 1106 1510 1136 in
1541 1103 1761 1146 applicatione
1791 1106 1971 1137 doctrinae..
2024 1106 2057 1137 ln
2081 1109 2143 1147 pri-

1172 1154 1248 1178 vato
1277 1158 1340 1178 usu
1371 1154 1422 1178 est
1449 1147 1571 1189 aliquid
1596 1148 1807 1179 infirmitatis:
1831 1149 1879 1179 sic
1903 1149 1934 1180 in
1957 1149 2143 1181 actionibus

1171 1191 1316 1221 externis
1351 1191 1445 1221 etiam
1481 1201 1582 1231 saepe
1616 1191 1782 1222 mirabiles
1818 1191 1948 1223 suerunt
1977 1192 2142 1233 Apostoli.

1173 1231 1295 1263 Paulus
1320 1240 1350 1263 et
1373 1233 1546 1264 Barnabas
1569 1235 1660 1264 see'ml
1682 1235 1793 1265 umn‘ns
1813 1245 1971 1275 yezccsen,
1995 1236 2054 1267 sed
2079 1246 2143 1267 non

1170 1275 1227 1306 fuit
1261 1286 1356 1306 error
1389 1277 1571 1307 doetrinae.
1633 1276 1750 1307 Petrus
1784 1276 2007 1318 reprehensus
2041 1285 2092 1309 est
2125 1289 2144 1310 a

1173 1317 1291 1349 Paulo:
1315 1329 1379 1349 non
1404 1318 1463 1350 suit
1487 1329 1581 1350 error
1604 1320 1783 1357 doctrinae,
1802 1321 1861 1350 sed
1885 1319 1940 1351 fuit
1962 1321 2144 1360 infirmitas,

1171 1367 1225 1392 aut
1248 1372 1380 1403 quoquo
1405 1363 1502 1392 modo
1527 1363 1711 1393 vocandum
1736 1369 1802 1393 cst:
1831 1363 1949 1394 Petrus
1974 1370 2065 1395 recte
2087 1365 2143 1396 do-

1171 1405 1283 1442 cebat,
1317 1411 1347 1435 et
1376 1405 1556 1443 sentiebat,
1591 1405 1649 1436 suit
1681 1412 1788 1436 tamen
1818 1406 1990 1437 infirmitas
2014 1408 2044 1438 in
2068 1418 2142 1439 usu.

1171 1447 1218 1478 lta
1247 1446 1301 1478 hie
1331 1458 1462 1489 quoque
1489 1448 1521 1478 in
1553 1449 1651 1479 Petro
1675 1454 1725 1479 est
1749 1448 1931 1480 infirmitas.
1987 1449 2142 1490 Apostoli

1171 1501 1235 1521 non
1261 1497 1370 1521 errant
1393 1491 1424 1521 in
1450 1491 1616 1529 doctrina,
1647 1501 1755 1533 neque
1783 1493 1919 1534 gignunt
1942 1503 2063 1524 novum
2087 1503 2144 1536 ge-

1171 1543 1232 1564 nus
1256 1534 1437 1564 doctrinae.

1257 1575 1315 1606 llla
1346 1578 1513 1613 doctrina,
1544 1587 1640 1618 quam
1673 1584 1769 1608 sonat
1798 1577 1852 1608 hic
1880 1577 2018 1616 Petrus,
2049 1579 2142 1610 euius

1171 1619 1244 1650 est?
1288 1619 1390 1650 Fusus
1412 1623 1468 1660 qm?
1493 1624 1539 1651 est
1569 1623 1599 1651 1'11
1629 1621 1700 1650 siun
1724 1620 1853 1658 Patris,
1882 1622 1952 1662 ipse
1974 1622 2143 1653 εηαννατιῖ

1171 1662 1270 1693 nobis.
1327 1662 1420 1700 hem,
1452 1662 1571 1694 Petrus
1606 1664 1677 1703 ipse
1708 1664 1756 1694 sic
1787 1664 1878 1695 dicit:
1924 1663 2009 1695 Hm'c
2038 1674 2143 1696 omnes

1171 1704 1356 1746 ΡιὌμΙιρΙιιε
1382 1707 1588 1736 testimonium
1614 1706 1790 1746 pmffzt‘hent.
1842 1706 1960 1738 Nonae
1988 1708 2071 1738 idem
2096 1709 2142 1739 di-

1172 1749 1232 1786 cit,
1263 1749 1349 1789 quod
1380 1759 1493 1779 onmes
1524 1748 1709 1790 Prophetae
1738 1756 1814 1780 ante
1845 1750 2017 1782 dixerunt?
2067 1750 2141 1782 Non

1171 1791 1273 1832 gignit
1307 1801 1425 1822 novam
1460 1792 1655 1823 doctrinam.
1713 1792 1836 1823 Omnes
1868 1793 2055 1834 Prophetae
2077 1792 2142 1825 hoc

1171 1835 1324 1865 dixerant
1346 1841 1453 1871 antea,
1478 1835 1563 1875 «guod
1590 1834 1689 1865 Filius
1715 1834 1776 1866 Dei
1799 1837 1840 1866 sit
1859 1836 1988 1867 futurus
2011 1837 2141 1867 victima

1171 1887 1230 1918 pro
1254 1887 1375 1918 genere
1395 1877 1552 1916 hnmano,
1582 1885 1612 1909 et
1641 1879 1728 1919 quod
1760 1886 1914 1909 aeternus
1945 1878 2042 1910 Pater
2064 1878 2142 1910 velit

1170 1921 1317 1961 recipere
1341 1920 1490 1951 homines
1515 1923 1687 1951 credentes
1711 1922 1740 1952 in
1766 1920 1853 1952 hunc
1875 1920 2007 1959 Filium,
2039 1929 2070 1953 et
2093 1932 2142 1953 re-

1171 1964 1304 1994 stituere
1332 1964 1484 1994 iustitiam
1514 1970 1542 1994 et
1573 1965 1672 1994 vitam
1701 1971 1886 2002 aeternam,
1915 1971 1945 1995 et
1974 1965 2061 2005 quod
2086 1976 2141 2005 po—

1171 2006 1238 2037 litia
1262 2006 1408 2037 mosaica
1433 2008 1563 2038 condita
1589 2008 1646 2045 sit,
1671 2013 1704 2037 nt
1727 2014 1817 2038 esset
1841 2008 1999 2047 tantisper
2021 2008 2140 2039 schola

1171 2050 1359 2087 doctrinae,
1386 2050 1492 2081 donec
1522 2049 1623 2080 Filius
1655 2051 1793 2081 veniret:
1824 2051 1899 2091 quia
1921 2049 2014 2080 Deus
2039 2050 2141 2082 voluit.

1170 2091 1270 2124 titium
1305 2099 1395 2123 certo
1429 2091 1505 2124 loco
1541 2094 1705 2134 conspici,
1739 2094 1905 2131 cruciligi,
1939 2094 2141 2131 resuscitari,

1168 2136 1241 2166 ideo
1266 2134 1367 2166 voluit
1392 2142 1515 2167 certam
1539 2146 1614 2167 esse
1638 2137 1749 2167 sedem
1773 2143 1803 2167 et
1824 2133 1984 2173 scholam,
2006 2137 2061 2168 ubi
2084 2134 2140 2167 illa

1166 2179 1294 2209 tierent.

1254 2221 1327 2252 Fuit
1359 2222 1408 2251 eis
1441 2231 1495 2252 res
1529 2220 1719 2252 dulcissima
1753 2228 1786 2252 et
1815 2222 2017 2263 gratissima,
2051 2223 2138 2263 quod

1167 2265 1315 2295 sciebant
1345 2265 1376 2295 in
1409 2275 1470 2295 sua
1501 2272 1598 2302 gente
1628 2274 1814 2295 mansuram
1842 2263 2002 2296 scholam.
2049 2264 2139 2296 Haec

1166 2306 1225 2338 tuit
1250 2308 1366 2348 ingens
1390 2309 1636 2347 praerogativa,
1666 2318 1818 2347 magnum
1843 2307 1963 2337 donum
1987 2313 2018 2338 et
2041 2307 2139 2338 bene—

1167 2349 1274 2381 ficium
1294 2349 1364 2381 Dei.
1410 2350 1555 2387 videtis,
1583 2351 1746 2391 quomodo
1770 2352 1831 2380 iam
1863 2351 2139 2391 circumspectent

1166 2393 1262 2424 animi
1287 2394 1428 2423 omnium
1452 2394 1653 2434 sapientum:
1683 2393 1737 2423 ubi
1761 2393 1820 2422 erit
1842 2390 2009 2431 Ecclesia,
2039 2392 2137 2424 sedes

1166 2436 1359 2467 doctrinae?
1403 2435 1472 2466 Nos
1503 2445 1567 2466 non
1596 2435 1736 2472 scimus,
1770 2433 1814 2465 illi
1845 2441 1953 2466 tamen
1983 2435 2048 2466 hoc
2077 2437 2138 2466 sci-

141 2475 305 2513 Cornelii‚
340 2487 452 2524 quam⁹
471 2486 556 2517 quae
589 2474 647 2508 fuit
677 2475 767 2508 sacta
795 2478 826 2507 in
856 2479 1114 2520 congregatione
1137 2476 1141 2502 ⁸
1166 2485 1292 2510 verunt.

141 2517 400 2559 Apostolorun1;
424 2519 496 2550 hon
521 2517 578 2549 suit
603 2517 736 2550 multum
761 2519 937 2558 dissimilis,
961 2522 1044 2552 sicut
1067 2520 1113 2552 illi
1138 2510 1140 2531 Ι

888 2563 1001 2595 Voluit
1021 2563 1113 2595 Deus
1137 2571 1140 2588 t

139 2603 266 2645 aliquot
305 2605 442 2642 adesse,
483 2605 536 2646 qui
576 2610 689 2636 essent
730 2612 832 2637 testes
873 2606 939 2636 dati
973 2607 1113 2647 Spiritus
1137 2592 1141 2633 l

140 2568 327 2602 agnoscunt
351 2567 382 2592 ct
406 2562 559 2600 fatentur,
579 2562 633 2603 qui
657 2561 842 2594 adsuerunt.

1253 2521 1370 2552 Petrus
1395 2521 1508 2551 eadem
1533 2521 1660 2557 docuit,
1685 2528 1714 2551 et
1739 2527 1834 2558 tunc,
1860 2527 1892 2551 et
1915 2528 2032 2561 postea
2054 2531 2138 2563 quae

1166 2564 1286 2595 audivit
1318 2574 1337 2594 a
1369 2562 1449 2593 Filio
1475 2562 1555 2599 Dei,
1589 2571 1618 2594 et
1651 2574 1735 2604 quae
1764 2564 1889 2594 sciebat
1913 2573 1990 2594 esse
2011 2564 2043 2595 in
2067 2574 2138 2605 pro-

1166 2606 1272 2647 phetis
1295 2606 1430 2636 tradita:
1453 2616 1518 2636 non
1543 2607 1625 2647 parit
1650 2616 1768 2637 novam
1793 2606 2059 2644 doctrinan1,sed
2082 2606 2137 2638 οὐ·

1781 2666 1831 2689 so·
