<?xml version="1.0" encoding="UTF-8"?>
<!DOCTYPE html PUBLIC "-//W3C//DTD XHTML 1.0 Transitional//EN"
    "http://www.w3.org/TR/xhtml1/DTD/xhtml1-transitional.dtd">
<html xmlns="http://www.w3.org/1999/xhtml" xml:lang="en" lang="en">
 <head>
  <title>
</title>
<meta http-equiv="Content-Type" content="text/html;charset=utf-8" />
  <meta name='ocr-system' content='tesseract 3.04.00' />
  <meta name='ocr-capabilities' content='ocr_page ocr_carea ocr_par ocr_line ocrx_word'/>
</head>
<body>
  <div class='ocr_page' id='page_1' title='image "./operaquaesupersu24melauoft/operaquaesupersu24melauoft_0209.png"; bbox 0 0 2324 2958; ppageno 0'>
   <div class='ocr_carea' id='block_1_1' title="bbox 197 301 889 335">
    <p class='ocr_par' dir='ltr' id='par_1_1' title="bbox 197 301 889 335">
     <span class='ocr_line' id='line_1_1' title="bbox 197 301 889 335; baseline -0.003 0"><span class='ocrx_word' id='word_1_1' title='bbox 197 302 415 335; x_wconf 69' lang='lat' dir='ltr'>DOMINICA</span> <span class='ocrx_word' id='word_1_2' title='bbox 442 302 482 334; x_wconf 88' lang='lat' dir='ltr'><strong>V.</strong></span> <span class='ocrx_word' id='word_1_3' title='bbox 506 301 617 335; x_wconf 87' lang='lat' dir='ltr'>POST</span> <span class='ocrx_word' id='word_1_4' title='bbox 639 301 889 335; x_wconf 82' lang='lat' dir='ltr'><strong>EPlPHANlA.</strong></span> 
     </span>
    </p>
   </div>
   <div class='ocr_carea' id='block_1_2' title="bbox 408 434 677 476">
    <p class='ocr_par' dir='ltr' id='par_1_2' title="bbox 408 434 677 476">
     <span class='ocr_line' id='line_1_2' title="bbox 408 434 677 476; baseline -0.011 0"><span class='ocrx_word' id='word_1_5' title='bbox 408 435 470 476; x_wconf 86' lang='lat' dir='ltr'><strong>De</strong></span> <span class='ocrx_word' id='word_1_6' title='bbox 502 434 677 475; x_wconf 84' lang='lat' dir='ltr'><strong>Zizaniis.</strong></span> 
     </span>
    </p>
   </div>
   <div class='ocr_carea' id='block_1_3' title="bbox 435 576 655 610">
    <p class='ocr_par' dir='ltr' id='par_1_3' title="bbox 435 576 655 610">
     <span class='ocr_line' id='line_1_3' title="bbox 435 576 655 610; baseline -0.014 0"><span class='ocrx_word' id='word_1_7' title='bbox 435 577 574 610; x_wconf 83' lang='lat' dir='ltr'><strong>Matth.</strong></span> <span class='ocrx_word' id='word_1_8' title='bbox 601 576 655 608; x_wconf 80' lang='grc'><strong>13.</strong></span> 
     </span>
    </p>
   </div>
   <div class='ocr_carea' id='block_1_4' title="bbox 53 677 1031 757">
    <p class='ocr_par' dir='ltr' id='par_1_4' title="bbox 53 677 1031 757">
     <span class='ocr_line' id='line_1_4' title="bbox 139 677 1031 722; baseline -0.002 -10"><span class='ocrx_word' id='word_1_9' title='bbox 139 681 173 713; x_wconf 89' lang='lat' dir='ltr'><strong>ln</strong></span> <span class='ocrx_word' id='word_1_10' title='bbox 198 682 261 713; x_wconf 88' lang='lat' dir='ltr'><strong>isto</strong></span> <span class='ocrx_word' id='word_1_11' title='bbox 286 679 402 722; x_wconf 84' lang='lat' dir='ltr'><strong>Capite</strong></span> <span class='ocrx_word' id='word_1_12' title='bbox 425 679 582 712; x_wconf 83' lang='lat' dir='ltr'><strong>Matthaei</strong></span> <span class='ocrx_word' id='word_1_13' title='bbox 606 686 681 711; x_wconf 86' lang='lat' dir='ltr'><strong>sunt</strong></span> <span class='ocrx_word' id='word_1_14' title='bbox 706 679 828 711; x_wconf 82' lang='lat' dir='ltr'><strong>multae</strong></span> <span class='ocrx_word' id='word_1_15' title='bbox 852 677 1031 721; x_wconf 86' lang='lat' dir='ltr'><strong>parabolae</strong></span> 
     </span>
     <span class='ocr_line' id='line_1_5' title="bbox 53 723 280 757; baseline -0.009 0"><span class='ocrx_word' id='word_1_16' title='bbox 53 725 94 757; x_wconf 87' lang='lat' dir='ltr'><strong>de</strong></span> <span class='ocrx_word' id='word_1_17' title='bbox 116 723 280 756; x_wconf 81' lang='lat' dir='ltr'><strong>Ecclesia.</strong></span> 
     </span>
    </p>
   </div>
   <div class='ocr_carea' id='block_1_5' title="bbox 50 850 1031 1068">
    <p class='ocr_par' dir='ltr' id='par_1_5' title="bbox 50 850 1031 1068">
     <span class='ocr_line' id='line_1_6' title="bbox 52 850 1031 886; baseline -0.004 0"><span class='ocrx_word' id='word_1_18' title='bbox 52 854 182 886; x_wconf 81' lang='lat' dir='ltr'>tradere</span> <span class='ocrx_word' id='word_1_19' title='bbox 205 853 291 885; x_wconf 80' lang='lat' dir='ltr'><strong>hanc</strong></span> <span class='ocrx_word' id='word_1_20' title='bbox 315 852 550 884; x_wconf 80' lang='lat' dir='ltr'><strong>definitionem:</strong></span> <span class='ocrx_word' id='word_1_21' title='bbox 576 853 719 884; x_wconf 71' lang='lat' dir='ltr'><strong>Ecclesia</strong></span> <span class='ocrx_word' id='word_1_22' title='bbox 749 853 886 884; x_wconf 66' lang='lat' dir='ltr'><strong>visibilis</strong></span> <span class='ocrx_word' id='word_1_23' title='bbox 914 853 946 883; x_wconf 74' lang='lat' dir='ltr'><strong>in</strong></span> <span class='ocrx_word' id='word_1_24' title='bbox 970 850 1031 882; x_wconf 80' lang='lat' dir='ltr'><strong>hac</strong></span> 
     </span>
     <span class='ocr_line' id='line_1_7' title="bbox 50 897 1030 936; baseline -0.002 -8"><span class='ocrx_word' id='word_1_25' title='bbox 50 898 130 932; x_wconf 79' lang='lat' dir='ltr'><strong>vita,</strong></span> <span class='ocrx_word' id='word_1_26' title='bbox 154 901 202 928; x_wconf 79' lang='lat' dir='ltr'><strong>est</strong></span> <span class='ocrx_word' id='word_1_27' title='bbox 225 900 333 928; x_wconf 76' lang='lat' dir='ltr'><strong>coetus</strong></span> <span class='ocrx_word' id='word_1_28' title='bbox 354 897 490 927; x_wconf 70' lang='lat' dir='ltr'><strong>risibilis</strong></span> <span class='ocrx_word' id='word_1_29' title='bbox 503 897 754 936; x_wconf 73' lang='lat' dir='ltr'><strong>mnplectente&#39;nm</strong></span> <span class='ocrx_word' id='word_1_30' title='bbox 771 897 1030 936; x_wconf 76' lang='lat' dir='ltr'><strong>incorrumplam</strong></span> 
     </span>
     <span class='ocr_line' id='line_1_8' title="bbox 53 939 1029 982; baseline -0.002 -11"><span class='ocrx_word' id='word_1_31' title='bbox 53 940 224 982; x_wconf 68' lang='lat' dir='ltr'><strong>Evangelii</strong></span> <span class='ocrx_word' id='word_1_32' title='bbox 243 940 438 977; x_wconf 71' lang='lat' dir='ltr'><strong>doctrinam,</strong></span> <span class='ocrx_word' id='word_1_33' title='bbox 462 944 490 970; x_wconf 79' lang='lat' dir='ltr'><strong>et</strong></span> <span class='ocrx_word' id='word_1_34' title='bbox 514 943 601 970; x_wconf 80' lang='lat' dir='ltr'><strong>recte</strong></span> <span class='ocrx_word' id='word_1_35' title='bbox 622 940 773 970; x_wconf 74' lang='lat' dir='ltr'><strong>utentium</strong></span> <span class='ocrx_word' id='word_1_36' title='bbox 788 939 1029 970; x_wconf 77' lang='lat' dir='ltr'><strong>Sacramentis:</strong></span> 
     </span>
     <span class='ocr_line' id='line_1_9' title="bbox 52 981 1030 1025; baseline -0.003 -10"><span class='ocrx_word' id='word_1_37' title='bbox 52 985 89 1016; x_wconf 83' lang='lat' dir='ltr'><strong>In</strong></span> <span class='ocrx_word' id='word_1_38' title='bbox 108 993 170 1024; x_wconf 78' lang='lat' dir='ltr'><strong>quo</strong></span> <span class='ocrx_word' id='word_1_39' title='bbox 203 988 293 1014; x_wconf 80' lang='lat' dir='ltr'><strong>coetu</strong></span> <span class='ocrx_word' id='word_1_40' title='bbox 326 984 411 1024; x_wconf 72' lang='lat' dir='ltr'><strong>filins</strong></span> <span class='ocrx_word' id='word_1_41' title='bbox 435 982 501 1014; x_wconf 68' lang='lat' dir='ltr'><strong>Dei·</strong></span> <span class='ocrx_word' id='word_1_42' title='bbox 521 982 639 1025; x_wconf 69' lang='lat' dir='ltr'><strong>efficax</strong></span> <span class='ocrx_word' id='word_1_43' title='bbox 668 986 733 1020; x_wconf 77' lang='lat' dir='ltr'><strong>cst,</strong></span> <span class='ocrx_word' id='word_1_44' title='bbox 767 986 797 1013; x_wconf 81' lang='lat' dir='ltr'><strong>ct</strong></span> <span class='ocrx_word' id='word_1_45' title='bbox 823 992 901 1013; x_wconf 72' lang='lat' dir='ltr'><strong>voce</strong></span> <span class='ocrx_word' id='word_1_46' title='bbox 923 981 1030 1013; x_wconf 78' lang='lat' dir='ltr'><strong>Eran—</strong></span> 
     </span>
     <span class='ocr_line' id='line_1_10' title="bbox 50 1025 1031 1068; baseline -0.002 -11"><span class='ocrx_word' id='word_1_47' title='bbox 50 1027 143 1068; x_wconf 78' lang='lat' dir='ltr'><strong>9eli1&#39;,</strong></span> <span class='ocrx_word' id='word_1_48' title='bbox 176 1030 206 1058; x_wconf 74' lang='lat' dir='ltr'><strong>et</strong></span> <span class='ocrx_word' id='word_1_49' title='bbox 228 1026 358 1067; x_wconf 65' lang='lat' dir='ltr'><strong>Spiritu</strong></span> <span class='ocrx_word' id='word_1_50' title='bbox 379 1030 492 1057; x_wconf 74' lang='lat' dir='ltr'><strong>sancto</strong></span> <span class='ocrx_word' id='word_1_51' title='bbox 519 1026 634 1057; x_wconf 81' lang='lat' dir='ltr'><strong>mullos</strong></span> <span class='ocrx_word' id='word_1_52' title='bbox 663 1029 833 1066; x_wconf 74' lang='lat' dir='ltr'><strong>rcyenerat</strong></span> <span class='ocrx_word' id='word_1_53' title='bbox 864 1025 909 1056; x_wconf 81' lang='lat' dir='ltr'><strong>ad</strong></span> <span class='ocrx_word' id='word_1_54' title='bbox 931 1025 1031 1055; x_wconf 64' lang='lat' dir='ltr'><strong>vitam</strong></span> 
     </span>
    </p>
   </div>
   <div class='ocr_carea' id='block_1_6' title="bbox 52 1067 1058 1110">
    <p class='ocr_par' dir='ltr' id='par_1_6' title="bbox 52 1067 1058 1110">
     <span class='ocr_line' id='line_1_11' title="bbox 52 1067 1058 1110; baseline -0.002 -10"><span class='ocrx_word' id='word_1_55' title='bbox 52 1073 233 1101; x_wconf 75' lang='lat' dir='ltr'><strong><em>aeternam:</em></strong></span> <span class='ocrx_word' id='word_1_56' title='bbox 255 1071 291 1102; x_wconf 85' lang='grc' dir='ltr'><strong>[η</strong></span> <span class='ocrx_word' id='word_1_57' title='bbox 315 1080 377 1110; x_wconf 82' lang='lat' dir='ltr'><strong>quo</strong></span> <span class='ocrx_word' id='word_1_58' title='bbox 401 1073 507 1101; x_wconf 80' lang='lat' dir='ltr'><strong>tamen.</strong></span> <span class='ocrx_word' id='word_1_59' title='bbox 529 1073 618 1100; x_wconf 78' lang='lat' dir='ltr'><strong>coctu</strong></span> <span class='ocrx_word' id='word_1_60' title='bbox 647 1072 719 1099; x_wconf 75' lang='lat' dir='ltr'><strong>sunt</strong></span> <span class='ocrx_word' id='word_1_61' title='bbox 749 1069 842 1099; x_wconf 82' lang='lat' dir='ltr'><strong>multi</strong></span> <span class='ocrx_word' id='word_1_62' title='bbox 862 1077 925 1100; x_wconf 76' lang='lat' dir='ltr'><strong>non</strong></span> <span class='ocrx_word' id='word_1_63' title='bbox 947 1067 1030 1099; x_wconf 76' lang='lat' dir='ltr'><strong>San·</strong></span> <span class='ocrx_word' id='word_1_64' title='bbox 1054 1080 1058 1091; x_wconf 88' lang='lat'>·</span> 
     </span>
    </p>
   </div>
   <div class='ocr_carea' id='block_1_7' title="bbox 53 1112 815 1150">
    <p class='ocr_par' dir='ltr' id='par_1_7' title="bbox 53 1112 815 1150">
     <span class='ocr_line' id='line_1_12' title="bbox 53 1112 815 1150; baseline -0.003 -6"><span class='ocrx_word' id='word_1_65' title='bbox 53 1113 108 1150; x_wconf 82' lang='lat' dir='ltr'><strong>cti,</strong></span> <span class='ocrx_word' id='word_1_66' title='bbox 131 1114 188 1145; x_wconf 80' lang='lat' dir='ltr'><strong>sed</strong></span> <span class='ocrx_word' id='word_1_67' title='bbox 211 1117 316 1144; x_wconf 81' lang='lat' dir='ltr'><strong>tamen</strong></span> <span class='ocrx_word' id='word_1_68' title='bbox 340 1113 380 1144; x_wconf 68' lang='lat' dir='ltr'><strong>de</strong></span> <span class='ocrx_word' id='word_1_69' title='bbox 402 1113 552 1144; x_wconf 70' lang='lat' dir='ltr'><strong>doctrina</strong></span> <span class='ocrx_word' id='word_1_70' title='bbox 577 1112 815 1143; x_wconf 74' lang='lat' dir='ltr'><strong>conset-tientes.</strong></span> 
     </span>
    </p>
   </div>
   <div class='ocr_carea' id='block_1_8' title="bbox 172 1276 912 1333">
    <p class='ocr_par' dir='ltr' id='par_1_8' title="bbox 172 1276 912 1333">
     <span class='ocr_line' id='line_1_13' title="bbox 172 1276 912 1333; baseline -0.004 -15"><span class='ocrx_word' id='word_1_71' title='bbox 172 1277 395 1333; x_wconf 79' lang='lat' dir='ltr'><strong>Explicatio</strong></span> <span class='ocrx_word' id='word_1_72' title='bbox 428 1277 670 1318; x_wconf 81' lang='lat' dir='ltr'><strong>definitionis</strong></span> <span class='ocrx_word' id='word_1_73' title='bbox 702 1276 912 1317; x_wconf 80' lang='lat' dir='ltr'>Ecclesiae.</span> 
     </span>
    </p>
   </div>
   <div class='ocr_carea' id='block_1_9' title="bbox 53 1366 1034 1711">
    <p class='ocr_par' dir='ltr' id='par_1_9' title="bbox 53 1366 1034 1711">
     <span class='ocr_line' id='line_1_14' title="bbox 142 1366 1032 1410; baseline -0.003 -9"><span class='ocrx_word' id='word_1_74' title='bbox 142 1368 232 1401; x_wconf 83' lang='lat' dir='ltr'><strong>Haec</strong></span> <span class='ocrx_word' id='word_1_75' title='bbox 251 1368 394 1400; x_wconf 87' lang='lat' dir='ltr'><strong>definitio</strong></span> <span class='ocrx_word' id='word_1_76' title='bbox 408 1369 560 1410; x_wconf 88' lang='lat' dir='ltr'><strong>congruit</strong></span> <span class='ocrx_word' id='word_1_77' title='bbox 583 1368 625 1400; x_wconf 75' lang='lat' dir='ltr'><strong>ad</strong></span> <span class='ocrx_word' id='word_1_78' title='bbox 642 1366 820 1410; x_wconf 81' lang='lat' dir='ltr'>parabolas</span> <span class='ocrx_word' id='word_1_79' title='bbox 838 1366 926 1406; x_wconf 85' lang='lat' dir='ltr'><strong>illas,</strong></span> <span class='ocrx_word' id='word_1_80' title='bbox 949 1376 1032 1409; x_wconf 88' lang='lat' dir='ltr'><strong>quas</strong></span> 
     </span>
     <span class='ocr_line' id='line_1_15' title="bbox 54 1410 1034 1452; baseline -0.003 -8"><span class='ocrx_word' id='word_1_81' title='bbox 54 1412 206 1445; x_wconf 90' lang='lat' dir='ltr'><strong>Christus</strong></span> <span class='ocrx_word' id='word_1_82' title='bbox 225 1412 257 1443; x_wconf 95' lang='lat' dir='ltr'><strong>in</strong></span> <span class='ocrx_word' id='word_1_83' title='bbox 279 1412 344 1442; x_wconf 89' lang='lat' dir='ltr'><strong>isto</strong></span> <span class='ocrx_word' id='word_1_84' title='bbox 369 1412 477 1452; x_wconf 83' lang='lat' dir='ltr'><strong>capite</strong></span> <span class='ocrx_word' id='word_1_85' title='bbox 496 1411 654 1443; x_wconf 81' lang='lat' dir='ltr'><strong>Matthaei</strong></span> <span class='ocrx_word' id='word_1_86' title='bbox 677 1411 846 1452; x_wconf 78' lang='lat' dir='ltr'>proponit:</span> <span class='ocrx_word' id='word_1_87' title='bbox 871 1410 939 1441; x_wconf 89' lang='lat' dir='ltr'><strong>lmo</strong></span> <span class='ocrx_word' id='word_1_88' title='bbox 959 1410 1034 1442; x_wconf 89' lang='lat' dir='ltr'><strong>inde</strong></span> 
     </span>
     <span class='ocr_line' id='line_1_16' title="bbox 54 1452 1033 1497; baseline -0.002 -11"><span class='ocrx_word' id='word_1_89' title='bbox 54 1461 186 1497; x_wconf 85' lang='lat' dir='ltr'><strong>sumpta</strong></span> <span class='ocrx_word' id='word_1_90' title='bbox 218 1460 278 1486; x_wconf 87' lang='lat' dir='ltr'><strong>est.</strong></span> <span class='ocrx_word' id='word_1_91' title='bbox 347 1453 406 1485; x_wconf 92' lang='lat' dir='ltr'><strong>llle</strong></span> <span class='ocrx_word' id='word_1_92' title='bbox 445 1464 563 1486; x_wconf 86' lang='lat' dir='ltr'><strong>scurra</strong></span> <span class='ocrx_word' id='word_1_93' title='bbox 596 1453 802 1485; x_wconf 89' lang='lat' dir='ltr'><strong>Berlinensis</strong></span> <span class='ocrx_word' id='word_1_94' title='bbox 844 1452 1033 1485; x_wconf 77' lang='lat' dir='ltr'><strong>declamitat</strong></span> 
     </span>
     <span class='ocr_line' id='line_1_17' title="bbox 55 1496 1033 1538; baseline -0.002 -9"><span class='ocrx_word' id='word_1_95' title='bbox 55 1504 172 1530; x_wconf 84' lang='lat' dir='ltr'><strong>contra</strong></span> <span class='ocrx_word' id='word_1_96' title='bbox 193 1507 257 1535; x_wconf 85' lang='lat' dir='ltr'><strong>me,</strong></span> <span class='ocrx_word' id='word_1_97' title='bbox 280 1498 370 1538; x_wconf 89' lang='lat' dir='ltr'><strong>quod</strong></span> <span class='ocrx_word' id='word_1_98' title='bbox 394 1497 518 1535; x_wconf 85' lang='lat' dir='ltr'><strong>dicam,</strong></span> <span class='ocrx_word' id='word_1_99' title='bbox 553 1496 729 1528; x_wconf 74' lang='lat' dir='ltr'><strong>Ecclesiam</strong></span> <span class='ocrx_word' id='word_1_100' title='bbox 752 1506 821 1529; x_wconf 77' lang='lat' dir='ltr'><strong>esse</strong></span> <span class='ocrx_word' id='word_1_101' title='bbox 843 1500 965 1528; x_wconf 75' lang='lat' dir='ltr'><strong>coetum</strong></span> <span class='ocrx_word' id='word_1_102' title='bbox 986 1496 1033 1527; x_wconf 69' lang='lat' dir='ltr'><strong>vi-</strong></span> 
     </span>
     <span class='ocr_line' id='line_1_18' title="bbox 53 1538 1033 1581; baseline -0.002 -9"><span class='ocrx_word' id='word_1_103' title='bbox 53 1541 185 1572; x_wconf 76' lang='lat' dir='ltr'><strong>sibilem.</strong></span> <span class='ocrx_word' id='word_1_104' title='bbox 230 1539 303 1581; x_wconf 86' lang='lat' dir='ltr'><strong>Ego</strong></span> <span class='ocrx_word' id='word_1_105' title='bbox 337 1550 417 1571; x_wconf 86' lang='lat' dir='ltr'><strong>vero</strong></span> <span class='ocrx_word' id='word_1_106' title='bbox 451 1540 525 1572; x_wconf 89' lang='lat' dir='ltr'><strong>ideo</strong></span> <span class='ocrx_word' id='word_1_107' title='bbox 558 1541 608 1572; x_wconf 89' lang='lat' dir='ltr'><strong>sic</strong></span> <span class='ocrx_word' id='word_1_108' title='bbox 643 1541 735 1578; x_wconf 86' lang='lat' dir='ltr'><strong>dico,</strong></span> <span class='ocrx_word' id='word_1_109' title='bbox 771 1540 857 1575; x_wconf 80' lang='lat' dir='ltr'><strong>Quia</strong></span> <span class='ocrx_word' id='word_1_110' title='bbox 879 1538 1033 1572; x_wconf 78' lang='lat' dir='ltr'><strong>Ecclesia</strong></span> 
     </span>
     <span class='ocr_line' id='line_1_19' title="bbox 53 1581 1033 1625; baseline -0.001 -11"><span class='ocrx_word' id='word_1_111' title='bbox 53 1593 120 1615; x_wconf 90' lang='lat' dir='ltr'><strong>non</strong></span> <span class='ocrx_word' id='word_1_112' title='bbox 140 1588 191 1614; x_wconf 84' lang='lat' dir='ltr'><strong>est</strong></span> <span class='ocrx_word' id='word_1_113' title='bbox 214 1583 289 1614; x_wconf 83' lang='lat' dir='ltr'><strong>Idea</strong></span> <span class='ocrx_word' id='word_1_114' title='bbox 313 1581 501 1613; x_wconf 79' lang='lat' dir='ltr'><strong>Platonica:</strong></span> <span class='ocrx_word' id='word_1_115' title='bbox 532 1590 564 1614; x_wconf 89' lang='lat' dir='ltr'><strong>et</strong></span> <span class='ocrx_word' id='word_1_116' title='bbox 592 1583 669 1625; x_wconf 87' lang='lat' dir='ltr'><strong>quia</strong></span> <span class='ocrx_word' id='word_1_117' title='bbox 692 1593 812 1624; x_wconf 85' lang='lat' dir='ltr'><strong>magna</strong></span> <span class='ocrx_word' id='word_1_118' title='bbox 836 1583 929 1614; x_wconf 77' lang='lat' dir='ltr'><strong>tieret</strong></span> <span class='ocrx_word' id='word_1_119' title='bbox 955 1592 1033 1614; x_wconf 88' lang='lat' dir='ltr'><strong>con-</strong></span> 
     </span>
     <span class='ocr_line' id='line_1_20' title="bbox 54 1625 1034 1667; baseline 0 -11"><span class='ocrx_word' id='word_1_120' title='bbox 54 1626 153 1660; x_wconf 78' lang='lat' dir='ltr'><strong>tusio,</strong></span> <span class='ocrx_word' id='word_1_121' title='bbox 177 1625 205 1656; x_wconf 89' lang='lat' dir='ltr'><strong>si</strong></span> <span class='ocrx_word' id='word_1_122' title='bbox 230 1635 325 1656; x_wconf 88' lang='lat' dir='ltr'><strong>nemo</strong></span> <span class='ocrx_word' id='word_1_123' title='bbox 340 1631 527 1657; x_wconf 86' lang='lat' dir='ltr'><strong>monstrare</strong></span> <span class='ocrx_word' id='word_1_124' title='bbox 551 1627 656 1667; x_wconf 81' lang='lat' dir='ltr'><strong>possit</strong></span> <span class='ocrx_word' id='word_1_125' title='bbox 675 1632 818 1664; x_wconf 80' lang='lat' dir='ltr'><strong>coetum,</strong></span> <span class='ocrx_word' id='word_1_126' title='bbox 853 1636 948 1667; x_wconf 88' lang='lat' dir='ltr'><strong>quem</strong></span> <span class='ocrx_word' id='word_1_127' title='bbox 979 1636 1034 1656; x_wconf 90' lang='lat' dir='ltr'><strong>au-</strong></span> 
     </span>
     <span class='ocr_line' id='line_1_21' title="bbox 54 1668 1034 1711; baseline 0 -11"><span class='ocrx_word' id='word_1_128' title='bbox 54 1670 137 1707; x_wconf 77' lang='lat' dir='ltr'><strong>dire,</strong></span> <span class='ocrx_word' id='word_1_129' title='bbox 161 1669 213 1701; x_wconf 89' lang='lat' dir='ltr'><strong>cui</strong></span> <span class='ocrx_word' id='word_1_130' title='bbox 236 1668 417 1711; x_wconf 81' lang='lat' dir='ltr'><strong>adiungere</strong></span> <span class='ocrx_word' id='word_1_131' title='bbox 439 1678 477 1699; x_wconf 87' lang='lat' dir='ltr'><strong>se</strong></span> <span class='ocrx_word' id='word_1_132' title='bbox 495 1669 624 1700; x_wconf 85' lang='lat' dir='ltr'><strong>debeat.</strong></span> <span class='ocrx_word' id='word_1_133' title='bbox 660 1668 750 1707; x_wconf 84' lang='lat' dir='ltr'><strong>Item,</strong></span> <span class='ocrx_word' id='word_1_134' title='bbox 774 1669 850 1711; x_wconf 85' lang='lat' dir='ltr'><strong>quia</strong></span> <span class='ocrx_word' id='word_1_135' title='bbox 873 1678 1034 1710; x_wconf 73' lang='lat' dir='ltr'>expresse</span> 
     </span>
    </p>
   </div>
   <div class='ocr_carea' id='block_1_10' title="bbox 55 1709 1061 1754">
    <p class='ocr_par' dir='ltr' id='par_1_10' title="bbox 55 1709 1061 1754">
     <span class='ocr_line' id='line_1_22' title="bbox 55 1709 1061 1754; baseline -0.002 -10"><span class='ocrx_word' id='word_1_136' title='bbox 55 1712 202 1744; x_wconf 84' lang='lat' dir='ltr'><strong>damnari</strong></span> <span class='ocrx_word' id='word_1_137' title='bbox 225 1710 303 1743; x_wconf 85' lang='lat' dir='ltr'><strong>volo</strong></span> <span class='ocrx_word' id='word_1_138' title='bbox 326 1721 477 1749; x_wconf 86' lang='lat' dir='ltr'><strong>errones,</strong></span> <span class='ocrx_word' id='word_1_139' title='bbox 501 1712 554 1754; x_wconf 92' lang='lat' dir='ltr'><strong>qui</strong></span> <span class='ocrx_word' id='word_1_140' title='bbox 567 1722 632 1743; x_wconf 88' lang='lat' dir='ltr'><strong>non</strong></span> <span class='ocrx_word' id='word_1_141' title='bbox 645 1711 761 1744; x_wconf 87' lang='lat' dir='ltr'><strong>volunt</strong></span> <span class='ocrx_word' id='word_1_142' title='bbox 786 1721 863 1743; x_wconf 84' lang='lat' dir='ltr'><strong>esse</strong></span> <span class='ocrx_word' id='word_1_143' title='bbox 886 1713 1033 1743; x_wconf 88' lang='lat' dir='ltr'><strong>membra</strong></span> <span class='ocrx_word' id='word_1_144' title='bbox 1057 1709 1061 1752; x_wconf 80' lang='lat' dir='ltr'><strong>l</strong></span> 
     </span>
    </p>
   </div>
   <div class='ocr_carea' id='block_1_11' title="bbox 55 1755 972 1840">
    <p class='ocr_par' dir='ltr' id='par_1_11' title="bbox 55 1755 972 1840">
     <span class='ocr_line' id='line_1_23' title="bbox 55 1755 417 1787; baseline -0.006 0"><span class='ocrx_word' id='word_1_145' title='bbox 55 1755 230 1787; x_wconf 79' lang='lat' dir='ltr'><strong>Ecclesiae</strong></span> <span class='ocrx_word' id='word_1_146' title='bbox 251 1761 417 1786; x_wconf 79' lang='lat' dir='ltr'><strong>externae.</strong></span> 
     </span>
     <span class='ocr_line' id='line_1_24' title="bbox 141 1796 972 1840; baseline -0.004 -10"><span class='ocrx_word' id='word_1_147' title='bbox 141 1798 197 1830; x_wconf 91' lang='lat' dir='ltr'><strong>Sic</strong></span> <span class='ocrx_word' id='word_1_148' title='bbox 221 1804 330 1829; x_wconf 82' lang='lat' dir='ltr'><strong>autem</strong></span> <span class='ocrx_word' id='word_1_149' title='bbox 353 1796 409 1829; x_wconf 88' lang='lat' dir='ltr'><strong>ille</strong></span> <span class='ocrx_word' id='word_1_150' title='bbox 431 1804 696 1840; x_wconf 70' lang='lat' dir='ltr'>argumentatur:</span> <span class='ocrx_word' id='word_1_151' title='bbox 954 1818 972 1827; x_wconf 80' lang='lat'>-</span> 
     </span>
    </p>
   </div>
   <div class='ocr_carea' id='block_1_12' title="bbox 185 1858 704 1933">
    <p class='ocr_par' dir='ltr' id='par_1_12' title="bbox 185 1858 704 1933">
     <span class='ocr_line' id='line_1_25' title="bbox 185 1858 704 1896; baseline -0.002 -7"><span class='ocrx_word' id='word_1_152' title='bbox 185 1859 280 1896; x_wconf 66' lang='lat' dir='ltr'><strong>Quod</strong></span> <span class='ocrx_word' id='word_1_153' title='bbox 303 1858 459 1895; x_wconf 77' lang='lat' dir='ltr'><strong>creditur,</strong></span> <span class='ocrx_word' id='word_1_154' title='bbox 483 1868 545 1890; x_wconf 82' lang='lat' dir='ltr'><strong>non</strong></span> <span class='ocrx_word' id='word_1_155' title='bbox 569 1858 704 1890; x_wconf 69' lang='lat' dir='ltr'><strong>ridetur.</strong></span> 
     </span>
     <span class='ocr_line' id='line_1_26' title="bbox 186 1901 632 1933; baseline 0.002 -1"><span class='ocrx_word' id='word_1_156' title='bbox 186 1901 363 1932; x_wconf 69' lang='lat' dir='ltr'><strong>Ecclesiam</strong></span> <span class='ocrx_word' id='word_1_157' title='bbox 386 1911 454 1931; x_wconf 64' lang='lat' dir='ltr'><strong>csse</strong></span> <span class='ocrx_word' id='word_1_158' title='bbox 477 1902 632 1933; x_wconf 74' lang='lat' dir='ltr'><strong>creditur.</strong></span> 
     </span>
    </p>
   </div>
   <div class='ocr_carea' id='block_1_13' title="bbox 186 1944 1061 1986">
    <p class='ocr_par' dir='ltr' id='par_1_13' title="bbox 186 1944 1061 1986">
     <span class='ocr_line' id='line_1_27' title="bbox 186 1944 1061 1986; baseline -0.001 -10"><span class='ocrx_word' id='word_1_159' title='bbox 186 1944 272 1986; x_wconf 72' lang='lat' dir='ltr'><strong>Eryo</strong></span> <span class='ocrx_word' id='word_1_160' title='bbox 285 1945 429 1976; x_wconf 68' lang='lat' dir='ltr'><strong>Ecclesia</strong></span> <span class='ocrx_word' id='word_1_161' title='bbox 451 1953 515 1975; x_wconf 76' lang='lat' dir='ltr'><strong>uon</strong></span> <span class='ocrx_word' id='word_1_162' title='bbox 528 1945 667 1982; x_wconf 73' lang='lat' dir='ltr'><strong>ridetur,</strong></span> <span class='ocrx_word' id='word_1_163' title='bbox 691 1954 752 1976; x_wconf 81' lang='lat' dir='ltr'><strong>nou</strong></span> <span class='ocrx_word' id='word_1_164' title='bbox 765 1946 910 1976; x_wconf 66' lang='lat' dir='ltr'><strong>cernitur</strong></span> <span class='ocrx_word' id='word_1_165' title='bbox 923 1945 1033 1976; x_wconf 77' lang='lat' dir='ltr'><strong>oculis.</strong></span> <span class='ocrx_word' id='word_1_166' title='bbox 1060 1963 1061 1981; x_wconf 61' lang='grc'>;</span> 
     </span>
    </p>
   </div>
   <div class='ocr_carea' id='block_1_14' title="bbox 55 2012 1036 2659">
    <p class='ocr_par' dir='ltr' id='par_1_14' title="bbox 55 2012 1036 2476">
     <span class='ocr_line' id='line_1_28' title="bbox 141 2012 1036 2055; baseline -0.001 -10"><span class='ocrx_word' id='word_1_167' title='bbox 141 2013 343 2055; x_wconf 84' lang='lat' dir='ltr'><strong>Respondeo</strong></span> <span class='ocrx_word' id='word_1_168' title='bbox 376 2014 417 2044; x_wconf 85' lang='lat' dir='ltr'><strong>ad</strong></span> <span class='ocrx_word' id='word_1_169' title='bbox 449 2012 622 2045; x_wconf 82' lang='lat' dir='ltr'><strong>Maiorem:</strong></span> <span class='ocrx_word' id='word_1_170' title='bbox 658 2014 754 2052; x_wconf 77' lang='lat' dir='ltr'><strong>Quod</strong></span> <span class='ocrx_word' id='word_1_171' title='bbox 782 2015 944 2049; x_wconf 76' lang='lat' dir='ltr'><strong>creditur,</strong></span> <span class='ocrx_word' id='word_1_172' title='bbox 973 2023 1036 2045; x_wconf 81' lang='lat' dir='ltr'><strong>uon</strong></span> 
     </span>
     <span class='ocr_line' id='line_1_29' title="bbox 57 2056 1035 2098; baseline -0.001 -10"><span class='ocrx_word' id='word_1_173' title='bbox 57 2058 192 2089; x_wconf 80' lang='lat' dir='ltr'><strong>videtur.</strong></span> <span class='ocrx_word' id='word_1_174' title='bbox 239 2056 363 2088; x_wconf 83' lang='lat' dir='ltr'><strong>Verum</strong></span> <span class='ocrx_word' id='word_1_175' title='bbox 397 2063 448 2087; x_wconf 78' lang='lat' dir='ltr'><strong>est</strong></span> <span class='ocrx_word' id='word_1_176' title='bbox 485 2057 526 2087; x_wconf 87' lang='lat' dir='ltr'><strong>de</strong></span> <span class='ocrx_word' id='word_1_177' title='bbox 548 2057 785 2098; x_wconf 70' lang='lat' dir='ltr'>propositione,</span> <span class='ocrx_word' id='word_1_178' title='bbox 821 2058 924 2088; x_wconf 83' lang='lat' dir='ltr'><strong>sede</strong></span> <span class='ocrx_word' id='word_1_179' title='bbox 948 2067 1035 2088; x_wconf 90' lang='lat' dir='ltr'><strong>com-</strong></span> 
     </span>
     <span class='ocr_line' id='line_1_30' title="bbox 79 2099 1036 2138; baseline 0 -7"><span class='ocrx_word' id='word_1_180' title='bbox 79 2100 167 2138; x_wconf 80' lang='lat' dir='ltr'><strong>lexo,</strong></span> <span class='ocrx_word' id='word_1_181' title='bbox 190 2106 223 2131; x_wconf 92' lang='lat' dir='ltr'><strong>ut</strong></span> <span class='ocrx_word' id='word_1_182' title='bbox 247 2110 321 2131; x_wconf 91' lang='lat' dir='ltr'><strong>cum</strong></span> <span class='ocrx_word' id='word_1_183' title='bbox 345 2099 435 2130; x_wconf 84' lang='lat' dir='ltr'><strong>dico:</strong></span> <span class='ocrx_word' id='word_1_184' title='bbox 466 2099 501 2130; x_wconf 93' lang='lat' dir='ltr'><strong>ln</strong></span> <span class='ocrx_word' id='word_1_185' title='bbox 525 2101 588 2130; x_wconf 87' lang='lat' dir='ltr'><strong>isto</strong></span> <span class='ocrx_word' id='word_1_186' title='bbox 613 2106 711 2131; x_wconf 88' lang='lat' dir='ltr'><strong>coetu</strong></span> <span class='ocrx_word' id='word_1_187' title='bbox 741 2106 819 2132; x_wconf 86' lang='lat' dir='ltr'><strong>sunt</strong></span> <span class='ocrx_word' id='word_1_188' title='bbox 842 2099 938 2132; x_wconf 87' lang='lat' dir='ltr'><strong>electi</strong></span> <span class='ocrx_word' id='word_1_189' title='bbox 961 2099 1036 2137; x_wconf 87' lang='lat' dir='ltr'><strong>Dei,</strong></span> 
     </span>
     <span class='ocr_line' id='line_1_31' title="bbox 55 2112 1036 2185; baseline 0.001 -11"><span class='ocrx_word' id='word_1_190' title='bbox 55 2112 121 2174; x_wconf 62' lang='lat' dir='ltr'><strong>Eoo</strong></span> <span class='ocrx_word' id='word_1_191' title='bbox 145 2141 365 2183; x_wconf 79' lang='lat' dir='ltr'><strong>complexum,</strong></span> <span class='ocrx_word' id='word_1_192' title='bbox 385 2152 446 2173; x_wconf 89' lang='lat' dir='ltr'><strong>seu</strong></span> <span class='ocrx_word' id='word_1_193' title='bbox 469 2142 553 2174; x_wconf 84' lang='lat' dir='ltr'><strong>haec</strong></span> <span class='ocrx_word' id='word_1_194' title='bbox 574 2143 756 2185; x_wconf 79' lang='lat' dir='ltr'>propositio</span> <span class='ocrx_word' id='word_1_195' title='bbox 779 2144 942 2182; x_wconf 86' lang='lat' dir='ltr'><strong>creditur,</strong></span> <span class='ocrx_word' id='word_1_196' title='bbox 975 2143 1036 2175; x_wconf 81' lang='lat' dir='ltr'><strong>sed</strong></span> 
     </span>
     <span class='ocr_line' id='line_1_32' title="bbox 56 2185 816 2225; baseline 0.001 -7"><span class='ocrx_word' id='word_1_197' title='bbox 56 2187 253 2224; x_wconf 76' lang='lat' dir='ltr'><strong>subiectum,</strong></span> <span class='ocrx_word' id='word_1_198' title='bbox 278 2186 310 2216; x_wconf 89' lang='lat' dir='ltr'><strong>id</strong></span> <span class='ocrx_word' id='word_1_199' title='bbox 333 2191 396 2223; x_wconf 86' lang='lat' dir='ltr'><strong>est,</strong></span> <span class='ocrx_word' id='word_1_200' title='bbox 418 2185 490 2225; x_wconf 77' lang='lat' dir='ltr'><strong>ipse.</strong></span> <span class='ocrx_word' id='word_1_201' title='bbox 520 2192 634 2217; x_wconf 85' lang='lat' dir='ltr'><strong>coetus</strong></span> <span class='ocrx_word' id='word_1_202' title='bbox 665 2187 816 2219; x_wconf 88' lang='lat' dir='ltr'><strong>cernitur.</strong></span> 
     </span>
     <span class='ocr_line' id='line_1_33' title="bbox 55 2227 1035 2272; baseline -0.001 -10"><span class='ocrx_word' id='word_1_203' title='bbox 55 2228 117 2262; x_wconf 91' lang='lat' dir='ltr'><strong>Sol</strong></span> <span class='ocrx_word' id='word_1_204' title='bbox 140 2235 191 2262; x_wconf 88' lang='lat' dir='ltr'><strong>est</strong></span> <span class='ocrx_word' id='word_1_205' title='bbox 219 2235 372 2261; x_wconf 87' lang='lat' dir='ltr'><strong>creatura</strong></span> <span class='ocrx_word' id='word_1_206' title='bbox 395 2227 476 2267; x_wconf 87' lang='lat' dir='ltr'><strong>Dei,</strong></span> <span class='ocrx_word' id='word_1_207' title='bbox 505 2227 572 2260; x_wconf 88' lang='lat' dir='ltr'><strong>hoc</strong></span> <span class='ocrx_word' id='word_1_208' title='bbox 606 2230 760 2262; x_wconf 86' lang='lat' dir='ltr'><strong>creditur.</strong></span> <span class='ocrx_word' id='word_1_209' title='bbox 817 2229 893 2272; x_wconf 89' lang='lat' dir='ltr'><strong>lpse</strong></span> <span class='ocrx_word' id='word_1_210' title='bbox 925 2236 1035 2261; x_wconf 86' lang='lat' dir='ltr'><strong>autem</strong></span> 
     </span>
     <span class='ocr_line' id='line_1_34' title="bbox 56 2269 1035 2315; baseline 0.001 -11"><span class='ocrx_word' id='word_1_211' title='bbox 56 2271 110 2304; x_wconf 88' lang='lat' dir='ltr'><strong>sol</strong></span> <span class='ocrx_word' id='word_1_212' title='bbox 134 2272 278 2304; x_wconf 87' lang='lat' dir='ltr'><strong>cernitur</strong></span> <span class='ocrx_word' id='word_1_213' title='bbox 301 2269 420 2303; x_wconf 88' lang='lat' dir='ltr'><strong>oculis.</strong></span> <span class='ocrx_word' id='word_1_214' title='bbox 472 2271 520 2303; x_wconf 85' lang='lat' dir='ltr'><strong>lta</strong></span> <span class='ocrx_word' id='word_1_215' title='bbox 542 2271 645 2303; x_wconf 90' lang='lat' dir='ltr'><strong>multa</strong></span> <span class='ocrx_word' id='word_1_216' title='bbox 667 2273 816 2305; x_wconf 87' lang='lat' dir='ltr'><strong>subiecta</strong></span> <span class='ocrx_word' id='word_1_217' title='bbox 837 2273 1035 2315; x_wconf 85' lang='lat' dir='ltr'><strong>propositio-</strong></span> 
     </span>
     <span class='ocr_line' id='line_1_35' title="bbox 56 2314 1034 2356; baseline 0 -9"><span class='ocrx_word' id='word_1_218' title='bbox 56 2325 134 2347; x_wconf 88' lang='lat' dir='ltr'><strong>num</strong></span> <span class='ocrx_word' id='word_1_219' title='bbox 157 2321 356 2351; x_wconf 84' lang='lat' dir='ltr'><strong>cernuntur,</strong></span> <span class='ocrx_word' id='word_1_220' title='bbox 391 2314 517 2346; x_wconf 86' lang='lat' dir='ltr'><strong>etiamsi</strong></span> <span class='ocrx_word' id='word_1_221' title='bbox 551 2316 732 2356; x_wconf 77' lang='lat' dir='ltr'>propositio</span> <span class='ocrx_word' id='word_1_222' title='bbox 767 2321 838 2349; x_wconf 85' lang='lat' dir='ltr'><strong>tota</strong></span> <span class='ocrx_word' id='word_1_223' title='bbox 871 2327 939 2348; x_wconf 89' lang='lat' dir='ltr'><strong>non</strong></span> <span class='ocrx_word' id='word_1_224' title='bbox 963 2326 1034 2348; x_wconf 90' lang='lat' dir='ltr'><strong>cer-</strong></span> 
     </span>
     <span class='ocr_line' id='line_1_36' title="bbox 56 2357 1034 2400; baseline 0.001 -10"><span class='ocrx_word' id='word_1_225' title='bbox 56 2358 161 2397; x_wconf 88' lang='lat' dir='ltr'><strong>nitur,</strong></span> <span class='ocrx_word' id='word_1_226' title='bbox 191 2359 252 2390; x_wconf 86' lang='lat' dir='ltr'><strong>sed</strong></span> <span class='ocrx_word' id='word_1_227' title='bbox 275 2358 429 2389; x_wconf 87' lang='lat' dir='ltr'><strong>creditur.</strong></span> <span class='ocrx_word' id='word_1_228' title='bbox 487 2357 605 2389; x_wconf 83' lang='lat' dir='ltr'>Cernis</span> <span class='ocrx_word' id='word_1_229' title='bbox 632 2364 667 2390; x_wconf 91' lang='lat' dir='ltr'><strong>tu</strong></span> <span class='ocrx_word' id='word_1_230' title='bbox 689 2364 722 2390; x_wconf 87' lang='lat' dir='ltr'><strong>te</strong></span> <span class='ocrx_word' id='word_1_231' title='bbox 744 2359 851 2400; x_wconf 86' lang='lat' dir='ltr'><strong>ipsum</strong></span> <span class='ocrx_word' id='word_1_232' title='bbox 875 2366 907 2391; x_wconf 92' lang='lat' dir='ltr'><strong>et</strong></span> <span class='ocrx_word' id='word_1_233' title='bbox 930 2358 1034 2391; x_wconf 87' lang='lat' dir='ltr'><strong>alios:</strong></span> 
     </span>
     <span class='ocr_line' id='line_1_37' title="bbox 56 2399 1035 2445; baseline 0 -11"><span class='ocrx_word' id='word_1_234' title='bbox 56 2401 125 2434; x_wconf 86' lang='lat' dir='ltr'><strong>Sed</strong></span> <span class='ocrx_word' id='word_1_235' title='bbox 147 2411 214 2433; x_wconf 88' lang='lat' dir='ltr'><strong>non</strong></span> <span class='ocrx_word' id='word_1_236' title='bbox 243 2401 352 2433; x_wconf 85' lang='lat' dir='ltr'><strong>cernis</strong></span> <span class='ocrx_word' id='word_1_237' title='bbox 381 2400 470 2432; x_wconf 84' lang='lat' dir='ltr'><strong>hunc</strong></span> <span class='ocrx_word' id='word_1_238' title='bbox 496 2399 687 2433; x_wconf 84' lang='lat' dir='ltr'><strong>articulum:</strong></span> <span class='ocrx_word' id='word_1_239' title='bbox 727 2401 776 2434; x_wconf 86' lang='lat' dir='ltr'><strong>Te</strong></span> <span class='ocrx_word' id='word_1_240' title='bbox 798 2408 831 2435; x_wconf 88' lang='lat' dir='ltr'><strong>et</strong></span> <span class='ocrx_word' id='word_1_241' title='bbox 851 2401 936 2435; x_wconf 84' lang='lat' dir='ltr'><strong>alios</strong></span> <span class='ocrx_word' id='word_1_242' title='bbox 959 2408 1035 2445; x_wconf 91' lang='lat' dir='ltr'><strong>post</strong></span> 
     </span>
     <span class='ocr_line' id='line_1_38' title="bbox 56 2449 578 2476; baseline -0.002 0"><span class='ocrx_word' id='word_1_243' title='bbox 56 2449 195 2476; x_wconf 84' lang='lat' dir='ltr'><strong>mortem</strong></span> <span class='ocrx_word' id='word_1_244' title='bbox 218 2449 467 2476; x_wconf 86' lang='lat' dir='ltr'><strong>resurrecturos</strong></span> <span class='ocrx_word' id='word_1_245' title='bbox 490 2454 578 2476; x_wconf 81' lang='lat' dir='ltr'><strong>esse.</strong></span> 
     </span>
    </p>

    <p class='ocr_par' dir='ltr' id='par_1_15' title="bbox 57 2486 1035 2659">
     <span class='ocr_line' id='line_1_39' title="bbox 144 2486 1034 2530; baseline 0.002 -12"><span class='ocrx_word' id='word_1_246' title='bbox 144 2487 265 2525; x_wconf 82' lang='lat' dir='ltr'><strong>Proba,</strong></span> <span class='ocrx_word' id='word_1_247' title='bbox 299 2487 388 2530; x_wconf 88' lang='lat' dir='ltr'><strong>quod</strong></span> <span class='ocrx_word' id='word_1_248' title='bbox 411 2486 568 2519; x_wconf 82' lang='lat' dir='ltr'><strong>Ecclesia</strong></span> <span class='ocrx_word' id='word_1_249' title='bbox 601 2487 644 2519; x_wconf 89' lang='lat' dir='ltr'><strong>sit</strong></span> <span class='ocrx_word' id='word_1_250' title='bbox 673 2486 823 2520; x_wconf 85' lang='lat' dir='ltr'><strong>visibilis.</strong></span> <span class='ocrx_word' id='word_1_251' title='bbox 879 2487 1034 2520; x_wconf 87' lang='lat' dir='ltr'><strong>Christus</strong></span> 
     </span>
     <span class='ocr_line' id='line_1_40' title="bbox 57 2530 1034 2572; baseline 0.003 -11"><span class='ocrx_word' id='word_1_252' title='bbox 57 2530 177 2572; x_wconf 85' lang='lat' dir='ltr'><strong>inquit:</strong></span> <span class='ocrx_word' id='word_1_253' title='bbox 212 2530 278 2562; x_wconf 81' lang='lat' dir='ltr'><strong>Dic</strong></span> <span class='ocrx_word' id='word_1_254' title='bbox 308 2531 479 2562; x_wconf 76' lang='lat' dir='ltr'><strong>Ecclesiae.</strong></span> <span class='ocrx_word' id='word_1_255' title='bbox 524 2530 605 2562; x_wconf 83' lang='lat' dir='ltr'><strong>Item</strong></span> <span class='ocrx_word' id='word_1_256' title='bbox 633 2530 797 2572; x_wconf 85' lang='lat' dir='ltr'><strong>scriptura</strong></span> <span class='ocrx_word' id='word_1_257' title='bbox 832 2531 930 2564; x_wconf 85' lang='lat' dir='ltr'><strong>docet</strong></span> <span class='ocrx_word' id='word_1_258' title='bbox 958 2541 1034 2564; x_wconf 86' lang='lat' dir='ltr'><strong>esse</strong></span> 
     </span>
     <span class='ocr_line' id='line_1_41' title="bbox 58 2571 1035 2615; baseline 0.003 -11"><span class='ocrx_word' id='word_1_259' title='bbox 58 2572 154 2615; x_wconf 81' lang='lat' dir='ltr'><strong>signa</strong></span> <span class='ocrx_word' id='word_1_260' title='bbox 177 2573 396 2605; x_wconf 81' lang='lat' dir='ltr'>monstrantia</span> <span class='ocrx_word' id='word_1_261' title='bbox 418 2571 623 2612; x_wconf 84' lang='lat' dir='ltr'><strong>Ecclesiam,</strong></span> <span class='ocrx_word' id='word_1_262' title='bbox 657 2583 798 2615; x_wconf 80' lang='lat' dir='ltr'><strong>qrorum</strong></span> <span class='ocrx_word' id='word_1_263' title='bbox 830 2573 895 2606; x_wconf 81' lang='lat' dir='ltr'><strong>alia</strong></span> <span class='ocrx_word' id='word_1_264' title='bbox 926 2575 1035 2608; x_wconf 87' lang='lat' dir='ltr'><strong>incur-</strong></span> 
     </span>
     <span class='ocr_line' id='line_1_42' title="bbox 58 2614 1035 2659; baseline 0.003 -12"><span class='ocrx_word' id='word_1_265' title='bbox 58 2621 133 2647; x_wconf 79' lang='lat' dir='ltr'><strong>runt</strong></span> <span class='ocrx_word' id='word_1_266' title='bbox 166 2616 198 2648; x_wconf 88' lang='lat' dir='ltr'><strong>iu</strong></span> <span class='ocrx_word' id='word_1_267' title='bbox 233 2614 368 2653; x_wconf 81' lang='lat' dir='ltr'><strong>oculos,</strong></span> <span class='ocrx_word' id='word_1_268' title='bbox 403 2614 467 2648; x_wconf 83' lang='lat' dir='ltr'><strong>alia</strong></span> <span class='ocrx_word' id='word_1_269' title='bbox 500 2616 533 2648; x_wconf 90' lang='lat' dir='ltr'><strong>in</strong></span> <span class='ocrx_word' id='word_1_270' title='bbox 573 2627 683 2649; x_wconf 80' lang='lat' dir='ltr'><strong>aures.</strong></span> <span class='ocrx_word' id='word_1_271' title='bbox 751 2617 960 2659; x_wconf 80' lang='lat' dir='ltr'>Baptismus,</span> <span class='ocrx_word' id='word_1_272' title='bbox 1002 2623 1035 2650; x_wconf 63' lang='lat' dir='ltr'><strong>et</strong></span> 
     </span>
    </p>
   </div>
   <div class='ocr_carea' id='block_1_15' title="bbox 864 2186 1035 2218">
    <p class='ocr_par' dir='ltr' id='par_1_16' title="bbox 864 2186 1035 2218">
     <span class='ocr_line' id='line_1_43' title="bbox 864 2186 1035 2218; baseline -0.006 0"><span class='ocrx_word' id='word_1_273' title='bbox 864 2186 901 2218; x_wconf 87' lang='lat' dir='ltr'><strong>Si</strong></span> <span class='ocrx_word' id='word_1_274' title='bbox 924 2187 1035 2218; x_wconf 81' lang='lat' dir='ltr'><strong>dicas:</strong></span> 
     </span>
    </p>
   </div>
   <div class='ocr_carea' id='block_1_16' title="bbox 736 155 1371 190">
    <p class='ocr_par' dir='ltr' id='par_1_17' title="bbox 736 155 1371 190">
     <span class='ocr_line' id='line_1_44' title="bbox 736 155 1371 190; baseline -0.006 0"><span class='ocrx_word' id='word_1_275' title='bbox 736 156 956 190; x_wconf 74' lang='lat' dir='ltr'><strong>POSTlLLA</strong></span> <span class='ocrx_word' id='word_1_276' title='bbox 973 155 1329 190; x_wconf 77' lang='lat' dir='ltr'><strong>MELANTHONlAN</strong></span> <span class='ocrx_word' id='word_1_277' title='bbox 1332 156 1371 186; x_wconf 83' lang='lat' dir='ltr'><strong>A.</strong></span> 
     </span>
    </p>
   </div>
   <div class='ocr_carea' id='block_1_17' title="bbox 54 713 1059 852">
    <p class='ocr_par' dir='ltr' id='par_1_18' title="bbox 54 713 1059 852">
     <span class='ocr_line' id='line_1_45' title="bbox 354 713 1059 769; baseline -0.001 -15"><span class='ocrx_word' id='word_1_278' title='bbox 354 723 447 755; x_wconf 87' lang='lat' dir='ltr'><strong>Hanc</strong></span> <span class='ocrx_word' id='word_1_279' title='bbox 475 724 561 755; x_wconf 89' lang='lat' dir='ltr'><strong>enim</strong></span> <span class='ocrx_word' id='word_1_280' title='bbox 592 729 689 755; x_wconf 88' lang='lat' dir='ltr'><strong>vocat</strong></span> <span class='ocrx_word' id='word_1_281' title='bbox 716 722 870 755; x_wconf 78' lang='lat' dir='ltr'><strong>Christus</strong></span> <span class='ocrx_word' id='word_1_282' title='bbox 902 732 1032 764; x_wconf 72' lang='lat' dir='ltr'><strong>rcffnum</strong></span> <span class='ocrx_word' id='word_1_283' title='bbox 1056 713 1059 769; x_wconf 68' lang='lat' dir='ltr'>J</span> 
     </span>
     <span class='ocr_line' id='line_1_46' title="bbox 54 765 1058 809; baseline -0.007 -9"><span class='ocrx_word' id='word_1_284' title='bbox 54 768 225 806; x_wconf 77' lang='lat' dir='ltr'><strong>coelorum,</strong></span> <span class='ocrx_word' id='word_1_285' title='bbox 249 765 401 809; x_wconf 78' lang='lat' dir='ltr'><strong>intelligit</strong></span> <span class='ocrx_word' id='word_1_286' title='bbox 435 772 542 798; x_wconf 87' lang='lat' dir='ltr'><strong>autem</strong></span> <span class='ocrx_word' id='word_1_287' title='bbox 576 765 759 798; x_wconf 83' lang='lat' dir='ltr'><strong>Ecclesiam</strong></span> <span class='ocrx_word' id='word_1_288' title='bbox 794 766 826 798; x_wconf 91' lang='lat' dir='ltr'><strong>in</strong></span> <span class='ocrx_word' id='word_1_289' title='bbox 855 766 919 797; x_wconf 85' lang='lat' dir='ltr'><strong>hac</strong></span> <span class='ocrx_word' id='word_1_290' title='bbox 953 766 1058 803; x_wconf 62' lang='lat' dir='ltr'><strong>vita,2</strong></span> 
     </span>
     <span class='ocr_line' id='line_1_47' title="bbox 54 808 1059 852; baseline -0.004 -9"><span class='ocrx_word' id='word_1_291' title='bbox 54 816 87 843; x_wconf 87' lang='lat' dir='ltr'><strong>et</strong></span> <span class='ocrx_word' id='word_1_292' title='bbox 110 811 239 852; x_wconf 90' lang='lat' dir='ltr'><strong>quidem</strong></span> <span class='ocrx_word' id='word_1_293' title='bbox 263 809 449 842; x_wconf 81' lang='lat' dir='ltr'><strong>Ecclesiam</strong></span> <span class='ocrx_word' id='word_1_294' title='bbox 469 808 642 847; x_wconf 82' lang='lat' dir='ltr'><strong>visibilem,</strong></span> <span class='ocrx_word' id='word_1_295' title='bbox 676 809 717 841; x_wconf 88' lang='lat' dir='ltr'><strong>de</strong></span> <span class='ocrx_word' id='word_1_296' title='bbox 751 820 818 851; x_wconf 88' lang='lat' dir='ltr'><strong>qua</strong></span> <span class='ocrx_word' id='word_1_297' title='bbox 852 809 945 840; x_wconf 85' lang='lat' dir='ltr'><strong>scitis</strong></span> <span class='ocrx_word' id='word_1_298' title='bbox 968 819 1030 839; x_wconf 89' lang='lat' dir='ltr'><strong>nos</strong></span> <span class='ocrx_word' id='word_1_299' title='bbox 1055 808 1059 831; x_wconf 61' lang='lat'><strong>¹«</strong></span> 
     </span>
    </p>
   </div>
   <div class='ocr_carea' id='block_1_18' title="bbox 1996 153 2060 187">
    <p class='ocr_par' dir='ltr' id='par_1_19' title="bbox 1996 153 2060 187">
     <span class='ocr_line' id='line_1_48' title="bbox 1996 153 2060 187; baseline 0 0"><span class='ocrx_word' id='word_1_300' title='bbox 1996 153 2060 187; x_wconf 83' lang='grc'><strong>366</strong></span> 
     </span>
    </p>
   </div>
   <div class='ocr_carea' id='block_1_19' title="bbox 1053 247 2070 2657">
    <p class='ocr_par' dir='ltr' id='par_1_20' title="bbox 1053 247 2060 378">
     <span class='ocr_line' id='line_1_49' title="bbox 1081 247 2060 291; baseline -0.003 -8"><span class='ocrx_word' id='word_1_301' title='bbox 1081 251 1223 291; x_wconf 81' lang='lat' dir='ltr'>sumptio</span> <span class='ocrx_word' id='word_1_302' title='bbox 1260 249 1395 281; x_wconf 89' lang='lat' dir='ltr'><strong>Coenae</strong></span> <span class='ocrx_word' id='word_1_303' title='bbox 1435 250 1604 281; x_wconf 87' lang='lat' dir='ltr'><strong>incurrunt</strong></span> <span class='ocrx_word' id='word_1_304' title='bbox 1638 250 1670 281; x_wconf 92' lang='lat' dir='ltr'><strong>in</strong></span> <span class='ocrx_word' id='word_1_305' title='bbox 1705 248 1829 280; x_wconf 81' lang='lat' dir='ltr'><strong>oculos</strong></span> <span class='ocrx_word' id='word_1_306' title='bbox 1887 247 2060 280; x_wconf 87' lang='lat' dir='ltr'><strong>Professio</strong></span> 
     </span>
     <span class='ocr_line' id='line_1_50' title="bbox 1053 275 2060 332; baseline -0.003 -7"><span class='ocrx_word' id='word_1_307' title='bbox 1053 275 1253 332; x_wconf 62' lang='lat' dir='ltr'><strong>idoctrinae</strong></span> <span class='ocrx_word' id='word_1_308' title='bbox 1288 298 1385 323; x_wconf 82' lang='lat' dir='ltr'><strong>sonat</strong></span> <span class='ocrx_word' id='word_1_309' title='bbox 1419 292 1450 323; x_wconf 90' lang='lat' dir='ltr'><strong>in</strong></span> <span class='ocrx_word' id='word_1_310' title='bbox 1485 292 1642 330; x_wconf 75' lang='lat' dir='ltr'><strong>auribus,</strong></span> <span class='ocrx_word' id='word_1_311' title='bbox 1683 293 1770 323; x_wconf 81' lang='lat' dir='ltr'><strong>sicut</strong></span> <span class='ocrx_word' id='word_1_312' title='bbox 1805 289 1928 323; x_wconf 84' lang='lat' dir='ltr'><strong>Paulus</strong></span> <span class='ocrx_word' id='word_1_313' title='bbox 1968 292 2060 324; x_wconf 84' lang='lat' dir='ltr'><strong>dicit:</strong></span> 
     </span>
     <span class='ocr_line' id='line_1_51' title="bbox 1054 333 2060 378; baseline -0.003 -11"><span class='ocrx_word' id='word_1_314' title='bbox 1054 333 1057 363; x_wconf 71' lang='grc' dir='ltr'>ἓ</span> <span class='ocrx_word' id='word_1_315' title='bbox 1082 338 1196 368; x_wconf 73' lang='lat' dir='ltr'><strong>Annon</strong></span> <span class='ocrx_word' id='word_1_316' title='bbox 1219 335 1413 378; x_wconf 60' lang='lat' dir='ltr'><strong>andicmmt?</strong></span> <span class='ocrx_word' id='word_1_317' title='bbox 1438 334 1614 366; x_wconf 83' lang='lat' dir='ltr'><strong>Praeterea</strong></span> <span class='ocrx_word' id='word_1_318' title='bbox 1637 334 1707 366; x_wconf 85' lang='lat' dir='ltr'><strong>vult</strong></span> <span class='ocrx_word' id='word_1_319' title='bbox 1731 345 1793 365; x_wconf 82' lang='lat' dir='ltr'><strong>nos</strong></span> <span class='ocrx_word' id='word_1_320' title='bbox 1817 333 1910 365; x_wconf 79' lang='lat' dir='ltr'><strong>Deus</strong></span> <span class='ocrx_word' id='word_1_321' title='bbox 1934 335 2060 365; x_wconf 82' lang='lat' dir='ltr'><strong>discer-</strong></span> 
     </span>
    </p>

    <p class='ocr_par' dir='ltr' id='par_1_21' title="bbox 1082 376 2059 417">
     <span class='ocr_line' id='line_1_52' title="bbox 1082 376 2059 417; baseline -0.003 -7"><span class='ocrx_word' id='word_1_322' title='bbox 1082 389 1161 410; x_wconf 85' lang='lat' dir='ltr'><strong>nere</strong></span> <span class='ocrx_word' id='word_1_323' title='bbox 1184 379 1361 410; x_wconf 84' lang='lat' dir='ltr'><strong>docentes:</strong></span> <span class='ocrx_word' id='word_1_324' title='bbox 1397 376 1476 409; x_wconf 82' lang='lat' dir='ltr'><strong>Vult</strong></span> <span class='ocrx_word' id='word_1_325' title='bbox 1511 387 1572 408; x_wconf 90' lang='lat' dir='ltr'><strong>nos</strong></span> <span class='ocrx_word' id='word_1_326' title='bbox 1603 378 1733 417; x_wconf 72' lang='lat' dir='ltr'><strong>seiungi</strong></span> <span class='ocrx_word' id='word_1_327' title='bbox 1756 388 1775 408; x_wconf 90' lang='lat' dir='ltr'><strong>a</strong></span> <span class='ocrx_word' id='word_1_328' title='bbox 1799 388 1864 408; x_wconf 91' lang='lat' dir='ltr'><strong>non</strong></span> <span class='ocrx_word' id='word_1_329' title='bbox 1889 384 1979 408; x_wconf 87' lang='lat' dir='ltr'><strong>recte</strong></span> <span class='ocrx_word' id='word_1_330' title='bbox 2004 377 2059 408; x_wconf 83' lang='lat' dir='ltr'><strong>‹lo-</strong></span> 
     </span>
    </p>

    <p class='ocr_par' dir='ltr' id='par_1_22' title="bbox 1055 420 2063 590">
     <span class='ocr_line' id='line_1_53' title="bbox 1083 420 2061 462; baseline -0.002 -10"><span class='ocrx_word' id='word_1_331' title='bbox 1083 422 1245 453; x_wconf 78' lang='lat' dir='ltr'><strong>centibus.</strong></span> <span class='ocrx_word' id='word_1_332' title='bbox 1274 422 1313 453; x_wconf 85' lang='lat' dir='ltr'><strong>Sz&#39;</strong></span> <span class='ocrx_word' id='word_1_333' title='bbox 1332 422 1403 462; x_wconf 75' lang='lat' dir='ltr'><strong>quis</strong></span> <span class='ocrx_word' id='word_1_334' title='bbox 1425 430 1488 451; x_wconf 78' lang='lat' dir='ltr'><strong>non</strong></span> <span class='ocrx_word' id='word_1_335' title='bbox 1511 420 1629 460; x_wconf 80' lang='lat' dir='ltr'><strong>afferet</strong></span> <span class='ocrx_word' id='word_1_336' title='bbox 1653 420 1735 451; x_wconf 80' lang='lat' dir='ltr'><strong>hanc</strong></span> <span class='ocrx_word' id='word_1_337' title='bbox 1761 421 1957 457; x_wconf 73' lang='lat' dir='ltr'><strong>doctrinam,</strong></span> <span class='ocrx_word' id='word_1_338' title='bbox 1991 429 2061 451; x_wconf 82' lang='lat' dir='ltr'><strong>enm</strong></span> 
     </span>
     <span class='ocr_line' id='line_1_54' title="bbox 1055 462 2063 505; baseline -0.003 -9"><span class='ocrx_word' id='word_1_339' title='bbox 1055 488 1058 502; x_wconf 70' lang='grc'><em>,</em></span> <span class='ocrx_word' id='word_1_340' title='bbox 1082 474 1146 496; x_wconf 83' lang='lat' dir='ltr'><strong>mm</strong></span> <span class='ocrx_word' id='word_1_341' title='bbox 1167 465 1313 505; x_wconf 70' lang='lat' dir='ltr'><strong>recipite,</strong></span> <span class='ocrx_word' id='word_1_342' title='bbox 1336 464 1440 505; x_wconf 89' lang='lat' dir='ltr'><strong>inquit</strong></span> <span class='ocrx_word' id='word_1_343' title='bbox 1460 463 1611 494; x_wconf 85' lang='lat' dir='ltr'><strong>loannes.</strong></span> <span class='ocrx_word' id='word_1_344' title='bbox 1671 462 1767 500; x_wconf 85' lang='lat' dir='ltr'><strong>Item,</strong></span> <span class='ocrx_word' id='word_1_345' title='bbox 1802 464 1842 493; x_wconf 66' lang='lat' dir='ltr'><strong>Si</strong></span> <span class='ocrx_word' id='word_1_346' title='bbox 1869 464 1940 503; x_wconf 70' lang='lat' dir='ltr'><strong>quis</strong></span> <span class='ocrx_word' id='word_1_347' title='bbox 1972 462 2063 493; x_wconf 77' lang='lat' dir='ltr'><strong>aliud</strong></span> 
     </span>
     <span class='ocr_line' id='line_1_55' title="bbox 1055 504 2060 549; baseline -0.004 -9"><span class='ocrx_word' id='word_1_348' title='bbox 1055 504 1293 549; x_wconf 67' lang='lat' dir='ltr'><strong>lEvcmyelium</strong></span> <span class='ocrx_word' id='word_1_349' title='bbox 1326 507 1490 543; x_wconf 68' lang='lat' dir='ltr'><strong>demerit,</strong></span> <span class='ocrx_word' id='word_1_350' title='bbox 1536 505 1710 537; x_wconf 79' lang='lat' dir='ltr'><strong>anathema</strong></span> <span class='ocrx_word' id='word_1_351' title='bbox 1743 506 1804 542; x_wconf 72' lang='lat' dir='ltr'><strong>sie,</strong></span> <span class='ocrx_word' id='word_1_352' title='bbox 1845 507 1888 536; x_wconf 91' lang='lat' dir='ltr'><strong>ait</strong></span> <span class='ocrx_word' id='word_1_353' title='bbox 1926 504 2060 536; x_wconf 75' lang='lat' dir='ltr'><strong>Paulus.</strong></span> 
     </span>
     <span class='ocr_line' id='line_1_56' title="bbox 1056 547 2061 590; baseline -0.004 -8"><span class='ocrx_word' id='word_1_354' title='bbox 1056 552 1058 558; x_wconf 91' lang='lat'>&#39;</span> <span class='ocrx_word' id='word_1_355' title='bbox 1083 551 1258 586; x_wconf 86' lang='lat' dir='ltr'>Quomodo</span> <span class='ocrx_word' id='word_1_356' title='bbox 1282 559 1362 581; x_wconf 78' lang='lat' dir='ltr'><strong>vero</strong></span> <span class='ocrx_word' id='word_1_357' title='bbox 1381 548 1534 581; x_wconf 81' lang='lat' dir='ltr'><strong>Ecclesia</strong></span> <span class='ocrx_word' id='word_1_358' title='bbox 1561 547 1667 590; x_wconf 81' lang='lat' dir='ltr'><strong>afiligi</strong></span> <span class='ocrx_word' id='word_1_359' title='bbox 1691 554 1818 589; x_wconf 87' lang='lat' dir='ltr'><strong>potest,</strong></span> <span class='ocrx_word' id='word_1_360' title='bbox 1851 549 1879 579; x_wconf 91' lang='lat' dir='ltr'><strong>si</strong></span> <span class='ocrx_word' id='word_1_361' title='bbox 1901 558 1968 579; x_wconf 86' lang='lat' dir='ltr'><strong>non</strong></span> <span class='ocrx_word' id='word_1_362' title='bbox 1992 558 2061 578; x_wconf 82' lang='lat' dir='ltr'><strong>cer-</strong></span> 
     </span>
    </p>

    <p class='ocr_par' dir='ltr' id='par_1_23' title="bbox 1056 589 2065 1108">
     <span class='ocr_line' id='line_1_57' title="bbox 1083 589 2062 632; baseline -0.004 -7"><span class='ocrx_word' id='word_1_363' title='bbox 1083 594 1191 625; x_wconf 75' lang='lat' dir='ltr'><strong>nitur?</strong></span> <span class='ocrx_word' id='word_1_364' title='bbox 1216 592 1316 624; x_wconf 85' lang='lat' dir='ltr'><strong>Certe</strong></span> <span class='ocrx_word' id='word_1_365' title='bbox 1339 592 1519 624; x_wconf 79' lang='lat' dir='ltr'><strong>Zacharias</strong></span> <span class='ocrx_word' id='word_1_366' title='bbox 1544 597 1615 622; x_wconf 85' lang='lat' dir='ltr'><strong>crat</strong></span> <span class='ocrx_word' id='word_1_367' title='bbox 1640 590 1794 628; x_wconf 73' lang='lat' dir='ltr'><strong>visibilis,</strong></span> <span class='ocrx_word' id='word_1_368' title='bbox 1826 591 1958 632; x_wconf 87' lang='lat' dir='ltr'><strong>quaudo</strong></span> <span class='ocrx_word' id='word_1_369' title='bbox 1981 589 2062 632; x_wconf 90' lang='lat' dir='ltr'><strong>lapi-</strong></span> 
     </span>
     <span class='ocr_line' id='line_1_58' title="bbox 1056 633 2062 679; baseline -0.003 -11"><span class='ocrx_word' id='word_1_370' title='bbox 1056 634 1060 679; x_wconf 69' lang='grc' dir='ltr'>Ι</span> <span class='ocrx_word' id='word_1_371' title='bbox 1084 637 1234 667; x_wconf 86' lang='lat' dir='ltr'><strong>dabatur.</strong></span> <span class='ocrx_word' id='word_1_372' title='bbox 1296 636 1354 667; x_wconf 84' lang='lat' dir='ltr'><strong>Sic</strong></span> <span class='ocrx_word' id='word_1_373' title='bbox 1394 633 1550 676; x_wconf 81' lang='lat' dir='ltr'>Apostoli</span> <span class='ocrx_word' id='word_1_374' title='bbox 1589 635 1828 672; x_wconf 83' lang='lat' dir='ltr'><strong>cernebantur,</strong></span> <span class='ocrx_word' id='word_1_375' title='bbox 1869 634 1909 664; x_wconf 89' lang='lat' dir='ltr'><strong>de</strong></span> <span class='ocrx_word' id='word_1_376' title='bbox 1943 635 2062 674; x_wconf 86' lang='lat' dir='ltr'><strong>quibus</strong></span> 
     </span>
     <span class='ocr_line' id='line_1_59' title="bbox 1056 677 2062 717; baseline -0.002 -7"><span class='ocrx_word' id='word_1_377' title='bbox 1056 682 1059 707; x_wconf 81' lang='grc' dir='ltr'>Ι</span> <span class='ocrx_word' id='word_1_378' title='bbox 1084 677 1208 710; x_wconf 88' lang='lat' dir='ltr'><strong>Paulus</strong></span> <span class='ocrx_word' id='word_1_379' title='bbox 1239 679 1331 709; x_wconf 89' lang='lat' dir='ltr'><strong>dicit:</strong></span> <span class='ocrx_word' id='word_1_380' title='bbox 1366 679 1483 710; x_wconf 63' lang='lat' dir='ltr'><strong>Summe</strong></span> <span class='ocrx_word' id='word_1_381' title='bbox 1506 677 1667 708; x_wconf 79' lang='lat' dir='ltr'><strong>theatrum</strong></span> <span class='ocrx_word' id='word_1_382' title='bbox 1698 678 1758 708; x_wconf 75' lang='lat' dir='ltr'><strong>loti</strong></span> <span class='ocrx_word' id='word_1_383' title='bbox 1779 677 1905 715; x_wconf 78' lang='lat' dir='ltr'><strong>mundo,</strong></span> <span class='ocrx_word' id='word_1_384' title='bbox 1939 678 2062 717; x_wconf 63' lang='lat' dir='ltr'><strong>unffi-&#39;1¹5</strong></span> 
     </span>
     <span class='ocr_line' id='line_1_60' title="bbox 1084 719 2063 756; baseline -0.003 -3"><span class='ocrx_word' id='word_1_385' title='bbox 1084 727 1113 753; x_wconf 81' lang='lat' dir='ltr'><strong>et</strong></span> <span class='ocrx_word' id='word_1_386' title='bbox 1136 722 1325 753; x_wconf 75' lang='lat' dir='ltr'><strong>hominibus.</strong></span> <span class='ocrx_word' id='word_1_387' title='bbox 1375 720 1554 752; x_wconf 79' lang='lat' dir='ltr'><strong>Theatrum</strong></span> <span class='ocrx_word' id='word_1_388' title='bbox 1587 719 1688 751; x_wconf 87' lang='lat' dir='ltr'><strong>habet</strong></span> <span class='ocrx_word' id='word_1_389' title='bbox 1711 729 1831 751; x_wconf 81' lang='lat' dir='ltr'><strong>nomen</strong></span> <span class='ocrx_word' id='word_1_390' title='bbox 1854 730 1873 750; x_wconf 88' lang='lat' dir='ltr'><strong>a</strong></span> <span class='ocrx_word' id='word_1_391' title='bbox 1897 719 1996 756; x_wconf 72' lang='grc' dir='ltr'><em>θεάω,</em></span> <span class='ocrx_word' id='word_1_392' title='bbox 2030 719 2063 750; x_wconf 83' lang='lat' dir='ltr'><strong>id</strong></span> 
     </span>
     <span class='ocr_line' id='line_1_61' title="bbox 1084 760 2063 805; baseline -0.003 -9"><span class='ocrx_word' id='word_1_393' title='bbox 1084 771 1146 804; x_wconf 85' lang='lat' dir='ltr'><strong>est,</strong></span> <span class='ocrx_word' id='word_1_394' title='bbox 1168 765 1284 802; x_wconf 84' lang='lat' dir='ltr'><strong>video,</strong></span> <span class='ocrx_word' id='word_1_395' title='bbox 1321 762 1543 805; x_wconf 86' lang='lat' dir='ltr'><strong>contemplor,</strong></span> <span class='ocrx_word' id='word_1_396' title='bbox 1577 769 1704 804; x_wconf 84' lang='lat' dir='ltr'><strong>specto.</strong></span> <span class='ocrx_word' id='word_1_397' title='bbox 1761 762 1832 794; x_wconf 84' lang='lat' dir='ltr'><strong>lloc</strong></span> <span class='ocrx_word' id='word_1_398' title='bbox 1867 760 1972 793; x_wconf 84' lang='lat' dir='ltr'><strong>oculis</strong></span> <span class='ocrx_word' id='word_1_399' title='bbox 1996 772 2063 793; x_wconf 63' lang='lat' dir='ltr'><strong>‹ter-</strong></span> 
     </span>
     <span class='ocr_line' id='line_1_62' title="bbox 1083 804 2063 849; baseline -0.004 -10"><span class='ocrx_word' id='word_1_400' title='bbox 1083 809 1181 845; x_wconf 86' lang='lat' dir='ltr'><strong>nitur,</strong></span> <span class='ocrx_word' id='word_1_401' title='bbox 1206 814 1237 839; x_wconf 88' lang='lat' dir='ltr'><strong>et</strong></span> <span class='ocrx_word' id='word_1_402' title='bbox 1261 808 1395 839; x_wconf 85' lang='lat' dir='ltr'><strong>auribus</strong></span> <span class='ocrx_word' id='word_1_403' title='bbox 1419 807 1611 849; x_wconf 74' lang='lat' dir='ltr'><strong>percipitur,</strong></span> <span class='ocrx_word' id='word_1_404' title='bbox 1634 806 1723 847; x_wconf 87' lang='lat' dir='ltr'><strong>quod</strong></span> <span class='ocrx_word' id='word_1_405' title='bbox 1746 804 1900 846; x_wconf 82' lang='lat' dir='ltr'>Apostoli</span> <span class='ocrx_word' id='word_1_406' title='bbox 1925 805 2063 836; x_wconf 83' lang='lat' dir='ltr'><strong>circum-</strong></span> 
     </span>
     <span class='ocr_line' id='line_1_63' title="bbox 1083 848 2063 892; baseline -0.003 -11"><span class='ocrx_word' id='word_1_407' title='bbox 1083 850 1192 882; x_wconf 83' lang='lat' dir='ltr'><strong>ferunt</strong></span> <span class='ocrx_word' id='word_1_408' title='bbox 1215 851 1387 892; x_wconf 81' lang='lat' dir='ltr'><strong>dogmata,</strong></span> <span class='ocrx_word' id='word_1_409' title='bbox 1421 860 1507 891; x_wconf 90' lang='lat' dir='ltr'><strong>quae</strong></span> <span class='ocrx_word' id='word_1_410' title='bbox 1541 855 1618 881; x_wconf 89' lang='lat' dir='ltr'><strong>sunt</strong></span> <span class='ocrx_word' id='word_1_411' title='bbox 1647 849 1801 880; x_wconf 83' lang='lat' dir='ltr'><strong>distincta</strong></span> <span class='ocrx_word' id='word_1_412' title='bbox 1832 849 1874 879; x_wconf 88' lang='lat' dir='ltr'><strong>ab</strong></span> <span class='ocrx_word' id='word_1_413' title='bbox 1904 848 2063 888; x_wconf 86' lang='lat' dir='ltr'><strong>opinioni-</strong></span> 
     </span>
     <span class='ocr_line' id='line_1_64' title="bbox 1084 890 2063 934; baseline -0.004 -9"><span class='ocrx_word' id='word_1_414' title='bbox 1084 895 1145 925; x_wconf 81' lang='lat' dir='ltr'><strong>bus</strong></span> <span class='ocrx_word' id='word_1_415' title='bbox 1168 894 1288 925; x_wconf 87' lang='lat' dir='ltr'><strong>mundi.</strong></span> <span class='ocrx_word' id='word_1_416' title='bbox 1335 893 1402 925; x_wconf 78' lang='lat' dir='ltr'><strong>Sed</strong></span> <span class='ocrx_word' id='word_1_417' title='bbox 1426 893 1514 934; x_wconf 90' lang='lat' dir='ltr'><strong>impii</strong></span> <span class='ocrx_word' id='word_1_418' title='bbox 1535 902 1602 923; x_wconf 90' lang='lat' dir='ltr'><strong>non</strong></span> <span class='ocrx_word' id='word_1_419' title='bbox 1627 892 1785 929; x_wconf 86' lang='lat' dir='ltr'><strong>credunt,</strong></span> <span class='ocrx_word' id='word_1_420' title='bbox 1815 890 1890 922; x_wconf 91' lang='lat' dir='ltr'><strong>illos</strong></span> <span class='ocrx_word' id='word_1_421' title='bbox 1913 891 2063 922; x_wconf 87' lang='lat' dir='ltr'><strong>homines</strong></span> 
     </span>
     <span class='ocr_line' id='line_1_65' title="bbox 1082 932 2065 978; baseline -0.004 -10"><span class='ocrx_word' id='word_1_422' title='bbox 1082 936 1157 968; x_wconf 86' lang='lat' dir='ltr'><strong>Deo</strong></span> <span class='ocrx_word' id='word_1_423' title='bbox 1181 935 1324 978; x_wconf 85' lang='lat' dir='ltr'><strong>placere.</strong></span> <span class='ocrx_word' id='word_1_424' title='bbox 1379 936 1468 967; x_wconf 87' lang='lat' dir='ltr'><strong>Nero</strong></span> <span class='ocrx_word' id='word_1_425' title='bbox 1504 945 1570 967; x_wconf 91' lang='lat' dir='ltr'><strong>non</strong></span> <span class='ocrx_word' id='word_1_426' title='bbox 1605 935 1727 972; x_wconf 87' lang='lat' dir='ltr'><strong>credit,</strong></span> <span class='ocrx_word' id='word_1_427' title='bbox 1761 932 1899 965; x_wconf 80' lang='lat' dir='ltr'><strong>Paulum</strong></span> <span class='ocrx_word' id='word_1_428' title='bbox 1929 933 2065 974; x_wconf 81' lang='lat' dir='ltr'><strong>placere</strong></span> 
     </span>
     <span class='ocr_line' id='line_1_66' title="bbox 1082 977 2064 1016; baseline -0.004 -5"><span class='ocrx_word' id='word_1_429' title='bbox 1082 979 1168 1011; x_wconf 86' lang='lat' dir='ltr'><strong>Deo.</strong></span> <span class='ocrx_word' id='word_1_430' title='bbox 1214 979 1343 1011; x_wconf 84' lang='lat' dir='ltr'><strong>Interea</strong></span> <span class='ocrx_word' id='word_1_431' title='bbox 1366 985 1475 1010; x_wconf 89' lang='lat' dir='ltr'><strong>tamen</strong></span> <span class='ocrx_word' id='word_1_432' title='bbox 1494 977 1628 1016; x_wconf 83' lang='lat' dir='ltr'><strong>Paulus,</strong></span> <span class='ocrx_word' id='word_1_433' title='bbox 1653 978 1767 1009; x_wconf 87' lang='lat' dir='ltr'><strong>dicens</strong></span> <span class='ocrx_word' id='word_1_434' title='bbox 1792 977 1931 1008; x_wconf 76' lang='lat' dir='ltr'><strong>Neroni:</strong></span> <span class='ocrx_word' id='word_1_435' title='bbox 1955 977 2005 1008; x_wconf 80' lang='lat' dir='ltr'><strong>Tu</strong></span> <span class='ocrx_word' id='word_1_436' title='bbox 2027 986 2064 1007; x_wconf 88' lang='lat' dir='ltr'><strong>es</strong></span> 
     </span>
     <span class='ocr_line' id='line_1_67' title="bbox 1082 1019 2064 1060; baseline -0.004 -6"><span class='ocrx_word' id='word_1_437' title='bbox 1082 1021 1270 1060; x_wconf 82' lang='lat' dir='ltr'><strong>idololatra,</strong></span> <span class='ocrx_word' id='word_1_438' title='bbox 1303 1029 1336 1054; x_wconf 87' lang='lat' dir='ltr'><strong>et</strong></span> <span class='ocrx_word' id='word_1_439' title='bbox 1360 1022 1605 1054; x_wconf 87' lang='lat' dir='ltr'><strong>contaminatus</strong></span> <span class='ocrx_word' id='word_1_440' title='bbox 1630 1022 1724 1052; x_wconf 78' lang='lat' dir='ltr'><strong>tetris</strong></span> <span class='ocrx_word' id='word_1_441' title='bbox 1747 1019 1948 1058; x_wconf 86' lang='lat' dir='ltr'><strong>libidinibus,</strong></span> <span class='ocrx_word' id='word_1_442' title='bbox 1981 1019 2064 1051; x_wconf 90' lang='lat' dir='ltr'><strong>haec</strong></span> 
     </span>
     <span class='ocr_line' id='line_1_68' title="bbox 1083 1064 1754 1108; baseline -0.003 -11"><span class='ocrx_word' id='word_1_443' title='bbox 1083 1067 1216 1108; x_wconf 89' lang='lat' dir='ltr'><strong>inquam</strong></span> <span class='ocrx_word' id='word_1_444' title='bbox 1240 1066 1366 1104; x_wconf 87' lang='lat' dir='ltr'><strong>dicens,</strong></span> <span class='ocrx_word' id='word_1_445' title='bbox 1390 1065 1534 1096; x_wconf 88' lang='lat' dir='ltr'><strong>cernitur</strong></span> <span class='ocrx_word' id='word_1_446' title='bbox 1557 1071 1591 1096; x_wconf 82' lang='lat' dir='ltr'><strong>et</strong></span> <span class='ocrx_word' id='word_1_447' title='bbox 1613 1064 1754 1096; x_wconf 82' lang='lat' dir='ltr'><strong>auditur.</strong></span> 
     </span>
    </p>

    <p class='ocr_par' dir='ltr' id='par_1_24' title="bbox 1084 1104 2065 1313">
     <span class='ocr_line' id='line_1_69' title="bbox 1169 1104 2062 1150; baseline -0.006 -9"><span class='ocrx_word' id='word_1_448' title='bbox 1169 1109 1237 1141; x_wconf 89' lang='lat' dir='ltr'><strong>Sed</strong></span> <span class='ocrx_word' id='word_1_449' title='bbox 1261 1109 1373 1140; x_wconf 88' lang='lat' dir='ltr'><strong>obiicit</strong></span> <span class='ocrx_word' id='word_1_450' title='bbox 1394 1107 1469 1140; x_wconf 85' lang='lat' dir='ltr'><strong>ille:</strong></span> <span class='ocrx_word' id='word_1_451' title='bbox 1498 1107 1551 1139; x_wconf 85' lang='lat' dir='ltr'><strong>An</strong></span> <span class='ocrx_word' id='word_1_452' title='bbox 1574 1114 1610 1139; x_wconf 91' lang='lat' dir='ltr'><strong>tu</strong></span> <span class='ocrx_word' id='word_1_453' title='bbox 1638 1104 1797 1150; x_wconf 79' lang='lat' dir='ltr'><strong>agnoscis</strong></span> <span class='ocrx_word' id='word_1_454' title='bbox 1827 1105 2062 1143; x_wconf 86' lang='lat' dir='ltr'><strong>Christianum,</strong></span> 
     </span>
     <span class='ocr_line' id='line_1_70' title="bbox 1084 1148 2064 1194; baseline -0.004 -11"><span class='ocrx_word' id='word_1_455' title='bbox 1084 1152 1139 1194; x_wconf 88' lang='lat' dir='ltr'><strong>qui</strong></span> <span class='ocrx_word' id='word_1_456' title='bbox 1163 1158 1215 1183; x_wconf 86' lang='lat' dir='ltr'><strong>est</strong></span> <span class='ocrx_word' id='word_1_457' title='bbox 1239 1149 1549 1192; x_wconf 71' lang='lat' dir='ltr'><strong>Constantinopoli?</strong></span> <span class='ocrx_word' id='word_1_458' title='bbox 1594 1150 1654 1188; x_wconf 81' lang='lat' dir='ltr'><strong>lta,</strong></span> <span class='ocrx_word' id='word_1_459' title='bbox 1677 1160 1839 1191; x_wconf 84' lang='lat' dir='ltr'><strong>agnosco,</strong></span> <span class='ocrx_word' id='word_1_460' title='bbox 1863 1150 1892 1181; x_wconf 91' lang='lat' dir='ltr'><strong>si</strong></span> <span class='ocrx_word' id='word_1_461' title='bbox 1911 1148 2064 1190; x_wconf 82' lang='lat' dir='ltr'><strong>profitea-</strong></span> 
     </span>
     <span class='ocr_line' id='line_1_71' title="bbox 1084 1191 2065 1229; baseline -0.006 -2"><span class='ocrx_word' id='word_1_462' title='bbox 1084 1203 1138 1227; x_wconf 86' lang='lat' dir='ltr'><strong>tur</strong></span> <span class='ocrx_word' id='word_1_463' title='bbox 1160 1195 1343 1226; x_wconf 87' lang='lat' dir='ltr'><strong>doctrinam</strong></span> <span class='ocrx_word' id='word_1_464' title='bbox 1366 1194 1499 1226; x_wconf 81' lang='lat' dir='ltr'><strong>Christi.</strong></span> <span class='ocrx_word' id='word_1_465' title='bbox 1556 1192 1654 1229; x_wconf 86' lang='lat' dir='ltr'><strong>Quod</strong></span> <span class='ocrx_word' id='word_1_466' title='bbox 1688 1194 1716 1224; x_wconf 90' lang='lat' dir='ltr'><strong>si</strong></span> <span class='ocrx_word' id='word_1_467' title='bbox 1740 1191 1893 1224; x_wconf 80' lang='lat' dir='ltr'><strong>Ecclesia</strong></span> <span class='ocrx_word' id='word_1_468' title='bbox 1928 1201 1994 1223; x_wconf 90' lang='lat' dir='ltr'><strong>non</strong></span> <span class='ocrx_word' id='word_1_469' title='bbox 2014 1197 2065 1222; x_wconf 86' lang='lat' dir='ltr'><strong>est</strong></span> 
     </span>
     <span class='ocr_line' id='line_1_72' title="bbox 1084 1235 2065 1276; baseline -0.004 -7"><span class='ocrx_word' id='word_1_470' title='bbox 1084 1237 1238 1276; x_wconf 89' lang='lat' dir='ltr'><strong>visibilis,</strong></span> <span class='ocrx_word' id='word_1_471' title='bbox 1263 1248 1322 1269; x_wconf 88' lang='lat' dir='ltr'><strong>cur</strong></span> <span class='ocrx_word' id='word_1_472' title='bbox 1345 1248 1383 1269; x_wconf 89' lang='lat' dir='ltr'><strong>se</strong></span> <span class='ocrx_word' id='word_1_473' title='bbox 1406 1238 1518 1269; x_wconf 89' lang='lat' dir='ltr'><strong>dicunt</strong></span> <span class='ocrx_word' id='word_1_474' title='bbox 1548 1246 1625 1269; x_wconf 87' lang='lat' dir='ltr'><strong>esse</strong></span> <span class='ocrx_word' id='word_1_475' title='bbox 1648 1235 1853 1274; x_wconf 88' lang='lat' dir='ltr'><strong>Ecclesiam,</strong></span> <span class='ocrx_word' id='word_1_476' title='bbox 1887 1240 1944 1266; x_wconf 88' lang='lat' dir='ltr'><strong>aut</strong></span> <span class='ocrx_word' id='word_1_477' title='bbox 1966 1244 2065 1265; x_wconf 89' lang='lat' dir='ltr'><strong>mem-</strong></span> 
     </span>
     <span class='ocr_line' id='line_1_73' title="bbox 1084 1279 1363 1313; baseline 0 0"><span class='ocrx_word' id='word_1_478' title='bbox 1084 1282 1144 1313; x_wconf 81' lang='lat' dir='ltr'><strong>bra</strong></span> <span class='ocrx_word' id='word_1_479' title='bbox 1167 1279 1363 1313; x_wconf 73' lang='lat' dir='ltr'><strong>Ecclesiae?</strong></span> 
     </span>
    </p>

    <p class='ocr_par' dir='ltr' id='par_1_25' title="bbox 1058 1321 2070 2053">
     <span class='ocr_line' id='line_1_74' title="bbox 1171 1321 2066 1359; baseline -0.006 -4"><span class='ocrx_word' id='word_1_480' title='bbox 1171 1323 1242 1355; x_wconf 87' lang='lat' dir='ltr'><strong>Etsi</strong></span> <span class='ocrx_word' id='word_1_481' title='bbox 1265 1330 1374 1355; x_wconf 87' lang='lat' dir='ltr'><strong>autem</strong></span> <span class='ocrx_word' id='word_1_482' title='bbox 1408 1321 1563 1355; x_wconf 88' lang='lat' dir='ltr'><strong>Ecclesia</strong></span> <span class='ocrx_word' id='word_1_483' title='bbox 1597 1330 1649 1354; x_wconf 84' lang='lat' dir='ltr'><strong>est</strong></span> <span class='ocrx_word' id='word_1_484' title='bbox 1673 1321 1831 1359; x_wconf 71' lang='lat' dir='ltr'><strong>visibilis,</strong></span> <span class='ocrx_word' id='word_1_485' title='bbox 1867 1328 1976 1352; x_wconf 90' lang='lat' dir='ltr'><strong>tamen</strong></span> <span class='ocrx_word' id='word_1_486' title='bbox 1999 1329 2066 1350; x_wconf 89' lang='lat' dir='ltr'><strong>nou</strong></span> 
     </span>
     <span class='ocr_line' id='line_1_75' title="bbox 1085 1362 2066 1409; baseline -0.005 -11"><span class='ocrx_word' id='word_1_487' title='bbox 1085 1374 1136 1398; x_wconf 86' lang='lat' dir='ltr'><strong>est</strong></span> <span class='ocrx_word' id='word_1_488' title='bbox 1159 1373 1194 1398; x_wconf 90' lang='lat' dir='ltr'><strong>ut</strong></span> <span class='ocrx_word' id='word_1_489' title='bbox 1223 1378 1362 1409; x_wconf 83' lang='lat' dir='ltr'><strong>regnum</strong></span> <span class='ocrx_word' id='word_1_490' title='bbox 1393 1365 1610 1397; x_wconf 78' lang='lat' dir='ltr'><strong>pontificium.</strong></span> <span class='ocrx_word' id='word_1_491' title='bbox 1662 1363 1814 1396; x_wconf 69' lang='lat' dir='ltr'><strong>Pontifex</strong></span> <span class='ocrx_word' id='word_1_492' title='bbox 1838 1364 1926 1402; x_wconf 85' lang='lat' dir='ltr'><strong>dicit,</strong></span> <span class='ocrx_word' id='word_1_493' title='bbox 1950 1362 2066 1394; x_wconf 87' lang='lat' dir='ltr'><strong>Eccle-</strong></span> 
     </span>
     <span class='ocr_line' id='line_1_76' title="bbox 1084 1406 2065 1449; baseline -0.006 -7"><span class='ocrx_word' id='word_1_494' title='bbox 1084 1411 1168 1442; x_wconf 90' lang='lat' dir='ltr'><strong>siam</strong></span> <span class='ocrx_word' id='word_1_495' title='bbox 1191 1420 1304 1441; x_wconf 85' lang='lat' dir='ltr'><strong>veram</strong></span> <span class='ocrx_word' id='word_1_496' title='bbox 1329 1419 1405 1441; x_wconf 87' lang='lat' dir='ltr'><strong>esse</strong></span> <span class='ocrx_word' id='word_1_497' title='bbox 1423 1407 1516 1440; x_wconf 91' lang='lat' dir='ltr'><strong>illum</strong></span> <span class='ocrx_word' id='word_1_498' title='bbox 1541 1414 1683 1446; x_wconf 82' lang='lat' dir='ltr'><strong>coetum,</strong></span> <span class='ocrx_word' id='word_1_499' title='bbox 1702 1408 1757 1449; x_wconf 91' lang='lat' dir='ltr'><strong>qui</strong></span> <span class='ocrx_word' id='word_1_500' title='bbox 1782 1408 1939 1439; x_wconf 85' lang='lat' dir='ltr'><strong>observet</strong></span> <span class='ocrx_word' id='word_1_501' title='bbox 1962 1406 2065 1447; x_wconf 87' lang='lat' dir='ltr'><strong>ipsius</strong></span> 
     </span>
     <span class='ocr_line' id='line_1_77' title="bbox 1084 1451 2066 1494; baseline -0.005 -10"><span class='ocrx_word' id='word_1_502' title='bbox 1084 1453 1281 1490; x_wconf 84' lang='lat' dir='ltr'><strong>traditionis,</strong></span> <span class='ocrx_word' id='word_1_503' title='bbox 1305 1452 1412 1494; x_wconf 89' lang='lat' dir='ltr'><strong>etqui</strong></span> <span class='ocrx_word' id='word_1_504' title='bbox 1439 1452 1483 1483; x_wconf 90' lang='lat' dir='ltr'><strong>sit</strong></span> <span class='ocrx_word' id='word_1_505' title='bbox 1512 1451 1668 1493; x_wconf 81' lang='lat' dir='ltr'><strong>alligatus</strong></span> <span class='ocrx_word' id='word_1_506' title='bbox 1700 1452 1741 1481; x_wconf 86' lang='lat' dir='ltr'><strong>ad</strong></span> <span class='ocrx_word' id='word_1_507' title='bbox 1764 1451 1884 1491; x_wconf 85' lang='lat' dir='ltr'><strong>ipsum,</strong></span> <span class='ocrx_word' id='word_1_508' title='bbox 1911 1455 2066 1491; x_wconf 84' lang='lat' dir='ltr'><strong>tanquam</strong></span> 
     </span>
     <span class='ocr_line' id='line_1_78' title="bbox 1085 1492 2067 1537; baseline -0.004 -10"><span class='ocrx_word' id='word_1_509' title='bbox 1085 1496 1126 1527; x_wconf 87' lang='lat' dir='ltr'><strong>ad</strong></span> <span class='ocrx_word' id='word_1_510' title='bbox 1151 1502 1249 1537; x_wconf 86' lang='lat' dir='ltr'><strong>caput</strong></span> <span class='ocrx_word' id='word_1_511' title='bbox 1271 1494 1445 1527; x_wconf 89' lang='lat' dir='ltr'><strong>Ecclesiae</strong></span> <span class='ocrx_word' id='word_1_512' title='bbox 1469 1494 1609 1526; x_wconf 88' lang='lat' dir='ltr'><strong>visibile.</strong></span> <span class='ocrx_word' id='word_1_513' title='bbox 1654 1494 1826 1525; x_wconf 87' lang='lat' dir='ltr'><strong>Neminem</strong></span> <span class='ocrx_word' id='word_1_514' title='bbox 1850 1492 1969 1523; x_wconf 88' lang='lat' dir='ltr'><strong>iudicat</strong></span> <span class='ocrx_word' id='word_1_515' title='bbox 1990 1501 2067 1523; x_wconf 83' lang='lat' dir='ltr'><strong>esse</strong></span> 
     </span>
     <span class='ocr_line' id='line_1_79' title="bbox 1085 1535 2067 1578; baseline -0.005 -8"><span class='ocrx_word' id='word_1_516' title='bbox 1085 1540 1266 1570; x_wconf 87' lang='lat' dir='ltr'><strong>membrum</strong></span> <span class='ocrx_word' id='word_1_517' title='bbox 1288 1537 1462 1570; x_wconf 85' lang='lat' dir='ltr'><strong>Ecclesiae</strong></span> <span class='ocrx_word' id='word_1_518' title='bbox 1488 1548 1603 1575; x_wconf 87' lang='lat' dir='ltr'><strong>verae,</strong></span> <span class='ocrx_word' id='word_1_519' title='bbox 1630 1538 1684 1578; x_wconf 90' lang='lat' dir='ltr'><strong>qui</strong></span> <span class='ocrx_word' id='word_1_520' title='bbox 1716 1546 1782 1567; x_wconf 89' lang='lat' dir='ltr'><strong>non</strong></span> <span class='ocrx_word' id='word_1_521' title='bbox 1801 1542 1913 1567; x_wconf 65' lang='lat' dir='ltr'><strong>scivet</strong></span> <span class='ocrx_word' id='word_1_522' title='bbox 1936 1535 2067 1566; x_wconf 84' lang='lat' dir='ltr'><strong>ordina-</strong></span> 
     </span>
     <span class='ocr_line' id='line_1_80' title="bbox 1085 1578 2068 1619; baseline -0.005 -6"><span class='ocrx_word' id='word_1_523' title='bbox 1085 1582 1191 1614; x_wconf 83' lang='lat' dir='ltr'><strong>tiones</strong></span> <span class='ocrx_word' id='word_1_524' title='bbox 1215 1581 1423 1618; x_wconf 82' lang='lat' dir='ltr'><strong>Pontificum,</strong></span> <span class='ocrx_word' id='word_1_525' title='bbox 1447 1591 1507 1612; x_wconf 84' lang='lat' dir='ltr'><strong>seu</strong></span> <span class='ocrx_word' id='word_1_526' title='bbox 1520 1579 1694 1612; x_wconf 63' lang='lat' dir='ltr'><strong>Ecclesiae</strong></span> <span class='ocrx_word' id='word_1_527' title='bbox 1718 1579 1899 1616; x_wconf 82' lang='lat' dir='ltr'><strong>Romanae,</strong></span> <span class='ocrx_word' id='word_1_528' title='bbox 1923 1578 1978 1619; x_wconf 82' lang='lat' dir='ltr'><strong>qui</strong></span> <span class='ocrx_word' id='word_1_529' title='bbox 2001 1588 2068 1609; x_wconf 87' lang='lat' dir='ltr'><strong>non</strong></span> 
     </span>
     <span class='ocr_line' id='line_1_81' title="bbox 1086 1621 2068 1667; baseline -0.005 -11"><span class='ocrx_word' id='word_1_530' title='bbox 1086 1630 1250 1667; x_wconf 86' lang='lat' dir='ltr'><strong>agnoscat</strong></span> <span class='ocrx_word' id='word_1_531' title='bbox 1258 1624 1395 1666; x_wconf 81' lang='lat' dir='ltr'><strong>Papam,</strong></span> <span class='ocrx_word' id='word_1_532' title='bbox 1405 1633 1592 1665; x_wconf 86' lang='lat' dir='ltr'><strong>supremum</strong></span> <span class='ocrx_word' id='word_1_533' title='bbox 1606 1633 1665 1654; x_wconf 81' lang='lat' dir='ltr'><strong>scu</strong></span> <span class='ocrx_word' id='word_1_534' title='bbox 1676 1623 1923 1654; x_wconf 87' lang='lat' dir='ltr'><strong>oecumenicum</strong></span> <span class='ocrx_word' id='word_1_535' title='bbox 1931 1621 2068 1662; x_wconf 84' lang='lat' dir='ltr'><strong>Episco-</strong></span> 
     </span>
     <span class='ocr_line' id='line_1_82' title="bbox 1086 1663 2070 1709; baseline -0.005 -10"><span class='ocrx_word' id='word_1_536' title='bbox 1086 1679 1172 1709; x_wconf 89' lang='lat' dir='ltr'><strong>pum.</strong></span> <span class='ocrx_word' id='word_1_537' title='bbox 1196 1667 1288 1698; x_wconf 85' lang='lat' dir='ltr'><strong>Haec</strong></span> <span class='ocrx_word' id='word_1_538' title='bbox 1305 1673 1356 1698; x_wconf 91' lang='lat' dir='ltr'><strong>est</strong></span> <span class='ocrx_word' id='word_1_539' title='bbox 1368 1665 1455 1698; x_wconf 80' lang='lat' dir='ltr'><strong>falsa</strong></span> <span class='ocrx_word' id='word_1_540' title='bbox 1474 1667 1653 1708; x_wconf 88' lang='lat' dir='ltr'><strong>descriptio</strong></span> <span class='ocrx_word' id='word_1_541' title='bbox 1666 1676 1767 1697; x_wconf 86' lang='lat' dir='ltr'><strong>verae</strong></span> <span class='ocrx_word' id='word_1_542' title='bbox 1780 1663 1964 1703; x_wconf 87' lang='lat' dir='ltr'><strong>Ecclesiae,</strong></span> <span class='ocrx_word' id='word_1_543' title='bbox 1984 1664 2070 1699; x_wconf 80' lang='lat' dir='ltr'><strong>Quia</strong></span> 
     </span>
     <span class='ocr_line' id='line_1_83' title="bbox 1085 1708 2069 1752; baseline -0.004 -11"><span class='ocrx_word' id='word_1_544' title='bbox 1085 1711 1151 1742; x_wconf 87' lang='lat' dir='ltr'><strong>hoc</strong></span> <span class='ocrx_word' id='word_1_545' title='bbox 1169 1711 1277 1752; x_wconf 92' lang='lat' dir='ltr'><strong>ipsum</strong></span> <span class='ocrx_word' id='word_1_546' title='bbox 1295 1717 1347 1742; x_wconf 85' lang='lat' dir='ltr'><strong>est</strong></span> <span class='ocrx_word' id='word_1_547' title='bbox 1371 1720 1450 1751; x_wconf 86' lang='lat' dir='ltr'><strong>pars</strong></span> <span class='ocrx_word' id='word_1_548' title='bbox 1469 1709 1679 1741; x_wconf 74' lang='lat' dir='ltr'><strong>Christianae</strong></span> <span class='ocrx_word' id='word_1_549' title='bbox 1702 1708 1877 1746; x_wconf 80' lang='lat' dir='ltr'><strong>libertatis,</strong></span> <span class='ocrx_word' id='word_1_550' title='bbox 1901 1718 1967 1739; x_wconf 82' lang='lat' dir='ltr'><strong>non</strong></span> <span class='ocrx_word' id='word_1_551' title='bbox 1991 1716 2069 1738; x_wconf 81' lang='lat' dir='ltr'><strong>esse</strong></span> 
     </span>
     <span class='ocr_line' id='line_1_84' title="bbox 1058 1751 2069 1796; baseline -0.005 -11"><span class='ocrx_word' id='word_1_552' title='bbox 1058 1753 1254 1796; x_wconf 68' lang='lat' dir='ltr'><strong>*alligatum</strong></span> <span class='ocrx_word' id='word_1_553' title='bbox 1282 1753 1434 1785; x_wconf 87' lang='lat' dir='ltr'><strong>humanis</strong></span> <span class='ocrx_word' id='word_1_554' title='bbox 1469 1753 1718 1789; x_wconf 77' lang='lat' dir='ltr'><strong>traditionibus,</strong></span> <span class='ocrx_word' id='word_1_555' title='bbox 1752 1751 1802 1782; x_wconf 81' lang='lat' dir='ltr'><strong>sic</strong></span> <span class='ocrx_word' id='word_1_556' title='bbox 1835 1757 1870 1782; x_wconf 89' lang='lat' dir='ltr'><strong>ut</strong></span> <span class='ocrx_word' id='word_1_557' title='bbox 1905 1751 2069 1781; x_wconf 82' lang='lat' dir='ltr'><strong>tribuatur</strong></span> 
     </span>
     <span class='ocr_line' id='line_1_85' title="bbox 1058 1793 2069 1834; baseline -0.005 -6"><span class='ocrx_word' id='word_1_558' title='bbox 1058 1796 1061 1833; x_wconf 65' lang='lat' dir='ltr'>j</span> <span class='ocrx_word' id='word_1_559' title='bbox 1087 1798 1135 1828; x_wconf 88' lang='lat' dir='ltr'><strong>eis</strong></span> <span class='ocrx_word' id='word_1_560' title='bbox 1159 1797 1320 1834; x_wconf 86' lang='lat' dir='ltr'><strong>meritum,</strong></span> <span class='ocrx_word' id='word_1_561' title='bbox 1343 1802 1400 1828; x_wconf 84' lang='lat' dir='ltr'><strong>aut</strong></span> <span class='ocrx_word' id='word_1_562' title='bbox 1419 1794 1540 1834; x_wconf 78' lang='lat' dir='ltr'><strong>cultus,</strong></span> <span class='ocrx_word' id='word_1_563' title='bbox 1565 1802 1597 1827; x_wconf 87' lang='lat' dir='ltr'><strong>et</strong></span> <span class='ocrx_word' id='word_1_564' title='bbox 1619 1801 1656 1827; x_wconf 91' lang='lat' dir='ltr'><strong>ut</strong></span> <span class='ocrx_word' id='word_1_565' title='bbox 1678 1795 1864 1826; x_wconf 84' lang='lat' dir='ltr'><strong>iudicentur</strong></span> <span class='ocrx_word' id='word_1_566' title='bbox 1877 1803 1954 1824; x_wconf 85' lang='lat' dir='ltr'><strong>esse</strong></span> <span class='ocrx_word' id='word_1_567' title='bbox 1977 1793 2069 1834; x_wconf 87' lang='lat' dir='ltr'><strong>quid-</strong></span> 
     </span>
     <span class='ocr_line' id='line_1_86' title="bbox 1058 1835 2068 1886; baseline -0.005 -15"><span class='ocrx_word' id='word_1_568' title='bbox 1058 1842 1061 1886; x_wconf 56' lang='grc' dir='ltr'><strong>ᾗ</strong></span> <span class='ocrx_word' id='word_1_569' title='bbox 1087 1841 1162 1871; x_wconf 90' lang='lat' dir='ltr'><strong>dam</strong></span> <span class='ocrx_word' id='word_1_570' title='bbox 1185 1839 1422 1871; x_wconf 86' lang='lat' dir='ltr'><strong>necessarium.</strong></span> <span class='ocrx_word' id='word_1_571' title='bbox 1458 1839 1554 1871; x_wconf 72' lang='lat' dir='ltr'><strong>State</strong></span> <span class='ocrx_word' id='word_1_572' title='bbox 1576 1839 1608 1869; x_wconf 85' lang='lat' dir='ltr'><strong>in</strong></span> <span class='ocrx_word' id='word_1_573' title='bbox 1627 1838 1787 1878; x_wconf 77' lang='lat' dir='ltr'><strong>libertate,</strong></span> <span class='ocrx_word' id='word_1_574' title='bbox 1810 1837 1914 1879; x_wconf 83' lang='lat' dir='ltr'><strong>inquit</strong></span> <span class='ocrx_word' id='word_1_575' title='bbox 1932 1835 2068 1867; x_wconf 86' lang='lat' dir='ltr'><strong>Paulus.</strong></span> 
     </span>
     <span class='ocr_line' id='line_1_87' title="bbox 1058 1879 2069 1924; baseline -0.005 -10"><span class='ocrx_word' id='word_1_576' title='bbox 1058 1892 1061 1905; x_wconf 84' lang='lat'><strong>¹</strong></span> <span class='ocrx_word' id='word_1_577' title='bbox 1087 1883 1140 1922; x_wconf 85' lang='lat' dir='ltr'><strong>Et,</strong></span> <span class='ocrx_word' id='word_1_578' title='bbox 1165 1883 1217 1914; x_wconf 73' lang='lat' dir='ltr'><strong>Ne</strong></span> <span class='ocrx_word' id='word_1_579' title='bbox 1239 1884 1311 1924; x_wconf 73' lang='lat' dir='ltr'><strong>quis</strong></span> <span class='ocrx_word' id='word_1_580' title='bbox 1344 1883 1502 1914; x_wconf 72' lang='lat' dir='ltr'><strong>diiudicet</strong></span> <span class='ocrx_word' id='word_1_581' title='bbox 1532 1892 1589 1913; x_wconf 67' lang='lat' dir='ltr'><strong>ros</strong></span> <span class='ocrx_word' id='word_1_582' title='bbox 1622 1882 1656 1913; x_wconf 83' lang='lat' dir='ltr'><strong>in</strong></span> <span class='ocrx_word' id='word_1_583' title='bbox 1689 1881 1759 1912; x_wconf 81' lang='lat' dir='ltr'><strong>cibo</strong></span> <span class='ocrx_word' id='word_1_584' title='bbox 1793 1885 1822 1912; x_wconf 86' lang='lat' dir='ltr'><strong>et</strong></span> <span class='ocrx_word' id='word_1_585' title='bbox 1855 1884 1944 1922; x_wconf 82' lang='lat' dir='ltr'><strong>potu.</strong></span> <span class='ocrx_word' id='word_1_586' title='bbox 1990 1879 2069 1910; x_wconf 89' lang='lat' dir='ltr'><strong>ltem</strong></span> 
     </span>
     <span class='ocr_line' id='line_1_88' title="bbox 1058 1909 2069 1967; baseline -0.004 -10"><span class='ocrx_word' id='word_1_587' title='bbox 1058 1909 1062 1961; x_wconf 75' lang='lat' dir='ltr'><strong>i</strong></span> <span class='ocrx_word' id='word_1_588' title='bbox 1087 1926 1240 1958; x_wconf 87' lang='lat' dir='ltr'><strong>Christus</strong></span> <span class='ocrx_word' id='word_1_589' title='bbox 1264 1927 1325 1957; x_wconf 89' lang='lat' dir='ltr'><strong>ait:</strong></span> <span class='ocrx_word' id='word_1_590' title='bbox 1360 1926 1505 1967; x_wconf 71' lang='lat' dir='ltr'><strong>Rcymtm</strong></span> <span class='ocrx_word' id='word_1_591' title='bbox 1535 1925 1602 1956; x_wconf 68' lang='lat' dir='ltr'><strong>Dec</strong></span> <span class='ocrx_word' id='word_1_592' title='bbox 1626 1934 1690 1955; x_wconf 82' lang='lat' dir='ltr'><strong>non</strong></span> <span class='ocrx_word' id='word_1_593' title='bbox 1719 1925 1801 1955; x_wconf 71' lang='lat' dir='ltr'><strong>reni!</strong></span> <span class='ocrx_word' id='word_1_594' title='bbox 1824 1934 1895 1955; x_wconf 82' lang='lat' dir='ltr'><strong>cum</strong></span> <span class='ocrx_word' id='word_1_595' title='bbox 1918 1923 2069 1954; x_wconf 72' lang='lat' dir='ltr'><strong>obser-ca-</strong></span> 
     </span>
     <span class='ocr_line' id='line_1_89' title="bbox 1060 1967 2070 2016; baseline -0.005 -16"><span class='ocrx_word' id='word_1_596' title='bbox 1060 2007 1062 2016; x_wconf 29' lang='lat' dir='ltr'><em>r</em></span> <span class='ocrx_word' id='word_1_597' title='bbox 1089 1970 1183 2001; x_wconf 71' lang='lat' dir='ltr'><strong>tione.</strong></span> <span class='ocrx_word' id='word_1_598' title='bbox 1238 1969 1293 2008; x_wconf 87' lang='lat' dir='ltr'><strong>Et,</strong></span> <span class='ocrx_word' id='word_1_599' title='bbox 1326 1968 1367 2000; x_wconf 73' lang='lat' dir='ltr'><strong>Si</strong></span> <span class='ocrx_word' id='word_1_600' title='bbox 1397 1969 1469 2010; x_wconf 77' lang='lat' dir='ltr'><strong>quis</strong></span> <span class='ocrx_word' id='word_1_601' title='bbox 1502 1969 1591 2008; x_wconf 68' lang='lat' dir='ltr'><strong>«licit,</strong></span> <span class='ocrx_word' id='word_1_602' title='bbox 1625 1967 1706 1999; x_wconf 78' lang='lat' dir='ltr'><strong>Ecce</strong></span> <span class='ocrx_word' id='word_1_603' title='bbox 1729 1967 1878 1999; x_wconf 77' lang='lat' dir='ltr'><strong>Christus</strong></span> <span class='ocrx_word' id='word_1_604' title='bbox 1901 1967 1966 2006; x_wconf 77' lang='lat' dir='ltr'><strong>hic,</strong></span> <span class='ocrx_word' id='word_1_605' title='bbox 2000 1975 2070 1997; x_wconf 84' lang='lat' dir='ltr'><strong>ecce</strong></span> 
     </span>
     <span class='ocr_line' id='line_1_90' title="bbox 1060 2011 1690 2053; baseline -0.003 -9"><span class='ocrx_word' id='word_1_606' title='bbox 1060 2021 1062 2028; x_wconf 92' lang='grc'><strong><em>·</em></strong></span> <span class='ocrx_word' id='word_1_607' title='bbox 1088 2014 1163 2053; x_wconf 77' lang='lat' dir='ltr'><strong>illic,</strong></span> <span class='ocrx_word' id='word_1_608' title='bbox 1185 2015 1284 2045; x_wconf 74' lang='lat' dir='ltr'><strong>nolite</strong></span> <span class='ocrx_word' id='word_1_609' title='bbox 1306 2012 1448 2051; x_wconf 80' lang='lat' dir='ltr'><strong>credere,</strong></span> <span class='ocrx_word' id='word_1_610' title='bbox 1471 2013 1570 2043; x_wconf 73' lang='lat' dir='ltr'><strong>nolite</strong></span> <span class='ocrx_word' id='word_1_611' title='bbox 1592 2011 1690 2042; x_wconf 73' lang='lat' dir='ltr'><strong>exire.</strong></span> 
     </span>
    </p>

    <p class='ocr_par' dir='ltr' id='par_1_26' title="bbox 1175 2053 2069 2097">
     <span class='ocr_line' id='line_1_91' title="bbox 1175 2053 2069 2097; baseline -0.006 -10"><span class='ocrx_word' id='word_1_612' title='bbox 1175 2056 1247 2088; x_wconf 88' lang='lat' dir='ltr'><strong>Nec</strong></span> <span class='ocrx_word' id='word_1_613' title='bbox 1281 2066 1361 2087; x_wconf 85' lang='lat' dir='ltr'><strong>vcro</strong></span> <span class='ocrx_word' id='word_1_614' title='bbox 1395 2061 1527 2097; x_wconf 88' lang='lat' dir='ltr'><strong>oportet</strong></span> <span class='ocrx_word' id='word_1_615' title='bbox 1561 2065 1660 2086; x_wconf 91' lang='lat' dir='ltr'><strong>unum</strong></span> <span class='ocrx_word' id='word_1_616' title='bbox 1694 2053 1829 2095; x_wconf 89' lang='lat' dir='ltr'><strong>aliquod</strong></span> <span class='ocrx_word' id='word_1_617' title='bbox 1864 2062 1940 2084; x_wconf 88' lang='lat' dir='ltr'><strong>esse</strong></span> <span class='ocrx_word' id='word_1_618' title='bbox 1971 2058 2069 2092; x_wconf 80' lang='lat' dir='ltr'><strong>caput</strong></span> 
     </span>
    </p>

    <p class='ocr_par' dir='ltr' id='par_1_27' title="bbox 1061 2094 2070 2139">
     <span class='ocr_line' id='line_1_92' title="bbox 1061 2094 2070 2139; baseline -0.007 -7"><span class='ocrx_word' id='word_1_619' title='bbox 1061 2111 1063 2126; x_wconf 65' lang='grc' dir='ltr'>ι</span> <span class='ocrx_word' id='word_1_620' title='bbox 1088 2098 1219 2132; x_wconf 89' lang='lat' dir='ltr'><strong>visibile</strong></span> <span class='ocrx_word' id='word_1_621' title='bbox 1242 2100 1341 2131; x_wconf 89' lang='lat' dir='ltr'><strong>totius</strong></span> <span class='ocrx_word' id='word_1_622' title='bbox 1366 2097 1556 2130; x_wconf 85' lang='lat' dir='ltr'><strong>Ecclesiae:</strong></span> <span class='ocrx_word' id='word_1_623' title='bbox 1584 2098 1655 2128; x_wconf 87' lang='lat' dir='ltr'><strong>Nec</strong></span> <span class='ocrx_word' id='word_1_624' title='bbox 1679 2096 1814 2139; x_wconf 87' lang='lat' dir='ltr'><strong>alligata</strong></span> <span class='ocrx_word' id='word_1_625' title='bbox 1842 2101 1893 2127; x_wconf 87' lang='lat' dir='ltr'><strong>est</strong></span> <span class='ocrx_word' id='word_1_626' title='bbox 1915 2094 2070 2126; x_wconf 73' lang='lat' dir='ltr'><strong>Ecclesia</strong></span> 
     </span>
    </p>

    <p class='ocr_par' dir='ltr' id='par_1_28' title="bbox 1060 2129 2070 2314">
     <span class='ocr_line' id='line_1_93' title="bbox 1060 2129 2070 2184; baseline -0.006 -10"><span class='ocrx_word' id='word_1_627' title='bbox 1060 2129 1063 2175; x_wconf 71' lang='lat'>!</span> <span class='ocrx_word' id='word_1_628' title='bbox 1089 2143 1131 2174; x_wconf 91' lang='lat' dir='ltr'><strong>ad</strong></span> <span class='ocrx_word' id='word_1_629' title='bbox 1154 2153 1317 2184; x_wconf 87' lang='lat' dir='ltr'><strong>personas</strong></span> <span class='ocrx_word' id='word_1_630' title='bbox 1341 2142 1583 2179; x_wconf 86' lang='lat' dir='ltr'><strong>ministrorum,</strong></span> <span class='ocrx_word' id='word_1_631' title='bbox 1617 2141 1644 2172; x_wconf 81' lang='lat' dir='ltr'><strong>si</strong></span> <span class='ocrx_word' id='word_1_632' title='bbox 1668 2140 1755 2172; x_wconf 82' lang='lat' dir='ltr'><strong>salsa</strong></span> <span class='ocrx_word' id='word_1_633' title='bbox 1790 2140 1949 2176; x_wconf 84' lang='lat' dir='ltr'><strong>doceant,</strong></span> <span class='ocrx_word' id='word_1_634' title='bbox 1984 2137 2070 2172; x_wconf 88' lang='lat' dir='ltr'><strong>Quia</strong></span> 
     </span>
     <span class='ocr_line' id='line_1_94' title="bbox 1089 2181 2069 2225; baseline -0.007 -8"><span class='ocrx_word' id='word_1_635' title='bbox 1089 2186 1223 2217; x_wconf 79' lang='lat' dir='ltr'><strong>dicitur:</strong></span> <span class='ocrx_word' id='word_1_636' title='bbox 1251 2187 1366 2218; x_wconf 69' lang='lat' dir='ltr'><strong>Cat-ele</strong></span> <span class='ocrx_word' id='word_1_637' title='bbox 1388 2195 1408 2217; x_wconf 87' lang='grc' dir='ltr'><em>α</em></span> <span class='ocrx_word' id='word_1_638' title='bbox 1431 2186 1733 2225; x_wconf 69' lang='lat' dir='ltr'><strong>Pseudoprophetts.</strong></span> <span class='ocrx_word' id='word_1_639' title='bbox 1784 2181 1937 2213; x_wconf 86' lang='lat' dir='ltr'><strong>Ecclesia</strong></span> <span class='ocrx_word' id='word_1_640' title='bbox 1960 2181 2069 2211; x_wconf 87' lang='lat' dir='ltr'><strong>imme-</strong></span> 
     </span>
     <span class='ocr_line' id='line_1_95' title="bbox 1088 2224 2068 2270; baseline -0.007 -10"><span class='ocrx_word' id='word_1_641' title='bbox 1088 2230 1176 2261; x_wconf 87' lang='lat' dir='ltr'><strong>diate</strong></span> <span class='ocrx_word' id='word_1_642' title='bbox 1204 2227 1341 2270; x_wconf 83' lang='lat' dir='ltr'><strong>alligata</strong></span> <span class='ocrx_word' id='word_1_643' title='bbox 1381 2235 1414 2259; x_wconf 91' lang='lat' dir='ltr'><strong>et</strong></span> <span class='ocrx_word' id='word_1_644' title='bbox 1447 2228 1489 2259; x_wconf 88' lang='lat' dir='ltr'><strong>ad</strong></span> <span class='ocrx_word' id='word_1_645' title='bbox 1523 2229 1661 2259; x_wconf 86' lang='lat' dir='ltr'><strong>verbum</strong></span> <span class='ocrx_word' id='word_1_646' title='bbox 1685 2226 1765 2263; x_wconf 87' lang='lat' dir='ltr'><strong>Dei,</strong></span> <span class='ocrx_word' id='word_1_647' title='bbox 1800 2224 1840 2256; x_wconf 86' lang='lat' dir='ltr'><strong>Et</strong></span> <span class='ocrx_word' id='word_1_648' title='bbox 1870 2232 2068 2266; x_wconf 88' lang='lat' dir='ltr'><strong>quocunque</strong></span> 
     </span>
     <span class='ocr_line' id='line_1_96' title="bbox 1088 2267 2067 2314; baseline -0.006 -11"><span class='ocrx_word' id='word_1_649' title='bbox 1088 2271 1164 2304; x_wconf 92' lang='lat' dir='ltr'><strong>loco</strong></span> <span class='ocrx_word' id='word_1_650' title='bbox 1187 2271 1306 2314; x_wconf 84' lang='lat' dir='ltr'><strong>aliquis</strong></span> <span class='ocrx_word' id='word_1_651' title='bbox 1329 2278 1498 2309; x_wconf 85' lang='lat' dir='ltr'><strong>versetur,</strong></span> <span class='ocrx_word' id='word_1_652' title='bbox 1532 2272 1587 2313; x_wconf 84' lang='lat' dir='ltr'><strong>qui</strong></span> <span class='ocrx_word' id='word_1_653' title='bbox 1610 2275 1697 2301; x_wconf 86' lang='lat' dir='ltr'><strong>tenet</strong></span> <span class='ocrx_word' id='word_1_654' title='bbox 1726 2279 1766 2299; x_wconf 88' lang='lat' dir='ltr'><strong>ac</strong></span> <span class='ocrx_word' id='word_1_655' title='bbox 1789 2267 1963 2309; x_wconf 73' lang='lat' dir='ltr'><strong>profitetur</strong></span> <span class='ocrx_word' id='word_1_656' title='bbox 1986 2267 2067 2297; x_wconf 87' lang='lat' dir='ltr'><strong>nati-</strong></span> 
     </span>
    </p>

    <p class='ocr_par' dir='ltr' id='par_1_29' title="bbox 1059 2295 2067 2391">
     <span class='ocr_line' id='line_1_97' title="bbox 1059 2295 2067 2354; baseline -0.007 -7"><span class='ocrx_word' id='word_1_657' title='bbox 1059 2295 1063 2354; x_wconf 60' lang='grc' dir='ltr'>Ι</span> <span class='ocrx_word' id='word_1_658' title='bbox 1087 2325 1162 2347; x_wconf 85' lang='lat' dir='ltr'><strong>vam</strong></span> <span class='ocrx_word' id='word_1_659' title='bbox 1184 2315 1381 2347; x_wconf 89' lang='lat' dir='ltr'><strong>sententiam</strong></span> <span class='ocrx_word' id='word_1_660' title='bbox 1398 2315 1503 2353; x_wconf 85' lang='lat' dir='ltr'><strong>verbi,</strong></span> <span class='ocrx_word' id='word_1_661' title='bbox 1525 2315 1554 2345; x_wconf 91' lang='lat' dir='ltr'><strong>is</strong></span> <span class='ocrx_word' id='word_1_662' title='bbox 1577 2315 1665 2345; x_wconf 82' lang='lat' dir='ltr'><strong>scire</strong></span> <span class='ocrx_word' id='word_1_663' title='bbox 1683 2313 1791 2350; x_wconf 79' lang='lat' dir='ltr'><strong>(lebet,</strong></span> <span class='ocrx_word' id='word_1_664' title='bbox 1816 2321 1854 2342; x_wconf 87' lang='lat' dir='ltr'><strong>se</strong></span> <span class='ocrx_word' id='word_1_665' title='bbox 1873 2320 1951 2342; x_wconf 86' lang='lat' dir='ltr'><strong>esse</strong></span> <span class='ocrx_word' id='word_1_666' title='bbox 1968 2319 2067 2341; x_wconf 88' lang='lat' dir='ltr'><strong>mem-</strong></span> 
     </span>
     <span class='ocr_line' id='line_1_98' title="bbox 1088 2356 1389 2391; baseline -0.003 0"><span class='ocrx_word' id='word_1_667' title='bbox 1088 2360 1182 2391; x_wconf 89' lang='lat' dir='ltr'><strong>brum</strong></span> <span class='ocrx_word' id='word_1_668' title='bbox 1206 2356 1389 2390; x_wconf 89' lang='lat' dir='ltr'><strong>Ecclesiae.</strong></span> 
     </span>
    </p>

    <p class='ocr_par' dir='ltr' id='par_1_30' title="bbox 1086 2395 2069 2657">
     <span class='ocr_line' id='line_1_99' title="bbox 1173 2395 2069 2440; baseline -0.007 -7"><span class='ocrx_word' id='word_1_669' title='bbox 1173 2400 1328 2433; x_wconf 89' lang='lat' dir='ltr'><strong>Ecclesia</strong></span> <span class='ocrx_word' id='word_1_670' title='bbox 1351 2406 1403 2432; x_wconf 87' lang='lat' dir='ltr'><strong>est</strong></span> <span class='ocrx_word' id='word_1_671' title='bbox 1425 2399 1563 2432; x_wconf 87' lang='lat' dir='ltr'><strong>visibilis</strong></span> <span class='ocrx_word' id='word_1_672' title='bbox 1586 2401 1671 2431; x_wconf 82' lang='lat' dir='ltr'><strong>sicut</strong></span> <span class='ocrx_word' id='word_1_673' title='bbox 1694 2400 1767 2440; x_wconf 85' lang='lat' dir='ltr'><strong>ipsa</strong></span> <span class='ocrx_word' id='word_1_674' title='bbox 1789 2396 1923 2435; x_wconf 83' lang='lat' dir='ltr'><strong>schola,</strong></span> <span class='ocrx_word' id='word_1_675' title='bbox 1955 2395 1998 2428; x_wconf 82' lang='lat' dir='ltr'><strong>Et</strong></span> <span class='ocrx_word' id='word_1_676' title='bbox 2022 2402 2069 2428; x_wconf 85' lang='lat' dir='ltr'><strong>ta-</strong></span> 
     </span>
     <span class='ocr_line' id='line_1_100' title="bbox 1087 2440 2067 2486; baseline -0.006 -10"><span class='ocrx_word' id='word_1_677' title='bbox 1087 2454 1161 2477; x_wconf 92' lang='lat' dir='ltr'><strong>men</strong></span> <span class='ocrx_word' id='word_1_678' title='bbox 1194 2443 1390 2486; x_wconf 86' lang='lat' dir='ltr'><strong>plerumque</strong></span> <span class='ocrx_word' id='word_1_679' title='bbox 1424 2450 1475 2475; x_wconf 88' lang='lat' dir='ltr'><strong>est</strong></span> <span class='ocrx_word' id='word_1_680' title='bbox 1510 2448 1624 2475; x_wconf 89' lang='lat' dir='ltr'><strong>coctus</strong></span> <span class='ocrx_word' id='word_1_681' title='bbox 1659 2442 1858 2483; x_wconf 88' lang='lat' dir='ltr'><strong>dissipatus,</strong></span> <span class='ocrx_word' id='word_1_682' title='bbox 1892 2446 1926 2472; x_wconf 89' lang='lat' dir='ltr'><strong>et</strong></span> <span class='ocrx_word' id='word_1_683' title='bbox 1958 2440 2067 2471; x_wconf 83' lang='lat' dir='ltr'><strong>miser.</strong></span> 
     </span>
     <span class='ocr_line' id='line_1_101' title="bbox 1088 2483 2068 2528; baseline -0.005 -8"><span class='ocrx_word' id='word_1_684' title='bbox 1088 2488 1251 2520; x_wconf 87' lang='lat' dir='ltr'><strong>Premitur</strong></span> <span class='ocrx_word' id='word_1_685' title='bbox 1275 2488 1443 2525; x_wconf 87' lang='lat' dir='ltr'><strong>servitute,</strong></span> <span class='ocrx_word' id='word_1_686' title='bbox 1467 2491 1498 2518; x_wconf 84' lang='lat' dir='ltr'><strong>et</strong></span> <span class='ocrx_word' id='word_1_687' title='bbox 1522 2491 1663 2528; x_wconf 81' lang='lat' dir='ltr'><strong>vagatur</strong></span> <span class='ocrx_word' id='word_1_688' title='bbox 1690 2495 1791 2526; x_wconf 82' lang='lat' dir='ltr'><strong>saepe</strong></span> <span class='ocrx_word' id='word_1_689' title='bbox 1821 2483 1955 2516; x_wconf 83' lang='lat' dir='ltr'><strong>incertis</strong></span> <span class='ocrx_word' id='word_1_690' title='bbox 1983 2483 2068 2515; x_wconf 86' lang='lat' dir='ltr'><strong>sedi-</strong></span> 
     </span>
     <span class='ocr_line' id='line_1_102' title="bbox 1088 2527 2067 2572; baseline -0.005 -9"><span class='ocrx_word' id='word_1_691' title='bbox 1088 2533 1161 2564; x_wconf 74' lang='lat' dir='ltr'><strong>bus.</strong></span> <span class='ocrx_word' id='word_1_692' title='bbox 1206 2530 1248 2562; x_wconf 90' lang='lat' dir='ltr'><strong>Et</strong></span> <span class='ocrx_word' id='word_1_693' title='bbox 1270 2541 1345 2562; x_wconf 90' lang='lat' dir='ltr'><strong>cum</strong></span> <span class='ocrx_word' id='word_1_694' title='bbox 1370 2531 1444 2572; x_wconf 85' lang='lat' dir='ltr'><strong>quis</strong></span> <span class='ocrx_word' id='word_1_695' title='bbox 1467 2530 1517 2561; x_wconf 91' lang='lat' dir='ltr'><strong>sic</strong></span> <span class='ocrx_word' id='word_1_696' title='bbox 1540 2535 1644 2563; x_wconf 88' lang='lat' dir='ltr'><strong>errat,</strong></span> <span class='ocrx_word' id='word_1_697' title='bbox 1678 2529 1777 2560; x_wconf 81' lang='lat' dir='ltr'><strong>modo</strong></span> <span class='ocrx_word' id='word_1_698' title='bbox 1800 2527 1833 2559; x_wconf 90' lang='lat' dir='ltr'><strong>in</strong></span> <span class='ocrx_word' id='word_1_699' title='bbox 1857 2528 1939 2566; x_wconf 89' lang='lat' dir='ltr'><strong>hoc,</strong></span> <span class='ocrx_word' id='word_1_700' title='bbox 1968 2527 2067 2558; x_wconf 89' lang='lat' dir='ltr'><strong>modo</strong></span> 
     </span>
     <span class='ocr_line' id='line_1_103' title="bbox 1086 2572 2068 2612; baseline -0.006 -6"><span class='ocrx_word' id='word_1_701' title='bbox 1086 2575 1120 2606; x_wconf 93' lang='lat' dir='ltr'><strong>in</strong></span> <span class='ocrx_word' id='word_1_702' title='bbox 1153 2572 1218 2606; x_wconf 81' lang='lat' dir='ltr'><strong>alio</strong></span> <span class='ocrx_word' id='word_1_703' title='bbox 1252 2573 1350 2612; x_wconf 88' lang='lat' dir='ltr'><strong>loco,</strong></span> <span class='ocrx_word' id='word_1_704' title='bbox 1389 2573 1486 2604; x_wconf 86' lang='lat' dir='ltr'><strong>debet</strong></span> <span class='ocrx_word' id='word_1_705' title='bbox 1520 2578 1630 2603; x_wconf 85' lang='lat' dir='ltr'><strong>tamen</strong></span> <span class='ocrx_word' id='word_1_706' title='bbox 1670 2572 1867 2604; x_wconf 81' lang='lat' dir='ltr'><strong>coniunctus</strong></span> <span class='ocrx_word' id='word_1_707' title='bbox 1901 2579 1994 2608; x_wconf 89' lang='lat' dir='ltr'><strong>esse,</strong></span> <span class='ocrx_word' id='word_1_708' title='bbox 2035 2574 2068 2601; x_wconf 84' lang='lat' dir='ltr'><strong>et</strong></span> 
     </span>
     <span class='ocr_line' id='line_1_104' title="bbox 1087 2612 2069 2657; baseline -0.005 -8"><span class='ocrx_word' id='word_1_709' title='bbox 1087 2623 1196 2650; x_wconf 81' lang='lat' dir='ltr'><strong>manet</strong></span> <span class='ocrx_word' id='word_1_710' title='bbox 1219 2617 1428 2653; x_wconf 84' lang='lat' dir='ltr'><strong>coniunctus,</strong></span> <span class='ocrx_word' id='word_1_711' title='bbox 1458 2616 1486 2647; x_wconf 86' lang='lat' dir='ltr'><strong>si</strong></span> <span class='ocrx_word' id='word_1_712' title='bbox 1510 2621 1561 2648; x_wconf 83' lang='lat' dir='ltr'><strong>est</strong></span> <span class='ocrx_word' id='word_1_713' title='bbox 1584 2624 1662 2647; x_wconf 80' lang='lat' dir='ltr'><strong>vere</strong></span> <span class='ocrx_word' id='word_1_714' title='bbox 1684 2615 1775 2657; x_wconf 78' lang='lat' dir='ltr'><strong>pius,</strong></span> <span class='ocrx_word' id='word_1_715' title='bbox 1806 2625 1880 2648; x_wconf 88' lang='lat' dir='ltr'><strong>cum</strong></span> <span class='ocrx_word' id='word_1_716' title='bbox 1904 2623 1983 2646; x_wconf 75' lang='lat' dir='ltr'><strong>vera</strong></span> <span class='ocrx_word' id='word_1_717' title='bbox 2006 2612 2069 2645; x_wconf 85' lang='lat' dir='ltr'><strong>Ec·</strong></span> 
     </span>
    </p>
   </div>
  </div>
 </body>
</html>
