2324 2958
95 169 156 200 165

381 256 451 286 HOC
468 256 552 295 (1110ίὶ
574 265 634 284 non
658 258 702 283 est
727 255 938 285 necessarlum,
959 262 1067 292 nequa-

93 263 335 302 καταφρονητέον.

805 300 833 325 et
864 295 1067 334 despicienda
1093 292 1096 320 i

95 316 184 346 quam
207 304 280 333 dico
303 311 367 331 esse
391 309 469 338 opus
486 298 611 336 diffluum
646 301 678 326 ut
697 298 768 335 fiat.

96 359 147 377 seu
161 344 313 386 fuyt'emlu
332 346 401 373 suut
424 342 567 383 πάρεργα.
1094 363 1095 379 3

183 387 333 420 Omnium
366 395 446 416 vero
481 382 736 425 pulcherrimum
760 388 809 412 est
830 381 952 412 dic-tum
976 378 1068 410 Pauli
1094 385 1095 410 ζ

98 430 262 474 Apostoli,
298 438 363 471 quo
407 427 495 458 iubet
539 427 643 466 vitare
688 423 1014 466 polypi-agntosynen
1040 422 1066 453 l.
1094 421 1096 451 ζ

97 473 249 507 Thessal.
271 473 301 504 4,
326 470 536 501 ΑιΙΙιονίαηηιν
559 479 610 498 vos
635 468 774 506 fratres,
806 470 839 496 1ιί
872 468 904 495 in
922 466 980 495 lwc
998 465 1068 495 sitis
1094 474 1096 497 ζ

98 518 261 551 ambitiosi,
297 526 347 544 seu
376 517 408 543 ul
441 511 635 541 mzteoelſtrtis
664 512 695 539 in
729 510 807 543 Ιιο8,
854 513 883 538 et
917 506 1097 554 sinquluri}

98 560 202 591 studio
221 559 346 592 curetis,
366 560 399 586 ut
410 556 588 595 quiescatis,
608 557 637 583 et
657 554 762 592 «tyaris
779 553 926 591 propria.
963 550 1070 582 Utitur
1096 570 1097 573 =

96 602 194 635 valde
217 599 414 642 significanti
437 598 557 635 verbo,
585 598 822 637 φιλοτιμεῖσθαι.
880 594 971 626 lubet
1004 604 1070 624 3111-
1096 594 1097 625 ἶ

96 646 215 677 11111058
238 645 302 675 1108
325 652 438 684 agere,
481 649 540 671 seu
572 637 732 681 singulari
761 636 929 679 diligentia
960 635 1071 667 excel·
1096 637 1098 662 ἱ

97 687 167 720 lere
188 688 222 718 in
244 687 307 718 1138
340 695 394 723 re,
428 681 580 715 videlicet
615 682 725 713 studio
760 678 1005 721 tranquillitatis
1039 685 1070 710 et
1097 701 1099 720 5

100 730 219 771 agendi
253 738 308 760 res
340 727 502 769 proprias.
570 723 735 756 profanos
769 723 918 754 homines
958 722 1072 753 incitat

99 773 249 810 ambitio,
284 777 319 802 ut
351 776 443 801 extra
466 768 658 799 vocationes
684 771 864 807 erumpant.
908 765 999 796 Haec
1022 769 1072 795 est
1097 756 1100 798 l,

98 816 217 847 vitiosa
239 814 385 852 ambitio,
409 818 441 843 et
464 810 551 842 falsa
565 809 691 852 gloriae
703 809 878 850 cupidita-⁹,
899 817 983 850 quae
1006 816 1072 837 non
1098 800 1100 821 ἶ

99 859 214 890 ordine
236 856 358 898 appetit
381 854 530 896 gloriam,
553 853 681 894 quaerit
698 851 892 893 applausum
916 849 1073 892 qualium·
1098 879 1101 890 ,-

98 910 238 942 cunque,
272 899 407 930 tentatis
431 896 614 929 actionibus
640 906 740 937 supra
766 895 870 932 w'reS‚
906 899 961 924 aut
980 899 1074 923 extra
1098 910 1101 933 t

100 943 314 981 vocationem,
349 941 467 972 fiducia
501 939 655 981 propriae
677 938 877 979 sapientiae,
910 941 965 967 aut
998 944 1101 978 pro-2

98 987 240 1027 priarum
270 985 396 1016 virium.
449 982 593 1023 Opponit
621 991 701 1024 ergo
725 978 847 1011 Paulus
874 979 1074 1010 contrariam
1100 992 1101 995 =

98 1029 324 1064 ambitionem,
369 1035 429 1057 seu
463 1025 661 1056 contrarium
701 1023 830 1054 modum
865 1021 1074 1063 quaerendae

100 1069 237 1113 gloriae.
283 1070 317 1101 Si
341 1067 454 1106 vultis,
477 1067 591 1109 inquit,
616 1065 751 1108 gloriam
777 1065 946 1105 consequi,
987 1064 1073 1094 sicut
1099 1074 1101 1093 ι

101 1123 215 1144 omnes
249 1112 371 1143 ducunt
405 1109 614 1152 praeclarum
645 1109 798 1150 quiddam
823 1117 900 1138 esse
924 1105 1073 1148 gloriam,
1098 1113 1101 1142 t

100 1162 132 1187 et
159 1166 179 1186 a
211 1153 321 1186 multis
354 1153 516 1194 cupiditas
546 1150 674 1193 gloriae
707 1156 838 1192 putatur
867 1159 943 1181 esse
977 1149 1074 1180 animi
1099 1162 1101 1211 1

99 1197 311 1239 magnitudo:
355 1206 421 1226 non
455 1195 612 1235 suscipite
645 1203 699 1224 res
735 1203 836 1234 supra
870 1193 978 1231 vires,
1019 1198 1073 1224 aut

99 1245 192 1271 extra
214 1238 431 1275 vocationem,
464 1237 524 1268 sed
548 1236 719 1278 quiescite,
753 1246 819 1267 non
853 1242 984 1267 movete
1007 1245 1074 1266 non
1098 1249 1102 1271 t

98 1281 298 1319 necessaria,
321 1286 353 1312 et
376 1279 475 1312 facite
493 1279 638 1321 propria,
663 1289 722 1310 seu
741 1277 838 1309 t'acite
862 1276 974 1309 officia
992 1287 1074 1309 suae
1099 1285 1101 1308 t

98 1325 237 1366 quisque
261 1323 455 1355 vocationis.
494 1322 570 1353 Non
594 1327 646 1354 est
670 1332 754 1363 opus
777 1320 833 1353 1113
846 1320 1073 1353 cavillatione:
1098 1336 1102 1378 1

227 1382 362 1412 Ambitio
385 1386 430 1412 est
453 1383 566 1412 vitz'um.

226 1425 314 1464 Eryo
344 1436 404 1454 non
440 1428 522 1454 recte
555 1423 637 1453 iubet
671 1423 791 1453 Paulus
824 1434 883 1453 uos
916 1433 981 1453 esse
1015 1434 1074 1453 am-

270 1468 409 1497 bitiosos.

182 1535 393 1576 Respondeo.
439 1537 593 1575 φιλοτιμία
615 1533 702 1575 apud
727 1533 876 1564 Graecos
898 1534 930 1565 in
955 1535 1073 1565 bonam

96 1585 128 1610 et
151 1577 270 1609 malam
305 1583 432 1619 partem
460 1578 640 1617 accipitur,
673 1577 707 1606 id
730 1582 799 1614 851,
832 1587 951 1608 11011180
987 1587 1074 1608 80111-

96 1630 194 1653 mune
216 1626 267 1651 est
290 1621 332 1651 ad
356 1620 466 1650 vitium
490 1625 522 1650 et
544 1620 705 1650 virtutem.
741 1619 807 1650 Sed
826 1618 951 1651 Paulus.
972 1621 1075 1651 utitur

95 1663 159 1696 1138
200 1672 285 1695 voce
329 1662 370 1694 de
404 1662 555 1693 ordinata
587 1661 787 1703 appetitione
827 1660 970 1703 gloriae,
1010 1673 1074 1704 qua
1098 1642 1102 1698 i

96 1706 245 1748 cupimus
264 1705 406 1737 retinere
429 1705 550 1736 bonam
573 1704 822 1742 conscientiam,
847 1711 877 1735 et
901 1706 1073 1737 studemus
1098 1699 1101 1733 i

96 1747 276 1780 conciliare
307 1748 404 1779 nobis
438 1747 709 1788 approbationem
738 1745 953 1779 honestorum
972 1749 1074 1780 homi-

96 1802 185 1830 num,
209 1791 264 1833 qui
287 1797 377 1822 recte
401 1791 442 1821 de
464 1790 641 1822 virtutibus
664 1790 821 1820 iudicant.

181 1834 280 1875 Apud
302 1833 440 1864 Latinos
469 1842 589 1864 nomen
623 1832 821 1863 Ambitionis
855 1833 1009 1865 usitatius
1040 1834 1072 1865 in

96 1876 214 1909 malam
247 1882 374 1917 partem
407 1876 575 1917 accipitur.
630 1874 777 1906 Retinuit
809 1881 919 1907 autem
950 1875 1073 1908 Paulus

95 1919 255 1961 singulari
275 1917 413 1950 consilio
437 1919 519 1950 idem
543 1927 663 1949 nomen
686 1921 868 1958 φιλοτιμίας,
892 1920 981 1960 quod
1003 1928 1071 1951 erat

95 1964 182 2004 apud
207 1963 402 1993 ambitiosos
430 1960 637 2002 plausibilius
661 1968 693 1992 et
727 1962 864 2003 gratius,
920 1961 962 1994 Et
995 1964 1072 2004 quia

96 2005 230 2042 caeteri,
254 2005 309 2046 qui
321 2004 486 2036 ambitiosi
504 2009 590 2042 sunt,
614 2009 776 2045 quaerunt
799 2002 949 2046 gloriam,
973 2004 1073 2037 multa

96 2048 259 2079 movendo
283 2053 376 2079 extra
401 2047 626 2084 vocationem,
653 2047 743 2078 iubet
762 2048 835 2088 ipse
857 2057 920 2078 nos
944 2055 1073 2081 eontra·

96 2092 178 2123 n'um
201 2091 343 2121 studium
366 2089 503 2128 habere,
525 2099 636 2121 amare
649 2090 803 2131 quietem,
827 2095 861 2122 et
882 2100 949 2122 non
967 2101 1072 2123 erum-

96 2143 176 2175 pere
199 2139 295 2164 extra
317 2133 535 2164 vocationem.

183 2176 287 2207 Etiam
321 2175 349 2205 si
372 2175 544 2217 Augustus
572 2173 708 2216 legisset
737 2175 800 2206 1108
824 2176 944 2207 (11810111
967 2176 1073 2216 Ρ3011,

95 2219 275 2250 iudicasset
299 2218 359 2249 viri
382 2219 540 2258 sapientis
559 2227 744 2249 sermonem
767 2228 855 2250 esse.
900 2218 953 2251 De
972 2220 1073 2262 Spar-

95 2262 180 2293 tanis
205 2259 282 2292 olim
305 2261 425 2292 dictum
460 2259 538 2297 suit,
571 2261 659 2301 quod
693 2268 806 2292 essent
840 2263 1000 2303 φιλήσυχοι
1022 2267 1073 2294 καὶ

95 2304 290 2346 deae-nidmu,
325 2311 474 2335 amantes
498 2303 628 2344 (10181Ξ5,
658 2304 719 2335 set!
741 2303 885 2343 alacres,
919 2316 993 2338 80111
1016 2305 1073 2337 311-
1096 2310 1099 2333 Ι

95 2347 173 2388 quid
191 2347 358 2389 agendum
383 2354 484 2378 esset.
541 2346 608 2378 Sed
637 2347 738 2378 redeo
771 2348 813 2378 ad
847 2347 934 2380 (11813
957 2356 1073 2380 contra

93 2389 434 2432 polypragmosynen.

181 2432 280 2473 Apud
304 2431 499 2464 Ciceronem
532 2436 596 2469 est,
629 2431 684 2472 qui
707 2441 726 2462 a
749 2430 890 2464 Graecis
924 2435 1070 2476 accepit:
1096 2427 1099 2478 Ι

95 2475 244 2514 Spartam
266 2478 376 2504 nortus
399 2485 440 2509 es,
466 2473 547 2503 hanc
566 2484 652 2503 orna-
689 2473 810 2515 Sparta
834 2474 893 2507 suit
916 2478 1072 2518 oppidum
1096 2480 1099 2503 ἓ

94 2518 283 2559 primarium
306 2517 338 2547 in
362 2517 531 2549 Laconica
554 2517 698 2558 regione.
734 2517 800 2548 lam
823 2525 961 2551 vocatur
977 2519 1072 2562 Lysi-

95 2566 233 2599 stratos,
257 2559 287 2590 id
311 2565 373 2598 est,
397 2558 520 2591 solutio
543 2559 719 2591 exercitus.
774 2559 901 2593 Nomen
925 2568 976 2594 est
994 2564 1072 2595 omi-

281 2601 367 2633 Olim
403 2601 533 2634 suerunt
578 2603 621 2633 ibi
663 2600 907 2636 bellicosissimi
939 2605 1068 2638 milites.

94 2613 222 2636 [losum.

773 159 987 192 POS'l‘lLLA
1018 156 1413 189 tttELAN'rtloNtANA.

2035 151 2094 181 166

1121 253 1187 284 Sed
1209 251 1240 281 in
1264 249 1328 281 hoc
1353 250 1441 281 dicto
1461 255 1639 289 usurpatur
1662 257 1780 279 nomen
1805 247 1940 285 Spartae
1963 254 2094 285 prover-

1120 295 1251 328 bialiter
1273 302 1332 324 seu
1357 293 1496 334 figurate
1520 302 1579 333 pro
1603 291 1747 331 quolibet
1772 299 1917 327 munere,
1945 297 2006 319 seu
2023 286 2095 318 fun-

1122 339 1242 375 ctione,
1276 346 1336 366 580
1365 334 1441 366 1080
1460 335 1621 371 honesto,
1655 335 1747 365 801115
1783 342 1863 364 cura
1897 336 1929 363 et
1962 330 2096 362 admini-

1121 382 1237 413 stratio
1261 377 1359 410 alicui
1383 378 1559 409 commissa
1584 382 1646 407 est.
1693 375 1861 407 Sententia
1885 380 1952 405 est:
1983 372 2095 403 Habes

1120 424 1231 457 locum
1265 421 1458 459 honestum,
1501 419 1568 450 1108
1609 419 1709 450 utaris
1745 418 1785 448 ad
1822 418 1972 448 virtutem
2007 425 2095 446 exer-

1122 468 1270 499 cendam.

1209 508 1291 541 Cum
1316 507 1347 537 in
1367 504 1493 547 proelio
1524 511 1640 536 contra
1663 502 1785 533 Persas
1820 501 1987 533 contentio
2020 501 2097 531 inci-

1123 554 1227 584 disset
1260 552 1344 582 inter
1378 549 1529 580 Arcades
1563 552 1595 578 et
1624 545 1867 582 Athenienses,
1909 551 1981 575 utra
2015 553 2097 585 gens

1123 596 1224 637 priori
1246 593 1322 626 1080
1343 598 1502 633 pugnaret
1530 590 1570 621 nd
1594 588 1765 619 Plataeas:
1799 587 1974 618 laudantur
1997 586 2099 617 Athe-

1124 640 1270 675 nienses,
1303 636 1391 677 quod
1415 635 1447 665 iu
1481 632 1538 664 illo
1579 631 1742 664 communi
1787 628 1934 671 periculo
1974 630 2099 670 patriae

1125 681 1308 713 maluerunt
1331 678 1450 709 cedere
1473 677 1514 707 de
1537 686 1597 706 suo
1622 675 1703 711 iure,
1727 683 1800 704 cum
1825 672 1987 703 dicerent:
2022 671 2099 702 Ubi-

1097 726 1099 742 ²
1127 733 1256 765 cunque
1275 719 1430 754 collocati
1464 718 1633 754 fuerimus,
1667 717 1758 747 viros
1793 714 1896 746 sortes
1919 724 1982 745 nos
2005 724 2099 755 prae-

1125 767 1301 798 bebimus:
1345 764 1439 803 πάιτῃ
1477 764 1663 800 τεταγμένοι,
1714 757 1919 796 σπουδῆσομεν
1963 760 2101 796 γίνεσθαι

1127 809 1235 851 ἄνδρες
1272 811 1405 848 χρηστοί.
1482 805 1537 835 Sic
1571 803 1650 835 dixit
1683 801 1759 833 Dux
1785 800 2099 842 wirtembergensie

1127 854 1157 884 in
1181 857 1348 884 conventu
1379 849 1582 889 principum,
1616 856 1690 878 cum
1724 844 1900 885 disputatio
1936 849 2026 874 esset
2061 843 2100 873 de

1126 896 1241 927 ordine
1264 904 1324 925 seu
1346 890 1423 922 loco
1447 890 1626 922 sessionis:
1652 886 1834 919 Collocetis
1859 897 1909 917 me
1933 895 2014 917 sane
2026 892 2102 926 post

1126 937 1307 973 fornacem,
1331 934 1507 966 dummodo
1530 931 1711 964 efficiamus
1733 930 1783 970 id,
1811 929 1853 961 ad
1876 929 1965 970 quod
1989 938 2103 960 sumus

1127 979 1332 1022 congregati-

1215 1023 1260 1054 {ta
1293 1018 1415 1062 singuli
1450 1019 1607 1061 cogitent.
1653 1016 1807 1048 Serviant
1838 1013 1930 1052 Deo,
1965 1020 1997 1044 et
2029 1013 2103 1045 Rei-

1126 1066 1278 1108 publicae
1312 1065 1345 1094 in
1375 1070 1604 1104 quemcunque
1638 1058 1746 1090 locum
1782 1055 1938 1090 collocati
1971 1055 2102 1095 fuerint,

1126 1110 1281 1141 studeant
1305 1115 1384 1138 esse
1407 1104 1532 1136 strenui
1567 1109 1600 1135 et
1622 1101 1727 1134 fortes
1761 1102 1794 1132 in
1823 1111 1885 1133 sua
1919 1101 2102 1137 vocatione,

1127 1153 1199 1184 sive
1223 1152 1264 1182 sit
1288 1150 1391 1180 ardua
1413 1147 1539 1179 functio
1564 1147 1635 1177 sive
1657 1143 1801 1176 humilis.

1213 1195 1296 1226 Sunt
1320 1191 1459 1223 ethaeo
1493 1195 1607 1221 contra
1641 1187 1968 1229 polypragmosynen
2004 1185 2103 1222 dicta,

1126 1237 1235 1273 ἱππεῦς
1257 1235 1395 1266 ἱππεύειν
1418 1233 1499 1273 ἐδάη,
1527 1234 1577 1263 καὶ
1599 1230 1702 1266 ἆοιὸος
1724 1230 1844 1261 ἀείδειν.
1899 1229 2002 1269 Eques
2024 1230 2103 1268 equi—

1128 1285 1195 1310 tare
1219 1280 1347 1312 didicit,
1367 1281 1477 1306 cantor
1496 1279 1632 1305 cantare.
1666 1273 1708 1305 Et
1731 1283 1828 1315 quam
1852 1273 1990 1314 quisque
2013 1272 2104 1303 novit

1125 1329 1241 1360 artem,
1259 1323 1291 1353 in
1315 1331 1355 1352 ea
1373 1330 1411 1351 se
1434 1324 1597 1351 exerceat.
1898 1350 1901 1352 ,

1213 1363 1364 1396 Phalan's
1408 1363 1452 1394 ad
1485 1360 1687 1393 Simonidem
1722 1359 1873 1391 dicebat:
1920 1357 2029 1388 Audio
2074 1364 2104 1387 te

1127 1407 1263 1441 multum
1288 1406 1378 1448 loqui
1412 1406 1453 1437 de
1486 1415 1558 1436 mea
1581 1403 1838 1446 gubernatione:
1885 1400 1953 1432 Sed
1987 1403 2105 1441 poetae

1128 1461 1228 1483 curae
1250 1450 1315 1481 sint
1337 1449 1456 1480 Musae
1475 1457 1566 1479 suae.
1602 1447 1729 1477 Μοῦσαι
1750 1447 1922 1484 μελέτωσαν
1944 1444 1987 1486 τῷ
1999 1442 2102 1486 ἀοιδῷ.

1126 1491 1327 1525 Aristoteles
1361 1491 1481 1533 inquit,
1531 1489 1615 1519 Tunc
1655 1489 1762 1518 beatas
1795 1497 1860 1516 esse
1889 1486 2103 1526 Remublicas,

1127 1536 1252 1576 qnando
1283 1534 1418 1576 artifices
1449 1533 1593 1562 iudicant
1615 1532 1655 1561 de
1677 1532 1740 1560 suis
1763 1530 1890 1564 artibus.
1938 1529 2104 1561 Adrianus

1127 1579 1310 1620 imperator
1347 1575 1551 1608 deliberabat
1586 1575 1627 1606 de
1667 1572 1894 1605 aedificatione
1933 1572 2103 1604 cuiusdam

1127 1619 1239 1662 templi
1263 1620 1400 1658 Romae,
1433 1618 1569 1650 volebat
1602 1617 1706 1649 videri
1730 1616 1837 1647 omnia
1861 1617 1959 1646 scire.
2005 1614 2104 1647 Exhi-

1126 1665 1196 1695 buit
1218 1663 1318 1705 igitur
1340 1661 1521 1694 artificibus
1551 1661 1657 1692 ideam
1690 1659 1840 1690 aedificii.
1897 1658 1964 1690 Sed
1993 1668 2104 1698 repre-

1126 1707 1250 1737 bensus
1275 1711 1325 1736 est
1348 1705 1389 1736 ab
1413 1715 1478 1736 uno
1501 1703 1678 1735 artificumz
1718 1701 1814 1735 Vade,
1829 1703 1927 1741 pirtye
1946 1705 1978 1730 tu
2001 1711 2105 1730 cucur-

1127 1749 1216 1778 bitas.
1264 1747 1357 1778 illum
1376 1753 1493 1788 postea
1516 1747 1644 1778 curavit
1672 1744 1832 1782 interfici,
1863 1743 2010 1776 offensus
2034 1744 2104 1775 eius

1125 1792 1290 1835 παρ’ῥησιᾳ.

1211 1833 1284 1865 Rex
1308 1833 1494 1875 Aegyptius
1527 1831 1703 1872 patientius
1742 1828 1814 1861 tulit
1838 1829 2018 1868 Musicum,
2051 1830 2105 1871 qui

1124 1877 1187 1918 ipsi
1210 1877 1412 1908 subiecerat:
1446 1875 1543 1905 Aliud
1572 1878 1617 1904 est
1639 1877 1804 1914 sceptrum,
1839 1872 1927 1902 aliud
1943 1873 2103 1912 plectrum,

1125 1921 1157 1951 id
1181 1925 1243 1958 est,
1268 1929 1350 1960 agas
1373 1925 1423 1956 tu,
1459 1928 1544 1960 quae
1562 1918 1604 1949 ad
1634 1927 1773 1959 regnum
1802 1916 1983 1958 pertinent,
2014 1916 2104 1947 511135

1124 1973 1177 1994 me
1200 1969 1344 1993 tractare
1367 1961 1512 1993 Musica.

1211 2004 1303 2036 Talia
1339 2005 1426 2036 dicta
1459 2010 1538 2035 nota
1574 2003 1693 2034 debent
1717 2012 1793 2034 esse
1817 2002 2033 2040 discentibus,
2070 2009 2102 2032 ut

1125 2048 1276 2079 iudicium
1301 2048 1376 2078 inde
1398 2045 1542 2078 formare
1565 2046 1706 2078 discant.
1758 2044 1818 2076 Est
1853 2045 1937 2075 enim
1965 2050 1997 2075 et
2019 2043 2103 2075 haec

1125 2092 1256 2133 species
1279 2090 1575 2131 πολυπραγμοσύνης,
1610 2096 1733 2121 temere
1768 2088 1913 2119 iudicare
1937 2087 1977 2119 de
2001 2088 2103 2128 operi-

1126 2136 1188 2166 bus
1210 2133 1383 2165 artificum.

1213 2177 1278 2207 Sed
1302 2175 1378 2218 plus
1402 2181 1453 2207 est
1465 2174 1663 2207 incommodi
1686 2174 1718 2205 in
1735 2173 1886 2205 faciendo
1900 2182 1966 2203 non
1990 2182 2103 2203 neces-

1125 2220 1222 2251 saria.
1246 2219 1408 2251 Taulerus
1421 2219 1573 2260 exposuit
1586 2228 1647 2249 sua
1660 2217 1816 2248 exercitia
1826 2216 1953 2247 cuidam
1968 2216 2102 2253 seniori,

1125 2269 1157 2294 et
1181 2269 1385 2303 conquestus
1420 2267 1471 2293 851
1506 2262 1546 2292 (18
1565 2259 1787 2292 invaletudine
1809 2269 1883 2297 sua,
1907 2268 2004 2299 quam
2027 2268 2103 2290 8011-

1125 2306 1281 2337 traxisset
1301 2316 1341 2336 ex
1364 2305 1560 2335 assiduitate
1578 2302 1706 2334 illorum
1719 2302 1960 2333 exercitiorum.
1996 2300 2102 2336 Quae-

1125 2349 1200 2379 sivit
1225 2349 1338 2379 5811101·
1361 2346 1431 2379 ille:
1468 2347 1550 2382 Quis
1582 2353 1613 2377 te
1638 2346 1731 2377 iussit
1755 2344 1838 2376 haec
1862 2344 1996 2376 facere?
2042 2343 2103 2375 Re-

1124 2391 1259 2432 spondit
1286 2389 1467 2423 Taulerus:
1503 2390 1619 2426 Nemo,
1654 2388 1713 2418 5811
1738 2397 1800 2429 ego
1836 2393 1954 2428 sponte
1984 2387 2048 2418 ista
2071 2388 2102 2417 in

1124 2444 1177 2465 me
1200 2435 1320 2475 recepi.
1372 2433 1453 2464 Tum
1489 2431 1562 2463 ille:
1596 2429 1696 2462 Nulla
1726 2431 1781 2461 tibi
1811 2430 1952 2462 debetur
1985 2430 2100 2471 gratia.

1124 2476 1281 2508 Debebas
1304 2474 1428 2514 faeere,
1452 2485 1535 2517 quae
1560 2475 1614 2505 tibi
1645 2473 1799 2505 mandata
1823 2478 1898 2505 sunt
1921 2483 1941 2504 a
1963 2472 2049 2510 Deo,
2071 2480 2099 2503 et

1125 2530 1144 2551 3
1167 2529 1364 2551 5801011805.

1210 2561 1283 2593 Boe
1306 2560 1492 2602 exemplum
1526 2559 1666 2601 pertinet
1699 2559 1742 2590 ad
1775 2558 1984 2591 incommoda
2010 2556 2101 2600 poly-

1123 2614 1366 2648 pragmosynes
1390 2605 1422 2635 in
1447 2604 1546 2635 rebus
1569 2603 1692 2644 parvis.
1740 2599 1818 2633 Plus
1832 2607 1939 2634 autem
1963 2600 2099 2642 periculi

1898 2662 1946 2685 ll·
