2324 2958
27 203 92 236 us
708 194 923 230 PosnLLA
945 195 1339 229 MELANTHONIANA.
1955 195 2020 228 046

115 296 174 328 nis
196 297 381 328 exuscitate
403 302 463 325 vos
486 293 528 324 ad
551 292 802 330 invocationem,
825 301 910 333 quae
931 301 997 323 non

76 346 140 371 test
173 348 250 370 esse
283 347 381 375 vera,
413 337 475 367 nisi
508 336 541 366 in
573 340 681 366 mente
714 335 757 365 sit
786 334 911 365 laetitia
938 327 1025 375 per!

29 351 128 414 ffiem
147 381 360 413 accedentem
382 380 426 410 ad
447 378 566 409 Deum.
620 375 744 407 Paulus
778 375 877 407 multa
900 386 997 407 accu-
1149 359 1270 409 QUOd
1302 358 1377 399 fuit
1409 359 1565 399 initium
1596 361 1688 399 amii
1720 361 1761 400 in
1792 360 1918 402 Asia?

29 423 143 462 malm,
167 434 240 455 cuin
262 422 420 454 describit
442 426 592 452 naturam
617 419 704 457 fidei,
733 429 797 460 per
818 428 913 458 qnam
941 421 998 450 lw-

28 469 139 501 bemus
169 474 331 498 accessum
355 466 401 495 ad
421 466 539 500 Deum,
572 467 607 492 ut
628 460 721 492 tollat
754 460 941 492 horribilem
965 466 997 491 et
1134 457 1385 500 Aequinoctium
1410 456 1608 488 autumnale.
1647 457 1682 489 ld
1705 468 1844 499 prorsus
1867 465 1917 491 est
1941 469 2019 491 oon—

29 508 224 552 profundam
248 508 480 539 dubitationem
502 506 534 536 in
558 504 725 542 cordibus,
749 513 832 545 quae
855 504 998 534 deterret
1047 501 1182 533 trarium
1203 500 1433 532 consuetudini
1455 506 1594 541 patrum.

28 554 71 585 ab
95 551 311 583 invocatione.
364 548 456 580 Multi
485 548 535 579 sie
565 547 724 589 cogitant:
759 547 874 584 timeo,
908 547 997 587 quod

28 595 122 627 Deus
145 603 196 625 me
228 593 383 624 abiecerit
405 596 538 632 propter
571 589 674 620 multa
707 595 739 620 et
774 599 894 630 magna
923 598 997 620 mea

27 641 175 679 peccata.
229 635 320 666 Haec
354 634 508 666 dubitatio
542 630 704 673 profunde
726 631 840 662 haeret
867 632 899 662 in
924 641 996 662 eor·
1020 660 1021 663 ,
1439 664 1446 671 ·
1548 665 1555 671 .

27 680 139 711 dibus:
173 678 232 709 sed
254 677 320 709 illis
343 675 610 712 dubitationibus,
645 683 730 716 quae
753 679 829 705 sunt
857 684 899 705 ex
922 672 997 715 lege
1019 667 1024 686 ⁸
1047 663 1128 705 Sed
1168 679 1291 718 quare
1330 670 1628 718 aequmoctmm
1668 665 1899 705 autumnale
1937 666 2017 705 ele-

27 727 61 753 et
83 719 254 753 doloribus
283 720 487 762 ingentibus,
517 717 713 758 opponenda
746 723 796 747 est
813 716 896 747 haec
920 726 997 747 eon-

27 762 160 801 solatio,
183 763 271 804 quod
294 767 426 804 propter
454 769 516 791 nos
540 766 700 791 mactatus
729 760 771 790 sit
798 759 852 790 hic
879 768 997 801 agnus,

27 811 60 838 et
81 806 169 847 quod
192 811 326 846 propter
358 805 445 835 hunc
467 813 586 844 agnum
621 803 817 842 recipiamur
846 807 877 832 et.
901 812 996 832 exau·
1188 839 1195 847 .
1753 839 1760 846 .
1988 840 1994 847 .

27 848 163 880 diamur.
203 847 271 878 Sed
294 856 359 878 non
379 851 502 877 tantun·
526 847 567 875 de
590 845 786 876 mactatione
809 845 885 886 agni
908 844 997 884 cogi·
1133 839 1217 874 Quia
1251 844 1466 879 respexerunt
1505 839 1546 869 ad
1581 838 1825 869 Oecononnam.
1893 838 1934 870 Et
1968 849 2018 870 Sic

1047 881 1155 912 ludaei
1190 892 1322 922 quoque
1355 892 1476 913 annum
1509 880 1687 912 lubilaeum
1722 882 1831 912 exorsi
1864 887 1941 913 sunt
1975 883 2016 913 ab

1048 925 1256 964 aequinoctio
1279 923 1468 955 autumnali.
1514 923 1586 955 Hoe
1603 923 1824 954 Oeconomiae
1846 930 1916 955 erat
1939 934 2016 956 con-

1046 967 1201 1002 veniens3
1236 967 1312 1008 quia
1334 965 1449 1009 fruges
1473 972 1540 997 tum
1563 972 1641 997 sunt
1664 965 1843 1004 collectae,
1878 973 1910 998 et
1932 977 2016 998 mer-

1046 1019 1104 1039 ces
1127 1008 1267 1040 solvitur
1290 1010 1511 1041 mercenariis.
1551 1010 1641 1046 Item,
1665 1008 1877 1050 Reipublicae
1901 1010 2018 1041 dantur

1443 748 1589 795 gerunt
1603 740 1621 779 r?

25 895 146 923 temus:
180 890 325 920 sciamus
349 889 444 919 etiam
462 889 559 919 nobis
577 887 735 928 praecipi,
768 893 802 918 ut
823 886 996 917 manduce-

26 942 99 964 mus
122 941 207 963 eum.
258 931 349 962 Haec
371 931 581 962 manducatio
605 930 772 970 descripta
802 934 853 959 est
885 928 996 960 luban,

24 974 57 1006 6.
80 979 112 1005 et
144 981 179 1005 ut
207 972 374 1006 Israelitae
403 979 578 1003 vescentes
612 982 716 1013 agno,
749 971 994 1002 nutriebantur:

24 1017 74 1048 sic
107 1026 171 1048 nos
205 1025 279 1047 cum
312 1015 431 1047 fiducia
467 1014 589 1045 Christi
624 1016 655 1045 in
690 1015 778 1045 veris
812 1014 995 1044 terroribus

1046 1052 1182 1088 reditus,
1216 1051 1336 1083 solutio
1371 1053 1554 1083 debitorum
1583 1050 1643 1083 fuit
1666 1053 1817 1083 ordinata
1839 1053 1881 1083 ad
1902 1053 2017 1094 princi·

25 1059 192 1101 erigimur,
212 1057 374 1090 efficimur
395 1058 542 1089 membra
565 1056 707 1095 Christi,
737 1062 770 1088 et
792 1055 996 1088 vivificamur
1069 1094 1076 1101 ·
1531 1095 1538 1101 ·

1045 1104 1132 1135 pium
1151 1094 1247 1125 huius
1271 1095 1346 1125 anni
1360 1095 1583 1133 Oeconomlci,
1606 1092 1754 1126 collectis
1767 1095 1830 1126 iam
1854 1094 2016 1139 frugibus.

23 1112 85 1144 per
105 1111 189 1133 eum.

275 1319 336 1352 DE
358 1319 483 1351 AGNO
507 1319 737 1351 PASCHALI'
1131 1348 1161 1380 A
1184 1349 1327 1381 solstitio
1349 1351 1493 1382 aestivo:
1527 1351 1602 1392 quia
1637 1352 1732 1382 etiam
1763 1349 1904 1392 populus
1937 1349 2016 1381 faci-

1044 1389 1107 1422 lius
1131 1393 1236 1433 potuit
1269 1393 1529 1424 animadvertere
1561 1392 1746 1432 solstitium,
1780 1403 1877 1436 quam
1905 1393 2016 1435 aequi·

110 1398 144 1429 ln
177 1397 337 1439 principio
372 1397 447 1427 anni
471 1401 630 1427 mactatus
659 1402 709 1426 est
730 1404 856 1437 agnus.
890 1396 935 1426 ita
960 1396 993 1426 in
1123 1435 1130 1442 ·

1044 1440 1195 1467 noctium.

23 1440 184 1483 principio
207 1440 283 1470 anni
306 1438 441 1470 offertur
463 1438 633 1470 Christus:
664 1439 739 1479 quia
762 1440 834 1479 ipse
857 1442 993 1469 renovat

21 1493 154 1520 annum,
179 1483 210 1514 id
233 1488 296 1520 est,
320 1481 452 1512 inchoat
479 1482 720 1512 resurreetione
743 1490 804 1512 sua
826 1486 990 1511 aeternam

22 1527 139 1557 vitam:
162 1531 194 1556 et
218 1535 291 1555 cum
314 1525 378 1554 iam
401 1522 535 1565 colligat
557 1523 742 1555 Ecclesiam
764 1524 797 1554 in
815 1524 878 1554 ista
900 1523 992 1554 brevi

22 1573 56 1599 et
78 1574 250 1599 cessatura
273 1567 355 1597 vita:
377 1573 494 1607 postea
517 1568 547 1598 in
567 1567 674 1597 nostri
698 1576 828 1608 quoque
851 1566 992 1597 resusci-

22 1610 144 1641 tatione
166 1609 316 1640 restituet
336 1610 433 1640 nobis
462 1619 593 1650 quoque
619 1615 785 1641 aeternam
812 1609 927 1646 vitam,
958 1614 991 1639 et

20 1651 305 1685 immortalitatem.

1171 1599 1303 1640 Latini
1335 1601 1428 1640 anm'
1461 1601 1615 1641 initium
1649 1601 1759 1654 quod
1790 1600 1896 1641 fuit?

1131 1689 1314 1722 Solstitium
1347 1690 1529 1723 hibernum.
1585 1691 1725 1727 Quando
1759 1691 1819 1723 Sol
1854 1692 1938 1724 redit
1973 1693 2015 1723 ad

1045 1740 1194 1764 nostrum
1243 1732 1530 1774 hemisphaerium.
1613 1733 1703 1765 llaec
1745 1740 1884 1775 quatuor
1928 1735 2015 1766 initia

1044 1782 1251 1820 mementote.
1309 1776 1436 1807 Primus
1466 1777 1583 1808 modus
1618 1783 1669 1808 est
1692 1778 1838 1808 sancitus
1863 1787 1945 1808 voce
1970 1778 2015 1808 di-

1045 1818 1131 1856 vina,
1155 1830 1173 1850 a
1196 1829 1274 1850 vere
1297 1820 1440 1860 incipere
1463 1829 1602 1857 annum,
1637 1825 1668 1850 et
1703 1826 1755 1850 est
1778 1828 1914 1851 naturae
1937 1830 2014 1851 cou-

22 1816 145 1868 Quod
175 1816 251 1856 suit
282 1830 377 1870 ergo
409 1816 563 1856 initium
597 1816 688 1856 anni
721 1815 918 1855 Hebraeis
951 1823 993 1855 et
1112 1862 1118 1869 ·
1669 1863 1676 1870 ι
1865 1865 1870 1870 .

1045 1871 1192 1893 veniens.
1238 1862 1332 1893 Hunc
1362 1863 1493 1893 modum
1517 1861 1676 1894 Chaldaei
1708 1871 1738 1893 et
1764 1862 1870 1893 ludaei
1901 1873 2014 1894 serva-

387 1891 599 1933 Chaldaeis
610 1892 627 1934 ’ἒ

1045 1911 1134 1941 runt3
1167 1911 1199 1936 et
1233 1906 1318 1945 apud
1350 1905 1488 1936 ludaeos
1518 1905 1642 1936 initium
1669 1905 1734 1936 hoc
1757 1906 1852 1943 anni,
1885 1906 2014 1948 insigne

1044 1945 1103 1978 suit
1126 1950 1323 1978 mactatione
1346 1949 1432 1989 agni.
1476 1947 1569 1979 Deus
1593 1947 1694 1980 voluit
1723 1947 1886 1989 aliquibus
1909 1949 2013 1990 signis

1044 1989 1328 2021 commonefacere
1362 1992 1401 2022 (le
1436 1991 1645 2022 distinctione
1685 1998 1884 2032 tempomm,
1929 2000 2014 2033 quae

1044 2033 1168 2064 ordinis
1193 2043 1293 2065 causa
1319 2034 1529 2065 observanda
1551 2040 1613 2069 est,
1638 2045 1702 2065 non
1723 2034 1810 2076 qnotl
1837 2034 1878 2065 sit
1905 2033 2011 2066 cultus

1044 2075 1118 2114 Dei,
1142 2082 1197 2107 aut
1220 2077 1393 2115 sanctitas,
1415 2085 1472 2107 aut
1495 2077 1627 2107 iustitia.
1679 2075 1876 2108 Mementote
1903 2078 2010 2114 etiam,

1042 2128 1175 2150 menses
1199 2121 1391 2151 ludaeorum
1415 2118 1518 2151 fuisse
1542 2119 1692 2152 lunares:
1728 2120 1759 2151 id
1784 2125 1850 2157 est,
1880 2120 1921 2150 ab
1946 2129 2010 2150 una

1042 2163 1273 2194 coniunctione
1307 2161 1396 2193 Solis
1429 2169 1460 2193 et
1497 2162 1609 2193 Lunae
1648 2164 1688 2193 ad
1725 2162 1831 2193 aliam.
1898 2161 2012 2193 Nostri

1041 2214 1172 2235 menses
1206 2215 1314 2247 neque
1347 2204 1496 2245 lunares,
1532 2215 1638 2248 neque
1672 2204 1798 2236 solares
1832 2211 1919 2242 sunt,
1953 2204 2012 2235 sed

1041 2246 1173 2321 gssssi‘ice
1196 2248 1352 2286 ordinati,
1386 2249 1427 2279 (le
1451 2250 1571 2290 quihus
1599 2249 1632 2279 in
1662 2248 1808 2279 doctrina
1838 2247 2011 2288 sphaerica

1063 2291 1166 2322 icitur.

23 1261 262 1295 EXCERPTA
306 1260 366 1292 Ex
416 1260 531 1293 Anus
596 1258 994 1291 ›ROELECTmNmUs
1151 1258 1292 1300 Graeci
1324 1260 1432 1300 unde
1464 1260 1701 1301 inchoarunt
1731 1260 1914 1301 annum?

107 1990 190 2023 Nam
213 1991 245 2022 111
268 1991 452 2022 habuerunt
475 1991 559 2022 idem
582 1992 710 2023 initium.
758 1993 791 2024 ln
814 1991 878 2023 hoc
900 1999 992 2024 textu

22 2034 154 2067 dicitur:
184 2036 244 2066 Hic
276 2034 393 2065 mensis
422 2037 556 2074 primus,
589 2039 655 2066 erit
684 2036 769 2066 vobis
798 2039 992 2076 principium

22 2081 110 2109 ami.
165 2076 419 2118 Distinguuntur
440 2077 515 2107 anni
539 2083 571 2107 et
592 2087 733 2109 menses.
790 2077 869 2108 Vult
893 2079 992 2120 igitur

22 2118 116 2151 Deus
150 2120 320 2151 observari
358 2120 479 2150 seriem
518 2129 696 2158 annorum,
737 2128 766 2151 et
803 2121 991 2152 discrimina

22 2168 220 2202 temporum:
245 2173 346 2203 quare
370 2162 559 2193 necessaria
582 2168 633 2193 est
655 2163 751 2194 etiam
769 2164 990 2195 consideratio

21 2210 165 2236 motuum
187 2204 276 2236 Solis
299 2212 330 2236 et
365 2205 486 2235 Lunae.
544 2204 617 2235 Non
651 2204 720 2237 vult
742 2205 848 2244 Deus,
870 2214 904 2238 ut
928 2217 989 2238 nos

22 2246 171 2279 homines
183 2248 332 2279 vivamus
345 2256 379 2279 ut
398 2248 533 2286 bestiae,
554 2257 621 2279 non
633 2248 857 2280 discernentes
875 2250 991 2281 discri-

21 2291 108 2322 mina
130 2298 321 2331 temporum.

109 2332 307 2375 Respondeo
331 2334 429 2375 igitur
451 2333 491 2364 ad
516 2334 758 2375 quaestionem:
792 2333 988 2367 Coniunctio
1010 2321 1016 2403 Ι

21 2373 112 2406 Solis
144 2383 177 2407 et
211 2375 326 2407 Lunae
358 2377 504 2417 proxima
538 2376 742 2417 aequinoctio
777 2387 897 2416 verno,
929 2377 989 2410 fuit

22 2417 145 2449 initium
167 2419 327 2450 venientis
354 2420 440 2456 anni.
496 2417 591 2450 Aliae
619 2424 735 2460 gentes
765 2420 989 2453 discesserunt

24 2468 45 2490 a
75 2461 178 2501 prima
212 2463 465 2497 consuetutline3
506 2460 560 2492 vel
592 2460 826 2500 aemulatione,
865 2462 921 2495 vel
953 2470 989 2497 ut

25 2503 237 2535 maderent
269 2514 307 2535 se
330 2515 407 2536 esse
439 2505 620 2536 disiunctos
644 2514 663 2535 a
691 2506 850 2537 caeteris:
883 2512 919 2539 ut
941 2505 988 2544 fit,

24 2545 157 2586 quando
193 2545 342 2579 homines
382 2547 540 2588 incipiunt
580 2554 724 2585 certare,
768 2553 846 2580 tune
879 2549 988 2581 studio

23 2593 184 2627 quaerunt
206 2589 483 2622 dia-imilitudine·
505 2590 633 2621 rituum.

1099 2422 1263 2478 Eclipsis
1303 2422 1403 2464 Solis
1433 2422 1539 2463 sacta
1577 2422 1756 2476 patiente
1788 2418 1950 2462 Christo

1337 2499 1463 2540 fuitne
1495 2497 1711 2539 naturalis?

1127 2590 1219 2623 Non:
1242 2592 1317 2632 quia
1329 2589 1385 2622 illa
1398 2589 1532 2632 eclipsis
1544 2589 1604 2622 fuit
1626 2589 1658 2620 iu
1692 2586 1857 2621 lenilunio.
1887 2587 2009 2620 Omnes

1013 2619 1151 2667 lautam
1179 2632 1322 2673 eclipses
1353 2631 1440 2663 Solis
1464 2631 1630 2664 naturales
1681 2638 1739 2663 unt
1768 2631 1802 2662 ln
1833 2629 2008 2663 novilunio.

1758 2690 1809 2716 41·
