2324 2958
65 177 129 210 305

1057 267 1062 306 ἶ

1057 331 1062 359 Ι

68 268 243 304 accidisse,
282 273 318 297 ut
351 265 463 296 sociae
492 265 640 296 civitates
670 263 792 295 duriter
823 263 1032 301 haberentur,

68 315 152 346 sieut
171 308 302 341 dicitur:
326 307 474 339 Minores
496 317 572 338 ares
589 307 789 338 devorantur
813 307 1033 345 unanimibus,

68 356 112 388 bie
132 351 240 396 grosseti
259 352 340 392 »ogei
364 351 458 389 ftcticn
482 351 526 381 bie
550 351 672 383 {lennen-

149 393 257 426 Hodie
286 399 434 424 nostrum
462 392 652 432 imperium,
683 391 771 433 quo'd
799 391 906 423 adhuc
933 390 1033 422 habe-

69 446 160 474 mus,
184 441 235 467 est
259 435 369 477 niagni
391 435 533 466 nominis
557 435 682 465 umbra.

70 506 73 512 ,
149 478 222 514 Quo
243 477 382 509 consilio
404 487 465 509 seu
487 477 553 508 fine
575 475 699 508 Paulus
722 481 838 508 contra
866 477 930 507 vim
954 475 1033 507 mili-

66 522 141 554 taris
164 520 316 562 praesidii
339 520 499 551 Actorum
529 520 580 550 22.
611 526 643 550 et
672 525 788 560 postea
813 519 845 549 in
872 528 1034 560 provoca-

66 565 152 597 tione
173 563 216 594 ad
238 562 469 603 Imperatorem
493 562 607 593 Actor.
630 561 683 592 25.
706 561 878 602 profitetur
896 571 933 592 se
957 571 1034 592 esse

65 607 169 639 civem
191 604 397 636 Romanum?
438 604 522 640 Quia
544 615 609 636 non
632 603 752 635 licebat
774 604 815 634 ad
839 603 1033 645 supplicium

64 649 146 691 rapi,
167 654 224 679 aut
241 647 380 679 interfici
402 658 586 689 quenquam
611 647 727 678 civium
742 645 964 678 Romanorum
988 647 1034 677 in-

64 692 153 723 dicta
175 700 287 729 causa,
310 689 362 721 vel
386 696 420 721 ut
443 691 515 731 ipse
527 688 680 731 loquitur,
703 689 936 721 indemnatum:
960 689 1032 720 Non

64 733 184 765 licebat
207 733 303 763 etiam
326 733 365 764 de
386 733 494 772 capite
517 733 597 763 civis
612 731 750 763 Romani
769 732 905 763 iudicari
923 733 964 763 ab
978 730 1034 762 ali-

64 786 129 818 quo
152 774 402 816 provincialium
421 775 671 817 Magistratuum
691 775 721 805 in
743 785 844 805 causa
867 775 979 812 dubia,
1001 774 1035 805 id
1060 803 1061 810 ,

63 825 132 857 est,
156 827 240 860 quae
263 828 328 848 non
352 828 511 859 expresse
535 816 665 849 definita
690 824 759 848 erat
783 816 912 858 legibus
935 817 1034 857 impe·
1060 844 1061 851 ,

65 862 102 892 rii
124 861 277 893 Romani:
303 859 417 895 Qualis
441 867 518 892 tunc
541 868 609 890 erat
635 861 698 890 ista
721 860 762 890 de
775 859 934 901 religione
959 870 1034 890 con-

65 905 246 940 troversia,
283 913 367 944 quae
401 902 506 934 Paulo
535 903 757 934 intercedebat
792 914 864 933 enm
894 902 1034 939 ludaeis,

64 956 149 987 quae
161 945 239 978 nihil
251 934 435 987 pertinebat
455 947 495 977 ad
519 945 612 986 leges
625 945 793 976 Romanae
810 943 1032 985 Reipublicae.
1059 936 1064 948 ⁴

149 989 222 1021 Fuit
240 988 304 1018 hoc
327 999 480 1030 magnum
502 986 705 1030 privilegium
729 988 846 1018 civium
869 986 1032 1018 Romano·
1058 1001 1060 1016 ι

65 1042 146 1063 rum.
192 1032 377 1072 Antequam
399 1031 492 1062 fieret
515 1029 707 1062 Monarchia
726 1029 863 1068 Romae,
885 1029 944 1061 suit
967 1028 1032 1060 sor-

65 1085 117 1107 ma
139 1073 272 1116 politiae
295 1073 527 1105 Democratica
548 1079 624 1114 post
648 1071 804 1113 expuLsos
823 1082 933 1114 reges,
958 1072 1032 1113 quia

65 1114 125 1148 fuit
148 1117 341 1159 provocatio
364 1117 404 1147 ad
429 1115 594 1157 populum.
632 1113 803 1146 Publicola
821 1116 870 1150 (id
893 1121 955 1152 est,
978 1125 1032 1155 po-

64 1158 132 1201 puli
155 1158 275 1196 cultor)
299 1158 371 1190 tulit
392 1158 511 1201 legem,
530 1164 565 1190 ut
586 1164 676 1189 esset
699 1158 892 1199 provocatio
915 1168 933 1188 a
947 1155 1032 1188 Con-

64 1201 192 1234 sulibus
215 1199 256 1233 ad
280 1200 446 1243 populum.
467 1201 544 1232 Non
567 1199 658 1232 licuit
680 1200 721 1231 de
745 1201 852 1241 capite
875 1200 956 1231 civis
968 1199 1033 1231 Ro-

64 1246 150 1276 mani
173 1246 204 1276 in
235 1255 316 1275 casu
345 1254 411 1275 non
440 1253 600 1285 expresso
629 1242 758 1284 legibus
782 1243 943 1280 iudicare,
971 1243 1033 1274 nisi

64 1286 212 1319 Comitiis
236 1286 448 1318 Centuriatis.
494 1286 612 1318 Cicero
631 1286 825 1326 provocavit
855 1285 897 1317 ad
920 1284 1033 1316 Comi-

65 1330 109 1361 tia
131 1329 337 1367 Centuriata,
361 1329 392 1360 id
417 1336 486 1366 est,
513 1330 553 1360 ad
580 1328 800 1371 cognitionem
822 1334 855 1360 et
876 1328 1034 1369 suffragia

65 1371 186 1413 populi.
233 1370 339 1402 Galba
363 1378 414 1402 est
439 1370 611 1402 absolutus
636 1381 656 1402 a
678 1369 812 1411 populo.
857 1369 1033 1402 Liberatus

65 1422 116 1446 est
139 1413 306 1455 suffragiis
330 1413 462 1454 populi,
480 1423 666 1455 quanquam
690 1414 721 1444 in
746 1423 849 1444 causa
871 1411 966 1444 mala.

151 1456 224 1488 Hoc
245 1458 295 1487 ius
317 1455 428 1497 populi
453 1455 511 1487 fuit
533 1462 650 1496 postea
681 1454 876 1487 translatum
904 1456 946 1486 ad
974 1455 1033 1486 lm-

65 1505 266 1540 peratorem,
297 1499 380 1530 sicut
411 1499 442 1529 in
472 1499 613 1530 caeteris
635 1499 731 1530 etiam
754 1499 854 1530 rebus
881 1504 1032 1539 potestas

63 1550 191 1573 summa
210 1541 255 1572 ad
279 1551 350 1572 eum
375 1539 483 1572 delata
507 1548 567 1572 est.

149 1583 294 1618 Quaero:
328 1583 380 1613 An
408 1594 547 1623 prorsus
578 1594 641 1614 non
671 1583 799 1614 licuerit
827 1583 1033 1625 Magistratui

63 1624 256 1667 provinciali
278 1627 491 1667 pronuntiare
515 1627 555 1656 de
585 1627 689 1667 capite
724 1627 804 1657 civis
829 1626 965 1657 Romani
1001 1627 1031 1657 in

63 1668 262 1710 provinciis?

150 1711 358 1752 Respondeo.
384 1712 414 1744 Si
439 1722 540 1743 cansa
563 1720 633 1743 erat
657 1711 843 1750 manifesta,
865 1718 900 1744 ut
923 1714 954 1743 in
980 1722 1032 1744 ca-

62 1764 103 1785 su
133 1755 322 1791 seditionis,
363 1753 570 1792 rebellionis,
612 1753 663 1786 vel
693 1753 805 1786 laesae
837 1756 1031 1786 maiestatis.

62 1796 142 1828 Item
166 1797 194 1828 si
217 1798 289 1838 quis
313 1799 518 1828 commiserat
543 1798 695 1835 caedem,
718 1804 748 1828 et
768 1808 807 1828 ea
830 1804 919 1829 esset
941 1804 1033 1829 noto-

63 1840 122 1877 ria,
146 1846 212 1870 tum
237 1838 330 1882 leges
346 1839 510 1871 Romanae
529 1841 811 1881 praescribebant,
835 1841 911 1881 quid
933 1851 1032 1882 agen-

63 1882 138 1913 dum
162 1889 269 1920 esset,
302 1882 385 1917 Quia
409 1884 538 1924 expedit
561 1882 792 1924 Reipublicae,
819 1890 853 1913 ut
877 1883 951 1915 mali
975 1883 1032 1914 bo-

62 1926 166 1956 mines
190 1924 344 1956 tollantur
368 1936 407 1955 ex
430 1927 618 1966 provinciis.
663 1926 731 1957 Irno
754 1925 944 1957 Necessitas
968 1932 1031 1963 est,

63 1966 180 1999 tollere
202 1967 362 2005 lau-ones,
386 1968 560 2008 probibere
584 1968 764 2000 latrocinia.
811 1969 876 2000 Sed
901 1970 1030 2010 quando

32 2018 35 2021 ·
63 2020 164 2041 casus
186 2011 329 2052 ambigui
353 2011 556 2049 incidebant,
578 2011 609 2042 id
633 2018 706 2049 est,
729 2012 859 2052 quando
883 2013 1031 2053 quaestio

63 2052 123 2084 fuit
147 2054 265 2091 dubia,
297 2054 337 2083 de
360 2063 398 2084 ea
423 2063 476 2090 re,
505 2054 546 2084 de
569 2064 633 2095 qua
656 2064 722 2085 non
747 2052 807 2086 fuit
834 2055 1031 2086 constituam

63 2095 203 2137 legibue,
228 2105 292 2127 non
317 2095 405 2127 licuit
428 2103 576 2127 statuere
594 2097 801 2139 Magi-stratui
825 2096 1030 2138 provinciali.

147 2137 238 2169 Talis
261 2138 319 2170 suit
340 2148 440 2169 causa
465 2137 573 2175 Pauli,
602 2138 686 2174 Quia
708 2139 844 2171 Romani
868 2141 1031 2181 permitte-

64 2183 142 2212 bant
167 2181 276 2212 varias
305 2180 500 2222 religiones:
532 2181 658 2213 ludaeis
681 2182 859 2221 Iudaicam,
890 2182 1030 2214 Graecis

62 2223 249 2262 Graecam,
277 2222 350 2255 aliis
379 2222 475 2254 aliam
499 2223 690 2266 religionem
713 2231 745 2256 et
779 2224 912 2256 cultum.
958 2226 1031 2257 Fuit

62 2275 214 2308 magnum
249 2265 312 2298 boc
337 2266 547 2304 beneficium,
576 2268 662 2308 quod
692 2267 823 2300 Iudaica
853 2279 936 2311 gens
966 2267 1030 2300 illis

61 2310 236 2350 postremis
257 2309 460 2349 temporibus
478 2310 607 2341 retinuit
627 2309 799 2349 αὐτονομίαν
820 2311 942 2352 templi.
966 2311 1030 2343 Ac—

62 2352 225 2383 cusabant
256 2358 365 2383 autem
393 2351 503 2382 ludaei
538 2351 674 2383 Paulum
702 2353 743 2384 de
771 2352 940 2395 religione.
985 2354 1029 2385 lbi

62 2403 127 2425 non
151 2392 238 2426 licuit
253 2394 461 2435 Magistratui
484 2393 675 2435 provinciali
697 2398 921 2436 pronuntiare:
946 2398 1029 2428 sicut

61 2434 137 2467 alibi
161 2437 256 2467 etiam
279 2443 414 2478 propter
443 2435 630 2479 religionem
657 2447 722 2468 non
752 2437 870 2470 licebat
901 2441 1030 2480 provin-

63 2477 136 2509 ciali
160 2479 368 2520 Magistratui
392 2490 576 2521 quenquam
606 2480 806 2518 interficere,
836 2483 1029 2523 praesentim

60 2520 167 2552 civem
190 2521 388 2553 Romanum.
416 2529 590 2565 antequam
618 2528 693 2553 sunt
723 2524 824 2555 missa
854 2525 961 2556 edicta
991 2526 1031 2556 de

60 2564 349 2604 persecutionibus
373 2563 645 2603 Christianorum,
669 2566 757 2607 quod
780 2574 897 2607 postea
908 2566 1029 2599 factum

61 2612 123 2636 051.

217 2674 352 2693 iffimxw
377 2675 449 2693 Ull'M
473 2675 528 2694 voi,
552 2676 619 2693 xxm*

743 169 959 203 POS'l'lLLA
981 168 1375 202 MELANTHONJANA.

1060 855 1062 872 ³
1086 861 1179 891 sione
1202 860 1308 897 vitae,
1338 869 1404 890 non
1428 866 1519 890 recte
1547 859 1694 892 iecisset.

1990 173 2053 205 306

1171 263 1279 295 Utitur
1301 272 1381 304 ergo
1404 261 1528 294 Paulus
1552 263 1686 305 politica
1710 264 1912 297 defensione.
1958 266 2052 301 Quod

1085 305 1268 346 exemplum
1297 306 1539 337 observandum
1569 314 1630 337 est.
1675 307 1724 339 Tu
1754 315 1850 349 potes
1881 318 1921 340 ac
1948 309 2050 340 debes

1085 355 1116 380 te
1139 348 1314 380 defendere
1338 354 1455 379 contra
1477 347 1651 379 latronem.
1696 352 1760 382 imo
1793 361 1865 382 cum
1887 352 1920 381 in
1945 349 2053 382 defen-

1081 392 1177 433 sione
1199 392 1285 422 vitae
1309 396 1384 421 tuae
1409 391 1534 422 occidis
1551 389 1730 430 latronem,
1760 404 1823 424 non
1859 395 1976 425 iniuste
2007 392 2053 424 sa-

1086 435 1145 465 cis.
1169 433 1224 465 Sic
1246 432 1383 470 Paulus,
1408 443 1479 464 cum
1503 432 1622 465 habeat
1646 435 1789 475 iniquum
1814 435 2054 477 provincialem

1084 477 1286 517 praesidem,
1321 477 1465 516 reprimit
1501 486 1573 507 eum
1603 487 1668 507 non
1692 477 1885 518 sophistice,
1921 489 1987 510 non
2005 478 2054 509 fu-

1085 525 1175 557 cate,
1213 519 1273 550 sed
1309 518 1479 559 proposito
1511 517 1745 550 fundamentali
1775 521 1854 551 iure.
1899 520 2053 553 Defendit

1085 572 1122 593 se
1145 562 1210 593 isto
1233 560 1404 603 privilegio
1428 561 1545 592 civium
1568 560 1801 593 Romanorum.
1832 563 1873 594 Et
1896 571 1986 595 recte
2008 562 2054 595 se-

1086 605 1138 636 cit.
1185 604 1277 636 Deus
1302 604 1471 635 constituit
1494 604 1638 645 imperia,
1661 612 1696 636 ut
1721 606 1783 636 sint
1806 605 1923 636 honori
1946 607 2055 643 bonis,

1060 652 1062 661 '
1086 654 1117 678 et
1142 647 1259 678 terrori
1282 645 1387 677 malis.

1170 689 1243 720 Etsi
1266 689 1402 721 multum
1427 694 1477 720 est
1490 687 1718 720 confusionum
1742 690 1773 720 in
1789 689 1923 731 politiis,
1947 698 2055 722 tamen

1085 743 1239 773 magnum
1262 733 1384 763 bonum
1407 738 1456 762 est
1482 732 1575 762 bonis
1599 732 1794 771 hominibus,
1818 733 2055 775 qualiscunque

1086 776 1180 812 ordo,
1206 785 1270 815 quo
1294 775 1449 805 utendum
1473 780 1523 805 est
1547 775 1588 805 ad
1613 775 1731 806 iustam
1755 782 1785 806 et
1799 775 1977 818 legitimam
2001 777 2056 807 de-

1086 816 1280 848 fensionem.
1311 817 1346 847 Si
1370 815 1494 848 Paulus
1518 827 1582 847 non
1606 816 1790 859 allegasset
1814 819 1865 849 ius
1888 820 1919 849 in
1945 817 2056 850 defen-

1740 860 1979 893 confirmasset
2009 867 2057 903 ty-

1086 903 1255 933 rannidem
1277 908 1309 933 et
1331 900 1515 934 latrocinia.

1171 945 1267 976 Unde
1290 943 1412 976 Paulus
1435 945 1563 986 accepit
1592 955 1727 983 nomen,
1760 956 1832 977 cum
1862 947 1997 977 historia
2025 948 2056 978 in

1085 988 1179 1019 Actis
1204 998 1276 1019 eum
1300 988 1442 1018 nominet
1466 989 1563 1019 etiam
1587 987 1744 1019 Saulem?
1790 988 2056 1020 Consentaneum

1086 1038 1136 1061 est
1160 1041 1233 1061 eum
1256 1028 1360 1061 fuisse
1383 1031 1591 1068 binominem,
1615 1037 1646 1062 et
1668 1031 1709 1062 ab
1735 1031 1893 1063 Hebraeis
1917 1031 2057 1070 Saulem,

1085 1083 1104 1104 a
1126 1072 1284 1104 Romanis
1304 1072 1440 1104 Paulum
1471 1072 1575 1104 fuisse
1598 1074 1807 1105 nominatum.
1853 1073 1975 1106 Saulus
1998 1085 2056 1105 no-

1085 1125 1158 1146 men
1182 1114 1342 1146 familiare
1360 1114 1419 1147 fuit
1442 1116 1474 1146 in
1497 1114 1627 1147 familiis
1651 1117 1754 1148 tribus
1778 1116 1958 1155 Beniamin,
1980 1127 2056 1158 pro·

1084 1164 1157 1199 pter
1181 1159 1367 1189 memoriam
1392 1159 1482 1200 regis
1507 1158 1598 1190 Saul.
1645 1159 1686 1189 Et
1716 1159 1879 1200 significat
1910 1160 1974 1191 hoc
2002 1171 2055 1192 no-

1086 1211 1159 1232 men
1183 1202 1279 1239 idem,
1302 1202 1390 1242 quod
1413 1201 1610 1242 postulatus.
1640 1202 1713 1233 Fuit
1737 1209 1844 1233 autem
1869 1201 1990 1234 Paulus
2015 1213 2055 1234 ex

1086 1244 1174 1275 tribu
1195 1243 1376 1275 Beniamin.
1421 1244 1548 1276 Nomen
1582 1243 1676 1276 Pauli
1706 1243 1763 1276 fuit
1793 1245 1948 1276 usitatum
1970 1244 2056 1277 Lati-

1086 1287 1146 1317 nis.
1192 1286 1366 1329 Significat
1388 1287 1485 1324 idem,
1509 1288 1597 1328 quod
1620 1286 1803 1329 pauxillus,
1826 1287 1880 1319 vel
1903 1287 2055 1328 pusillus.

1174 1329 1313 1360 Romani
1336 1329 1444 1367 multi,
1468 1328 1598 1361 nobiles
1622 1336 1655 1361 et
1679 1329 1828 1361 celebres
1855 1332 1933 1367 viri,
1965 1329 2055 1362 dele-

1086 1373 1163 1403 ctati
1186 1371 1317 1403 suerunt
1340 1372 1404 1404 hoc
1428 1373 1567 1403 nomine.
1602 1372 1762 1404 Hebraeis
1788 1372 1867 1404 Poel
1890 1373 2055 1411 significat

1086 1414 1295 1452 effectorem,
1323 1416 1365 1446 ab
1389 1414 1573 1446 efficiendo.
1620 1414 1653 1446 ld
1679 1416 1832 1457 congruit
1855 1417 1896 1447 ad
1919 1406 2055 1448 Paulum

1085 1455 1301 1498 Apostolum,
1330 1458 1383 1498 qui
1411 1468 1565 1499 magnam
1588 1458 1773 1489 Ecclesiam
1793 1457 1919 1500 colligit
1943 1469 1983 1490 ex
2006 1459 2055 1490 lu-

1086 1501 1177 1531 daeis
1202 1506 1233 1531 et
1261 1501 1426 1541 gentibus.
1471 1501 1569 1541 Apud
1593 1500 1742 1532 Graecos
1770 1503 1867 1531 παῦλα
1890 1501 2055 1543 significat

1086 1544 1236 1584 quietem.
1288 1542 1393 1574 lunxit
1420 1542 1545 1574 Paulus
1575 1543 1738 1575 Graecam
1765 1543 1950 1575 Ecclesiam
1979 1555 2054 1576 cum

1086 1585 1225 1617 ludaica.
1275 1585 1404 1616 Interim
1433 1592 1483 1617 est
1511 1585 1654 1624 Paulus,
1683 1586 1715 1616 id
1747 1593 1814 1624 est,
1850 1592 2054 1628 contemptus

1086 1635 1116 1660 et
1153 1634 1283 1670 spretus
1311 1627 1459 1665 Latinis,
1495 1629 1579 1659 sicut
1614 1630 1744 1660 tandem
1777 1628 1969 1661 interfectus
2006 1635 2057 1661 est

1086 1671 1218 1702 Romae.

1172 1714 1236 1745 ista
1255 1713 1481 1745 Grammatica
1503 1713 1592 1745 volui
1614 1715 1751 1755 primum
1776 1715 1896 1752 dicere,
1921 1725 1961 1746 ne
1985 1715 2056 1746 sitis

1086 1756 1181 1798 plane
1206 1757 1305 1788 rudes
1328 1755 1440 1787 talium
1465 1768 1587 1788 rerum:
1612 1764 1641 1788 et
1669 1764 1698 1787 ut
1723 1758 1882 1789 excitetur
1905 1758 1935 1788 in
1961 1758 2056 1789 vobis

1086 1799 1270 1841 diligentia:
1305 1798 1389 1834 Quia
1419 1801 1623 1840 quorundam
1655 1806 1702 1830 est
1734 1801 1828 1831 nimis
1859 1801 2000 1841 agrestis
2025 1806 2057 1832 et

1086 1843 1259 1874 barbarica
1283 1842 1423 1873 inscitia.
1470 1842 1610 1880 Vereor,
1636 1853 1675 1873 ne
1701 1841 1796 1883 paulo
1821 1850 1896 1884 post
1928 1844 2056 1884 ingruat

1085 1895 1203 1916 crassa
1231 1885 1391 1926 quaedam
1416 1885 1597 1916 barbaries.
1644 1885 1739 1920 Quod
1771 1897 1842 1917 cum
1878 1885 1950 1923 fiet,
1986 1897 2056 1918 cre·

1086 1935 1178 1959 scent
1208 1926 1443 1959 contusiones.-
1479 1928 1567 1959 Satis
1598 1939 1685 1960 nunc
1715 1935 1763 1958 est
1796 1934 2055 1960 monstrosarum

1085 1971 1282 2011 opinionum.
1333 1969 1374 2001 Et
1407 1977 1536 2008 tamen,
1581 1972 1608 2002 si
1650 1972 1829 2002 accesserit
1876 1972 2056 2009 barbaries,

1085 2020 1177 2044 erunt
1202 2012 1304 2044 multo
1327 2013 1467 2044 maiores
1492 2014 1659 2045 tenebrae.
1705 2013 1845 2048 Quando
1868 2020 1976 2044 manet
1999 2013 2054 2045 ali-

1085 2057 1160 2098 quid
1192 2055 1293 2093 lucis,
1318 2062 1349 2086 et
1372 2055 1538 2097 diligentia
1562 2057 1647 2097 viget
1672 2057 1703 2086 in
1727 2057 1975 2087 considerandis
1999 2067 2055 2087 vo-

1084 2098 1223 2137 cabulis,
1245 2098 1434 2139 phrasibus,
1459 2098 1618 2136 historiis,
1641 2098 1771 2130 facilius
1795 2106 1932 2140 possunt
1964 2097 2054 2130 evol·

1085 2143 1115 2172 vi
1139 2141 1308 2183 pleraque,
1332 2142 1363 2172 in
1389 2142 1565 2173 maioribus
1589 2143 1686 2173 etiam
1710 2142 1994 2182 disputationibus.

1355 2309 1417 2348 De
1449 2309 1543 2348 locis
1576 2307 1788 2347 doctrinae.

1171 2441 1234 2472 lam
1258 2441 1405 2473 dicemus
1429 2442 1469 2472 de
1492 2441 1575 2472 loeis
1601 2441 1789 2475 doctrinae,
1818 2442 1872 2482 qui
1897 2448 1971 2472 sunt
1999 2453 2052 2473 co·

1083 2483 1205 2525 gitandi
1236 2484 1267 2515 in
1298 2484 1434 2515 historia
1460 2483 1563 2515 Pauli.
1608 2483 1668 2514 Hic
1697 2494 1821 2524 quaero
1851 2485 1987 2524 primum
2023 2486 2052 2515 in

1083 2536 1223 2567 genere:
1248 2526 1358 2562 Quare
1383 2537 1521 2558 neeesse
1545 2534 1593 2557 est
1617 2536 1718 2557 nosse
1743 2525 1899 2557 historias
1922 2534 2052 2557 saneto-

1082 2579 1151 2601 rum
1176 2570 1206 2599 in
1230 2569 1406 2600 Ecclesia?

1169 2611 1377 2651 Respondeo.
1428 2611 1520 2642 Sicut
1551 2612 1581 2642 in
1613 2610 1757 2652 qualibet
1785 2611 1965 2652 Republica
1996 2621 2051 2643 ne-

1814 2672 1846 2694 '20
