2324 2958
226 155 290 188 683

226 249 379 284 moritum
403 247 472 280 Sed
494 253 604 279 tamen
627 247 794 288 regnabit:
821 246 913 289 Ergo
936 253 1097 290 resurget.
1142 246 1203 277 Di-

225 292 333 329 videa]
358 291 389 322 id
414 297 476 329 est,
498 289 617 322 multas
641 296 758 333 gentes
782 290 845 322 sibi
869 291 1036 331 adiunget,
1067 287 1204 330 colliget

223 332 409 366 Ecclesiam
443 344 484 365 ex
517 332 628 364 multis
658 334 834 375 gentibus,
867 331 1008 364 sortibus
1040 331 1200 373 Regibus,

224 377 448 417 Principibus,
478 377 677 408 nationibus.
724 376 766 408 Et
793 380 862 417 ipse
883 378 974 413 talia]
1020 376 1090 406 Das
1118 375 1204 406 beist

224 420 332 457 Nasa,
352 420 383 451 id
407 425 470 457 est,
493 418 644 451 abstulit:
674 418 827 451 Christus
855 427 922 449 non
950 416 1059 448 solum
1090 421 1202 458 gestat

223 470 337 494 nostra
371 468 527 503 peccata,
560 463 620 494 sed
649 462 745 494 etiam
767 460 887 499 aufert,
919 466 952 492 et
974 460 1081 491 reddit
1103 460 1200 491 nobis

223 506 376 537 iustitiam
400 512 431 536 et
456 506 554 536 vitam
577 510 756 536 aeternam.

224 590 262 622 m
295 550 375 599 ‚¹³5⁰
397 548 713 590 transgressoribus]
748 546 908 578 Doctrina
942 546 984 577 de
1010 544 1200 577 sacerdotio

265 597 358 622 111511.

301 757 441 797 Partes
473 755 690 796 sacerdotis
722 754 840 795 huius
872 768 976 808 quae
1008 752 1127 794 sunt?

314 857 340 888 l.
364 858 462 887 Pone!
485 855 624 887 animam
643 858 822 894 peccatum,
844 852 959 885 offeret
980 862 1028 883 se.
1073 852 1105 883 2.
1134 851 1200 884 Ro·

227 900 317 943 gabit
340 910 400 941 pro
424 899 481 930 eis.
528 896 680 929 Officium
699 897 882 928 sacerdotis
900 896 1016 927 summi
1036 901 1099 932 est,
1123 904 1201 926 sese

226 942 361 980 offerre,
397 948 428 973 et
457 939 625 982 applicare
654 940 749 971 nobis
779 938 990 971 sacrificium.
1041 937 1201 969 Precatur

227 996 285 1027 pro
310 986 424 1023 nobis,
454 990 491 1014 ut
520 982 718 1014 sacrificium
747 993 841 1014 suum
865 983 962 1013 nobis
985 981 1100 1022 prosit.
1145 979 1201 1011 Vi-

226 1029 317 1066 dere,
341 1035 374 1059 ut
398 1026 554 1068 relegatis
578 1026 665 1057 istud
689 1032 798 1067 caput,
821 1030 857 1057 ut
873 1026 915 1056 sit
927 1025 1022 1056 vobis
1040 1029 1110 1055 tota
1127 1034 1201 1054 nar-

225 1072 308 1103 ratio
322 1070 504 1112 prophetae
516 1069 771 1100 familiarissime
791 1074 881 1106 nota,
903 1068 989 1100 sicut
1009 1067 1107 1098 debet
1125 1076 1202 1098 esse

226 1115 257 1145 111
281 1113 434 1146 Ecclesia
458 1113 610 1144 omnibus
633 1112 815 1143 notissima.

542 1308 618 1340 DlE
642 1307 896 1340 PASCHATIS.

421 1385 689 1429 Evangelium
712 1384 840 1416 Marci
863 1383 1010 1416 ultimo.

443 1466 520 1497 Cum
539 1468 713 1495 transisset
733 1461 915 1500 Sabbatum,
937 1465 996 1493 etc.

316 1543 370 1574 Ex
402 1541 689 1584 praelectione
711 1539 815 1571 Anni
839 1537 995 1571 Christi
1026 1537 1120 1569 1551.

483 1647 602 1688 Unde
636 1646 748 1686 venit
782 1644 957 1686 Ostern‘?

318 1749 369 1780 Ab
394 1749 561 1785 rra-tehen,
595 1746 682 1788 quod
706 1756 765 1787 per
783 1745 962 1787 Syncopen
991 1750 1041 1775 est
1064 1747 1208 1784 rfferste—

230 1795 324 1831 huna.
380 1791 451 1833 Ego
493 1790 623 1821 memini
665 1788 760 1820 valde
802 1786 947 1819 insulsas
987 1786 1208 1829 etymologias

231 1836 326 1867 liuius
351 1833 599 1875 appellationis:
624 1833 683 1863 secl
708 1833 771 1863 ista
795 1838 845 1862 est
869 1841 958 1862 vera.
1007 1830 1078 1861 Vos
1102 1831 1207 1868 scitis,

230 1878 295 1909 lioc
321 1889 404 1918 opus
424 1887 500 1908 esse
520 1877 604 1906 inter
623 1876 764 1907 omnium
778 1875 916 1906 maxime
935 1871 1110 1911 mirabilia,
1125 1883 1209 1915 quae

233 1928 369 1953 ostensa
404 1926 479 1951 sunt
510 1920 621 1961 generi
646 1919 808 1956 humano,
831 1916 1003 1954 videlicet,
1033 1917 1210 1948 resuscita-

234 1966 353 1995 u'onem
378 1973 417 1994 ex
441 1970 554 1994 morte.

319 2005 422 2038 Filius
449 2006 507 2037 Dei
539 2012 586 2036 est
612 2004 849 2047 primogenitus
873 2013 914 2034 ex
939 2002 1098 2040 mortuiS,
1125 2002 1211 2033 sicut

235 2049 358 2082 Paulus
380 2051 499 2091 inquit:
524 2049 553 2079 111
574 2055 637 2085 est,
661 2053 796 2089 propter
819 2047 925 2087 ipsum
949 2052 981 2077 ct
997 2045 1052 2076 alii
1067 2045 1208 2076 resusci—

235 2101 356 2132 tantur,
380 2099 411 2124 et
433 2103 492 2134 per
515 2093 634 2132 ipsum:
659 2092 754 2122 etiam
779 2090 832 2131 qui
858 2095 933 2120 sunt
952 2095 1049 2119 antea
1068 2088 1211 2119 resusci-
1234 2107 1240 2144 1

234 2138 304 2168 tati.
329 2143 405 2167 sunt
429 2135 617 2167 resuscitati
641 2144 700 2175 per
724 2143 808 2166 eum.
832 2139 862 2164 et
886 2138 1019 2172 propter
1039 2141 1121 2163 eum.
1159 2130 1211 2161 Di-

235 2181 320 2212 citur
343 2181 438 2211 etiam
462 2178 699 2220 primogenitus
724 2186 762 2207 ex
787 2176 939 2207 mortuis:
963 2175 1038 2216 quia
1062 2172 1115 2205 alii
1139 2182 1213 2204 ante

235 2234 307 2255 enm
324 2223 522 2253 resuscitati.
548 2231 610 2252 non
627 2226 705 2252 sunt
720 2219 904 2251 resuscitati
925 2219 965 2249 nd
981 2227 1100 2249 novam
1124 2215 1212 2248 illam

236 2273 265 2296 et
290 2264 492 2307 spiritualem
517 2265 628 2295 vitam.

324 2309 470 2340 Lazarus
495 2308 722 2343 resuscitatus,
745 2312 863 2346 postea
886 2304 964 2335 vixit
988 2301 1043 2334 illa
1058 2303 1124 2334 vita
1142 2313 1213 2333 cor·
1237 2322 1241 2347 Ι

237 2351 353 2394 poi-uli.
381 2352 502 2390 uwlixf.
526 2351 682 2385 comedit,
706 2349 801 2383 bibit.
825 2347 883 2379 fuit
906 2346 1055 2378 mortalis
1087 2356 1213 2377 rursuS.

239 2397 294 2426 Sic·
318 2397 413 2425 etium
439 2394 570 2425 excitati
595 2394 636 2423 ab
660 2391 815 2423 Helisaeo
839 2397 870 2422 et
893 2389 964 2421 Elin
988 2389 1213 2426 comederunt,

239 2439 409 2474 biberunt,
444 2444 475 2467 vt
510 2438 656 2467 vixerunt
694 2436 724 2466 in
759 2441 874 2466 natura
908 2432 1057 2470 mortali,
1093 2431 1240 2473 ψιιχικῇ.[

240 2482 391 2512 (Ἧι-151115
423 2487 528 2511 :nutem
561 2480 701 2510 surrexit
726 2488 803 2508 vore
827 2478 955 2519 quidem
979 2487 1051 2507 cum
1076 2485 1215 2516 roi-pore
1238 2494 1240 2499 π

240 2525 307 2555 illo.
332 2525 417 2566 quod
443 2532 539 2553 :inti-u
563 2521 700 2553 mortale
724 2521 844 2552 suerat:
869 2520 927 2551 sed
952 2519 1039 2561 quod
1063 2519 1124 2549 inm
1149 2529 1213 2549 11111-
1238 2527 1241 2535 ·

241 2567 323 2608 plius
345 2579 408 2598 n‘tn
431 2566 567 2597 mortain
586 2572 648 2601 ost,
667 2576 731 2596 111111
751 2562 975 2604 corruptibile,
997 2572 1062 2594 non
1081 2561 1213 2601 ψυχικόν.

244 2612 297 2640 1ἶκ1
324 2611 407 2641 mim
429 2620 550 2651 corpus
575 2608 652 2639 illud
678 2615 792 2649 postca
817 2618 881 2639 non
906 2606 1088 2637 subiectum
1112 2611 1213 2636 mutu-

859 153 972 186 PHlL.
995 152 1100 186 MEL.
1123 152 1311 186 SCRIPTA
1333 151 1597 185 EXEGETICA.

2165 155 2230 189 684

1254 246 1398 277 tionibus
1427 244 1695 284 elementaribus,
1717 246 1752 278 id
1773 252 1842 284 est,
1860 244 2145 287 alterationibus,
2173 256 2230 281 aut

1256 289 1533 329 corruptionibus,
1557 289 1619 320 sed
1641 289 1722 321 vivit
1744 299 1832 320 nova
1844 290 1985 331 quadam
2002 291 2070 322 vita
2083 297 2231 331 aeterna,

1254 341 1321 362 non
1351 329 1448 364 alitur
1476 337 1556 373 potu
1586 338 1650 363 aut.
1665 332 1758 363 cibo:
1788 333 1938 373 quamvis
1961 333 2033 373 ipse
2055 334 2152 365 eiiam
2175 344 2230 366 co-

1254 374 1366 413 medit,
1391 375 1481 416 quod
1504 375 1613 406 statim
1636 381 1688 406 est
1710 380 1866 406 mutatum
1889 375 1921 406 in
1943 374 2040 407 aliam
2059 382 2227 408 naturam:

1254 417 1340 448 sicut
1362 418 1495 459 quando
1513 418 1636 459 exigua
1654 416 1781 459 guttula
1799 427 1906 459 aquae
1924 418 2012 449 cadit
2028 419 2060 450 in
2077 429 2138 450 vas
2150 420 2230 458 vini,

1253 460 1363 491 statim
1387 461 1597 498 absorbetur,
1620 470 1661 492 ac
1683 461 1821 491 vertitur
1839 460 1872 491 in
1888 467 2039 492 naturam
2058 463 2134 494 vini.
2164 462 2231 495 Sed

1253 501 1319 534 hoc
1342 501 1463 534 factum
1487 509 1539 534 est
1561 503 1830 535 extraordinarie·

1340 544 1470 577 Deinde
1508 546 1604 577 etiam
1643 545 1710 577 hoc
1742 545 1961 578 considerate.
2026 545 2067 578 Ut
2105 548 2232 580 scirem

1254 587 1421 629 Apostoli,
1444 587 1532 620 hunc
1550 587 1727 620 Dominum
1750 589 2002 627 resuscitatum,
2030 600 2096 621 non
2125 589 2231 623 fuisoe

1254 636 1439 671 spectrum3
1467 631 1540 672 ipse
1563 637 1653 663 totos
1676 632 1747 663 dies
1766 632 1808 662 40
1832 632 1912 662 vixit
1933 633 2022 673 apud
2044 643 2122 672 eos,
2152 644 2231 666 con-

1254 679 1407 705 versatus
1426 679 1478 705 est
1500 684 1575 705 cum
1598 674 1656 706 eis.
1702 673 1875 716 Cogitate,
1906 673 1996 706 nullo
2026 682 2175 716 tempore
2197 677 2231 708 in

1254 717 1406 748 omnibus
1437 717 1604 748 aetatibus
1631 718 1742 749 mundi
1768 716 1834 749 tale
1862 716 1984 759 aliquid
2007 716 2119 750 fuisse.
2167 718 2232 751 Per

1252 759 1338 791 istos
1360 759 1402 790 40
1425 759 1495 790 (lies
1519 757 1707 792 collocutus·
1731 766 1782 791 est
1805 770 1880 792 cum
1898 761 1946 791 eis
1963 759 2232 797 familiaris-<imm

1253 803 1364 834 docuit
1386 811 1446 833 eos
1468 800 1582 833 multa.
1626 801 1668 833 Et
1691 808 1797 834 tamen
1820 809 1910 834 tanta
1927 803 2038 834 adhuc
2060 801 2120 834 suit
2142 802 2231 834 infin-

1253 845 1350 876 mitas
1373 855 1504 882 eorum,
1533 850 1568 876 ut
1594 844 1755 876 haberent
1783 845 1912 875 somnia
1939 845 1980 875 de
2008 855 2113 887 regno
2141 856 2232 877 mun-

1253 888 1352 925 dano,
1370 897 1445 918 curn
1468 887 1617 918 viderent
1640 896 1714 918 eum
1734 887 1975 925 resurrexisse,
1999 897 2066 919 non
2089 889 2132 920 ad
2145 887 2232 920 ham

1253 930 1365 967 vitam,
1388 930 1448 961 sed
1470 929 1512 960 ad
1535 939 1654 960 novam
1677 928 1828 971 gloriam.

1339 972 1411 1004 Nec
1434 972 1566 1010 dubito,
1591 972 1667 1045 quin
1700 973 1977 1003 una.c0nversati
2000 973 2063 1004 sint
2085 983 2145 1014 per
2167 973 2232 1005 hoc

1253 1021 1385 1057 tempus
1416 1016 1514 1046 etiam
1549 1025 1601 1046 mu
1617 1015 1639 1046 ti
1672 1017 1800 1052 sancti,
1833 1015 1888 1056 qui
1921 1016 2109 1046 resuscitati
2143 1022 2231 1048 sunt

1254 1058 1331 1100 Ipse
1353 1058 1517 1090 Dominus
1540 1058 1671 1099 quando
1696 1057 1893 1095 resurrexit,
1916 1058 2128 1089 resuscitavit
2150 1057 2231 1090 mul-

1256 1109 1328 1138 tos;
1369 1108 1401 1132 et
1429 1100 1514 1132 haec
1544 1100 1665 1133 dicitur
1691 1100 1794 1141 prima
1824 1101 2045 1132 resurrectio:
2104 1102 2232 1133 uamvis

1256 1154 1322 1176 non
1353 1142 1429 1175 volo
1460 1153 1594 1175 movere
1624 1144 1776 1174 curiosas
1807 1144 2028 1184 quaestiones.
2108 1144 2232 1176 hristus

1256 1187 1461 1228 praedicavit
1490 1187 1523 1216 in
1551 1184 1617 1216 illis
1646 1187 1903 1226 congressibus,
1937 1194 1967 1217 et
2003 1185 2135 1218 fuerunt
2167 1197 2234 1219 um

1257 1230 1363 1261 sancti
1394 1229 1599 1266 resuscitati,
1631 1228 1718 1259 haud
1749 1228 1848 1259 dubie
1877 1229 1970 1269 primi
1993 1235 2115 1269 patres.
2161 1229 2233 1262 Eva

1258 1283 1332 1304 cum
1350 1271 1455 1303 Maria
1480 1269 1691 1302 confabulata
1714 1278 1764 1302 est
1788 1277 1948 1309 amanter,
1971 1271 2049 1302 d'mit
2073 1271 2113 1303 de
2136 1272 2232 1303 mise>

1259 1315 1317 1346 riis
1340 1323 1422 1346 suae
1444 1313 1581 1350 aetatis,
1612 1323 1696 1354 quas
1719 1313 1872 1344 sustinuit
1896 1314 1928 1344 in
1951 1313 2014 1344 hac
2038 1315 2124 1350 vita,
2153 1315 2233 1346 dixit

1260 1358 1302 1389 de
1328 1357 1484 1388 mirandis
1513 1354 1774 1387 liberationibus.
1825 1355 1970 1386 Fuerunt
1999 1365 2065 1386 una
2094 1354 2234 1394 Rachel,

1260 1400 1355 1437 Sara,
1378 1405 1410 1431 et
1431 1397 1516 1430 aliae
1539 1404 1677 1429 sanctae
1700 1403 1882 1435 matronae,
1905 1404 1935 1428 et
1958 1396 2003 1428 illi
2024 1398 2087 1438 ipsi
2110 1404 2234 1438 patres,

1260 1443 1386 1481 Adam,
1421 1441 1523 1480 Seth,
1555 1441 1628 1472 Noe
1656 1447 1688 1472 et
1715 1440 1787 1479 alii,
1822 1440 1907 1476 Quia
1936 1441 2144 1472 manifestum
2172 1447 2236 1480 oet,

1261 1486 1349 1528 quod
1373 1492 1482 1517 textus
1507 1485 1594 1523 dicit,
1616 1493 1757 1523 corpora
1774 1487 1960 1516 sanctorum
1975 1489 2142 1524 conspecta
2155 1493 2235 1516 eece.

1347 1527 1501 1569 Apostoli
1524 1527 1670 1559 breviter
1697 1525 1753 1558 illa
1782 1525 1958 1559 voluerunt
1988 1527 2135 1558 indicare
2161 1527 2236 1568 piis,

1260 1582 1326 1603 non
1350 1569 1525 1603 voluerunt
1553 1569 1680 1611 prolixe
1710 1579 1897 1611 proponere
1919 1569 2069 1601 Ethnicis
2093 1571 2234 1601 subsar»

1261 1615 1447 1646 natoribus:
1476 1614 1561 1649 Quia
1587 1614 1705 1645 videtis
1728 1613 1857 1651 statim,
1885 1613 2016 1654 quando
2044 1612 2166 1654 aliquid
2189 1611 2236 1643 di-

1261 1659 1356 1696 citur,
1380 1657 1468 1700 quod
1490 1655 1624 1698 paulum
1647 1657 1745 1687 modo
1769 1662 1877 1687 movet
1901 1656 2054 1687 curiosos
2074 1653 2235 1693 homines,

1262 1708 1327 1732 tum
1351 1707 1484 1732 movent
1505 1699 1648 1731 infinitas
1671 1699 1894 1740 quaestiones.
1939 1697 2016 1729 {llas
2045 1706 2180 1740 urgent,
2202 1699 2236 1729 in

1261 1754 1319 1776 eas
1341 1744 1543 1781 incumbunt,
1566 1749 1697 1774 caetera
1720 1742 1910 1773 necessaria
1933 1742 2095 1772 omittunt.

1348 1787 1421 1817 Vos
1450 1787 1594 1827 cogitate
1624 1784 1688 1816 hoc
1713 1785 1896 1816 mirandum
1925 1794 2010 1825 opus
2034 1783 2116 1821 Dei,
2146 1784 2236 1826 quod

1262 1829 1413 1862 videlicet
1445 1828 1547 1861 Filius
1571 1828 1633 1860 Dei
1667 1828 1772 1859 sactus
1804 1833 1853 1858 est
1883 1828 2013 1859 victima
2037 1837 2098 1868 pro
2127 1827 2237 1865 nobis,

1263 1879 1294 1904 et
1317 1872 1372 1905 illa
1396 1873 1580 1904 obedientia
1605 1869 1748 1913 placavit
1772 1871 1852 1901 iram
1877 1871 1999 1901 aeterni
2020 1869 2143 1901 Putris:
2170 1870 2234 1901 sio-

1263 1918 1308 1947 1111
1330 1916 1382 1947 1115
1405 1916 1521 1947 diebus
1544 1916 1750 1951 dictumest,
1780 1920 1811 1945 et
1845 1914 1930 1945 sicut
1954 1913 2097 1954 quotidie
2119 1912 2240 1944 auditis

1263 1966 1294 1991 et
1317 1957 1436 2001 legitis,
1461 1965 1493 1990 et
1515 1958 1604 2000 quod
1628 1968 1668 1988 ex
1692 1963 1798 1988 morte
1815 1956 1929 1988 iterum
1954 1956 2081 1987 revixit.

1361 2124 1495 2175 Quare
1528 2138 1621 2164 eum
1654 2137 1859 2177 resurgere
1892 2121 2139 2176 oportuerit?

1351 2225 1434 2260 Quia
1456 2225 1656 2266 promissum
1679 2230 1730 2255 est
1753 2223 1805 2254 isti
1830 2222 1973 2254 Domino
1996 2231 2143 2263 regnum.

1268 2383 1334 2423 Λιι
1375 2399 1455 2424 non
1494 2383 1627 2437 potuit
1664 2395 1830 2435 regnare
1871 2380 1992 2420 etiam
2032 2379 2115 2419 sine
2155 2393 2242 2418 cor-

1492 2475 1599 2515 pore,
1631 2474 1711 2499 non
1744 2457 2024 2498 resuscitatus?

1353 2561 1436 2591 Non.

1266 2605 1436 2643 eerpvntis.

1484 2560 1603 2591 Proba.
1651 2561 1764 2591 Semer-
1797 2557 1942 2588 mulieris
1977 2560 2119 2588 conteret
2149 2560 2244 2595 mput

1483 2603 1578 2640 item,
1609 2603 1732 2634 Sermni
1755 2602 1902 2633 Abrahae
1922 2603 1988 2639 suit
2009 2608 2142 2639 reynum
2168 2608 2247 2639 pro-
