2324 2958
113 161 178 194 877

111 256 248 297 Spiritus
272 261 410 286 sanctus
433 252 569 285 inclinat
587 254 628 284 ad
648 253 843 285 castitatem.
887 251 998 283 Efficit
1015 261 1083 283 mo-

110 304 162 329 tus
196 298 386 335 ordinatos,
419 296 577 338 extinguit
608 296 760 328 incendia
788 295 969 326 libidinum-
1020 294 1082 325 Ubi

109 350 177 372 non
200 346 251 371 est
273 340 410 380 Spiritus
433 345 586 376 sanctus,
614 339 764 370 homines
794 344 891 370 ruunt
918 337 1014 378 proni
1040 337 1082 368 ad

109 383 347 423 turpitudines3
370 387 405 413 ut
427 382 511 422 proh
535 380 630 413 dolor
658 381 787 412 videtis.
840 381 935 411 Paris
963 380 1081 411 insanit

109 426 288 456 amoribus.
347 423 444 456 Prius
472 425 585 456 habuit
612 424 799 459 Eunonem;
826 430 945 464 postea
974 423 1082 464 rapuit

109 466 278 499 Helenam.

195 527 341 557 Flac-tuat
363 529 492 557 incertis
515 526 682 556 ardoribus
704 535 792 555 error
815 528 978 555 minantum.

107 595 179 626 Hae
209 602 285 626 sunt
313 594 509 627 Diabolicae
537 594 697 626 flammae.
750 593 893 625 Castitas
924 601 974 625 est
998 603 1082 634 opus

108 638 271 675 divinum,
313 644 345 669 et
383 638 551 679 proprium
589 637 731 678 Spiritus
766 637 884 667 sancti:
925 637 1083 668 discernit

107 679 216 712 Deum
243 679 297 712 vel
326 682 465 712 maxime
488 691 507 711 a
531 678 625 711 malis
653 679 790 711 naturis·
842 678 1003 711 Diabolus
1027 681 1082 711 de-

106 722 249 755 lectatur
271 724 487 765 turpitudine,
517 732 583 753 non
609 723 696 764 quod
719 722 781 763 ipsi
805 722 847 752 sit
870 732 992 759 suave,
1021 723 1081 753 sed

107 772 231 797 tantum
255 767 332 797 odio
356 766 434 802 Dei;
459 772 491 796 et
514 766 591 807 quia
612 765 674 797 scit
699 775 738 796 ex
762 765 949 796 libidinibus
973 766 1003 796 in
1028 775 1081 807 ge-

106 818 186 840 nere
208 808 350 840 humano
373 809 451 840 oriri
473 809 632 839 maximas
657 807 872 839 calamitates-

194 851 240 882 lta
269 852 302 882 in
331 852 417 883 dicto
445 850 539 882 Pauli
569 849 708 891 pulchre
736 857 960 882 monstrantur
985 850 1108 881 bene-¹

107 894 183 925 ficia
206 891 348 934 Spiritus
372 895 496 931 sancti,
527 905 599 924 cum
625 894 808 925 nominatur
832 893 971 932 Spiritus
994 893 1081 922 robo-

105 939 165 971 ris,
196 936 393 970 dilectionis,
423 942 455 968 et
485 938 713 977 σωφρονισμοῦι
744 946 804 967 seu
835 937 1080 975 rostitit-ationis.

107 979 236 1011 Sumite
270 986 378 1011 autem
413 978 477 1010 alia
511 989 644 1020 quoque
679 979 866 1020 Scripturae
894 980 1000 1010 dicta:
1034 984 1080 1017 ut,

105 1021 190 1055 haec
212 1024 374 1053 sententia
396 1023 484 1063 apud
508 1021 701 1053 Zachariam
725 1021 864 1063 insignis
888 1028 956 1052 est:
979 1020 1082 1059 Effim-

107 1064 178 1094 dam
201 1075 292 1104 super
315 1065 435 1095 domum
458 1065 565 1094 David
587 1065 738 1104 Spiritum
759 1065 883 1103 qratiae
901 1068 929 1093 et
946 1074 1079 1102 precum.

255 1228 364 1278 Quld
396 1229 595 1282 Significat
625 1233 765 1273 Spiritus
786 1234 932 1271 yrutiae?

190 1317 386 1360 Intelligatis
410 1317 558 1359 publice,
590 1324 622 1350 et
644 1320 812 1360 privatim,
842 1319 876 1349 in
900 1328 1000 1349 voce:
1025 1319 1081 1350 mi-

103 1361 229 1393 nisterii
251 1359 444 1402 Evangelii,
470 1367 503 1392 et
525 1362 557 1392 in
580 1360 786 1401 singulorum
810 1361 977 1392 cordibus.

190 1402 333 1445 Spiritus
356 1410 493 1435 sanctus
515 1405 685 1435 annuntiat
707 1405 740 1434 in
764 1404 943 1435 ministerio
966 1405 1080 1435 remis-

103 1446 230 1477 sionem
259 1453 490 1488 peccatorum,
518 1447 622 1488 gratis
653 1446 794 1478 dandam
822 1452 958 1487 propter
988 1445 1080 1478 Chri-

103 1495 209 1527 stum,
233 1496 264 1520 et
287 1489 512 1530 accipiendam
536 1488 619 1525 fide,
644 1487 742 1520 simul
765 1490 860 1520 etiam
884 1489 1081 1520 testificatur

102 1532 135 1563 in
160 1532 334 1569 cordibus,
359 1532 448 1573 quod
472 1533 575 1563 simus
598 1532 742 1573 accepti,
767 1541 840 1563 cum
863 1532 1024 1563 credimus
1048 1532 1080 1563 in

103 1573 281 1607 Christum.
327 1574 402 1605 Non
431 1573 541 1606 solum
569 1581 679 1606 autem
707 1576 878 1606 annuntiat
906 1581 937 1606 et
964 1573 1080 1606 laetifi—
1103 1566 1106 1584 ⁴

103 1622 197 1648 catur
228 1617 269 1649 de
300 1618 495 1648 remissione
525 1623 753 1658 peccatorum,
788 1618 847 1648 sed
871 1619 968 1648 etiam
990 1618 1106 1649 iuvat·

102 1669 185 1697 nos=
213 1666 247 1690 ut
279 1665 463 1691 statuamus
492 1670 553 1691 nos
583 1670 659 1691 esse
688 1661 720 1691 in
750 1661 855 1701 gratia
878 1659 958 1696 Dei;
988 1666 1079 1692 certo
1104 1655 1106 1696 ᾗ

101 1701 240 1743 placere
268 1702 358 1734 Deo.
391 1703 487 1734 nobis
516 1709 654 1743 peccata
686 1712 761 1734 esse
785 1703 923 1734 remissa
946 1709 1081 1744 propter
1104 1699 1106 1734 Ξ

104 1742 286 1776 Christum.
330 1745 413 1776 Nam
431 1745 570 1787 Spiritus
594 1752 730 1777 sanctus
752 1744 886 1777 inclinat
910 1746 1022 1783 corda,
1047 1751 1081 1777 ut

105 1787 330 1819 assentiantur
363 1787 565 1829 Evangelio,
605 1795 639 1819 ut
673 1794 861 1830 agnoscant
895 1789 1081 1820 misericor-

105 1831 209 1868 diam,
235 1836 268 1861 ut
291 1829 355 1861 fide
376 1831 537 1872 accipiant
561 1830 739 1863 Christum.

267 1994 349 2035 CUI*
381 1995 563 2034 nominat
592 2000 743 2040 Spiritum
762 2001 911 2041 precum?

191 2085 275 2122 Quia
304 2086 455 2117 accendit
484 2086 515 2116 in
547 2085 642 2117 nobis
670 2086 908 2119 invocationem
938 2095 970 2119 et
993 2086 1078 2119 alios

105 2128 215 2161 cultus
246 2127 320 2159 Deo
352 2128 535 2170 placentes.
582 2127 663 2159 Cum
694 2131 926 2171 cognoscimus
955 2132 1078 2162 miseri-

106 2172 250 2203 cordiam
279 2170 360 2209 Dei,
397 2178 427 2203 et
457 2171 637 2212 accipimus
668 2174 894 2204 remissionem
925 2180 1078 2215 peccato-

104 2225 193 2252 rum,
229 2215 386 2245 audemus
417 2215 479 2245 iam
510 2213 671 2245 accedere
700 2215 742 2246 ad
766 2214 888 2254 Deum,
921 2218 1078 2248 invocare

105 2267 189 2288 eum.
239 2257 323 2288 Nam
348 2258 409 2289 nisi
434 2257 516 2288 tides
539 2257 623 2287 adsit
648 2264 797 2289 statuens
821 2259 861 2289 de
884 2260 1079 2291 remissione

104 2304 334 2341 peccatorum,
368 2299 497 2341 fugiunt
528 2300 629 2330 corda
661 2300 784 2339 Deum,
817 2311 882 2332 non
911 2303 1076 2333 invocant.

105 2341 340 2383 Complectitur
377 2349 482 2374 autem
524 2343 710 2380 invocatio,
739 2350 771 2374 et
808 2350 939 2375 ceteros
969 2353 1078 2377 motus

104 2386 195 2426 pios,
219 2386 371 2416 fiduciam
394 2385 629 2423 exauditionis,
653 2396 757 2427 spem,
780 2385 998 2423 dilectionem,
1023 2389 1079 2420 bo-

104 2437 180 2459 num
203 2429 427 2469 propositum,
450 2429 591 2460 studium
616 2429 830 2460 obedientiae.

191 2469 335 2502 Prorsus
359 2472 443 2502 idem
466 2472 584 2503 dicitur
607 2478 639 2502 et
662 2472 693 2502 in
721 2471 787 2504 hoc
816 2472 919 2504 dicto:
949 2473 1079 2513 Accepi-

104 2514 162 2542 sh's
184 2512 335 2552 Spiritum
359 2514 543 2554 adoptionis
565 2514 714 2553 filiorum,
749 2517 781 2544 in
809 2526 870 2555 quo
898 2515 1078 2547 clamamus:

104 2555 193 2585 Abba
211 2560 314 2595 pater.
360 2556 530 2595 Clamare,
561 2556 650 2586 Abba
675 2561 782 2597 pater,
812 2564 862 2589 est
890 2569 1078 2601 agnoscere

103 2597 212 2630 Deum
235 2599 300 2631 iam
323 2609 400 2632 esse
422 2605 548 2641 patrem
570 2606 739 2639 nostrum,
762 2605 796 2633 et
819 2611 892 2633 eum
914 2602 964 2634 sic
986 2603 1078 2634 invo-

799 157 1017 189 POS'l'lLLA
1035 156 1430 190 MELANTHONIANA.

2045 159 2111 192 878

1133 260 1220 282 care.
1266 249 1302 281 ld
1325 258 1434 282 autem
1456 252 1507 289 fit,
1531 262 1604 284 cum
1628 252 1692 284 fide
1715 252 1990 294 apprehendimus
2015 254 2108 285 boni·

1131 299 1230 324 tatem
1265 299 1296 324 et
1330 294 1587 326 misericordiam
1622 294 1702 334 Dei,
1738 306 1810 326 cum
1846 297 2011 327 credimus
2046 305 2109 327 nos

1132 336 1233 376 recipi
1255 336 1289 366 in
1313 336 1461 377 gratiam.
1507 336 1579 368 Hac
1602 337 1665 368 fide
1689 337 1898 379 confugimus
1921 340 1963 369 ad
1986 338 2107 377 Deum,

1131 379 1270 419 petimus
1304 385 1336 409 et
1369 385 1580 419 expectamus
1616 381 1720 418 bona,
1761 381 1933 422 incipimus
1969 381 2107 423 diligere

1131 420 1255 459 Deum,
1284 421 1474 452 subiicimus
1504 431 1566 452 nos
1589 423 1635 460 ei,
1665 432 1838 463 speramus
1862 424 1893 454 in
1917 434 2008 461 eum,
2040 431 2108 455 stu-

1133 464 1248 495 demus
1272 464 1410 505 obsequi
1433 462 1594 495 voluntati
1619 465 1699 495 eius.

1217 506 1283 537 Sed
1307 506 1514 538 considerate
1537 513 1568 537 et
1592 506 1657 537 hoc
1680 508 1800 538 dictum
1824 507 1962 539 Psalmi.
1985 510 2016 539 in
2041 519 2106 550 quo

1133 555 1185 581 est
1201 550 1347 591 precatio
1367 560 1426 590 pro
1447 550 1624 580 donatione
1643 550 1781 590 Spiritus
1801 551 1920 581 sancti:
1947 551 2008 580 Cor
2026 562 2106 580 mun-

1132 592 1203 621 dum
1226 602 1298 621 crea
1320 593 1352 621 in
1375 602 1420 621 me
1443 603 1460 621 o
1484 592 1586 627 Deus,
1617 596 1647 621 et
1669 592 1822 631 Spiritum
1850 597 1963 621 rectum
1994 595 2105 623 innova

1132 636 1164 664 in
1186 634 1352 664 vsssceribus
1374 636 1462 664 meis.-
1496 634 1545 663 Ne
1572 636 1730 673 proiit-ius
1758 645 1802 663 me
1825 646 1843 663 α
1869 636 1954 673 facie
1977 640 2046 669 tua,
2077 641 2106 666 et

1131 678 1282 717 Spiritum
1305 681 1441 708 sanctum
1464 681 1545 706 tuum
1569 688 1606 707 ne
1629 679 1754 715 auferas
1773 688 1790 706 α
1810 688 1864 708 me.
1908 677 2017 707 Redde
2035 679 2108 707 milti

1131 720 1282 750 laetitiam
1297 720 1448 750 salutaris
1460 721 1515 754 tui,
1533 724 1563 749 et
1581 722 1696 759 spiritu
1711 720 1886 759 principali
1904 724 2039 750 sustenta
2053 731 2105 750 me.

1212 886 1259 925 In
1291 899 1371 939 quo
1404 885 1563 925 Psalmo
1596 891 1759 925 exstant
1789 885 1830 924 hi
1862 885 2026 925 versus?

1220 976 1253 1007 {n
1278 975 1412 1006 Psalmo
1436 976 1592 1005 Miserere.
1645 975 1727 1006 Eum
1749 974 1870 1017 singuli
1895 976 2021 1007 debetis
2045 987 2109 1007 me·

1133 1019 1268 1050 moriter
1292 1019 1454 1056 ediscere,
1478 1025 1509 1049 et
1533 1028 1629 1050 orare
1653 1019 1810 1059 quotidie.
1855 1019 1889 1049 ln
1914 1028 1952 1050 eo
1973 1017 2108 1050 Psalmo

1132 1061 1240 1092 David
1264 1062 1402 1102 primum
1424 1062 1505 1101 petit
1527 1062 1755 1092 remissionem
1778 1067 2005 1102 peccatorum:
2047 1061 2109 1093 De-

1133 1104 1208 1135 inde
1231 1103 1439 1134 donationem
1458 1104 1601 1145 Spiritus
1623 1104 1741 1135 sancti.
1788 1104 1821 1134 ln
1846 1104 1911 1135 fine
1933 1102 2108 1144 pollicetur

1133 1145 1207 1177 Deo
1236 1146 1466 1188 gratitudinem
1497 1156 1590 1177 suam
1619 1147 1652 1177 in
1684 1145 1896 1177 confessione
1924 1147 2106 1185 doctrinae,

1134 1196 1165 1219 et
1188 1188 1261 1220 aliis
1285 1188 1440 1226 cultibuS,
1464 1195 1496 1220 et
1517 1189 1596 1220 iacit
1620 1188 1829 1221 collationem
1849 1191 2105 1221 ceremoniarum

1134 1239 1166 1263 et
1188 1232 1378 1263 interiorum
1401 1231 1563 1270 cultuum,
1587 1239 1618 1264 et
1643 1231 1810 1264 concludit
1834 1233 2024 1273 precatione
2046 1243 2106 1273 pro

1135 1275 1367 1305 constitutione
1384 1281 1416 1305 et
1435 1276 1690 1306 conservatione
1709 1276 1807 1306 totius
1821 1274 2004 1306 Ecclesiae.
2039 1275 2106 1307 Sed

1135 1318 1251 1348 discite
1274 1327 1361 1349 nunc
1384 1317 1569 1359 intelligere
1592 1319 1705 1355 verba,
1723 1328 1806 1359 quae
1825 1319 1962 1349 recitavi
1981 1328 2022 1349 ex
2042 1318 2107 1349 hoc

1133 1359 1266 1391 Psalmo
1291 1361 1332 1391 de
1355 1360 1525 1392 effectibus
1549 1361 1687 1401 Spiritus
1706 1361 1823 1391 sancti.
1860 1360 1952 1391 Unus
1971 1366 2002 1391 et
2020 1361 2107 1392 idem

1134 1403 1275 1444 Spiritus
1305 1409 1375 1441 est,
1406 1404 1460 1444 qui
1491 1404 1554 1434 ciet
1576 1410 1685 1434 motus
1708 1403 1741 1433 in
1764 1401 1970 1445 singulorum
1992 1409 2106 1444 pecto-

1133 1446 1243 1483 ribus,
1267 1447 1322 1488 qui
1344 1452 1395 1476 est
1418 1446 1558 1487 Spiritus
1582 1452 1711 1483 rectus,
1736 1452 1891 1484 sanctus,
1915 1445 2106 1488 principalis

1133 1487 1187 1520 vel
1210 1495 1423 1529 spontaneus

1334 1653 1460 1703 'Quid
1492 1661 1612 1693 vocat
1644 1669 1698 1688 cor
1721 1659 1880 1690 mundum?

1217 1744 1315 1776 Nulla
1349 1743 1424 1776 talis
1455 1750 1506 1775 est
1539 1745 1719 1776 mundicies
1749 1745 1780 1775 in
1810 1745 1924 1784 nobis,
1958 1744 2106 1777 utnulla

1132 1788 1197 1819 sint
1220 1793 1367 1829 peccata.
1414 1788 1477 1819 Sed
1501 1798 1559 1818 cor
1582 1788 1747 1825 mundum,
1771 1793 1821 1818 est
1845 1798 1902 1819 cor
1924 1788 2107 1830 praeditum

1131 1830 1214 1867 fide,
1237 1831 1405 1871 accipiens
1430 1831 1656 1861 remissionem
1679 1837 1890 1871 peccatorum
1914 1831 1996 1868 fide,
2020 1832 2107 1872 puri-

1132 1873 1263 1904 ficatum
1293 1872 1367 1904 fide.
1424 1872 1521 1908 Quod
1551 1874 1703 1916 congruit
1732 1883 1805 1905 cum
1829 1873 1915 1905 dicto
1940 1873 1971 1904 in
1995 1874 2106 1905 Actis:

1132 1916 1212 1945 Fide
1230 1917 1436 1955 purificantur
1459 1916 1567 1945 corda.
1614 1917 1752 1957 Oportet
1775 1919 1861 1947 enim
1884 1926 1945 1947 nos
1969 1918 2106 1957 primum

1130 1958 1254 1990 habere
1277 1960 1507 1990 remissionem
1529 1965 1753 2000 pcccatorum.
1806 1958 1897 1990 Haec
1920 1965 1969 1990 est
1992 1966 2107 1991 nostra

1132 2003 1330 2040 mundicies,
1355 2008 1388 2033 et
1411 2001 1495 2033 haec
1517 2002 1582 2033 fide
1605 2008 1656 2034 est
1679 2003 1884 2043 accipienda.

1287 2166 1396 2217 Quid
1427 2167 1609 2208 nominat
1640 2172 1790 2211 Spiritum
1813 2173 1950 2203 rectum?

1217 2258 1278 2289 Est
1305 2260 1391 2290 idem
1420 2260 1509 2301 quod
1533 2258 1665 2295 firmus,
1695 2268 1760 2288 non
1785 2258 1950 2289 dubitans.
1996 2257 2104 2288 Unus-

1132 2302 1271 2344 quisque
1294 2312 1331 2333 se
1354 2302 1502 2344 aspiciat.
1547 2301 1611 2332 Ubi
1634 2311 1699 2332 non
1723 2307 1773 2332 est
1791 2301 1932 2341 Spiritus
1957 2308 2105 2339 sanctuS‚

1131 2345 1174 2376 ibi
1197 2351 1272 2376 sunt
1295 2346 1443 2387 perpetui
1471 2350 1582 2376 aestus
1613 2344 1848 2375 dubitationum
1875 2344 1915 2375 de
1944 2343 2034 2381 Deo,
2065 2345 2106 2375 de

1131 2388 1354 2429 providentia,
1384 2389 1424 2419 de
1448 2386 1614 2418 voluntate
1636 2385 1708 2417 Dei.
1755 2386 1911 2418 Homines
1941 2386 2104 2429 cogitant:

1132 2431 1167 2461 Si
1190 2441 1269 2462 vera
1293 2437 1422 2469 essent,
1447 2440 1530 2467 quae
1553 2430 1593 2460 de
1616 2430 1687 2460 istis
1710 2430 1811 2460 rebus
1835 2429 2000 2467 dicuntur,
2025 2428 2106 2461 nihil

1558 2471 1624 2504 Sed
1656 2472 1754 2514 quid?
1788 2472 1823 2502 Si
1851 2473 1915 2504 ista
1944 2479 1999 2503 aut
2028 2471 2106 2504 ficta

1132 2522 1255 2551 essent,
1279 2523 1333 2548 aut
1357 2517 1397 2547 ad
1421 2525 1473 2546 me
1494 2525 1559 2546 non
1584 2515 1806 2556 pertinerent?
1849 2514 1938 2547 Talis
1961 2515 2104 2555 Euripus

1132 2565 1184 2591 est
1213 2560 1448 2591 dubitationum
1478 2559 1510 2589 in
1541 2559 1642 2589 corde
1663 2557 1817 2590 humano.
1873 2559 1928 2590 Sic
1958 2559 2105 2600 quando-

1133 2612 1264 2644 cunque
1294 2602 1440 2633 incidunt
1462 2599 1626 2642 pericula,
1656 2602 1856 2643 cogitamus:
1883 2600 1954 2639 Ah,
1979 2601 2104 2639 nescio,

1131 2472 1207 2505 mihi
1241 2480 1331 2505 esset
1365 2468 1503 2516 gratius
