2324 2958
147 171 209 206 ml

150 272 234 304 tate,
267 265 332 297 hoc
365 270 435 302 est,
470 273 536 295 non
568 263 717 294 umbram
751 262 879 303 gaudii,
913 262 972 293 sed
1005 272 1118 293 verum

150 310 314 352 gaudium.
359 306 439 338 Item
462 303 719 338 consolationem
744 303 902 342 solidam,
925 314 991 335 non
1015 303 1118 347 hypo-

149 352 302 383 criticam.

149 513 328 562 Quaero,
368 528 419 553 an
452 513 586 553 David
617 513 657 552 in
687 511 783 567 suga
815 512 1002 551 habuerit
1033 512 1117 566 ple-

277 604 373 629 num
407 604 478 629 seu
508 588 731 643 perfectum
763 587 988 642 gaudium?

233 679 442 722 Respondeo.
488 679 546 711 Ita.
591 678 726 710 Contra.

148 845 327 885 Fuerunt,
357 852 454 884 tune
484 845 524 884 in
557 843 716 884 Davide
755 844 890 896 magni
930 842 1119 884 dolores?

233 943 442 985 Respondeo.
488 941 686 980 Perfectum,
707 952 765 973 seu
788 941 931 983 plenum,
955 941 1120 982 significat

149 986 310 1024 solidum,
334 997 399 1017 non
424 984 627 1021 simulatum3
651 986 727 1022 sed,
751 991 783 1016 ut
806 983 906 1026 vulgo
929 983 1119 1026 loquuntur,

148 1029 287 1058 cordiale
304 1029 468 1068 φιιιιΙίιιηι,
492 1028 579 1070 quod
602 1027 781 1068 perfectum
805 1034 871 1064 est,
894 1037 959 1057 nou
983 1036 1118 1058 numero

148 1071 326 1113 graduum,
361 1072 419 1103 sed
449 1077 609 1112 quatenus
641 1071 827 1111 oppositum
855 1076 907 1100 est
936 1069 1117 1110 hypocrisi,

148 1124 208 1145 seu
230 1115 366 1145 umbrae
385 1119 549 1144 externae.
596 1112 663 1143 Cor
680 1114 710 1143 in
730 1113 791 1152 piis
810 1112 907 1142 sentit
925 1112 1013 1142 initia
1032 1112 1118 1142 vitae

147 1163 179 1187 et
203 1156 345 1188 laetitiae
373 1163 545 1192 aeternae3
575 1161 609 1186 ut
638 1155 701 1185 duo
731 1154 777 1185 illi
804 1153 1037 1184 adolescentes
1067 1164 1117 1184 re-

148 1209 227 1230 cens
251 1199 415 1230 combusti
438 1199 469 1229 in
493 1197 622 1238 Belgio,
645 1203 677 1227 et
699 1196 755 1227 ille
777 1206 879 1227 senex
903 1196 1116 1227 Cantuarien-

145 1241 193 1271 sis
216 1240 402 1282 Episcopus
431 1241 464 1271 in
492 1239 632 1281 Aug-lia,
666 1245 842 1271 senserunt
869 1240 1023 1280 gaudium
1045 1249 1117 1280 per-

145 1282 267 1315 fectum
295 1283 326 1314 in
357 1284 470 1314 corde:
501 1283 532 1313 id
562 1288 631 1320 est,
667 1283 756 1313 initia
778 1281 940 1319 laetitiae,
975 1288 1006 1312 et
1029 1283 1117 1313 vitae

145 1332 317 1363 aeternae,
358 1326 483 1356 etiamsi
519 1323 615 1355 simul
649 1323 834 1356 hab-,ierunt
869 1325 1117 1365 trepidationes,

146 1369 450 1405 constet-nationes,
473 1367 657 1408 profundos
682 1368 840 1408 gemitus,
864 1366 1017 1405 dolores,
1042 1373 1105 1397 etc.

231 1411 404 1441 Sumamus
423 1410 630 1441 Laurentium
649 1420 710 1449 pro
730 1408 892 1450 exemplo·
926 1409 1017 1444 Quas
1039 1420 1116 1440 con-

146 1452 329 1484 solationes
360 1453 473 1483 habuit
501 1452 720 1483 Laurentius?
754 1452 872 1482 Habuit
903 1462 966 1482 non
991 1458 1115 1482 tantum

145 1494 395 1537 philosophicas
425 1494 518 1532 illas,
550 1504 633 1535 quae
663 1501 741 1525 sunt
767 1505 807 1525 ex
837 1495 987 1525 doctrina
1006 1493 1116 1535 legali,

145 1539 203 1569 sed
240 1539 334 1569 etiam
370 1537 609 1578 Evangelii-as,
643 1547 726 1578 quas
756 1547 820 1568 nou
850 1537 962 1567 habuit
986 1536 1116 1574 Cicero,

144 1580 319 1617 Socrates,
349 1579 559 1617 Palamedes,
590 1586 652 1610 etc.
704 1579 845 1610 Primum
876 1580 906 1610 in
938 1580 1114 1610 Laurentio

145 1629 196 1654 est
219 1621 403 1653 consolatio
423 1633 441 1651 a
464 1623 655 1651 uec-essitare.
710 1622 768 1652 Est
800 1622 884 1652 enim
912 1623 943 1652 in
966 1623 1116 1653 manibus

145 1666 290 1707 tyranni,
315 1675 376 1695 nec
400 1671 511 1706 potest
536 1670 687 1694 eventum
711 1671 846 1695 mutare.
897 1665 964 1695 Sed
987 1665 1115 1696 accedit

145 1709 176 1738 in
201 1706 350 1738 Ecclesia
379 1708 421 1739 ad
451 1707 681 1738 necessitatem
709 1706 988 1748 philosophicam,
1019 1708 1115 1738 etiam

147 1751 333 1781 necessitas
367 1751 541 1781 obediendi
577 1749 659 1780 Deo.

830 167 1046 200 POSTlLLA
1069 166 1466 200 MELANTHONIANA.

2074 168 2137 200 802

1169 260 1254 291 sicut
1282 269 1344 291 nos
1375 270 1446 291 eum
1478 257 1684 291 declaramus
1715 270 1755 292 ex
1784 261 1932 293 doctrina
1955 260 2137 293 Ecclesiae.

1169 303 1253 334 Nam
1280 312 1322 333 ex
1353 302 1506 333 mandato
1537 301 1598 333 Dei
1628 310 1797 343 promanat
1821 303 2003 335 consolatio
2028 305 2069 336 de
2093 305 2137 335 di-

1169 346 1295 388 gnitate
1319 345 1457 375 virtutiS.
1504 343 1612 375 Debet
1635 354 1711 376 esse
1734 346 1765 376 in
1788 347 1849 387 piis
1874 345 2028 378 voluntas
2050 345 2137 384 talis,

1169 398 1253 430 quae
1274 389 1463 428 acquiescat
1494 386 1526 417 in
1551 387 1735 419 obedientia
1758 389 1866 419 debita
1890 389 2042 420 mandato
2066 389 2137 420 Dei.

1168 431 1241 462 Non
1266 430 1363 461 debet
1387 430 1520 460 vincere
1542 427 1691 460 fremitus
1715 437 1745 460 et
1768 431 1949 471 indignatio
1973 432 2138 463 adversus

1169 473 1288 511 Deum,
1308 478 1342 504 ut
1361 473 1392 502 in
1412 470 1514 503 Saule
1534 472 1764 503 consciscente
1783 474 1844 503 sibi
1864 479 1999 504 mortem
2023 481 2137 505 contra

1169 521 1397 556 praeceptum:
1427 513 1499 543 Non
1523 514 1656 543 occides.

1254 557 1380 594 Tertio,
1403 562 1435 587 et
1458 557 1489 587 in
1512 555 1689 587 Laurentio
1713 556 1791 585 bona
1816 559 2022 591 conscientia,
2054 569 2139 599 quae

1169 600 1249 632 lenit
1271 601 1366 631 ctiam
1389 598 1537 630 dolorem
1561 599 1592 629 in
1615 609 1717 629 causa
1738 599 1841 630 iusta.
1892 599 1938 630 lta
1962 600 2069 631 David
2093 601 2138 632 ai—

1168 643 1258 685 legat
1281 644 1400 674 bonam
1424 641 1670 679 conscientiam,
1689 641 1857 682 inquiens:
1881 642 1992 671 ludica
2013 653 2056 672 mc
2075 643 2137 672 Do-

1168 688 1262 720 mine,
1296 684 1459 715 secuudum
1487 685 1636 713 iustitiam
1666 694 1773 718 meam,
1810 683 1938 715 scilicet
1966 685 2139 725 particula-

1169 740 1237 760 rem
1266 729 1298 759 in
1326 728 1389 759 hac
1419 737 1531 758 causa.
1582 726 1656 757 Non
1680 727 1763 757 enim
1787 725 1931 767 loquitur
1954 728 1995 758 de
2018 728 2139 759 iustitia

1169 781 1342 813 personae.
1392 770 1439 800 lta
1467 779 1528 800 uos
1552 779 1672 810 magna
1691 770 1811 810 fiducia
1835 775 1946 810 petere
1971 771 2138 805 debemus,

1169 820 1204 845 ut
1226 814 1319 845 Deus
1339 823 1399 844 nos
1423 812 1572 846 adiuvet,
1602 818 1697 853 regat
1720 818 1752 843 et
1774 810 1910 850 liberet,
1939 814 2070 854 quando
2093 814 2139 844 in-

1169 857 1256 888 iusta
1279 857 1430 896 patimur.

1255 899 1322 931 Sed
1344 898 1421 939 quid
1443 897 1471 928 si
1495 897 1681 927 destituaris
1705 896 1934 928 consolatione
1957 897 2013 929 illa
2033 899 2140 929 bonae

1170 940 1414 973 conscientiae?
1469 939 1530 970 Hic
1563 938 1778 979 Philosophia
1807 950 1872 971 non
1908 939 2006 971 habet
2037 951 2138 971 reme-

1169 985 1272 1021 dium;
1296 983 1403 1014 David
1427 982 1550 1013 eiectus
1573 993 1632 1023 per
1655 983 1846 1014 seditionem
1871 993 1910 1014 ex
1934 993 2049 1025 regno,
2073 994 2139 1014 non

1169 1025 1268 1058 habet
1291 1028 1410 1057 bonam
1433 1025 1686 1063 conscientiam,
1717 1026 1781 1056 imo
1806 1026 1913 1066 potius
1936 1025 2036 1057 habet
2061 1036 2138 1057 con-

1168 1069 1339 1100 scientiam
1356 1068 1570 1098 maximorum
1589 1066 1762 1099 scelerum.
1797 1068 1972 1099 manasses
1992 1069 2023 1099 in
2043 1067 2140 1100 exilio

1168 1122 1233 1142 non
1261 1110 1361 1141 habet
1390 1111 1512 1141 bonam
1543 1111 1785 1141 conscientiam.
1842 1110 1898 1141 Sic
1927 1121 1988 1142 uos
2012 1121 2138 1150 omues,

1168 1154 1299 1195 quando
1326 1153 1499 1184 incidimus
1526 1154 1558 1182 in
1591 1163 1784 1191 aerumnas,
1820 1154 2002 1194 cogitamus
2030 1152 2140 1195 aliqua

1168 1207 1245 1227 esse
1274 1202 1391 1227 nostra
1419 1201 1575 1235 peccata,
1609 1202 1744 1235 propter
1767 1206 1851 1236 quae
1874 1197 2054 1237 puniamur.
2099 1196 2139 1228 Et

1167 1239 1232 1270 hoc
1255 1238 1427 1270 confirmat
1448 1248 1513 1269 vox
1542 1238 1665 1269 divina:
1701 1238 1837 1278 Propter
1859 1240 2051 1278 iniquitatem
2074 1250 2138 1270 cor-

1167 1283 1247 1322 ripis
1265 1281 1346 1320 filt'os
1369 1280 1530 1311 huminum.

1253 1324 1288 1355 ln
1311 1323 1362 1355 his
1386 1333 1468 1364 ergo
1492 1324 1625 1354 casibus
1648 1333 1714 1354 non
1738 1323 1860 1354 sufficit
1884 1323 2068 1355 consolatio
2092 1324 2138 1355 le·

1168 1366 1271 1408 galis,
1309 1367 1369 1397 sed
1403 1366 1611 1407 adiungenda
1650 1372 1700 1397 est
1734 1365 1953 1407 Evangelica,
1994 1368 2034 1398 de
2073 1378 2136 1409 qua

1166 1415 1283 1451 postea
1305 1409 1422 1440 dicam.
1475 1408 1595 1448 loseph
1619 1407 1725 1439 lenius
1749 1407 1813 1439 fert
1835 1420 1928 1440 suum
1953 1420 2138 1446 carcerem;

1167 1453 1242 1493 quia
1270 1461 1336 1483 non
1367 1451 1466 1482 habet
1494 1450 1612 1481 malam
1640 1451 1875 1482 conscientiam
1903 1452 1934 1482 iu
1958 1452 2022 1483 hoc
2045 1463 2137 1491 casu,

1167 1505 1232 1536 quo
1255 1495 1477 1525 accusabatur
1499 1500 1663 1534 tamquam
1683 1493 1822 1525 adulter.
1869 1494 1936 1525 Sed
1954 1494 2062 1527 David
2081 1496 2137 1527 ha-

1167 1538 1221 1568 bet
1244 1535 1362 1568 malam
1387 1536 1638 1566 conscientiam:
1673 1536 1743 1567 Scit
1766 1547 1804 1568 se
1827 1538 1976 1578 rapuisse
1999 1536 2136 1570 alterius

1168 1581 1354 1621 coniugem,
1383 1585 1415 1610 et
1444 1577 1650 1609 interfecisse
1682 1579 1802 1617 virum,
1834 1586 1863 1610 et
1893 1581 1963 1610 suis
1992 1582 2137 1621 peccatis

1166 1623 1359 1663 praebuisse
1390 1622 1599 1652 occasionem
1629 1620 1722 1652 malis
1746 1623 1836 1660 istis,
1865 1623 1896 1653 in
1919 1623 2037 1663 quIbus
2059 1622 2136 1655 hae-

1168 1667 1270 1697 rebat.
1329 1665 1507 1704 Psopterea
1530 1665 1634 1705 magis
1659 1662 1764 1702 dolet,
1798 1671 1829 1695 et
1852 1666 1896 1695 ita
1918 1665 2067 1705 quidem,
2102 1674 2135 1697 ut

1167 1706 1301 1739 clamet:
1324 1707 1395 1736 Νοιι
1419 1710 1464 1736 est
1483 1716 1554 1746 pax
1577 1706 1696 1736 ossibus
1718 1709 1810 1736 meis:
1832 1708 1891 1738 sed
1916 1714 2023 1739 tamen
2047 1715 2135 1741 tenet

722 1750 796 1780 Non
832 1756 955 1781 tautum
990 1751 1113 1791 cogitat
1138 1765 1141 1781 ι
1167 1749 1428 1781 consolationem
1468 1760 1508 1780 ex
1548 1748 1728 1790 Evangelio
1764 1757 1878 1781 contra
1913 1749 2061 1782 dolorem
2095 1752 2136 1782 dc

146 1792 357 1823 Laurentius:
381 1793 486 1821 Feras.
505 1793 589 1832 quod
607 1794 719 1821 mutari
736 1803 796 1822 uon
812 1796 930 1831 potest:
955 1794 1012 1823 sed
1038 1803 1114 1823 con·
1138 1787 1142 1832 Ι
1166 1792 1251 1824 mala
1275 1792 1487 1830 conscientia,
1511 1798 1539 1822 et
1565 1793 1658 1832 erigit
1682 1803 1719 1822 se
1744 1793 1808 1823 tide
1827 1793 1859 1823 in
1878 1794 2018 1824 maxima
2036 1792 2136 1832 lucta,

144 1835 267 1866 siderat
297 1835 392 1866 etiam
421 1836 607 1866 mandatum
638 1834 718 1873 Dei,
753 1836 803 1867 cui
834 1836 897 1865 scit
927 1846 964 1865 se
994 1836 1114 1866 debere

144 1878 295 1915 obedire,
321 1883 350 1908 et
376 1875 518 1908 tolerare
540 1878 680 1908 adversa
704 1885 838 1919 propter
861 1877 978 1909 Deum.
1025 1878 1114 1909 llaec

143 1921 326 1951 necessitas
349 1920 523 1951 obediendi
547 1919 619 1950 Deo
642 1920 743 1952 sscctit
767 1921 978 1952 Laurentium
1000 1921 1042 1952 ad
1062 1931 1113 1961 pa-

142 1963 297 1994 tientiam.

229 2005 276 2036 lta
299 2015 373 2042 nos,
398 2005 529 2046 quando
553 2005 674 2036 scimus
698 2006 916 2037 obedientiam
938 2004 1012 2036 Deo
1037 2016 1113 2037 esse

143 2048 302 2086 debitam,
338 2049 494 2079 debemus
522 2047 587 2078 hoc
613 2048 685 2088 ipso
716 2049 824 2080 debito
854 2049 977 2079 moveri
1001 2049 1042 2079 ad
1067 2055 1113 2079 to-

142 2089 330 2127 lerantiam3
365 2091 441 2131 quia
474 2090 603 2121 scilicet
636 2091 758 2121 scimus
788 2091 899 2122 deberi
928 2091 1001 2122 Deo
1025 2091 1112 2122 hunc

144 2133 285 2171 mltum,
307 2140 342 2164 ut
366 2134 394 2164 ei
419 2133 630 2171 obediamus,
659 2133 748 2164 iuxta
770 2132 865 2165 illud:
899 2134 1113 2164 Humiliamim'

141 2176 195 2206 rub
215 2178 338 2216 potenti
360 2187 448 2205 ηιαηη
471 2176 542 2205 Det.

228 2218 300 2250 Fuit
323 2218 398 2250 milii
428 2225 525 2249 notus
553 2217 630 2249 Dux
653 2217 852 2249 Franciscus
875 2218 1111 2261 Luneburgen-

142 2262 209 2299 eis,
231 2262 423 2303 ingeniosus
447 2268 478 2292 et
502 2262 628 2292 iuvenis
661 2260 832 2301 Princeps,
867 2262 918 2292 cui
941 2264 1110 2303 praecisus

141 2310 194 2336 est
223 2314 300 2345 pes,
334 2312 365 2335 et
395 2305 449 2346 qui
481 2314 552 2335 cum
584 2314 703 2344 magno
729 2303 843 2334 dolore
871 2310 922 2335 est
951 2312 1108 2337 mortuus.

142 2346 173 2377 ls
208 2357 308 2387 saepe
346 2357 383 2377 se
424 2347 655 2377 commendans
691 2345 780 2383 Deo,
821 2345 948 2378 solebat
985 2348 1109 2379 dicere:

143 2389 254 2418 Omnes
282 2391 340 2418 mei
368 2392 524 2418 cruciatus
552 2400 610 2418 ιιοιι
639 2392 708 2417 sunt
732 2399 827 2427 pares
855 2391 927 2418 meis
952 2393 1109 2428 peccatis:

141 2432 205 2461 Sed
233 2434 304 2471 quia
334 2432 397 2461 vul!
420 2432 506 2461 Dens
536 2442 579 2460 me
602 2433 630 2459 ei
652 2431 776 2460 obedire
799 2433 829 2460 ιἰι
852 2431 910 2460 lem·
929 2442 1041 2471 poena,
1066 2437 1110 2462 lo-

142 2474 206 2503 lcro
239 2476 395 2504 cruciatus
428 2476 506 2504 istos
535 2478 665 2513 propter
693 2474 963 2509 11¹‹1nd11111111De1'3
997 2479 1026 2505 et
1049 2487 1110 2515 ayo

140 2518 264 2555 gyratias
274 2517 354 2551 Deo,
367 2518 450 2556 quod
470 2519 588 2545 roc-aci!
609 2527 652 2544 me
670 2516 712 2544 ml
731 2518 916 2555 aym'tionem
934 2517 1108 2557 Evanyelii.

228 2559 402 2590 Secundus
426 2559 520 2590 loeus
546 2558 784 2590 consolationis
807 2570 826 2589 a
849 2560 984 2598 virtute,
1013 2562 1109 2592 etiam

141 2608 192 2634 est
210 2600 339 2644 legalis,
360 2609 391 2632 et
409 2609 507 2634 notus
526 2602 715 2639 Laurentio,
732 2608 763 2632 et
782 2602 910 2633 vicinus
929 2609 979 2634 est
996 2604 1107 2645 priori,

292 2660 437 2680 namra.
452 2661 532 2681 orsu.
548 2661 609 2680 von.
625 2660 701 2680 xxiv.

1166 1837 1272 1867 donec
1295 1834 1457 1867 eluctetur
1480 1835 1609 1866 tandem
1628 1845 1668 1865 ex
1687 1836 1749 1866 isto
1768 1845 1887 1877 magno
1905 1834 2036 1873 dolore;
2060 1837 2136 1878 quia

1166 1879 1286 1909 dictum
1315 1879 1343 1909 ei
1375 1884 1459 1909 erat:
1498 1877 1644 1909 Dominus
1667 1878 1826 1908 transtulit
1850 1878 1905 1907 abs
1927 1882 1956 1908 te
1973 1883 2134 1918 peccatum

1165 1926 1256 1953 tuum.

1251 1963 1391 1999 Quarto:
1414 1961 1551 1994 Multum
1575 1961 1663 1994 valet
1687 1964 1782 1994 etiam
1801 1962 1896 1995 locus
1917 1964 1954 1992 ab
1977 1964 2133 2003 memplo:

1164 2013 1210 2045 ut,
1234 2006 1398 2042 Christus,
1419 2006 1618 2047 Prophetae,
1637 2005 1791 2047 Apostoli
1810 2005 1940 2037 fuerunt
1957 2007 1986 2036 in
2005 2007 2133 2048 magnis

1164 2050 1344 2080 aerumnis:
1378 2048 1469 2090 Ergo
1498 2055 1533 2080 tu
1562 2059 1693 2090 quoque
1720 2050 1854 2090 patiaris
1882 2047 2021 2089 aliquid,
2045 2050 2133 2090 quod

1165 2091 1233 2123 vult
1257 2092 1350 2123 Deus
1374 2097 1406 2122 te
1429 2092 1512 2133 pati,
1536 2091 1689 2123 Christus
1713 2093 1785 2132 ipse
1808 2092 1925 2133 inquit:
1950 2091 2132 2130 Discipulus

1163 2145 1223 2164 non
1250 2139 1294 2164 est
1323 2136 1422 2164 maior
1450 2136 1610 2174 mayislro.
1655 2135 1721 2166 Sed
1752 2134 1824 2176 plus
1848 2133 1936 2165 valet
1959 2133 2012 2166 hic
2035 2133 2130 2166 locus

1163 2178 1203 2208 ad
1228 2177 1481 2214 consolandum,
1511 2187 1583 2208 cum
1615 2183 1645 2208 et
1670 2187 1831 2217 personas
1855 2177 1937 2207 inter
1960 2187 1996 2207 se
2020 2175 2129 2207 conse-

1162 2221 1281 2258 rimus,
1312 2227 1343 2251 et
1367 2219 1452 2251 mala
1474 2220 1558 2260 ipsa.
1614 2219 1692 2251 Cum
1716 2218 1768 2250 alii
1792 2218 1891 2250 multo
1916 2220 2130 2260 praestantio—

1163 2273 1216 2294 res
1235 2263 1350 2300 uobis,
1383 2263 1506 2293 maiora
1535 2263 1761 2293 sustinuerint:
1795 2263 1937 2293 sciamus
1966 2272 2028 2292 nos
2051 2272 2130 2302 quo-

1161 2316 1225 2347 que
1249 2307 1370 2337 debere
1392 2305 1514 2346 aliquid
1538 2308 1710 2336 sustinere.

1248 2349 1386 2384 Quinto:
1424 2348 1544 2377 Causae
1567 2347 1674 2387 finales
1706 2348 1736 2378 in
1766 2345 1916 2377 Ecclesia
1946 2346 2040 2376 etiam
2064 2345 2129 2378 cla-

1162 2391 1228 2421 rius
1262 2391 1450 2422 traduntur:
1493 2391 1566 2431 quia
1601 2390 1697 2421 homo
1731 2389 1937 2420 Christianus
1978 2387 2129 2431 intelligit

1161 2434 1350 2465 discrimina
1373 2433 1602 2469 calamitatum,
1621 2443 1755 2473 quarum
1774 2431 1858 2463 aliae
1880 2438 1953 2462 srnt
1979 2437 2129 2472 τιμωρίαι,

1161 2475 1244 2507 aliae
1268 2476 1452 2515 δολιμασίαί,
1476 2474 1558 2506 aliae
1582 2474 1755 2516 Martyria:
1790 2481 1843 2512 ut,
1867 2473 2036 2505 calamitas
2060 2474 2127 2506 lobi

1161 2525 1210 2549 est
1230 2518 1397 2557 δοκιμασία.
1444 2517 1620 2548 calamitas
1643 2517 1761 2548 Esaiae
1785 2524 1835 2548 est
1857 2517 2026 2558 παρτύριον.
2061 2516 2127 2548 Da·

1162 2561 1246 2592 vidis
1276 2561 1445 2593 calamitas
1474 2566 1522 2591 est
1554 2565 1689 2600 τιμωρία.
1741 2559 1781 2590 Et
1809 2566 1917 2590 tamen
1945 2559 2026 2590 haec
2055 2560 2128 2601 ipsa

1160 2614 1267 2645 poena
1300 2603 1437 2645 prodest
1469 2601 1605 2641 Davidi,
1639 2609 1672 2634 ut
1702 2609 1863 2644 augeatur
1890 2603 1923 2633 in
1951 2612 1990 2634 eo
2017 2604 2126 2643 poeni-

1772 2663 1802 2686 51
