2324 2958
191 163 231 193 71
826 156 935 189 Pfflt..
959 155 1062 188 MEL.
1085 153 1271 187 SCRIPTA
1291 150 1555 184 EXEGE'HCA.
2151 152 2194 184 72

191 261 388 287 coaeternus
412 253 508 294 patri,
530 258 563 283 et
585 252 673 293 quod
695 249 804 290 suerit,
828 255 1002 292 antequam
1018 258 1164 281 assume·

190 303 242 329 ret
264 297 438 329 humanam
462 301 622 326 naturam.
656 293 739 326 lllud
760 299 882 331 autem,
906 293 963 324 list
985 293 1078 333 prior
1105 299 1164 327 me,

192 340 280 371 idem
302 346 364 377 est,
388 337 475 379 quod
498 337 608 378 potior
630 347 693 375 me,
717 347 783 368 non
806 335 913 367 solum
937 344 1081 376 persona
1102 342 1164 363 seu

189 382 344 419 essentia,
362 381 421 411 sed
444 380 541 411 etiam
565 378 692 411 officio:
727 390 790 422 ego
815 388 887 410 sum
910 377 1073 414 minister,
1107 372 1163 424 ille

189 432 242 456 est
264 424 441 455 Dominus:
464 421 522 454 1110
545 427 596 453 051
618 432 777 463 sponsus,
802 431 865 463 ego
888 421 1013 451 amicus
1036 426 1163 459 sponsi,

190 473 226 498 ut
248 465 325 497 alibi
348 466 462 506 inquit.
507 463 579 507 Ego
598 475 672 496 sum
694 470 832 496 vocatus
863 463 904 494 ad
924 461 1108 493 docendum
1131 465 1164 490 et

189 508 437 549 baptizandum:
460 506 519 538 llle
543 513 593 538 est
616 507 785 538 ordinatus
808 507 849 537 ad
873 503 1104 546 proferendum
1122 512 1164 533 ex

188 552 263 583 sinu
281 551 384 592 patris
407 548 634 591 Evangelium,
658 556 690 580 et
712 550 754 580 ad
777 548 1042 589 redemptionem,
1058 545 1162 594 ‘iusti-

189 594 374 626 ficationem
398 599 430 624 et
452 592 670 624 salvationem
693 591 874 623 Ecclesiae.
902 586 1081 620 Antecelltt
1103 587 1162 630 igi-

189 643 240 668 tur
271 637 303 667 in
325 635 484 667 infinitum
514 636 567 667 hic.
591 645 740 666 summus
769 633 930 665 sacerdos
954 638 985 662 et
1008 636 1162 662 aeternus

189 689 246 710 rex
258 678 443 716 Ecclesiae,
466 678 634 719 dignitate,
658 678 813 719 potentia,
838 681 869 707 et
881 673 998 717 gloria,
1016 672 1162 715 reliquos

188 731 302 753 01111105
326 722 492 753 doctores.

357 882 399 913 IN
424 880 497 914 DIE
520 879 803 913 NA'rtvl‘rATls
828 877 1008 910 CHRlSTl.

415 973 687 1017 Evangelium
712 974 880 1006 Ioannis
903 972 926 1003 1.

274 1061 372 1093 Scitis
396 1071 458 1092 nos
479 1061 656 1092 convenire
680 1059 832 1090 mandato
846 1057 920 1096 Dei,
944 1064 1011 1089 tum
1034 1058 1067 1088 in
1089 1067 1164 1089 cae-

189 1106 268 1136 teris
303 1105 418 1135 diebus
446 1102 557 1141 sestis,
593 1109 658 1134 tum
702 1102 848 1143 inprimis
872 1102 920 1141 in}
937 1099 1003 1132 1100
1021 1100 1165 1132 omnium

189 1158 318 1179 summo
342 1153 373 1178 et
394 1147 534 1177 maximo
557 1143 657 1183 sesto,
679 1145 712 1176 in
736 1155 801 1185 quo
832 1143 1022 1176 celebratur
1045 1153 1166 1175 memo-

187 1190 237 1221 ria
259 1189 437 1221 nativitatis
460 1188 602 1220 Christi:
637 1188 721 1223 Quia
744 1187 837 1218 Deus
860 1196 926 1218 non
949 1186 1085 1224 frustra,
1109 1196 1165 1218 ne-

187 1242 251 1274 que
284 1233 326 1263 ad
360 1232 524 1263 interitum
548 1231 693 1262 condidit
716 1227 818 1261 1011101
842 1240 947 1271 genus
976 1228 1165 1268 humanum,

188 1275 248 1306 sed
272 1283 306 1307 ut
331 1273 465 1316 colligat
489 1273 552 1305 sibi
571 1274 646 1305 inde
657 1272 852 1311 Ecclesiam,
875 1273 909 1303 in
932 1282 998 1314 qua
1016 1273 1088 1313 ipse
1110 1271 1167 1304 ha-

189 1318 281 1356 bitet,
315 1325 347 1349 et
370 1319 423 1348 cui
446 1317 665 1349 communicet
688 1327 782 1348 suam
803 1314 924 1354 lucem,
951 1315 1168 1356 ¹sapientiam,

189 1361 355 1399 iustitiam,
384 1359 550 1397 laetitiam,
583 1370 625 1390 ac
658 1360 757 1391 vitam
790 1364 979 1390 aeternam:
1009 1364 1041 1390 et
1059 1369 1079 1390 a
1103 1369 1168 1400 qua

188 1403 332 1435 vicissim
355 1409 558 1445 agnoscatur
581 1408 613 1433 et
637 1401 831 1434 celebretur.
878 1401 1062 1443 Utrumque
1080 1400 1117 1433 fit
1134 1402 1168 1433 in

188 1446 252 1478 hac
275 1447 351 1484 vita,
376 1446 538 1477 mediante
562 1445 740 1477 ministerio
753 1445 905 1483 docendi,
930 1451 963 1476 et
986 1445 1117 1486 quidem
1133 1445 1167 1475 in

187 1489 239 1520 his
262 1489 345 1530 ipsis
369 1488 619 1530 congressibuS,
644 1498 728 1530 quos
752 1487 944 1520 mirabiliter
972 1487 1066 1520 Deus
1090 1498 1168 1519 con-

187 1538 311 1569 servat,
346 1537 379 1563 ut
414 1531 655 1572 conspiciatur,
689 1541 775 1573 quae
805 1537 838 1563 et
859 1532 916 1563 ubi
939 1530 976 1562 fit
1002 1541 1083 1563 vera
1105 1530 1168 1562 Ec-

190 1573 302 1607 clesia.

276 1618 425 1659 Agamus
449 1617 547 1658 igitur
572 1617 698 1657 gratias
722 1617 796 1648 Deo
820 1623 956 1649 aeterno
984 1617 1069 1658 patri
1098 1616 1168 1648 Do-

188 1661 264 1692 mini
288 1661 392 1691 nostri
413 1660 486 1691 lesu
511 1659 645 1698 Christi,
679 1661 769 1702 quod
799 1670 837 1691 se
859 1659 1014 1701 patefecit
1033 1659 1167 1693 illustri-

189 1704 251 1735 bus
275 1704 468 1734 testimoniis
492 1701 743 1743 multiplicibus:
762 1705 795 1735 111
818 1705 931 1744 primis
955 1713 1048 1742 vero,
1078 1703 1167 1744 quod

189 1747 276 1777 misit
299 1744 399 1777 filium
423 1756 517 1777 Suum
542 1745 718 1777 Dominum
753 1753 900 1777 nostrum
934 1748 1040 1779 10511111
1074 1746 1167 1777 Chri-

189 1796 296 1820 stum:
332 1795 363 1819 et
398 1789 486 1829 quod
520 1789 581 1819 sibi
606 1798 664 1829 per
682 1796 712 1820 et
736 1796 871 1831 propter
894 1789 984 1821 hunc
1006 1795 1167 1831 perpetuo

190 1833 221 1863 in
245 1842 367 1874 genere
391 1831 532 1862 humano
556 1831 681 1873 colligit
705 1840 872 1864 aeternum
894 1831 1090 1864 Ecclesiam.

276 1873 357 1906 Cum
391 1881 498 1905 autem
532 1875 563 1905 in
599 1875 661 1905 liac
688 1875 759 1915 ipsa
783 1874 935 1906 Ecclesia
957 1876 1091 1906 assidue
1115 1885 1167 1907 so-

192 1927 271 1949 nare
295 1918 414 1948 debeat
439 1928 502 1947 vox
527 1917 697 1948 doctrinae
721 1919 874 1949 divinitus
894 1917 1096 1959 patefactae,
1132 1924 1168 1950 ut

190 1961 390 1992 accendatur
420 1960 584 1991 invocatio
609 1967 639 1991 et
667 1962 844 2003 gratiarum
867 1962 968 1993 actio:
1005 1960 1166 1993 Volumus

190 2013 277 2035 nunc
302 2003 399 2034 etiam
425 2009 573 2043 repetere
597 2009 720 2044 partem
745 2003 887 2045 aliquam
911 2004 1081 2036 doctrinae
1112 2014 1166 2036 ne-

191 2047 370 2083 cessariae,
402 2045 455 2076 De
491 2057 557 2087 qua
586 2046 730 2077 sciamus
755 2048 785 2078 in
810 2047 873 2077 1100
896 2046 984 2078 sesto
1005 2047 1066 2078 tria
1089 2056 1167 2078 esse

190 2089 367 2130 praecipue
391 2089 580 2131 cogitanda,
605 2088 758 2127 Primum,
782 2090 917 2131 quaesit
932 2090 994 2121 ista
1013 2100 1168 2130 persona,

190 2143 274 2173 quac
297 2132 446 2163 nascitur
470 2142 510 2161 ex
534 2131 638 2162 Maria
663 2133 801 2173 virgine.
826 2132 887 2163 Ubi
907 2139 1017 2164 tenere
1036 2139 1167 2174 oportet

191 2173 364 2207 articulum
400 2174 473 2205 fidei
509 2175 549 2204 dc
584 2175 712 2206 duabus
743 2176 868 2206 naturis
899 2176 929 2206 111
953 2175 1103 2214 Christo,
1137 2182 1169 2206 et

191 2228 315 2249 causae
339 2217 600 2248 considerandae
622 2223 699 2248 sunt.
721 2217 953 2259 aliquomodo,
976 2229 1079 2259 qtiare
1101 2229 1168 2249 mc-

192 2261 297 2292 diator
321 2261 360 2290 511
386 2259 479 2291 Deus
499 2266 530 2291 et
554 2259 664 2292 1101110.
690 2260 844 2292 Secundo
869 2272 953 2302 quae
977 2262 1063 2292 bona
1076 2261 1169 2293 sliri·

191 2311 263 2335 stus
284 2302 445 2341 attulerit,
484 2313 544 2333 scu
568 2314 653 2344 quae
678 2305 837 2335 beneficia
860 2305 994 2345 proprie
1018 2305 1170 2335 dicantur

190 2357 249 2388 per
274 2346 358 2377 1111110
382 2356 557 2386 personam
577 2347 658 2377 dari.
713 2346 825 2378 Tertio
850 2347 1014 2388 quomodo
1035 2347 1089 2378 liat
1113 2357 1169 2388 ap-

191 2389 324 2431 plicatio
349 2388 483 2427 Cln‘isti,
508 2395 540 2420 et
563 2389 798 2421 beneficiorum
817 2391 899 2421 cius.

279 2434 310 2463 ln
342 2433 391 2462 liis
424 2433 526 2462 tribus
555 2432 718 2481 capitibus
743 2433 931 2464 continetur
965 2443 1092 2464 5011111111
1116 2433 1171 2463 do·

193 2476 319 2507 ctrinue
344 2475 385 2505 dc
409 2475 567 2506 hodierno
592 2475 694 2513 lesto,
728 2482 760 2507 01
791 2475 876 2507 hanc
900 2477 1038 2507 loannes
1062 2476 1093 2506 in
1118 2486 1172 2506 cx·

194 2519 288 2550 ordio
314 2517 484 2559 Exangclii
510 2518 559 2549 sui
584 2517 775 2560 complexus
800 2526 863 2557 est,
888 2524 923 2550 ut
945 2519 977 2550 in
1002 2518 1078 2551 loco
1102 2517 1172 2550 illu-

193 2562 252 2593 51τί
288 2562 395 2599 1051111,
417 2561 521 2602 magis
545 2568 635 2593 esset
658 2563 689 2593 in
714 2568 904 2603 conspectu.

314 2605 447 2636 escribit
471 2605 556 2636 enim
576 2614 736 2647 expresse
765 2612 938 2647 utramque
968 2611 1116 2637 naturam
1141 2605 1172 2635 in

1215 245 1360 278 Christo.
1404 244 1560 278 Divinam
1581 253 1732 278 naturam
1753 246 1900 278 nominat
1922 244 2082 277 Verbum.
2125 244 2195 278 Hu-

1213 298 1343 320 manam
1376 289 1534 320 describit
1555 288 1776 330 appellatione
1807 288 1928 320 earnis.
1994 287 2194 320 Nominatim

1214 332 1311 363 etiam
1334 331 1485 372 exprimit
1502 332 1665 364 beneficia
1686 330 1743 363 filii
1765 331 1839 362 Dei.
1889 330 2043 373 Denique
2071 331 2195 364 diserte

1214 375 1358 406 meminit
1381 373 1473 414 fidei,
1509 385 1573 416 qua
1595 374 1631 406 fit
1651 373 1841 416 applicatio.
1908 373 2033 406 Eadem
2054 383 2075 406 a
2096 375 2194 407 nobis

1216 427 1348 460 quoque
1370 423 1448 450 sunt
1470 417 1609 450 dicenda
1631 424 1665 450 et
1681 427 1784 458 saepe
1806 417 1970 449 dicuntur.

1463 578 1524 610 De
1545 588 1731 620 persona
1752 577 1949 611 Messiae.

1301 671 1446 703 Primum
1467 673 1574 714 igitur*
1588 679 1623 705 ut
1646 673 1688 705 de
1715 683 1860 715 persona
1889 673 2054 705 dicamus:
2088 672 2196 715 Opor-

1199 721 1262 747 vtet
1285 716 1435 747 omnibus
1458 715 1663 748 notissimam
1688 726 1766 748 esse
1785 725 1991 748 communem
2013 716 2197 748 doctrinam

1216 759 1257 790 de
1268 757 1356 796 Deo,
1379 764 1412 789 et
1435 758 1540 789 tribus
1564 760 1728 800 personis.
1758 759 1810 790 Ac
1833 759 1899 790 sint
1921 757 2196 791 adolescentibus

1214 807 1314 833 notae
1337 801 1578 842 descriptiones
1592 801 1668 840 Dei,
1692 808 1725 834 et
1747 803 1845 834 trium
1867 811 2097 843 personarum,
2120 803 2198 844 quia

1214 853 1278 875 nos
1306 845 1339 875 in
1360 842 1515 876 Ecclesia
1536 844 1694 876 debemus
1723 845 1901 887 seiungere
1930 851 2083 876 nostram
2104 845 2198 877 invo-

1216 887 1380 919 cationem
1413 888 1456 918 ab
1490 886 1644 925 Ethnica,
1679 888 1767 929 quod
1790 888 1861 920 fieri
1883 899 1950 919 non
1972 894 2102 928 potest,
2133 888 2198 920 nisi

1215 939 1330 962 verum
1341 928 1450 961 Deum
1472 939 1710 972 agnoscamus,
1731 931 1818 962 sicut
1836 940 1875 962 se
1885 931 2053 972 patefecit,
2076 938 2109 963 et
2132 931 2198 962 dis-

1222 983 1397 1005 cernamus
1437 973 1469 1004 in
1511 972 1585 1004 Deo
1618 983 1782 1013 personas
1816 979 1896 1012 tres,
1931 984 2016 1015 quae
2044 973 2198 1007 differunt

1216 1017 1474 1057 proprietatibus
1497 1016 1635 1047 internis
1658 1022 1691 1047 et
1710 1017 1868 1048 externis.

1311 1059 1388 1091 ldeo
1411 1059 1511 1090 toties
1534 1059 1714 1099 repetimus
1738 1058 1878 1090 sormam
1906 1059 2104 1098 verborum,
2133 1061 2202 1101 qui-

1219 1103 1280 1133 bus
1304 1101 1375 1134 fieri
1399 1102 1499 1133 debet
1521 1102 1706 1133 invocatio:
1731 1102 1949 1143 Omnipotens
1962 1107 2096 1134 aeterne
2108 1101 2202 1134 Deus

1218 1151 1314 1186 pater
1347 1143 1480 1177 Domini
1514 1145 1619 1176 nostri
1654 1144 1730 1176 lesu
1759 1144 1885 1177 Christi
1908 1151 2041 1177 creator
2064 1143 2149 1177 coeli
2171 1151 2205 1177 et

1220 1194 1328 1220 terrae
1351 1194 1385 1219 et
1406 1187 1589 1219 hominum:
1613 1198 1679 1220 una
1702 1198 1776 1220 cum
1800 1187 1868 1219 filio
1896 1193 1953 1220 tuo
1977 1187 2121 1220 Domino
2145 1199 2203 1221 no·

1219 1236 1290 1263 stro
1320 1230 1397 1263 lesu
1431 1230 1584 1269 Christo,
1619 1231 1699 1273 λόγῳ
1721 1234 1772 1262 καὶ
1800 1231 1891 1262 εἰκόνι
1913 1232 1997 1271 σουεῇ
2013 1230 2056 1262 Et
2079 1231 2203 1272 Spiritu

1219 1279 1337 1306 sancto
1360 1280 1432 1306 tuo:
1455 1273 1616 1306 Miserere
1639 1274 1764 1312 nostri,
1795 1280 1828 1305 et
1851 1275 1980 1306 remitte
2003 1275 2102 1306 1101115
2125 1283 2202 1315 pee-

1221 1322 1296 1350 cata
1328 1322 1446 1349 nostra
1479 1323 1616 1358 propter
1649 1316 1752 1348 filium
1786 1323 1888 1355 tuum,
1922 1327 2020 1359 quem
2053 1317 2205 1349 mirando

1221 1358 1361 1392 consilio
1397 1360 1598 1391 constituisti
1631 1360 1858 1403 mediator-Qu,
1894 1366 1927 1391 et
1960 1359 2136 1394 sanctifica
2163 1369 2206 1392 ae

1219 1413 1302 1446 rege
1324 1413 1386 1434 nos
1411 1403 1537 1444 Spiritu
1559 1408 1677 1434 sancto
1700 1409 1775 1441 tuo,
1810 1401 1916 1435 effuso
1944 1403 1978 1434 in
1999 1401 2204 1476 Apostolos:

1220 1445 1274 1477 Da
1296 1446 1407 1484 nobis,
1442 1452 1478 1477 ut
1501 1455 1581 1477 vere
1605 1451 1638 1477 te
1661 1455 1908 1488 agnoscamus,
1942 1451 1976 1477 et
1998 1455 2037 1477 00
2051 1446 2206 1478 ebremus

1219 1490 1253 1520 in
1275 1495 1345 1520 tota
1367 1489 1572 1521 aeternitate.

1306 1530 1395 1564 Talis
1426 1531 1538 1574 aliqua
1571 1529 1676 1563 forma
1705 1532 1924 1563 invocationis
1964 1532 2007 1562 sit
2039 1532 2138 1563 nobis
2171 1532 2205 1563 in

1221 1581 1415 1617 conspectu,
1438 1581 1474 1607 ut
1497 1575 1736 1615 distinguamus
1759 1583 1878 1615 preces
1900 1580 2035 1605 nostras
2059 1575 2101 1605 ab
2124 1573 2205 1606 alia-

1221 1629 1294 1650 rum
1318 1619 1463 1660 gentium
1487 1617 1706 1648 clamoribus:
1740 1616 1820 1649 110111
1849 1623 1886 1649 ut
1914 1617 2144 1648 discernamus
2168 1615 2205 1648 fi·

1221 1662 1295 1693 dem
1331 1667 1362 1693 et
1396 1660 1642 1692 consessionem
1669 1666 1818 1691 nostram
1850 1671 1869 1691 a
1893 1658 2062 1691 furoribus
2086 1657 2203 1691 multo-

1220 1715 1292 1736 rum
1316 1703 1569 1741 haereticorum,
1594 1703 1714 1744 quibus
1737 1704 1896 1734 evertitur
1918 1713 1996 1734 vera
2028 1702 2090 1734 Dei
2112 1702 2205 1745 agni-

1221 1748 1266 1778 tio
1290 1753 1322 1778 01
1339 1747 1517 1779 invocatio.
1584 1745 1709 1777 llorum
1743 1747 1869 1777 semina
1893 1756 1965 1777 cum
1989 1746 2115 1787 passim
2138 1746 2204 1777 hac

1220 1796 1328 1822 aetate
1358 1796 1571 1832 spargantur,
1606 1798 1671 1819 non
1706 1789 1804 1820 debet
1839 1789 1992 1830 cuiquam
2026 1787 2203 1821 molestum

1221 1843 1311 1871 esse,
1345 1833 1434 1874 quod
1468 1843 1566 1863 veras
1591 1839 1619 1863 et
1645 1832 1785 1863 usitatas
1816 1832 2060 1873 descriptiones
2082 1831 2145 1863 Dei
2169 1838 2202 1863 et

1220 1874 1426 1919 singularum
1460 1885 1678 1916 personarum
1710 1874 1897 1906 Divinitatis
1920 1875 2019 1907 toties
2042 1875 2132 1916 apud
2156 1876 2201 1907 iu·

1221 1924 1388 1951 ventutem
1411 1919 1599 1960 repetimus.

1522 2083 1630 2134 Quid
1663 2091 1723 2124 cst
1755 2084 1866 2124 Deus
1874 2083 1892 2123 ’ἒ

1309 2175 1402 2207 Deus
1425 2182 1475 2207 est
1499 2177 1644 2207 essentia
1658 2173 1850 2216 spiritualis,
1874 2173 2077 2217 intelligens,
2099 2181 2203 2207 aeter·

1222 2230 1275 2259 na,
1309 2217 1374 2250 alia
1397 2229 1416 2250 a
1441 2220 1601 2250 creaturis
1625 2220 1789 2257 0111011105,
1820 2229 1940 2257 verint,
1974 2219 2079 2254 bona,
2103 2219 2201 2256 iusta,

1223 2268 1329 2298 casta,
1353 2262 1553 2293 miserit-ors.
1569 2262 1729 2300 1101101100,
1743 2261 1921 2299 liberrima,
1951 2261 2130 2293 immensae
2148 2270 2202 2292 sa·

1223 2305 1377 2347 pientiae,
1402 2311 1432 2336 et
1457 2307 1632 2345 potentiae,
1667 2306 1817 2336 irascens
1842 2305 1999 2345 peccatis,
2032 2310 2125 2345 pater
2146 2313 2202 2335 ae-

1224 2355 1355 2385 ternus,
1389 2349 1443 2389 qni
1476 2347 1574 2379 11110111
1606 2349 1782 2389 imaginem
1808 2358 1903 2380 suam
1925 2348 1968 2379 ab
1986 2354 2124 2379 aeterno
2147 2357 2203 2389 ge·

1225 2391 1310 2428 nuit,
1344 2397 1374 2422 et
1400 2390 1485 2421 tilius
1510 2392 1618 2433 imago
1649 2392 1751 2432 putris
1776 2397 1970 2428 coaeterna,
2005 2398 2035 2422 et
2060 2390 2203 2432 Spiritus

1225 2441 1363 2465 sanctus
1387 2435 1570 2474 prot-edens
1593 2444 1612 2465 a
1636 2441 1740 2475 patre,
1765 2441 1797 2465 et
1819 2433 1904 2472 filio,
1926 2434 2012 2465 sicut
2035 2433 2203 2475 patefacta

1225 2484 1273 2508 est
1306 2477 1474 2514 divinitus,
1509 2485 1600 2508 certo
1636 2478 1738 2509 verbo
1772 2483 1803 2508 et
1837 2477 2032 2508 testimoniis
2071 2476 2202 2514 dix-inis,
2243 2502 2249 2508 .

1226 2520 1314 2561 qnod
1349 2527 1442 2561 pater
1475 2527 1630 2551 aeternus
1667 2532 1740 2552 cum
1775 2519 1841 2552 tilio
1871 2527 1900 2552 et
1926 2520 2050 2561 Spiritu
2072 2525 2203 2557 sancto,

1226 2563 1408 2595 comtittvrit
1433 2571 1460 2594 ct
1487 2570 1666 2596 conservet
1689 2562 1819 2595 coelum
1841 2569 1874 2595 ct
1896 2569 2018 2595 terram
2042 2570 2074 2595 01
2086 2572 2202 2595 omnes

1227 2613 1408 2644 creaturas,
1432 2613 1462 2638 ct
1487 2607 1572 2639 101511
1596 2608 1747 2640 omnibus
1770 2607 1942 2645 creaturis,
1969 2617 2035 2649 quo
2057 2605 2100 2638 ad
2123 2616 2202 2638 con-

2296 123 2314 177 '041'
2292 110 2296 114 v
