2324 2958
125 162 190 194 853

470 293 585 344 Quae
627 293 760 334 dona?

209 384 333 416 'Omnia
356 386 547 416 necessaria
570 384 715 426 publice,
738 390 771 414 et
793 384 956 424 privatim.
981 382 1104 415 Paulus

128 428 169 458 de
192 427 370 458 ministerio
394 429 544 468 exponit,
561 428 622 459 sed
645 425 746 458 intelli
774 433 848 457 atur
876 427 972 458 eiiam
996 426 1037 457 de
1060 424 1105 457 ef-

127 469 224 501 tectis
248 470 427 501 ministerii.
495 472 563 502 Dat
587 472 695 507 ‹lona-l
798 475 932 500 ueteres
955 469 1105 506 idoneos,

127 519 161 543 et
194 521 252 554 per
286 513 403 544 horum
436 513 648 544 ministerium
679 512 735 543 dat
763 511 920 552 Spiritum
943 517 1104 543 sanctum.

127 554 251 586 Postea
285 553 506 587 transferatur
529 557 626 587 etiam
656 555 698 586 ad
729 560 839 586 cetera
874 554 962 585 dona
984 554 1105 591 omnia,

126 599 320 629 necessaria
342 597 527 636 Ecclesiae,
548 604 580 629 et
603 598 698 629 nobis
722 596 871 638 singulis·
900 595 1032 629 Nullum
1055 603 1106 628 est

126 646 338 679 momentum,
362 651 427 682 quo
450 641 546 672 nobis
570 650 636 671 non
659 640 702 671 sit
725 649 810 681 opus
838 639 959 671 auxilio
984 640 1103 671 divino.

127 681 196 714 Sed
218 683 337 714 discite
361 683 448 716 hanc
461 682 694 715 correlativam
707 682 921 714 sententiam:
945 682 1005 721 Tu,
1029 682 1106 724 quia

126 726 187 757 das
211 726 310 764 dona,
333 726 437 758 (lebes
460 725 625 757 invocari:
648 724 739 767 Ergo
752 725 890 757 exaudis
914 726 1010 757 etiam
1033 734 1105 766 pre-

126 778 196 807 ces,
231 775 263 800 et
286 769 381 800 iuvas
406 779 487 805 nos3
523 767 608 804 Quia
628 769 784 800 exaudire
808 775 839 799 et
862 769 975 800 iuvare
1009 768 1105 799 etiam

125 818 204 843 sunt
226 810 435 843 correlativa.

212 853 390 885 Praeterea
412 854 577 886 invocatio
601 860 651 885 est
668 854 890 885 testimonium
903 854 1105 894 omnipoten-

125 897 199 928 tiae.
266 896 433 928 Tribuitur
456 897 542 928 enim
566 897 801 937 omnipotentia
824 897 871 933 ei,
893 897 948 937 qui
971 896 1105 927 invoca-

125 945 187 972 tur.
234 938 428 981 Ubicunque
452 941 485 971 in
509 939 680 981 Scriptura
704 938 991 971 dicitur-Messiam
1015 940 1105 970 invo-

126 982 267 1014 candum
297 992 386 1020 esse,
422 992 462 1013 ex
496 993 537 1013 eo
572 993 610 1014 se
635 983 733 1019 uitur,
767 982 856 1023 quod
892 982 1034 1013 Messias
1063 981 1105 1012 sit

126 1025 346 1065 omnipotens.
415 1025 486 1056 Vos
506 1025 605 1057 etiam
652 1025 726 1056 odie
752 1026 802 1056 sic
826 1024 1021 1065 precamini:
1054 1023 1104 1056 Tu

125 1065 187 1098 Pili
209 1067 287 1104 Dei,
310 1069 366 1108 qui
389 1068 582 1105 ascendisti,
604 1075 638 1099 ut
663 1068 721 1099 des
743 1067 829 1098 dona
841 1067 1039 1104 homiuibus,
1062 1068 1105 1097 da

125 1109 202 1141 mihi
221 1119 352 1151 queque
376 1112 463 1142 dona
487 1110 629 1151 Spiritus
653 1111 771 1148 sancti,
805 1119 885 1151 rege
908 1119 972 1147 me,
1007 1110 1104 1146 doce,

125 1154 265 1184 ostende
285 1152 359 1184 mihi
384 1160 526 1194 patrem:
550 1153 633 1184 sicut
659 1152 785 1183 dixisti:
816 1154 912 1183 Nemo
940 1155 1027 1183 nocit
1042 1162 1104 1192 pa-

124 1200 213 1235 trem,
237 1196 303 1227 nisi
323 1197 377 1227 cui
398 1197 499 1227 Fatus
521 1198 603 1227 volet
622 1196 787 1231 rerelare‚·
822 1204 903 1225 sana
929 1193 1104 1226 Ecclesiae

124 1237 276 1275 vulnera,
299 1238 340 1269 da
363 1238 393 1268 ei
416 1238 603 1278 hospitium.

210 1281 317 1311 Etiam
340 1290 403 1312 non
415 1282 582 1312 credentes
594 1281 778 1312 inhabitare
791 1279 959 1311 Dominum
979 1282 1103 1319 Deum]

123 1322 337 1354 Constructio
362 1330 413 1354 est
435 1324 595 1361 obscura,
626 1323 685 1353 sed
709 1324 873 1354 sententia
896 1329 963 1353 est:
999 1323 1104 1355 Etiam

123 1367 309 1397 dominatur
331 1367 391 1399 lus,
415 1367 470 1405 qui
490 1370 566 1398 sunl
586 1367 729 1397 rebelles.

210 1407 405 1439 Benedictus
429 1408 584 1439 Dominus
606 1409 770 1448 quotidie-J
806 1406 886 1438 Post
909 1408 1103 1449 descriptio-

123 1460 196 1482 nem
228 1450 461 1482 beneficiorum
496 1451 661 1482 adduntur
690 1450 963 1491 Epiphonemata.
1007 1450 1104 1482 Hunc

122 1491 230 1525 Deum
255 1492 440 1531 laudemus,
465 1494 519 1535 qui
544 1493 620 1524 talia
646 1492 725 1524 facit
748 1503 861 1534 opera.
907 1495 1103 1533 Prosperum

123 1539 183 1567 uer
214 1537 316 1575 faciet
351 1537 442 1568 nobis
465 1538 553 1568 Deus
575 1539 768 1568 salutarium
791 1541 981 1576 nostrormn,
1015 1538 1104 1568 Deus

122 1582 244 1614 noster.
272 1578 362 1610 Deus
385 1581 489 1610 salros
510 1579 665 1618 faciendc‘,
689 1584 719 1610 ee
740 1580 868 1610 Domini
884 1581 1010 1611 Domine⁴
1032 1580 1101 1611 ezi-

121 1625 173 1653 tus
192 1625 315 1652 mortis.
361 1620 394 1651 ln
426 1621 579 1653 Hebraeo
614 1628 682 1652 est:
722 1622 867 1659 Quotidie
896 1627 1011 1654 onerat
1032 1632 1103 1660 nos,

123 1662 264 1701 scilicet,
287 1665 390 1702 donis,
413 1667 553 1695 cumulat
573 1674 632 1696 nos
660 1667 771 1696 salute.
818 1663 963 1696 {nculcat
993 1672 1102 1696 autem

122 1707 321 1738 mentionem
351 1705 487 1738 salutis:
524 1707 599 1748 quia
634 1706 698 1737 hoc
720 1712 770 1738 est
793 1716 955 1739 summum
980 1707 1101 1739 benefi-

123 1749 208 1780 cium
232 1747 347 1781 salvos
371 1748 496 1787 facere,
518 1750 550 1781 id
574 1756 636 1788 est,
660 1750 801 1781 reddere
824 1751 978 1782 iustitiam
1001 1757 1033 1782 et
1056 1752 1101 1782 vi-

123 1796 189 1822 tam
207 1797 376 1823 aeternam
398 1792 529 1824 sublata
552 1798 665 1824 morte.
709 1791 827 1824 Nullus
859 1793 1021 1835 Princeps
1045 1800 1101 1825 aut

123 1832 196 1865 Rex
219 1833 284 1865 hoc
319 1841 489 1874 praestare
522 1842 649 1876 potest:
683 1835 757 1866 ideo
792 1836 823 1866 in
846 1835 1030 1877 Evangelio
1054 1836 1100 1867 in·

124 1877 204 1917 quit:
232 1878 296 1915 159⁰
317 1887 387 1908 sum
411 1881 482 1915 cita,
504 1878 537 1908 id
560 1884 621 1911 est,
646 1877 841 1909 vivificator.
866 1880 907 1910 Ec
929 1890 986 1919 eqo
1007 1883 1101 1911 vitam

123 1924 288 1951 aeternam
311 1921 352 1951 (lo
375 1923 429 1952 eis.

123 1963 220 1994 etiam
255 1969 329 2003 post
366 1962 450 1993 hanc
475 1964 583 1994 vitam.
650 1963 714 1995 Per
737 1963 826 1996 hunc
848 1964 1025 1996 Dominum
1049 1971 1101 1997 est

123 2005 230 2037 exitus
265 2016 305 2036 ex
340 2013 458 2036 morte:
493 2005 568 2045 lpse
595 2007 651 2037 dat
681 2007 781 2038 vitam
803 2006 926 2038 latroni
950 2009 1100 2040 morienti

121 2048 154 2079 in
178 2058 288 2080 cruce.

209 2091 276 2121 lam
299 2091 389 2122 addit
413 2092 698 2123 comminationem
718 2099 834 2124 contra
851 2100 1098 2134 persecutores.

123 2135 211 2166 Deus
232 2136 417 2174 confringet
433 2135 539 2174 capita
552 2135 754 2166 inimae'corum
771 2145 919 2168 suorum:
951 2138 1099 2169 Vertaem

121 2177 231 2216 capilli
248 2178 534 2216 perambulantium
558 2180 591 2208 iu
614 2177 740 2209 delictis
761 2182 852 2217 suu-4
886 2180 919 2211 id
942 2185 1011 2218 est,
1044 2181 1098 2212 de·

121 2226 227 2250 struet.
249 2220 383 2261 imperia
406 2220 672 2261 persequentium
696 2219 924 2262 Evangelium.
968 2221 1098 2264 Capita,

120 2262 267 2293 nominat
289 2263 467 2304 potentiam
498 2262 746 2304 lmperatorum.
814 2263 908 2296 Datit
939 2265 1098 2298 Dominus

120 2314 159 2335 ατ
180 2304 306 2344 Busan,
329 2305 360 2336 id
385 2313 447 2343 est,
471 2306 513 2337 ab
544 2306 668 2337 oriente
696 2311 891 2339 convertam.
958 2305 1097 2340 Conver-

121 2351 188 2379 tam
210 2349 244 2379 in
264 2346 461 2389 profundum
483 2349 597 2380 maris.
632 2348 667 2379 ln
680 2348 833 2381 Hebraeo
846 2356 912 2381 est:
934 2351 1097 2384 reducam.

121 2389 347 2432 significatur,
377 2392 464 2433 quod
500 2391 600 2423 Filius
634 2390 698 2422 Dei
731 2393 883 2434 regnabit
905 2394 947 2425 ab
971 2395 1098 2426 oriente

119 2433 163 2464 ad
186 2443 361 2471 occasum;
384 2433 449 2472 vel,
473 2435 560 2476 quod
585 2433 737 2466 Ecclesia
760 2434 824 2466 Dei
857 2434 1032 2478 colligetur
1055 2448 1097 2469 ex

120 2475 246 2507 oriente
269 2484 301 2507 et
324 2478 508 2509 occidente.

207 2518 321 2551 Busan
352 2530 420 2551 non
455 2528 505 2552 est
529 2520 709 2561 proprium,
739 2520 798 2552 sed
827 2521 990 2563 significat
1020 2522 1096 2555 loca

120 2559 304 2593 orientalia.
373 2562 472 2594 Mare
500 2570 609 2595 autem
633 2569 686 2594 est
707 2563 749 2594 ad
773 2573 940 2596 occasum.
1007 2565 1096 2598 Dicit

120 2613 203 2646 ergo
227 2615 265 2636 se
286 2605 335 2636 ire
355 2604 443 2637 velle
466 2607 507 2637 ab
532 2612 605 2637 ortu
629 2606 660 2637 in
684 2615 856 2645 occasum,
887 2613 918 2639 et
941 2606 1095 2651 colligam

495 1920 656 1961 Loquitur
686 1921 727 1952 de
750 1923 893 1952 aeternis
919 1922 1099 1957 beneficiis,
1126 1924 1129 1936 ¹

817 161 1032 194 Pos‘rtLLA
1056 142 1451 194 MELAN‘rfloNiANA.

2066 166 2130 198 854

1156 253 1343 286 Ecclesiam
1365 265 1406 286 ex
1429 262 1500 286 toto
1523 267 1645 298 genere
1669 258 1820 289 humano.
1874 258 1995 291 Postea
2015 270 2130 292 mrsus

1157 297 1198 328 de
1220 298 1338 338 poenis
1361 298 1502 329 hostium
1521 299 1684 331 obiicitur:
1714 299 1757 331 Ut
1779 304 1957 341 intmysum·
1979 312 2036 343 pes
2058 306 2131 333 tuus

1155 341 1190 371 in
1222 341 1386 381 sanquine.
1454 341 1578 381 Linyua
1613 351 1724 373 cauma
1759 347 1882 374 tumum
1912 345 1944 375 in
1977 346 2132 385 sanquine

1154 382 1271 424 fluente
1303 393 1343 413 ea·
1371 384 1519 421 inimicis,
1551 384 1691 424 abipso,
1720 386 1787 417 sive
1809 387 1851 418 ab
1872 396 2058 428 meoquoque
2080 398 2130 419 eo-

1155 429 1250 464 rum]
1270 426 1301 456 id
1325 432 1392 463 est,
1421 425 1470 457 Tu
1492 427 1609 467 punies
1632 434 1862 467 persecutores
1887 429 2076 471 Evangelii,
2099 439 2131 462 et

1157 469 1309 500 destrues
1339 479 1398 499 eos
1431 478 1492 508 per
1514 472 1586 500 tuos
1608 479 1713 507 canes,
1742 471 1774 501 id
1799 478 1861 509 est,
1889 473 2050 504 excitabis
2073 473 2130 504 ali-

1157 522 1255 553 quos,
1278 511 1332 552 qui
1355 512 1489 552 punient
1500 510 1686 553 Tyrannos.
1710 511 1809 544 Tales
1832 514 1961 546 suerunt
1981 515 2132 553 Romani,

1157 555 1212 596 qui
1236 553 1429 585 deleverunt
1452 553 1726 596 Hierosolymam.
1794 556 1902 588 ludaei
1932 559 2033 598 puniti
2056 566 2132 590 sunt

1159 607 1217 638 per
1240 596 1425 630 Romanosz
1448 597 1496 628 lta
1520 596 1658 628 Romani
1681 599 1741 639 ipsi
1761 608 1819 639 per
1840 599 1981 631 Gothos.
2028 601 2132 633 Hodie

1158 646 1233 671 sunt
1257 649 1375 678 canes,
1403 641 1457 681 qui
1481 641 1642 672 devorant
1665 639 1759 679 illos,
1789 642 1843 683 qui
1866 646 2031 683 persecuti
2055 650 2132 675 sunt

1156 681 1340 714 Ecclesiam
1354 682 1426 714 Dei.
1463 682 1557 715 Punit
1580 683 1734 714 mundum
1757 690 1892 726 propter
1913 692 2132 727 contemptum

1156 724 1341 767 Evangelii.
1407 725 1532 757 Omnes
1567 727 1790 764 vastationes,
1823 738 1907 768 quae
1941 729 2133 760 acciderunt.

1157 778 1357 841 qupeunque
1379 774 1538 809 tempore,
1561 775 1635 800 sunt
1659 779 1788 810 poenae
1800 776 2005 811 contemptus
2026 771 2132 803 Evan-

1159 821 1199 842 n”e
1214 822 1244 842 ιι.

1158 835 1178 852 ⁰
1250 853 1404 885 Viderunt
1437 856 1602 895 inyressus
1635 859 1706 886 tuos
1737 855 1843 886 Deus:
1875 857 2043 897 Ingressus
2072 857 2135 888 Dei

1157 898 1229 934 mei,
1252 898 1338 938 reyz's
1362 898 1431 934 mei,
1449 898 1506 938 qui
1525 901 1573 929 est
1594 899 1626 929 in
1650 902 1772 929 sancto.
1806 897 1946 930 Fuerunt
1966 900 2133 940 primipes

1157 941 1318 970 coniuncti
1336 940 1559 980 psallentibus,
1582 945 1612 972 et
1634 941 1782 972 inmedio
1798 942 2038 973 iuvencularmn
2056 946 2132 984 tym-

1156 983 1401 1022 panz‘strz'mwn.
1462 982 1559 1014 Redit
1599 984 1642 1014 ad
1682 984 1934 1025 descriptionem
1968 984 2130 1027 triumphi.

1157 1024 1340 1065 Principes„
1374 1026 1490 1067 inquit,
1522 1027 1734 1066 muecedunt.
1800 1026 1879 1058 Mihi
1910 1038 1976 1059 non
2000 1035 2050 1059 est
2076 1029 2131 1060 du-

1156 1068 1255 1104 bium,
1277 1069 1355 1109 quin
1378 1068 1477 1099 hodie
1501 1069 1534 1099 in
1564 1068 1628 1100 hac
1649 1079 1769 1110 pompa
1792 1069 1924 1101 Domini
1951 1072 2132 1103 ascenden-

1155 1112 1197 1141 tis
1230 1109 1351 1141 fuerint
1382 1111 1475 1151 primi
1508 1117 1631 1152 patres,
1665 1111 1780 1150 Adam,
1809 1113 1894 1151 Noe,
1916 1113 2016 1152 Abel,
2039 1113 2131 1152 Seth,

1155 1153 1337 1191 Abraham,
1372 1153 1481 1191 Isaac,
1513 1153 1627 1192 Iacob,
1651 1161 1683 1186 et
1708 1154 1798 1186 multi
1829 1157 1948 1187 sancti.
2015 1156 2056 1188 Et
2080 1164 2132 1189 est

1155 1196 1311 1227 memoria
1334 1196 1467 1237 dignum
1490 1196 1611 1228 dictum
1634 1196 1819 1236 Thaddaei‚
1849 1200 1938 1240 quod
1969 1198 2131 1232 Eusebius

1155 1239 1294 1276 recitat,
1328 1238 1485 1270 Dominus
1518 1241 1681 1272 descendit
1715 1242 1815 1275 solus,
1858 1243 1915 1273 secl
1949 1252 2011 1273 non
2044 1244 2132 1275 solus

1156 1283 1314 1319 ascendit,
1336 1292 1445 1313 rerum
1468 1284 1638 1314 conn‘tante
1659 1293 1777 1325 mayna
1806 1286 2017 1316 multitudine.
2064 1285 2130 1317 Sed

1155 1331 1264 1364 potest
1300 1323 1395 1356 locus
1429 1324 1553 1357 Psalmi
1584 1326 1616 1356 in
1651 1336 1774 1367 genere
1806 1328 1910 1369 accipi
1947 1329 1987 1359 de
2011 1339 2130 1370 pompa

1154 1368 1421 1408 praecedentium
1445 1374 1477 1399 et
1500 1369 1706 1410 sequentium
1731 1368 1906 1401 Christum.
1945 1370 2130 1412 Prophetae

1154 1411 1368 1450 praecedunt,
1398 1410 1551 1451 Apostoli
1580 1418 1772 1453 sequuntur.
1817 1412 1908 1444 Facit
1931 1414 2130 1445 mentionem

1158 1452 1490 1493 Τφημα7ηέίνιάνηιηε
1527 1455 1602 1495 quia
1632 1456 1733 1485 moris
1765 1462 1834 1487 erat
1865 1457 1898 1487 in
1920 1455 2043 1498 populo
2066 1456 2129 1488 Dei

1154 1498 1282 1525 ἐπινίκια
1316 1496 1390 1527 cani
1426 1507 1444 1527 a
1479 1496 1610 1528 choreis
1639 1497 1829 1538 puellarum.
1875 1499 1917 1530 Et
1945 1499 2054 1531 adhuc
2078 1505 2129 1531 est

1154 1539 1323 1575 usitatum,
1346 1540 1477 1580 quando
1503 1539 1579 1571 Dux
1603 1540 1831 1579 introducitur,
1866 1548 1900 1573 ut
1924 1541 2053 1582 puellae
2077 1552 2128 1574 01·—

1154 1587 1251 1612 natae
1275 1592 1347 1613 cuin
1371 1580 1498 1624 reliquo
1521 1581 1643 1623 populo
1667 1584 1798 1615 obviam
1820 1586 2012 1626 procedant.
2049 1585 2130 1617 Cum

1154 1623 1231 1655 Dux
1266 1623 1432 1656 Saxoniae
1467 1625 1605 1657 loannes
1638 1627 1812 1668 ingressus
1848 1634 1896 1658 est
1927 1627 2129 1670 Coburgum,

1153 1674 1409 1707 praecessenunt
1432 1665 1587 1709 virgine&
1610 1676 1747 1701 secutus
1770 1677 1820 1700 est
1844 1669 1996 1712 populus.
2021 1671 2127 1714 Signi-

1153 1709 1229 1740 ficat
1253 1709 1406 1742 Psalmus
1430 1709 1612 1743 Ecclesiam
1636 1721 1714 1744 esse
1736 1722 1867 1753 semper
1889 1713 2030 1756 aliquem
2055 1724 2127 1746 coe-

1153 1758 1219 1784 tum
1244 1753 1316 1784 sive
1338 1763 1503 1795 magnum,
1524 1755 1595 1786 sive
1617 1765 1766 1796 parvum.

1239 1795 1274 1826 In
1310 1796 1460 1827 Ecclesiz‘s
1492 1798 1665 1829 benedicite
1697 1798 1780 1836 Deo,
1817 1798 1953 1831 Donu'no
1986 1801 2026 1831 de
2054 1799 2128 1839 fon-

1154 1838 1236 1869 tibus
1255 1840 1382 1876 [sy-aem
1419 1839 1490 1871 Hoc
1515 1839 1610 1872 valde
1634 1840 1730 1873 dulce
1754 1847 1821 1872 est:
1848 1842 1890 1873 Es
1913 1844 1953 1873 isi
1978 1844 2054 1874 ἸιτΙηη·
2077 1844 2128 1875 die

1153 1891 1278 1913 massen
1303 1882 1410 1913 sehon.

1371 2056 1504 2106 Quare
1538 2058 1656 2098 dicis:
1689 2065 1729 2095 tle
1746 2063 1912 2103 lontibus?

1237 2180 1383 2215 Deducit
1405 2192 1464 2213 nos
1488 2184 1530 2214 ad
1554 2183 1745 2225 Scripturas
1769 2185 1905 2215 traditas
1929 2196 1986 2226 per
2011 2186 2126 2218 Patres

1151 2231 1183 2256 et
1206 2224 1402 2266 Prophetas.
1470 2224 1596 2268 Alligat
1625 2237 1686 2258 nos
1717 2228 1756 2257 ad
1782 2228 1918 2259 verbum
1942 2227 2124 2269 Propheta·

1150 2278 1233 2305 rum,
1256 2268 1333 2299 item
1357 2269 1398 2299 ad
1423 2267 1529 2301 Deum
1551 2267 1654 2308 illum,
1678 2270 1731 2310 qui
1745 2279 1783 2300 se
1800 2269 1953 2311 patefecit
1965 2272 1997 2302 in
2010 2271 2123 2304 lsrael.

1150 2309 1293 2342 Messias
1317 2321 1375 2352 per
1398 2313 1637 2352 promissiones
1668 2310 1852 2353 patefactus
1876 2319 1927 2345 est
1956 2314 1987 2345 in
2012 2314 2123 2347 lsrael.

1150 2353 1242 2385 lubet
1260 2354 1359 2395 igitur
1377 2355 1486 2394 simios
1504 2365 1660 2395 quaerere
1681 2356 1714 2385 in
1737 2356 1850 2386 lsrael.
1896 2356 1988 2388 lubet
2005 2356 2123 2399 ample·

1150 2397 1193 2428 cti
1227 2396 1433 2438 Scripturam
1468 2397 1709 2439 Propheficam,
1743 2403 1774 2429 et
1808 2397 1904 2430 simul
1939 2409 2002 2431 nos
2025 2402 2123 2433 docet

1149 2450 1247 2471 unam
1282 2449 1359 2471 esse
1397 2448 1587 2481 perpetuam
1629 2439 1825 2472 Ecclesiam.
1893 2441 1973 2473 Vult
2003 2450 2122 2486 gentes

1148 2492 1309 2524 quaerere
1332 2483 1526 2520 doctrinam,
1560 2492 1623 2513 non
1654 2483 1740 2523 apud
1774 2483 1900 2516 Sacerd
1926 2492 1976 2516 tes
2009 2487 2122 2529 Aegy-

1147 2526 1252 2566 ptios,
1285 2524 1338 2557 vel
1361 2526 1446 2565 apud
1472 2524 1675 2566 Babylonios
1699 2525 1835 2569 Magos,
1869 2537 1905 2559 se
1962 2530 2122 2571 praecipit

1147 2574 1183 2599 ut
1206 2574 1364 2609 quaerant
1382 2568 1500 2600 sontes.
1546 2567 1685 2609 Semper
1702 2568 1761 2600 fuit
1788 2568 1956 2610 Ecclesia,
1991 2582 2122 2614 semper

1147 2608 1207 2643 suit
1221 2612 1367 2648 verbum,
1377 2620 1438 2641 vos
1451 2611 1628 2652 quaeratis,
1639 2612 1694 2643 ubi
1706 2610 1814 2652 fuerit,
1827 2612 1952 2646 scilicet
1963 2615 1995 2646 in
2006 2614 2119 2647 lsrael.

1857 2674 1916 2698 54·
