<?xml version="1.0" encoding="UTF-8"?>
<!DOCTYPE html PUBLIC "-//W3C//DTD XHTML 1.0 Transitional//EN"
    "http://www.w3.org/TR/xhtml1/DTD/xhtml1-transitional.dtd">
<html xmlns="http://www.w3.org/1999/xhtml" xml:lang="en" lang="en">
 <head>
  <title>
</title>
<meta http-equiv="Content-Type" content="text/html;charset=utf-8" />
  <meta name='ocr-system' content='tesseract 3.04.00' />
  <meta name='ocr-capabilities' content='ocr_page ocr_carea ocr_par ocr_line ocrx_word'/>
</head>
<body>
  <div class='ocr_page' id='page_1' title='image "./operaquaesupersu24melauoft/operaquaesupersu24melauoft_0496.png"; bbox 0 0 2324 2958; ppageno 0'>
   <div class='ocr_carea' id='block_1_1' title="bbox 125 189 190 222">
    <p class='ocr_par' dir='ltr' id='par_1_1' title="bbox 125 189 190 222">
     <span class='ocr_line' id='line_1_1' title="bbox 125 189 190 222; baseline 0 0"><span class='ocrx_word' id='word_1_1' title='bbox 125 189 190 222; x_wconf 88' lang='grc'>939</span> 
     </span>
    </p>
   </div>
   <div class='ocr_carea' id='block_1_2' title="bbox 124 293 979 411">
    <p class='ocr_par' dir='ltr' id='par_1_2' title="bbox 124 293 979 411">
     <span class='ocr_line' id='line_1_2' title="bbox 124 293 979 364; baseline 0.002 -7"><span class='ocrx_word' id='word_1_2' title='bbox 124 293 285 357; x_wconf 58' lang='lat' dir='ltr'>amiliisltsitia</span> <span class='ocrx_word' id='word_1_3' title='bbox 308 325 513 364; x_wconf 84' lang='lat' dir='ltr'>Christiana,</span> <span class='ocrx_word' id='word_1_4' title='bbox 536 332 568 358; x_wconf 85' lang='lat' dir='ltr'>et</span> <span class='ocrx_word' id='word_1_5' title='bbox 588 326 799 360; x_wconf 82' lang='lat' dir='ltr'>interioribus</span> <span class='ocrx_word' id='word_1_6' title='bbox 824 326 979 360; x_wconf 87' lang='lat' dir='ltr'>cultibus.</span> 
     </span>
     <span class='ocr_line' id='line_1_3' title="bbox 210 368 626 411; baseline -0.002 -12"><span class='ocrx_word' id='word_1_7' title='bbox 210 368 351 400; x_wconf 69' lang='lat' dir='ltr'>valetne</span> <span class='ocrx_word' id='word_1_8' title='bbox 374 370 626 411; x_wconf 77' lang='lat' dir='ltr'>consequentia:</span> 
     </span>
    </p>
   </div>
   <div class='ocr_carea' id='block_1_3' title="bbox 207 429 1097 554">
    <p class='ocr_par' dir='ltr' id='par_1_3' title="bbox 207 429 1097 554">
     <span class='ocr_line' id='line_1_4' title="bbox 207 429 1097 469; baseline -0.001 -11"><span class='ocrx_word' id='word_1_9' title='bbox 207 429 272 458; x_wconf 71' lang='lat' dir='ltr'>Iste</span> <span class='ocrx_word' id='word_1_10' title='bbox 294 429 395 463; x_wconf 79' lang='lat' dir='ltr'>miles,</span> <span class='ocrx_word' id='word_1_11' title='bbox 425 431 479 469; x_wconf 79' lang='lat' dir='ltr'>qni</span> <span class='ocrx_word' id='word_1_12' title='bbox 501 430 634 459; x_wconf 77' lang='lat' dir='ltr'>mittitur</span> <span class='ocrx_word' id='word_1_13' title='bbox 656 440 676 458; x_wconf 85' lang='lat' dir='ltr'>a</span> <span class='ocrx_word' id='word_1_14' title='bbox 700 429 861 464; x_wconf 82' lang='lat' dir='ltr'>Cornelio,</span> <span class='ocrx_word' id='word_1_15' title='bbox 890 432 935 458; x_wconf 77' lang='lat' dir='ltr'>est</span> <span class='ocrx_word' id='word_1_16' title='bbox 954 429 1044 467; x_wconf 79' lang='lat' dir='ltr'>pius,</span> <span class='ocrx_word' id='word_1_17' title='bbox 1068 431 1097 457; x_wconf 76' lang='lat' dir='ltr'>et</span> 
     </span>
     <span class='ocr_line' id='line_1_5' title="bbox 251 471 483 511; baseline 0 -10"><span class='ocrx_word' id='word_1_18' title='bbox 251 471 321 501; x_wconf 86' lang='lat' dir='ltr'>Deo</span> <span class='ocrx_word' id='word_1_19' title='bbox 339 471 483 511; x_wconf 73' lang='lat' dir='ltr'>placens:</span> 
     </span>
     <span class='ocr_line' id='line_1_6' title="bbox 207 512 962 554; baseline -0.001 -10"><span class='ocrx_word' id='word_1_20' title='bbox 207 513 294 554; x_wconf 74' lang='lat' dir='ltr'>Eryo</span> <span class='ocrx_word' id='word_1_21' title='bbox 318 515 429 544; x_wconf 78' lang='lat' dir='ltr'>militia</span> <span class='ocrx_word' id='word_1_22' title='bbox 452 518 497 544; x_wconf 81' lang='lat' dir='ltr'>est</span> <span class='ocrx_word' id='word_1_23' title='bbox 519 524 568 544; x_wconf 76' lang='lat' dir='ltr'>res</span> <span class='ocrx_word' id='word_1_24' title='bbox 591 524 737 543; x_wconf 79' lang='lat' dir='ltr'>concessa</span> <span class='ocrx_word' id='word_1_25' title='bbox 760 512 962 543; x_wconf 67' lang='lat' dir='ltr'>Christitruo?</span> 
     </span>
    </p>
   </div>
   <div class='ocr_carea' id='block_1_4' title="bbox 116 580 1098 2286">
    <p class='ocr_par' dir='ltr' id='par_1_4' title="bbox 120 580 1096 795">
     <span class='ocr_line' id='line_1_7' title="bbox 208 580 1096 624; baseline -0.005 -10"><span class='ocrx_word' id='word_1_26' title='bbox 208 581 417 624; x_wconf 87' lang='lat' dir='ltr'>Respondeo.</span> <span class='ocrx_word' id='word_1_27' title='bbox 464 581 578 619; x_wconf 81' lang='lat' dir='ltr'>Valet3</span> <span class='ocrx_word' id='word_1_28' title='bbox 601 583 676 623; x_wconf 87' lang='lat' dir='ltr'>quia</span> <span class='ocrx_word' id='word_1_29' title='bbox 694 582 887 623; x_wconf 74' lang='lat' dir='ltr'><strong>approbatio</strong></span> <span class='ocrx_word' id='word_1_30' title='bbox 908 582 953 612; x_wconf 84' lang='lat' dir='ltr'>rei</span> <span class='ocrx_word' id='word_1_31' title='bbox 971 581 1002 611; x_wconf 91' lang='lat' dir='ltr'>in</span> <span class='ocrx_word' id='word_1_32' title='bbox 1019 580 1096 610; x_wconf 88' lang='lat' dir='ltr'>sub-</span> 
     </span>
     <span class='ocr_line' id='line_1_8' title="bbox 121 622 1095 667; baseline -0.003 -11"><span class='ocrx_word' id='word_1_33' title='bbox 121 625 224 663; x_wconf 88' lang='lat' dir='ltr'>iecto,</span> <span class='ocrx_word' id='word_1_34' title='bbox 254 627 457 667; x_wconf 82' lang='lat' dir='ltr'><strong>approbatur</strong></span> <span class='ocrx_word' id='word_1_35' title='bbox 484 635 540 657; x_wconf 90' lang='lat' dir='ltr'>res</span> <span class='ocrx_word' id='word_1_36' title='bbox 570 626 601 656; x_wconf 92' lang='lat' dir='ltr'>in</span> <span class='ocrx_word' id='word_1_37' title='bbox 631 635 763 667; x_wconf 83' lang='lat' dir='ltr'>genere.</span> <span class='ocrx_word' id='word_1_38' title='bbox 814 622 927 654; x_wconf 83' lang='lat' dir='ltr'>Militia</span> <span class='ocrx_word' id='word_1_39' title='bbox 957 633 1022 654; x_wconf 92' lang='lat' dir='ltr'>non</span> <span class='ocrx_word' id='word_1_40' title='bbox 1047 628 1095 653; x_wconf 88' lang='lat' dir='ltr'>est</span> 
     </span>
     <span class='ocr_line' id='line_1_9' title="bbox 121 664 1095 709; baseline -0.004 -10"><span class='ocrx_word' id='word_1_41' title='bbox 121 668 275 699; x_wconf 80' lang='lat' dir='ltr'>damnata</span> <span class='ocrx_word' id='word_1_42' title='bbox 298 679 358 709; x_wconf 87' lang='lat' dir='ltr'>per</span> <span class='ocrx_word' id='word_1_43' title='bbox 379 678 435 706; x_wconf 86' lang='lat' dir='ltr'>se,</span> <span class='ocrx_word' id='word_1_44' title='bbox 466 674 499 700; x_wconf 88' lang='lat' dir='ltr'>et</span> <span class='ocrx_word' id='word_1_45' title='bbox 520 678 582 699; x_wconf 84' lang='lat' dir='ltr'>suo</span> <span class='ocrx_word' id='word_1_46' title='bbox 606 677 744 709; x_wconf 76' lang='lat' dir='ltr'>genere3</span> <span class='ocrx_word' id='word_1_47' title='bbox 773 667 833 698; x_wconf 83' lang='lat' dir='ltr'>sed</span> <span class='ocrx_word' id='word_1_48' title='bbox 857 672 909 697; x_wconf 84' lang='lat' dir='ltr'>est</span> <span class='ocrx_word' id='word_1_49' title='bbox 931 664 1005 696; x_wconf 88' lang='lat' dir='ltr'>talis</span> <span class='ocrx_word' id='word_1_50' title='bbox 1029 675 1095 703; x_wconf 82' lang='lat' dir='ltr'>res,</span> 
     </span>
     <span class='ocr_line' id='line_1_10' title="bbox 120 707 1095 752; baseline -0.004 -10"><span class='ocrx_word' id='word_1_51' title='bbox 120 721 185 752; x_wconf 84' lang='lat' dir='ltr'>qua</span> <span class='ocrx_word' id='word_1_52' title='bbox 210 712 315 742; x_wconf 92' lang='lat' dir='ltr'>bonus</span> <span class='ocrx_word' id='word_1_53' title='bbox 339 712 422 742; x_wconf 88' lang='lat' dir='ltr'>bene</span> <span class='ocrx_word' id='word_1_54' title='bbox 444 712 490 742; x_wconf 84' lang='lat' dir='ltr'>uti</span> <span class='ocrx_word' id='word_1_55' title='bbox 513 717 634 752; x_wconf 88' lang='lat' dir='ltr'>potest.</span> <span class='ocrx_word' id='word_1_56' title='bbox 684 710 820 751; x_wconf 88' lang='lat' dir='ltr'>Loquor</span> <span class='ocrx_word' id='word_1_57' title='bbox 842 719 907 739; x_wconf 92' lang='lat' dir='ltr'>non</span> <span class='ocrx_word' id='word_1_58' title='bbox 931 709 971 739; x_wconf 91' lang='lat' dir='ltr'>de</span> <span class='ocrx_word' id='word_1_59' title='bbox 994 707 1095 739; x_wconf 79' lang='lat' dir='ltr'>lau-0-</span> 
     </span>
     <span class='ocr_line' id='line_1_11' title="bbox 120 750 1076 795; baseline -0.004 -10"><span class='ocrx_word' id='word_1_60' title='bbox 120 754 230 792; x_wconf 76' lang='lat' dir='ltr'>ciniis,</span> <span class='ocrx_word' id='word_1_61' title='bbox 253 754 314 785; x_wconf 85' lang='lat' dir='ltr'>sed</span> <span class='ocrx_word' id='word_1_62' title='bbox 337 755 377 785; x_wconf 91' lang='lat' dir='ltr'>de</span> <span class='ocrx_word' id='word_1_63' title='bbox 401 752 514 785; x_wconf 83' lang='lat' dir='ltr'>militia</span> <span class='ocrx_word' id='word_1_64' title='bbox 536 752 700 795; x_wconf 84' lang='lat' dir='ltr'>legitima,</span> <span class='ocrx_word' id='word_1_65' title='bbox 725 753 765 784; x_wconf 91' lang='lat' dir='ltr'>de</span> <span class='ocrx_word' id='word_1_66' title='bbox 789 750 884 783; x_wconf 89' lang='lat' dir='ltr'>bellis</span> <span class='ocrx_word' id='word_1_67' title='bbox 907 751 1076 782; x_wconf 88' lang='lat' dir='ltr'>ordinatis.</span> 
     </span>
    </p>

    <p class='ocr_par' dir='ltr' id='par_1_5' title="bbox 116 792 1095 1394">
     <span class='ocr_line' id='line_1_12' title="bbox 207 792 1094 837; baseline -0.003 -10"><span class='ocrx_word' id='word_1_68' title='bbox 207 796 299 827; x_wconf 81' lang='lat' dir='ltr'>Mera</span> <span class='ocrx_word' id='word_1_69' title='bbox 322 797 449 828; x_wconf 79' lang='lat' dir='ltr'>somnia</span> <span class='ocrx_word' id='word_1_70' title='bbox 469 803 563 834; x_wconf 82' lang='lat' dir='ltr'>sunt,</span> <span class='ocrx_word' id='word_1_71' title='bbox 587 795 675 837; x_wconf 87' lang='lat' dir='ltr'>quod</span> <span class='ocrx_word' id='word_1_72' title='bbox 699 794 796 836; x_wconf 81' lang='lat' dir='ltr'>aliqui</span> <span class='ocrx_word' id='word_1_73' title='bbox 820 795 945 825; x_wconf 82' lang='lat' dir='ltr'>dicunt:</span> <span class='ocrx_word' id='word_1_74' title='bbox 976 792 1094 825; x_wconf 83' lang='lat' dir='ltr'>lohan-</span> 
     </span>
     <span class='ocr_line' id='line_1_13' title="bbox 120 835 1092 881; baseline -0.004 -11"><span class='ocrx_word' id='word_1_75' title='bbox 120 849 181 870; x_wconf 88' lang='lat' dir='ltr'>nes</span> <span class='ocrx_word' id='word_1_76' title='bbox 215 839 366 881; x_wconf 81' lang='lat' dir='ltr'>Baptista</span> <span class='ocrx_word' id='word_1_77' title='bbox 401 840 568 870; x_wconf 78' lang='lat' dir='ltr'><strong>concessit</strong></span> <span class='ocrx_word' id='word_1_78' title='bbox 603 839 745 870; x_wconf 86' lang='lat' dir='ltr'>militiam</span> <span class='ocrx_word' id='word_1_79' title='bbox 780 835 998 878; x_wconf 77' lang='lat' dir='ltr'>imperfectis3</span> <span class='ocrx_word' id='word_1_80' title='bbox 1033 837 1092 867; x_wconf 86' lang='lat' dir='ltr'>sed</span> 
     </span>
     <span class='ocr_line' id='line_1_14' title="bbox 118 880 1092 924; baseline -0.005 -11"><span class='ocrx_word' id='word_1_81' title='bbox 118 881 272 913; x_wconf 78' lang='lat' dir='ltr'>Christus</span> <span class='ocrx_word' id='word_1_82' title='bbox 297 882 385 913; x_wconf 78' lang='lat' dir='ltr'>dedit</span> <span class='ocrx_word' id='word_1_83' title='bbox 407 881 515 924; x_wconf 86' lang='lat' dir='ltr'>legem</span> <span class='ocrx_word' id='word_1_84' title='bbox 539 880 788 923; x_wconf 80' lang='lat' dir='ltr'>persectiorem:</span> <span class='ocrx_word' id='word_1_85' title='bbox 817 881 854 908; x_wconf 71' lang='lat' dir='ltr'>»St</span> <span class='ocrx_word' id='word_1_86' title='bbox 877 881 947 919; x_wconf 82' lang='lat' dir='ltr'>quis</span> <span class='ocrx_word' id='word_1_87' title='bbox 970 883 999 909; x_wconf 82' lang='lat' dir='ltr'>te</span> <span class='ocrx_word' id='word_1_88' title='bbox 1022 889 1092 919; x_wconf 76' lang='lat' dir='ltr'>per-</span> 
     </span>
     <span class='ocr_line' id='line_1_15' title="bbox 118 922 1093 957; baseline -0.002 -3"><span class='ocrx_word' id='word_1_89' title='bbox 118 926 246 954; x_wconf 73' lang='lat' dir='ltr'>cusserit</span> <span class='ocrx_word' id='word_1_90' title='bbox 282 926 314 954; x_wconf 81' lang='lat' dir='ltr'>in</span> <span class='ocrx_word' id='word_1_91' title='bbox 347 925 504 954; x_wconf 68' lang='lat' dir='ltr'>maxillam</span> <span class='ocrx_word' id='word_1_92' title='bbox 538 935 642 957; x_wconf 72' lang='lat' dir='ltr'>umam,</span> <span class='ocrx_word' id='word_1_93' title='bbox 673 923 793 952; x_wconf 79' lang='lat' dir='ltr'><em>obverte</em></span> <span class='ocrx_word' id='word_1_94' title='bbox 826 923 856 951; x_wconf 83' lang='lat' dir='ltr'>ei</span> <span class='ocrx_word' id='word_1_95' title='bbox 888 926 919 952; x_wconf 82' lang='lat' dir='ltr'>et</span> <span class='ocrx_word' id='word_1_96' title='bbox 952 922 1093 952; x_wconf 78' lang='lat' dir='ltr'>alteram.</span> 
     </span>
     <span class='ocr_line' id='line_1_16' title="bbox 118 963 1091 1008; baseline -0.004 -9"><span class='ocrx_word' id='word_1_97' title='bbox 118 968 185 999; x_wconf 81' lang='lat' dir='ltr'>{sta</span> <span class='ocrx_word' id='word_1_98' title='bbox 207 974 284 999; x_wconf 90' lang='lat' dir='ltr'>sunt</span> <span class='ocrx_word' id='word_1_99' title='bbox 308 978 404 1000; x_wconf 84' lang='lat' dir='ltr'>cortu</span> <span class='ocrx_word' id='word_1_100' title='bbox 432 967 518 999; x_wconf 82' lang='lat' dir='ltr'>telae</span> <span class='ocrx_word' id='word_1_101' title='bbox 541 967 708 998; x_wconf 75' lang='lat' dir='ltr'>doctrinae</span> <span class='ocrx_word' id='word_1_102' title='bbox 732 965 833 1008; x_wconf 85' lang='lat' dir='ltr'>Legis</span> <span class='ocrx_word' id='word_1_103' title='bbox 856 971 887 996; x_wconf 87' lang='lat' dir='ltr'>et</span> <span class='ocrx_word' id='word_1_104' title='bbox 909 963 1091 1006; x_wconf 81' lang='lat' dir='ltr'>Evangelii.</span> 
     </span>
     <span class='ocr_line' id='line_1_17' title="bbox 117 1007 1093 1051; baseline -0.002 -10"><span class='ocrx_word' id='word_1_105' title='bbox 117 1010 271 1042; x_wconf 87' lang='lat' dir='ltr'>Christus</span> <span class='ocrx_word' id='word_1_106' title='bbox 305 1020 371 1042; x_wconf 88' lang='lat' dir='ltr'>non</span> <span class='ocrx_word' id='word_1_107' title='bbox 420 1017 468 1042; x_wconf 92' lang='lat' dir='ltr'>ert</span> <span class='ocrx_word' id='word_1_108' title='bbox 502 1020 621 1041; x_wconf 82' lang='lat' dir='ltr'>novam</span> <span class='ocrx_word' id='word_1_109' title='bbox 655 1007 784 1051; x_wconf 83' lang='lat' dir='ltr'>legem,</span> <span class='ocrx_word' id='word_1_110' title='bbox 829 1008 889 1039; x_wconf 85' lang='lat' dir='ltr'>sed</span> <span class='ocrx_word' id='word_1_111' title='bbox 923 1008 1093 1040; x_wconf 87' lang='lat' dir='ltr'>annuntiat</span> 
     </span>
     <span class='ocr_line' id='line_1_18' title="bbox 118 1050 1094 1095; baseline -0.003 -11"><span class='ocrx_word' id='word_1_112' title='bbox 118 1052 350 1095; x_wconf 82' lang='lat' dir='ltr'>Evangelium,</span> <span class='ocrx_word' id='word_1_113' title='bbox 385 1060 415 1084; x_wconf 89' lang='lat' dir='ltr'>et</span> <span class='ocrx_word' id='word_1_114' title='bbox 444 1054 550 1084; x_wconf 85' lang='lat' dir='ltr'>saucit</span> <span class='ocrx_word' id='word_1_115' title='bbox 579 1063 619 1083; x_wconf 91' lang='lat' dir='ltr'>ac</span> <span class='ocrx_word' id='word_1_116' title='bbox 649 1051 820 1082; x_wconf 82' lang='lat' dir='ltr'>confirmat</span> <span class='ocrx_word' id='word_1_117' title='bbox 847 1050 972 1093; x_wconf 81' lang='lat' dir='ltr'>legem:</span> <span class='ocrx_word' id='word_1_118' title='bbox 1007 1052 1094 1082; x_wconf 82' lang='lat' dir='ltr'>sicut</span> 
     </span>
     <span class='ocr_line' id='line_1_19' title="bbox 117 1094 1094 1138; baseline -0.003 -12"><span class='ocrx_word' id='word_1_119' title='bbox 117 1095 242 1128; x_wconf 76' lang='lat' dir='ltr'>Paulus</span> <span class='ocrx_word' id='word_1_120' title='bbox 264 1097 383 1138; x_wconf 69' lang='lat' dir='ltr'>inquit:</span> <span class='ocrx_word' id='word_1_121' title='bbox 407 1096 476 1126; x_wconf 73' lang='lat' dir='ltr'>Lex</span> <span class='ocrx_word' id='word_1_122' title='bbox 497 1095 655 1125; x_wconf 77' lang='lat' dir='ltr'>stabilitur</span> <span class='ocrx_word' id='word_1_123' title='bbox 668 1105 728 1133; x_wconf 84' lang='lat' dir='ltr'>per</span> <span class='ocrx_word' id='word_1_124' title='bbox 742 1094 841 1133; x_wconf 82' lang='lat' dir='ltr'>fidem.</span> <span class='ocrx_word' id='word_1_125' title='bbox 875 1094 945 1125; x_wconf 81' lang='lat' dir='ltr'>Lex</span> <span class='ocrx_word' id='word_1_126' title='bbox 964 1103 1094 1134; x_wconf 81' lang='lat' dir='ltr'>semper</span> 
     </span>
     <span class='ocr_line' id='line_1_20' title="bbox 116 1135 1092 1178; baseline -0.004 -8"><span class='ocrx_word' id='word_1_127' title='bbox 116 1146 226 1170; x_wconf 80' lang='lat' dir='ltr'>manet</span> <span class='ocrx_word' id='word_1_128' title='bbox 255 1137 328 1175; x_wconf 79' lang='lat' dir='ltr'>lex3</span> <span class='ocrx_word' id='word_1_129' title='bbox 358 1150 423 1170; x_wconf 91' lang='lat' dir='ltr'>non</span> <span class='ocrx_word' id='word_1_130' title='bbox 452 1138 596 1175; x_wconf 86' lang='lat' dir='ltr'>tollitur,</span> <span class='ocrx_word' id='word_1_131' title='bbox 626 1148 688 1168; x_wconf 87' lang='lat' dir='ltr'>nec</span> <span class='ocrx_word' id='word_1_132' title='bbox 712 1138 895 1178; x_wconf 81' lang='lat' dir='ltr'>abrogatur</span> <span class='ocrx_word' id='word_1_133' title='bbox 917 1146 979 1177; x_wconf 91' lang='lat' dir='ltr'>per</span> <span class='ocrx_word' id='word_1_134' title='bbox 1001 1135 1092 1167; x_wconf 85' lang='lat' dir='ltr'>Chri-</span> 
     </span>
     <span class='ocr_line' id='line_1_21' title="bbox 117 1179 1091 1223; baseline -0.003 -11"><span class='ocrx_word' id='word_1_135' title='bbox 117 1188 213 1213; x_wconf 83' lang='lat' dir='ltr'>stum.</span> <span class='ocrx_word' id='word_1_136' title='bbox 260 1181 354 1213; x_wconf 91' lang='lat' dir='ltr'>Sicut</span> <span class='ocrx_word' id='word_1_137' title='bbox 377 1180 540 1223; x_wconf 79' lang='lat' dir='ltr'>supplicia</span> <span class='ocrx_word' id='word_1_138' title='bbox 563 1180 798 1212; x_wconf 79' lang='lat' dir='ltr'>homicidarum</span> <span class='ocrx_word' id='word_1_139' title='bbox 822 1180 853 1210; x_wconf 88' lang='lat' dir='ltr'>in</span> <span class='ocrx_word' id='word_1_140' title='bbox 879 1179 992 1220; x_wconf 83' lang='lat' dir='ltr'>politia</span> <span class='ocrx_word' id='word_1_141' title='bbox 1014 1184 1091 1210; x_wconf 86' lang='lat' dir='ltr'>sunt</span> 
     </span>
     <span class='ocr_line' id='line_1_22' title="bbox 118 1222 1095 1266; baseline -0.005 -10"><span class='ocrx_word' id='word_1_142' title='bbox 118 1225 328 1261; x_wconf 83' lang='lat' dir='ltr'>necessaria3</span> <span class='ocrx_word' id='word_1_143' title='bbox 351 1225 401 1256; x_wconf 88' lang='lat' dir='ltr'>sic</span> <span class='ocrx_word' id='word_1_144' title='bbox 424 1224 570 1266; x_wconf 86' lang='lat' dir='ltr'>legitima</span> <span class='ocrx_word' id='word_1_145' title='bbox 593 1222 740 1253; x_wconf 71' lang='lat' dir='ltr'>defensio</span> <span class='ocrx_word' id='word_1_146' title='bbox 766 1228 881 1253; x_wconf 89' lang='lat' dir='ltr'>contra</span> <span class='ocrx_word' id='word_1_147' title='bbox 904 1222 1020 1253; x_wconf 86' lang='lat' dir='ltr'>hostes</span> <span class='ocrx_word' id='word_1_148' title='bbox 1044 1228 1095 1252; x_wconf 88' lang='lat' dir='ltr'>est</span> 
     </span>
     <span class='ocr_line' id='line_1_23' title="bbox 118 1264 1094 1308; baseline -0.004 -10"><span class='ocrx_word' id='word_1_149' title='bbox 118 1267 319 1298; x_wconf 83' lang='lat' dir='ltr'>necessaria.</span> <span class='ocrx_word' id='word_1_150' title='bbox 376 1266 546 1308; x_wconf 88' lang='lat' dir='ltr'>Principes</span> <span class='ocrx_word' id='word_1_151' title='bbox 580 1266 700 1297; x_wconf 89' lang='lat' dir='ltr'>debent</span> <span class='ocrx_word' id='word_1_152' title='bbox 730 1266 830 1295; x_wconf 88' lang='lat' dir='ltr'>vitam</span> <span class='ocrx_word' id='word_1_153' title='bbox 860 1265 891 1295; x_wconf 87' lang='lat' dir='ltr'>in</span> <span class='ocrx_word' id='word_1_154' title='bbox 916 1264 1094 1295; x_wconf 70' lang='lat' dir='ltr'>discrimen</span> 
     </span>
     <span class='ocr_line' id='line_1_24' title="bbox 117 1305 1094 1351; baseline -0.004 -10"><span class='ocrx_word' id='word_1_155' title='bbox 117 1310 283 1341; x_wconf 81' lang='lat' dir='ltr'>adducere</span> <span class='ocrx_word' id='word_1_156' title='bbox 318 1320 378 1351; x_wconf 81' lang='lat' dir='ltr'>pro</span> <span class='ocrx_word' id='word_1_157' title='bbox 413 1308 620 1341; x_wconf 84' lang='lat' dir='ltr'>defendenda</span> <span class='ocrx_word' id='word_1_158' title='bbox 649 1308 772 1348; x_wconf 83' lang='lat' dir='ltr'>patria,</span> <span class='ocrx_word' id='word_1_159' title='bbox 807 1314 924 1338; x_wconf 83' lang='lat' dir='ltr'>contra</span> <span class='ocrx_word' id='word_1_160' title='bbox 946 1305 1094 1337; x_wconf 78' lang='lat' dir='ltr'>latrones</span> 
     </span>
     <span class='ocr_line' id='line_1_25' title="bbox 117 1351 681 1394; baseline -0.005 -10"><span class='ocrx_word' id='word_1_161' title='bbox 117 1353 275 1384; x_wconf 89' lang='lat' dir='ltr'>Turcicos</span> <span class='ocrx_word' id='word_1_162' title='bbox 298 1359 330 1384; x_wconf 87' lang='lat' dir='ltr'>et</span> <span class='ocrx_word' id='word_1_163' title='bbox 351 1351 435 1384; x_wconf 86' lang='lat' dir='ltr'>alios</span> <span class='ocrx_word' id='word_1_164' title='bbox 457 1357 681 1394; x_wconf 79' lang='lat' dir='ltr'>grassatores.</span> 
     </span>
    </p>

    <p class='ocr_par' dir='ltr' id='par_1_6' title="bbox 117 1392 1097 2071">
     <span class='ocr_line' id='line_1_26' title="bbox 203 1392 1094 1436; baseline -0.004 -10"><span class='ocrx_word' id='word_1_165' title='bbox 203 1395 309 1431; x_wconf 89' lang='lat' dir='ltr'>Quam</span> <span class='ocrx_word' id='word_1_166' title='bbox 339 1402 433 1436; x_wconf 80' lang='lat' dir='ltr'>turpe</span> <span class='ocrx_word' id='word_1_167' title='bbox 461 1401 512 1427; x_wconf 87' lang='lat' dir='ltr'>est</span> <span class='ocrx_word' id='word_1_168' title='bbox 535 1393 651 1431; x_wconf 88' lang='lat' dir='ltr'>hodie,</span> <span class='ocrx_word' id='word_1_169' title='bbox 682 1393 769 1434; x_wconf 88' lang='lat' dir='ltr'>quod</span> <span class='ocrx_word' id='word_1_170' title='bbox 792 1392 898 1424; x_wconf 81' lang='lat' dir='ltr'>nostri</span> <span class='ocrx_word' id='word_1_171' title='bbox 922 1392 1094 1432; x_wconf 79' lang='lat' dir='ltr'>Principes</span> 
     </span>
     <span class='ocr_line' id='line_1_27' title="bbox 118 1435 1095 1476; baseline -0.005 -7"><span class='ocrx_word' id='word_1_172' title='bbox 118 1445 295 1476; x_wconf 82' lang='lat' dir='ltr'>venantur,</span> <span class='ocrx_word' id='word_1_173' title='bbox 328 1437 534 1475; x_wconf 70' lang='lat' dir='ltr'>belluarum,</span> <span class='ocrx_word' id='word_1_174' title='bbox 568 1437 715 1468; x_wconf 77' lang='lat' dir='ltr'>rixantur</span> <span class='ocrx_word' id='word_1_175' title='bbox 748 1436 833 1466; x_wconf 88' lang='lat' dir='ltr'>inter</span> <span class='ocrx_word' id='word_1_176' title='bbox 860 1445 898 1466; x_wconf 84' lang='lat' dir='ltr'>se</span> <span class='ocrx_word' id='word_1_177' title='bbox 930 1435 970 1465; x_wconf 91' lang='lat' dir='ltr'>de</span> <span class='ocrx_word' id='word_1_178' title='bbox 994 1436 1095 1465; x_wconf 88' lang='lat' dir='ltr'>rebus</span> 
     </span>
     <span class='ocr_line' id='line_1_28' title="bbox 118 1478 1094 1523; baseline -0.005 -11"><span class='ocrx_word' id='word_1_179' title='bbox 118 1491 182 1512; x_wconf 91' lang='lat' dir='ltr'>non</span> <span class='ocrx_word' id='word_1_180' title='bbox 217 1481 366 1523; x_wconf 84' lang='lat' dir='ltr'>magnis,</span> <span class='ocrx_word' id='word_1_181' title='bbox 400 1487 433 1512; x_wconf 88' lang='lat' dir='ltr'>et</span> <span class='ocrx_word' id='word_1_182' title='bbox 468 1481 581 1511; x_wconf 86' lang='lat' dir='ltr'>sinunt</span> <span class='ocrx_word' id='word_1_183' title='bbox 611 1479 750 1510; x_wconf 87' lang='lat' dir='ltr'>Turcam</span> <span class='ocrx_word' id='word_1_184' title='bbox 781 1478 927 1520; x_wconf 88' lang='lat' dir='ltr'>grassari</span> <span class='ocrx_word' id='word_1_185' title='bbox 958 1478 990 1508; x_wconf 88' lang='lat' dir='ltr'>in</span> <span class='ocrx_word' id='word_1_186' title='bbox 1021 1478 1094 1508; x_wconf 78' lang='lat' dir='ltr'>(lies</span> 
     </span>
     <span class='ocr_line' id='line_1_29' title="bbox 117 1520 1094 1565; baseline -0.005 -9"><span class='ocrx_word' id='word_1_187' title='bbox 117 1523 231 1562; x_wconf 80' lang='lat' dir='ltr'>latius,</span> <span class='ocrx_word' id='word_1_188' title='bbox 263 1525 347 1555; x_wconf 87' lang='lat' dir='ltr'>sicut</span> <span class='ocrx_word' id='word_1_189' title='bbox 378 1533 483 1565; x_wconf 89' lang='lat' dir='ltr'>nuper</span> <span class='ocrx_word' id='word_1_190' title='bbox 510 1521 612 1554; x_wconf 79' lang='lat' dir='ltr'>multa</span> <span class='ocrx_word' id='word_1_191' title='bbox 638 1520 738 1553; x_wconf 89' lang='lat' dir='ltr'>millia</span> <span class='ocrx_word' id='word_1_192' title='bbox 762 1520 928 1552; x_wconf 88' lang='lat' dir='ltr'>hominum</span> <span class='ocrx_word' id='word_1_193' title='bbox 950 1521 1094 1551; x_wconf 77' lang='lat' dir='ltr'>abducta</span> 
     </span>
     <span class='ocr_line' id='line_1_30' title="bbox 118 1565 1095 1607; baseline -0.005 -9"><span class='ocrx_word' id='word_1_194' title='bbox 118 1573 194 1598; x_wconf 87' lang='lat' dir='ltr'>sunt</span> <span class='ocrx_word' id='word_1_195' title='bbox 229 1577 248 1597; x_wconf 88' lang='lat' dir='ltr'>a</span> <span class='ocrx_word' id='word_1_196' title='bbox 283 1566 411 1598; x_wconf 85' lang='lat' dir='ltr'>Turcis.</span> <span class='ocrx_word' id='word_1_197' title='bbox 473 1565 630 1607; x_wconf 83' lang='lat' dir='ltr'>Magnum</span> <span class='ocrx_word' id='word_1_198' title='bbox 665 1571 837 1605; x_wconf 85' lang='lat' dir='ltr'>peccatum</span> <span class='ocrx_word' id='word_1_199' title='bbox 872 1569 922 1594; x_wconf 87' lang='lat' dir='ltr'>est</span> <span class='ocrx_word' id='word_1_200' title='bbox 951 1569 1095 1604; x_wconf 85' lang='lat' dir='ltr'>praeter-</span> 
     </span>
     <span class='ocr_line' id='line_1_31' title="bbox 117 1607 1094 1651; baseline -0.005 -10"><span class='ocrx_word' id='word_1_201' title='bbox 117 1610 231 1641; x_wconf 73' lang='lat' dir='ltr'>missio</span> <span class='ocrx_word' id='word_1_202' title='bbox 260 1608 380 1647; x_wconf 84' lang='lat' dir='ltr'>officii,</span> <span class='ocrx_word' id='word_1_203' title='bbox 414 1609 501 1651; x_wconf 92' lang='lat' dir='ltr'>quod</span> <span class='ocrx_word' id='word_1_204' title='bbox 531 1608 744 1650; x_wconf 78' lang='lat' dir='ltr'>magistratus</span> <span class='ocrx_word' id='word_1_205' title='bbox 774 1607 872 1638; x_wconf 88' lang='lat' dir='ltr'>debet</span> <span class='ocrx_word' id='word_1_206' title='bbox 899 1607 1039 1637; x_wconf 86' lang='lat' dir='ltr'>subditis</span> <span class='ocrx_word' id='word_1_207' title='bbox 1063 1607 1094 1637; x_wconf 86' lang='lat' dir='ltr'>in</span> 
     </span>
     <span class='ocr_line' id='line_1_32' title="bbox 118 1649 1095 1692; baseline -0.005 -8"><span class='ocrx_word' id='word_1_208' title='bbox 118 1651 312 1684; x_wconf 80' lang='lat' dir='ltr'>defensione</span> <span class='ocrx_word' id='word_1_209' title='bbox 341 1653 543 1684; x_wconf 75' lang='lat' dir='ltr'>necessaria.</span> <span class='ocrx_word' id='word_1_210' title='bbox 599 1650 710 1692; x_wconf 84' lang='lat' dir='ltr'>Aliqui</span> <span class='ocrx_word' id='word_1_211' title='bbox 733 1660 771 1681; x_wconf 91' lang='lat' dir='ltr'>se</span> <span class='ocrx_word' id='word_1_212' title='bbox 794 1656 973 1688; x_wconf 78' lang='lat' dir='ltr'>excusant,</span> <span class='ocrx_word' id='word_1_213' title='bbox 1007 1649 1095 1690; x_wconf 87' lang='lat' dir='ltr'>quod</span> 
     </span>
     <span class='ocr_line' id='line_1_33' title="bbox 117 1690 1096 1736; baseline -0.006 -9"><span class='ocrx_word' id='word_1_214' title='bbox 117 1695 180 1727; x_wconf 80' lang='lat' dir='ltr'>soli</span> <span class='ocrx_word' id='word_1_215' title='bbox 205 1695 284 1726; x_wconf 83' lang='lat' dir='ltr'>nibil</span> <span class='ocrx_word' id='word_1_216' title='bbox 309 1703 478 1736; x_wconf 82' lang='lat' dir='ltr'>praestare</span> <span class='ocrx_word' id='word_1_217' title='bbox 501 1695 631 1736; x_wconf 89' lang='lat' dir='ltr'>possint</span> <span class='ocrx_word' id='word_1_218' title='bbox 648 1695 775 1734; x_wconf 74' lang='lat' dir='ltr'>absque</span> <span class='ocrx_word' id='word_1_219' title='bbox 793 1691 932 1724; x_wconf 90' lang='lat' dir='ltr'>aliorum</span> <span class='ocrx_word' id='word_1_220' title='bbox 951 1690 1096 1730; x_wconf 75' lang='lat' dir='ltr'>auxiliis,</span> 
     </span>
     <span class='ocr_line' id='line_1_34' title="bbox 117 1734 1096 1779; baseline -0.005 -9"><span class='ocrx_word' id='word_1_221' title='bbox 117 1740 204 1770; x_wconf 88' lang='lat' dir='ltr'>sieut</span> <span class='ocrx_word' id='word_1_222' title='bbox 223 1746 273 1770; x_wconf 80' lang='lat' dir='ltr'>est</span> <span class='ocrx_word' id='word_1_223' title='bbox 291 1739 377 1779; x_wconf 85' lang='lat' dir='ltr'>apud</span> <span class='ocrx_word' id='word_1_224' title='bbox 396 1738 603 1779; x_wconf 81' lang='lat' dir='ltr'>Euripidem:</span> <span class='ocrx_word' id='word_1_225' title='bbox 628 1737 716 1772; x_wconf 81' lang='grc' dir='ltr'>Μιᾶς</span> <span class='ocrx_word' id='word_1_226' title='bbox 731 1735 831 1776; x_wconf 82' lang='grc' dir='ltr'><strong><em>χειρὸς</em></strong></span> <span class='ocrx_word' id='word_1_227' title='bbox 848 1734 981 1773; x_wconf 44' lang='lat' dir='ltr'>clavem}</span> <span class='ocrx_word' id='word_1_228' title='bbox 997 1735 1096 1774; x_wconf 69' lang='grc' dir='ltr'><strong><em>μάχη.-</em></strong></span> 
     </span>
     <span class='ocr_line' id='line_1_35' title="bbox 118 1779 1096 1811; baseline -0.003 0"><span class='ocrx_word' id='word_1_229' title='bbox 118 1781 197 1811; x_wconf 81' lang='lat' dir='ltr'>Eine</span> <span class='ocrx_word' id='word_1_230' title='bbox 229 1781 315 1811; x_wconf 75' lang='lat' dir='ltr'>hand</span> <span class='ocrx_word' id='word_1_231' title='bbox 349 1782 409 1811; x_wconf 76' lang='lat' dir='ltr'>kun</span> <span class='ocrx_word' id='word_1_232' title='bbox 444 1781 537 1810; x_wconf 76' lang='lat' dir='ltr'>allein</span> <span class='ocrx_word' id='word_1_233' title='bbox 572 1779 673 1809; x_wconf 64' lang='lat' dir='ltr'>nielles</span> <span class='ocrx_word' id='word_1_234' title='bbox 707 1779 798 1809; x_wconf 75' lang='lat' dir='ltr'>tlzun:</span> <span class='ocrx_word' id='word_1_235' title='bbox 835 1779 896 1810; x_wconf 88' lang='lat' dir='ltr'>sed</span> <span class='ocrx_word' id='word_1_236' title='bbox 931 1779 1096 1809; x_wconf 83' lang='lat' dir='ltr'>debebant</span> 
     </span>
     <span class='ocr_line' id='line_1_36' title="bbox 118 1821 1095 1867; baseline -0.004 -12"><span class='ocrx_word' id='word_1_237' title='bbox 118 1823 239 1867; x_wconf 83' lang='lat' dir='ltr'>singuli</span> <span class='ocrx_word' id='word_1_238' title='bbox 274 1823 403 1862; x_wconf 81' lang='lat' dir='ltr'>facere,</span> <span class='ocrx_word' id='word_1_239' title='bbox 438 1830 595 1865; x_wconf 87' lang='lat' dir='ltr'>quantum</span> <span class='ocrx_word' id='word_1_240' title='bbox 629 1823 662 1853; x_wconf 86' lang='lat' dir='ltr'>in</span> <span class='ocrx_word' id='word_1_241' title='bbox 697 1832 735 1853; x_wconf 78' lang='lat' dir='ltr'>se</span> <span class='ocrx_word' id='word_1_242' title='bbox 765 1828 874 1859; x_wconf 88' lang='lat' dir='ltr'>esset,</span> <span class='ocrx_word' id='word_1_243' title='bbox 907 1828 939 1852; x_wconf 88' lang='lat' dir='ltr'>et</span> <span class='ocrx_word' id='word_1_244' title='bbox 971 1821 1095 1852; x_wconf 88' lang='lat' dir='ltr'>hortari</span> 
     </span>
     <span class='ocr_line' id='line_1_37' title="bbox 117 1863 1096 1906; baseline -0.004 -7"><span class='ocrx_word' id='word_1_245' title='bbox 117 1866 212 1905; x_wconf 78' lang='lat' dir='ltr'>alios,</span> <span class='ocrx_word' id='word_1_246' title='bbox 229 1874 264 1899; x_wconf 87' lang='lat' dir='ltr'>ut</span> <span class='ocrx_word' id='word_1_247' title='bbox 283 1867 401 1899; x_wconf 78' lang='lat' dir='ltr'>similia</span> <span class='ocrx_word' id='word_1_248' title='bbox 420 1867 578 1899; x_wconf 81' lang='lat' dir='ltr'>facerent.</span> <span class='ocrx_word' id='word_1_249' title='bbox 624 1865 698 1896; x_wconf 78' lang='lat' dir='ltr'>Non</span> <span class='ocrx_word' id='word_1_250' title='bbox 719 1871 770 1896; x_wconf 64' lang='lat' dir='ltr'>est</span> <span class='ocrx_word' id='word_1_251' title='bbox 794 1875 877 1906; x_wconf 85' lang='lat' dir='ltr'>opus</span> <span class='ocrx_word' id='word_1_252' title='bbox 901 1863 964 1895; x_wconf 89' lang='lat' dir='ltr'>hac</span> <span class='ocrx_word' id='word_1_253' title='bbox 987 1865 1096 1905; x_wconf 77' lang='lat' dir='ltr'>‹lispu-</span> 
     </span>
     <span class='ocr_line' id='line_1_38' title="bbox 118 1907 1097 1949; baseline -0.005 -8"><span class='ocrx_word' id='word_1_254' title='bbox 118 1911 257 1946; x_wconf 81' lang='lat' dir='ltr'>tatione,</span> <span class='ocrx_word' id='word_1_255' title='bbox 287 1911 335 1939; x_wconf 83' lang='lat' dir='ltr'>An</span> <span class='ocrx_word' id='word_1_256' title='bbox 365 1920 471 1949; x_wconf 72' lang='lat' dir='ltr'>yet-ere</span> <span class='ocrx_word' id='word_1_257' title='bbox 492 1909 599 1939; x_wconf 71' lang='lat' dir='ltr'>(tellum</span> <span class='ocrx_word' id='word_1_258' title='bbox 625 1910 665 1938; x_wconf 78' lang='lat' dir='ltr'>sil</span> <span class='ocrx_word' id='word_1_259' title='bbox 695 1919 743 1937; x_wconf 81' lang='lat' dir='ltr'>res</span> <span class='ocrx_word' id='word_1_260' title='bbox 772 1918 917 1937; x_wconf 78' lang='lat' dir='ltr'>concessu</span> <span class='ocrx_word' id='word_1_261' title='bbox 948 1907 1097 1937; x_wconf 78' lang='lat' dir='ltr'>Christia-</span> 
     </span>
     <span class='ocr_line' id='line_1_39' title="bbox 117 1948 1096 1994; baseline -0.002 -11"><span class='ocrx_word' id='word_1_262' title='bbox 117 1955 182 1986; x_wconf 63' lang='lat' dir='ltr'>m&#39;n</span> <span class='ocrx_word' id='word_1_263' title='bbox 206 1954 264 1984; x_wconf 69' lang='lat' dir='ltr'>sed</span> <span class='ocrx_word' id='word_1_264' title='bbox 290 1954 467 1994; x_wconf 85' lang='lat' dir='ltr'>optandum</span> <span class='ocrx_word' id='word_1_265' title='bbox 491 1958 582 1990; x_wconf 80' lang='lat' dir='ltr'>erat,</span> <span class='ocrx_word' id='word_1_266' title='bbox 605 1958 638 1982; x_wconf 89' lang='lat' dir='ltr'>ut</span> <span class='ocrx_word' id='word_1_267' title='bbox 664 1948 834 1992; x_wconf 79' lang='lat' dir='ltr'>Principes</span> <span class='ocrx_word' id='word_1_268' title='bbox 859 1960 1022 1981; x_wconf 78' lang='lat' dir='ltr'>memores</span> <span class='ocrx_word' id='word_1_269' title='bbox 1045 1951 1096 1981; x_wconf 89' lang='lat' dir='ltr'>sui</span> 
     </span>
     <span class='ocr_line' id='line_1_40' title="bbox 119 1992 1095 2037; baseline -0.003 -10"><span class='ocrx_word' id='word_1_270' title='bbox 119 1995 219 2028; x_wconf 78' lang='lat' dir='ltr'>officii</span> <span class='ocrx_word' id='word_1_271' title='bbox 254 2003 407 2037; x_wconf 81' lang='lat' dir='ltr'>gererent</span> <span class='ocrx_word' id='word_1_272' title='bbox 444 1994 532 2027; x_wconf 84' lang='lat' dir='ltr'>bella</span> <span class='ocrx_word' id='word_1_273' title='bbox 565 1995 774 2032; x_wconf 79' lang='lat' dir='ltr'>necessaria,</span> <span class='ocrx_word' id='word_1_274' title='bbox 816 2001 848 2025; x_wconf 91' lang='lat' dir='ltr'>et</span> <span class='ocrx_word' id='word_1_275' title='bbox 883 1992 1095 2025; x_wconf 82' lang='lat' dir='ltr'>defenderent</span> 
     </span>
     <span class='ocr_line' id='line_1_41' title="bbox 118 2039 385 2071; baseline 0.004 -3"><span class='ocrx_word' id='word_1_276' title='bbox 118 2049 200 2071; x_wconf 72' lang='lat' dir='ltr'>suos</span> <span class='ocrx_word' id='word_1_277' title='bbox 224 2039 385 2070; x_wconf 76' lang='lat' dir='ltr'>subditos.</span> 
     </span>
    </p>

    <p class='ocr_par' dir='ltr' id='par_1_7' title="bbox 119 2077 1098 2286">
     <span class='ocr_line' id='line_1_42' title="bbox 206 2077 1096 2120; baseline -0.004 -7"><span class='ocrx_word' id='word_1_278' title='bbox 206 2082 278 2113; x_wconf 85' lang='lat' dir='ltr'>Non</span> <span class='ocrx_word' id='word_1_279' title='bbox 303 2082 431 2113; x_wconf 87' lang='lat' dir='ltr'>memini</span> <span class='ocrx_word' id='word_1_280' title='bbox 456 2091 506 2112; x_wconf 91' lang='lat' dir='ltr'>me</span> <span class='ocrx_word' id='word_1_281' title='bbox 530 2079 607 2111; x_wconf 87' lang='lat' dir='ltr'>alibi</span> <span class='ocrx_word' id='word_1_282' title='bbox 633 2081 663 2111; x_wconf 86' lang='lat' dir='ltr'>in</span> <span class='ocrx_word' id='word_1_283' title='bbox 688 2078 803 2110; x_wconf 76' lang='lat' dir='ltr'>Bibliis</span> <span class='ocrx_word' id='word_1_284' title='bbox 829 2077 940 2119; x_wconf 74' lang='lat' dir='ltr'>legere</span> <span class='ocrx_word' id='word_1_285' title='bbox 963 2078 1096 2120; x_wconf 84' lang='lat' dir='ltr'>Epithe-</span> 
     </span>
     <span class='ocr_line' id='line_1_43' title="bbox 119 2121 1097 2166; baseline -0.004 -10"><span class='ocrx_word' id='word_1_286' title='bbox 119 2132 175 2157; x_wconf 82' lang='lat' dir='ltr'>ton</span> <span class='ocrx_word' id='word_1_287' title='bbox 211 2125 294 2161; x_wconf 87' lang='lat' dir='ltr'>hoc,</span> <span class='ocrx_word' id='word_1_288' title='bbox 328 2126 416 2166; x_wconf 87' lang='lat' dir='ltr'>quod</span> <span class='ocrx_word' id='word_1_289' title='bbox 447 2134 485 2155; x_wconf 77' lang='lat' dir='ltr'>ex</span> <span class='ocrx_word' id='word_1_290' title='bbox 513 2133 607 2155; x_wconf 79' lang='lat' dir='ltr'>resse</span> <span class='ocrx_word' id='word_1_291' title='bbox 637 2124 767 2164; x_wconf 87' lang='lat' dir='ltr'>ponitur</span> <span class='ocrx_word' id='word_1_292' title='bbox 795 2123 825 2153; x_wconf 87' lang='lat' dir='ltr'>iu</span> <span class='ocrx_word' id='word_1_293' title='bbox 856 2121 918 2153; x_wconf 86' lang='lat' dir='ltr'>bac</span> <span class='ocrx_word' id='word_1_294' title='bbox 950 2122 1097 2158; x_wconf 72' lang='lat' dir='ltr'>historia,</span> 
     </span>
     <span class='ocr_line' id='line_1_44' title="bbox 120 2165 1097 2206; baseline -0.005 -7"><span class='ocrx_word' id='word_1_295' title='bbox 120 2179 194 2199; x_wconf 87' lang='lat' dir='ltr'>cum</span> <span class='ocrx_word' id='word_1_296' title='bbox 228 2169 347 2200; x_wconf 87' lang='lat' dir='ltr'>dicitur</span> <span class='ocrx_word' id='word_1_297' title='bbox 381 2167 490 2199; x_wconf 88' lang='lat' dir='ltr'>Corne</span> <span class='ocrx_word' id='word_1_298' title='bbox 505 2168 554 2198; x_wconf 87' lang='lat' dir='ltr'>ius</span> <span class='ocrx_word' id='word_1_299' title='bbox 595 2167 726 2197; x_wconf 69' lang='lat' dir='ltr'>misisse</span> <span class='ocrx_word' id='word_1_300' title='bbox 760 2165 943 2206; x_wconf 70' lang='grc' dir='ltr'><em>στρατιώτην</em></span> <span class='ocrx_word' id='word_1_301' title='bbox 977 2165 1097 2204; x_wconf 64' lang='grc' dir='ltr'>εὐσεβῆ,</span> 
     </span>
     <span class='ocr_line' id='line_1_45' title="bbox 121 2208 1098 2252; baseline -0.006 -9"><span class='ocrx_word' id='word_1_302' title='bbox 121 2210 255 2243; x_wconf 74' lang='lat' dir='ltr'>Militem</span> <span class='ocrx_word' id='word_1_303' title='bbox 286 2212 383 2252; x_wconf 89' lang='lat' dir='ltr'>pium.</span> <span class='ocrx_word' id='word_1_304' title='bbox 435 2208 534 2241; x_wconf 77' lang='lat' dir='ltr'>Tales</span> <span class='ocrx_word' id='word_1_305' title='bbox 563 2216 641 2241; x_wconf 84' lang='lat' dir='ltr'>sunt</span> <span class='ocrx_word' id='word_1_306' title='bbox 670 2209 742 2240; x_wconf 83' lang='lat' dir='ltr'>rati.</span> <span class='ocrx_word' id='word_1_307' title='bbox 790 2208 865 2240; x_wconf 86' lang='lat' dir='ltr'>ldeo</span> <span class='ocrx_word' id='word_1_308' title='bbox 890 2209 921 2239; x_wconf 91' lang='lat' dir='ltr'>in</span> <span class='ocrx_word' id='word_1_309' title='bbox 946 2208 1098 2239; x_wconf 62' lang='lat' dir='ltr'>xersibus</span> 
     </span>
     <span class='ocr_line' id='line_1_46' title="bbox 121 2255 252 2286; baseline -0.031 0"><span class='ocrx_word' id='word_1_310' title='bbox 121 2255 252 2286; x_wconf 87' lang='lat' dir='ltr'>dicitur:</span> 
     </span>
    </p>
   </div>
   <div class='ocr_carea' id='block_1_5' title="bbox 206 2313 1100 2397">
    <p class='ocr_par' dir='ltr' id='par_1_8' title="bbox 206 2313 1100 2397">
     <span class='ocr_line' id='line_1_47' title="bbox 206 2313 1100 2354; baseline -0.007 -10"><span class='ocrx_word' id='word_1_311' title='bbox 206 2313 302 2344; x_wconf 79' lang='lat' dir='ltr'>Nulla</span> <span class='ocrx_word' id='word_1_312' title='bbox 323 2313 400 2353; x_wconf 61' lang='lat' dir='ltr'>fidu</span> <span class='ocrx_word' id='word_1_313' title='bbox 421 2315 583 2354; x_wconf 72' lang='lat' dir='ltr'>pietasque</span> <span class='ocrx_word' id='word_1_314' title='bbox 604 2314 698 2345; x_wconf 68' lang='lat' dir='ltr'>viris,</span> <span class='ocrx_word' id='word_1_315' title='bbox 721 2314 776 2352; x_wconf 81' lang='lat' dir='ltr'>qm&#39;</span> <span class='ocrx_word' id='word_1_316' title='bbox 794 2316 899 2341; x_wconf 72' lang='lat' dir='ltr'>castra</span> <span class='ocrx_word' id='word_1_317' title='bbox 918 2314 1100 2350; x_wconf 64' lang='lat' dir='ltr'>:equinum-3</span> 
     </span>
     <span class='ocr_line' id='line_1_48' title="bbox 215 2355 1097 2397; baseline -0.006 -12"><span class='ocrx_word' id='word_1_318' title='bbox 215 2357 400 2397; x_wconf 73' lang='lat' dir='ltr'>Venalesque</span> <span class='ocrx_word' id='word_1_319' title='bbox 423 2367 545 2390; x_wconf 65' lang='lat' dir='ltr'>vanus,</span> <span class='ocrx_word' id='word_1_320' title='bbox 574 2356 618 2385; x_wconf 74' lang='lat' dir='ltr'>ibi</span> <span class='ocrx_word' id='word_1_321' title='bbox 641 2357 712 2393; x_wconf 76' lang='lat' dir='ltr'>sas,</span> <span class='ocrx_word' id='word_1_322' title='bbox 741 2355 793 2384; x_wconf 76' lang='lat' dir='ltr'>nbi</span> <span class='ocrx_word' id='word_1_323' title='bbox 815 2356 949 2383; x_wconf 65' lang='lat' dir='ltr'>maxima</span> <span class='ocrx_word' id='word_1_324' title='bbox 977 2364 1097 2382; x_wconf 62' lang='grc' dir='ltr'>’τινι-ΓΜ.</span> 
     </span>
    </p>
   </div>
   <div class='ocr_carea' id='block_1_6' title="bbox 122 2423 1099 2551">
    <p class='ocr_par' dir='ltr' id='par_1_9' title="bbox 122 2423 1099 2551">
     <span class='ocr_line' id='line_1_49' title="bbox 209 2423 1099 2457; baseline -0.006 0"><span class='ocrx_word' id='word_1_325' title='bbox 209 2425 310 2457; x_wconf 70' lang='lat' dir='ltr'>Estne</span> <span class='ocrx_word' id='word_1_326' title='bbox 335 2425 399 2456; x_wconf 89' lang='lat' dir='ltr'>hoc</span> <span class='ocrx_word' id='word_1_327' title='bbox 422 2424 653 2456; x_wconf 70' lang='lat' dir='ltr'>universaliter</span> <span class='ocrx_word' id='word_1_328' title='bbox 677 2425 813 2455; x_wconf 72' lang='lat' dir='ltr'>verum?</span> <span class='ocrx_word' id='word_1_329' title='bbox 852 2423 925 2454; x_wconf 77' lang='lat' dir='ltr'>Non</span> <span class='ocrx_word' id='word_1_330' title='bbox 955 2430 1005 2454; x_wconf 73' lang='lat' dir='ltr'>est</span> <span class='ocrx_word' id='word_1_331' title='bbox 1030 2423 1099 2454; x_wconf 86' lang='lat' dir='ltr'>uui-</span> 
     </span>
     <span class='ocr_line' id='line_1_50' title="bbox 123 2465 1099 2510; baseline -0.006 -11"><span class='ocrx_word' id='word_1_332' title='bbox 123 2467 262 2505; x_wconf 62' lang='lat' dir='ltr'>vernale,</span> <span class='ocrx_word' id='word_1_333' title='bbox 281 2470 338 2499; x_wconf 73' lang='lat' dir='ltr'>sed</span> <span class='ocrx_word' id='word_1_334' title='bbox 359 2477 407 2499; x_wconf 64' lang='lat' dir='ltr'>est</span> <span class='ocrx_word' id='word_1_335' title='bbox 430 2468 611 2510; x_wconf 71' lang='lat' dir='ltr'>hyperbole</span> <span class='ocrx_word' id='word_1_336' title='bbox 632 2469 771 2510; x_wconf 74' lang='lat' dir='ltr'>poetica.</span> <span class='ocrx_word' id='word_1_337' title='bbox 808 2466 851 2495; x_wconf 81' lang='lat' dir='ltr'>Es</span> <span class='ocrx_word' id='word_1_338' title='bbox 866 2469 945 2496; x_wconf 62' lang='lat' dir='ltr'>scint</span> <span class='ocrx_word' id='word_1_339' title='bbox 961 2465 1099 2495; x_wconf 61' lang='lat' dir='ltr'>‹lc-nemra</span> 
     </span>
     <span class='ocr_line' id='line_1_51' title="bbox 122 2510 1099 2551; baseline -0.004 -9"><span class='ocrx_word' id='word_1_340' title='bbox 122 2512 183 2542; x_wconf 71' lang='lat' dir='ltr'>om</span> <span class='ocrx_word' id='word_1_341' title='bbox 215 2513 360 2549; x_wconf 68' lang='lat' dir='ltr'>smmum-r</span> <span class='ocrx_word' id='word_1_342' title='bbox 397 2511 572 2550; x_wconf 65' lang='lat' dir='ltr'>kriqsleuatr.</span> <span class='ocrx_word' id='word_1_343' title='bbox 634 2511 707 2541; x_wconf 75' lang='lat' dir='ltr'>Erat</span> <span class='ocrx_word' id='word_1_344' title='bbox 740 2511 791 2541; x_wconf 75' lang='lat' dir='ltr'>liic</span> <span class='ocrx_word' id='word_1_345' title='bbox 829 2510 959 2551; x_wconf 76' lang='lat' dir='ltr'>quidam</span> <span class='ocrx_word' id='word_1_346' title='bbox 986 2517 1099 2539; x_wconf 68' lang='lat' dir='ltr'>noster</span> 
     </span>
    </p>
   </div>
   <div class='ocr_carea' id='block_1_7' title="bbox 739 187 1473 224">
    <p class='ocr_par' dir='ltr' id='par_1_10' title="bbox 739 187 1473 224">
     <span class='ocr_line' id='line_1_52' title="bbox 739 187 1473 224; baseline -0.003 -2"><span class='ocrx_word' id='word_1_347' title='bbox 739 190 849 222; x_wconf 85' lang='lat' dir='ltr'>PHlL.</span> <span class='ocrx_word' id='word_1_348' title='bbox 872 190 975 223; x_wconf 79' lang='lat' dir='ltr'><strong>MEL.</strong></span> <span class='ocrx_word' id='word_1_349' title='bbox 999 190 1184 224; x_wconf 75' lang='lat' dir='ltr'>SCRIPTA</span> <span class='ocrx_word' id='word_1_350' title='bbox 1208 187 1473 223; x_wconf 79' lang='lat' dir='ltr'>EXEGEthA.</span> 
     </span>
    </p>
   </div>
   <div class='ocr_carea' id='block_1_8' title="bbox 298 282 1099 327">
    <p class='ocr_par' dir='ltr' id='par_1_11' title="bbox 298 282 1099 327">
     <span class='ocr_line' id='line_1_53' title="bbox 298 282 1099 327; baseline 0.001 -12"><span class='ocrx_word' id='word_1_351' title='bbox 298 282 358 315; x_wconf 79' lang='lat' dir='ltr'>llla</span> <span class='ocrx_word' id='word_1_352' title='bbox 375 290 510 316; x_wconf 79' lang='lat' dir='ltr'>externa</span> <span class='ocrx_word' id='word_1_353' title='bbox 529 293 652 326; x_wconf 83' lang='lat' dir='ltr'>genera</span> <span class='ocrx_word' id='word_1_354' title='bbox 671 284 759 316; x_wconf 85' lang='lat' dir='ltr'>vitae</span> <span class='ocrx_word' id='word_1_355' title='bbox 775 291 852 316; x_wconf 79' lang='lat' dir='ltr'>sunt</span> <span class='ocrx_word' id='word_1_356' title='bbox 867 285 1099 327; x_wconf 86' lang='lat' dir='ltr'>distinguenda</span> 
     </span>
    </p>
   </div>
   <div class='ocr_carea' id='block_1_9' title="bbox 1119 704 1126 815">
    <p class='ocr_par' dir='ltr' id='par_1_12' title="bbox 1119 704 1126 815">
     <span class='ocr_line' id='line_1_54' title="bbox 1119 704 1126 815; baseline 0 0"><span class='ocrx_word' id='word_1_357' title='bbox 1119 704 1126 815; x_wconf 95' lang='lat' dir='ltr'> </span> 
     </span>
    </p>
   </div>
   <div class='ocr_carea' id='block_1_10' title="bbox 1116 845 1124 950">
    <p class='ocr_par' dir='ltr' id='par_1_13' title="bbox 1116 845 1124 950">
     <span class='ocr_line' id='line_1_55' title="bbox 1116 845 1124 950; baseline 0 2008"><span class='ocrx_word' id='word_1_358' title='bbox 1116 845 1124 950; x_wconf 95' lang='lat' dir='ltr'> </span> 
     </span>
    </p>
   </div>
   <div class='ocr_carea' id='block_1_11' title="bbox 1123 2416 1127 2489">
    <p class='ocr_par' dir='ltr' id='par_1_14' title="bbox 1123 2416 1127 2489">
     <span class='ocr_line' id='line_1_56' title="bbox 1123 2416 1127 2489; baseline 0 0"><span class='ocrx_word' id='word_1_359' title='bbox 1123 2416 1127 2489; x_wconf 95' lang='lat' dir='ltr'> </span> 
     </span>
    </p>
   </div>
   <div class='ocr_carea' id='block_1_12' title="bbox 2038 190 2116 224">
    <p class='ocr_par' dir='ltr' id='par_1_15' title="bbox 2038 190 2116 224">
     <span class='ocr_line' id='line_1_57' title="bbox 2038 190 2116 224; baseline 0 -1"><span class='ocrx_word' id='word_1_360' title='bbox 2038 190 2116 224; x_wconf 79' lang='lat'>940</span> 
     </span>
    </p>
   </div>
   <div class='ocr_carea' id='block_1_13' title="bbox 1148 281 2124 495">
    <p class='ocr_par' dir='ltr' id='par_1_16' title="bbox 1148 281 2124 495">
     <span class='ocr_line' id='line_1_58' title="bbox 1148 281 2122 325; baseline 0.002 -12"><span class='ocrx_word' id='word_1_361' title='bbox 1148 283 1297 313; x_wconf 62' lang='lat' dir='ltr'>Manciae:</span> <span class='ocrx_word' id='word_1_362' title='bbox 1332 282 1364 314; x_wconf 89' lang='lat' dir='ltr'>id</span> <span class='ocrx_word' id='word_1_363' title='bbox 1390 289 1462 321; x_wconf 88' lang='lat' dir='ltr'>est,</span> <span class='ocrx_word' id='word_1_364' title='bbox 1495 281 1649 314; x_wconf 85' lang='lat' dir='ltr'>Monachi</span> <span class='ocrx_word' id='word_1_365' title='bbox 1678 282 1773 324; x_wconf 87' lang='lat' dir='ltr'>probi</span> <span class='ocrx_word' id='word_1_366' title='bbox 1800 283 1979 325; x_wconf 84' lang='lat' dir='ltr'>pinguntur</span> <span class='ocrx_word' id='word_1_367' title='bbox 2004 283 2038 315; x_wconf 86' lang='lat' dir='ltr'>in</span> <span class='ocrx_word' id='word_1_368' title='bbox 2064 293 2122 325; x_wconf 79' lang='lat' dir='ltr'>pa-</span> 
     </span>
     <span class='ocr_line' id='line_1_59' title="bbox 1149 323 2124 367; baseline 0.002 -11"><span class='ocrx_word' id='word_1_369' title='bbox 1149 327 1242 358; x_wconf 84' lang='lat' dir='ltr'>riete.</span> <span class='ocrx_word' id='word_1_370' title='bbox 1288 325 1434 357; x_wconf 86' lang='lat' dir='ltr'>Possunt</span> <span class='ocrx_word' id='word_1_371' title='bbox 1455 331 1564 356; x_wconf 82' lang='lat' dir='ltr'>autem</span> <span class='ocrx_word' id='word_1_372' title='bbox 1586 323 1705 356; x_wconf 86' lang='lat' dir='ltr'>milites</span> <span class='ocrx_word' id='word_1_373' title='bbox 1724 335 1800 357; x_wconf 88' lang='lat' dir='ltr'>esse</span> <span class='ocrx_word' id='word_1_374' title='bbox 1819 325 1918 367; x_wconf 83' lang='lat' dir='ltr'>aliqui</span> <span class='ocrx_word' id='word_1_375' title='bbox 1938 326 2124 367; x_wconf 85' lang='lat' dir='ltr'>probiores,</span> 
     </span>
     <span class='ocr_line' id='line_1_60' title="bbox 1149 367 2122 409; baseline 0.001 -10"><span class='ocrx_word' id='word_1_376' title='bbox 1149 369 1231 409; x_wconf 83' lang='lat' dir='ltr'>ipsis</span> <span class='ocrx_word' id='word_1_377' title='bbox 1265 367 1456 405; x_wconf 68' lang='lat' dir='ltr'>Monacffis,</span> <span class='ocrx_word' id='word_1_378' title='bbox 1491 368 1546 409; x_wconf 90' lang='lat' dir='ltr'>qui</span> <span class='ocrx_word' id='word_1_379' title='bbox 1579 377 1618 399; x_wconf 84' lang='lat' dir='ltr'>se</span> <span class='ocrx_word' id='word_1_380' title='bbox 1651 367 1745 398; x_wconf 90' lang='lat' dir='ltr'>solos</span> <span class='ocrx_word' id='word_1_381' title='bbox 1779 369 1947 400; x_wconf 82' lang='lat' dir='ltr'>nominant</span> <span class='ocrx_word' id='word_1_382' title='bbox 1974 375 2122 401; x_wconf 84' lang='lat' dir='ltr'>sanctos.</span> 
     </span>
     <span class='ocr_line' id='line_1_61' title="bbox 1149 409 2123 454; baseline 0.002 -12"><span class='ocrx_word' id='word_1_383' title='bbox 1149 411 1274 442; x_wconf 85' lang='lat' dir='ltr'>Lucani</span> <span class='ocrx_word' id='word_1_384' title='bbox 1299 421 1418 442; x_wconf 81' lang='lat' dir='ltr'>versus</span> <span class='ocrx_word' id='word_1_385' title='bbox 1441 409 1620 452; x_wconf 74' lang='lat' dir='ltr'>loquuntur</span> <span class='ocrx_word' id='word_1_386' title='bbox 1637 411 1678 442; x_wconf 87' lang='lat' dir='ltr'>de</span> <span class='ocrx_word' id='word_1_387' title='bbox 1697 409 1865 453; x_wconf 83' lang='lat' dir='ltr'>plerisque</span> <span class='ocrx_word' id='word_1_388' title='bbox 1884 410 2050 450; x_wconf 77' lang='lat' dir='ltr'>militibus,</span> <span class='ocrx_word' id='word_1_389' title='bbox 2068 412 2123 454; x_wconf 85' lang='lat' dir='ltr'>qui</span> 
     </span>
     <span class='ocr_line' id='line_1_62' title="bbox 1149 454 2080 495; baseline 0 -10"><span class='ocrx_word' id='word_1_390' title='bbox 1149 460 1273 485; x_wconf 84' lang='lat' dir='ltr'>tantum</span> <span class='ocrx_word' id='word_1_391' title='bbox 1296 454 1480 485; x_wconf 82' lang='lat' dir='ltr'>mercedem</span> <span class='ocrx_word' id='word_1_392' title='bbox 1503 460 1683 495; x_wconf 88' lang='lat' dir='ltr'>quaerunt,</span> <span class='ocrx_word' id='word_1_393' title='bbox 1705 463 1770 484; x_wconf 91' lang='lat' dir='ltr'>non</span> <span class='ocrx_word' id='word_1_394' title='bbox 1794 463 1928 485; x_wconf 83' lang='lat' dir='ltr'>causam</span> <span class='ocrx_word' id='word_1_395' title='bbox 1950 454 2080 485; x_wconf 81' lang='lat' dir='ltr'>iustam.</span> 
     </span>
    </p>
   </div>
   <div class='ocr_carea' id='block_1_14' title="bbox 1119 634 2122 685">
    <p class='ocr_par' dir='ltr' id='par_1_17' title="bbox 1119 634 2122 685">
     <span class='ocr_line' id='line_1_63' title="bbox 1119 634 2122 685; baseline 0.001 -10"><span class='ocrx_word' id='word_1_396' title='bbox 1119 634 1561 685; x_wconf 64' lang='lat' dir='ltr'>:Quaestiones</span> <span class='ocrx_word' id='word_1_397' title='bbox 1607 635 1826 676; x_wconf 82' lang='lat' dir='ltr'>Variae</span> <span class='ocrx_word' id='word_1_398' title='bbox 1873 635 1938 676; x_wconf 87' lang='lat' dir='ltr'>de</span> <span class='ocrx_word' id='word_1_399' title='bbox 1984 650 2122 676; x_wconf 88' lang='lat' dir='ltr'>con-</span> 
     </span>
    </p>
   </div>
   <div class='ocr_carea' id='block_1_15' title="bbox 1315 711 1940 754">
    <p class='ocr_par' dir='ltr' id='par_1_18' title="bbox 1315 711 1940 754">
     <span class='ocr_line' id='line_1_64' title="bbox 1315 711 1940 754; baseline -0.002 -2"><span class='ocrx_word' id='word_1_400' title='bbox 1315 712 1597 753; x_wconf 88' lang='lat' dir='ltr'>versione</span> <span class='ocrx_word' id='word_1_401' title='bbox 1645 711 1940 754; x_wconf 86' lang='lat' dir='ltr'>Cornelii.</span> 
     </span>
    </p>
   </div>
   <div class='ocr_carea' id='block_1_16' title="bbox 1913 810 2124 886">
    <p class='ocr_par' dir='ltr' id='par_1_19' title="bbox 1913 810 2124 886">
     <span class='ocr_line' id='line_1_65' title="bbox 1913 810 2124 843; baseline -0.005 0"><span class='ocrx_word' id='word_1_402' title='bbox 1913 812 2009 843; x_wconf 86' lang='lat' dir='ltr'>uibus</span> <span class='ocrx_word' id='word_1_403' title='bbox 2032 810 2124 843; x_wconf 89' lang='lat' dir='ltr'>multi</span> 
     </span>
     <span class='ocr_line' id='line_1_66' title="bbox 1922 854 2123 886; baseline 0.005 -1"><span class='ocrx_word' id='word_1_404' title='bbox 1922 854 2058 886; x_wconf 80' lang='lat' dir='ltr'>istoriae</span> <span class='ocrx_word' id='word_1_405' title='bbox 2080 855 2123 886; x_wconf 88' lang='lat' dir='ltr'>de</span> 
     </span>
    </p>
   </div>
   <div class='ocr_carea' id='block_1_17' title="bbox 1145 810 2126 1485">
    <p class='ocr_par' dir='ltr' id='par_1_20' title="bbox 1145 810 2126 1485">
     <span class='ocr_line' id='line_1_67' title="bbox 1234 810 1861 852; baseline -0.002 -10"><span class='ocrx_word' id='word_1_406' title='bbox 1234 811 1299 843; x_wconf 88' lang='lat' dir='ltr'>lam</span> <span class='ocrx_word' id='word_1_407' title='bbox 1323 811 1419 842; x_wconf 79' lang='lat' dir='ltr'>venio</span> <span class='ocrx_word' id='word_1_408' title='bbox 1442 811 1484 842; x_wconf 85' lang='lat' dir='ltr'>ad</span> <span class='ocrx_word' id='word_1_409' title='bbox 1507 811 1745 852; x_wconf 87' lang='lat' dir='ltr'>disputationes</span> <span class='ocrx_word' id='word_1_410' title='bbox 1769 810 1861 850; x_wconf 75' lang='lat' dir='ltr'>illas,</span> 
     </span>
     <span class='ocr_line' id='line_1_68' title="bbox 1145 853 1864 893; baseline 0.001 -8"><span class='ocrx_word' id='word_1_411' title='bbox 1145 864 1183 885; x_wconf 88' lang='lat' dir='ltr'>se</span> <span class='ocrx_word' id='word_1_412' title='bbox 1219 853 1302 885; x_wconf 72' lang='lat' dir='ltr'>alios</span> <span class='ocrx_word' id='word_1_413' title='bbox 1331 854 1543 893; x_wconf 68' lang='lat' dir='ltr'>excruciant,</span> <span class='ocrx_word' id='word_1_414' title='bbox 1578 864 1650 886; x_wconf 88' lang='lat' dir='ltr'>cum</span> <span class='ocrx_word' id='word_1_415' title='bbox 1685 856 1864 886; x_wconf 84' lang='lat' dir='ltr'>occasione</span> 
     </span>
     <span class='ocr_line' id='line_1_69' title="bbox 1146 895 2124 938; baseline -0.002 -10"><span class='ocrx_word' id='word_1_416' title='bbox 1146 895 1315 935; x_wconf 88' lang='lat' dir='ltr'>Cornelio,</span> <span class='ocrx_word' id='word_1_417' title='bbox 1337 904 1511 938; x_wconf 86' lang='lat' dir='ltr'>quaerunt,</span> <span class='ocrx_word' id='word_1_418' title='bbox 1535 897 1584 926; x_wconf 87' lang='grc' dir='ltr'>Αιι</span> <span class='ocrx_word' id='word_1_419' title='bbox 1610 896 1736 927; x_wconf 77' lang='lat' dir='ltr'>Ethnici</span> <span class='ocrx_word' id='word_1_420' title='bbox 1760 897 1885 927; x_wconf 75' lang='lat' dir='ltr'>honeste</span> <span class='ocrx_word' id='word_1_421' title='bbox 1908 899 2040 927; x_wconf 71' lang='lat' dir='ltr'>viventes</span> <span class='ocrx_word' id='word_1_422' title='bbox 2064 896 2124 926; x_wconf 71' lang='lat' dir='ltr'>sal·</span> 
     </span>
     <span class='ocr_line' id='line_1_70' title="bbox 1146 940 2124 979; baseline -0.001 -9"><span class='ocrx_word' id='word_1_423' title='bbox 1146 943 1265 970; x_wconf 76' lang='lat' dir='ltr'>ventur:</span> <span class='ocrx_word' id='word_1_424' title='bbox 1286 950 1326 969; x_wconf 81' lang='lat' dir='ltr'>un</span> <span class='ocrx_word' id='word_1_425' title='bbox 1344 943 1516 970; x_wconf 74' lang='lat' dir='ltr'>mereantur</span> <span class='ocrx_word' id='word_1_426' title='bbox 1533 941 1668 979; x_wconf 69' lang='lat' dir='ltr'>qratiam</span> <span class='ocrx_word' id='word_1_427' title='bbox 1686 944 1714 970; x_wconf 78' lang='lat' dir='ltr'>et</span> <span class='ocrx_word' id='word_1_428' title='bbox 1727 940 1877 979; x_wconf 75' lang='lat' dir='ltr'>Spiritum</span> <span class='ocrx_word' id='word_1_429' title='bbox 1895 944 2035 970; x_wconf 71' lang='lat' dir='ltr'>sanctum</span> <span class='ocrx_word' id='word_1_430' title='bbox 2054 949 2124 979; x_wconf 80' lang='lat' dir='ltr'>ope-</span> 
     </span>
     <span class='ocr_line' id='line_1_71' title="bbox 1146 983 2123 1022; baseline 0 -10"><span class='ocrx_word' id='word_1_431' title='bbox 1146 983 1252 1012; x_wconf 79' lang='lat' dir='ltr'>ribus?</span> <span class='ocrx_word' id='word_1_432' title='bbox 1272 994 1311 1012; x_wconf 75' lang='grc' dir='ltr'>(ιη</span> <span class='ocrx_word' id='word_1_433' title='bbox 1330 983 1470 1022; x_wconf 74' lang='lat' dir='ltr'>Spiritus</span> <span class='ocrx_word' id='word_1_434' title='bbox 1491 987 1617 1012; x_wconf 77' lang='lat' dir='ltr'>sauctus</span> <span class='ocrx_word' id='word_1_435' title='bbox 1636 984 1733 1021; x_wconf 79' lang='lat' dir='ltr'>fuerit</span> <span class='ocrx_word' id='word_1_436' title='bbox 1755 984 1787 1012; x_wconf 78' lang='lat' dir='ltr'>in</span> <span class='ocrx_word' id='word_1_437' title='bbox 1808 983 1954 1013; x_wconf 80' lang='lat' dir='ltr'>Cornelio</span> <span class='ocrx_word' id='word_1_438' title='bbox 1973 986 2044 1013; x_wconf 75' lang='lat' dir='ltr'>unte</span> <span class='ocrx_word' id='word_1_439' title='bbox 2062 993 2123 1012; x_wconf 82' lang='lat' dir='ltr'>ma-</span> 
     </span>
     <span class='ocr_line' id='line_1_72' title="bbox 1146 1025 2123 1065; baseline 0 -10"><span class='ocrx_word' id='word_1_440' title='bbox 1146 1027 1289 1064; x_wconf 71' lang='lat' dir='ltr'>tu‘festam</span> <span class='ocrx_word' id='word_1_441' title='bbox 1307 1025 1392 1055; x_wconf 76' lang='lat' dir='ltr'>illius</span> <span class='ocrx_word' id='word_1_442' title='bbox 1410 1026 1598 1064; x_wconf 76' lang='lat' dir='ltr'>effitsionem,</span> <span class='ocrx_word' id='word_1_443' title='bbox 1618 1036 1697 1065; x_wconf 79' lang='lat' dir='ltr'>quae</span> <span class='ocrx_word' id='word_1_444' title='bbox 1715 1029 1827 1065; x_wconf 70' lang='lat' dir='ltr'>postea</span> <span class='ocrx_word' id='word_1_445' title='bbox 1847 1026 1938 1063; x_wconf 75' lang='lat' dir='ltr'>sacta</span> <span class='ocrx_word' id='word_1_446' title='bbox 1961 1028 2021 1060; x_wconf 72' lang='lat' dir='ltr'>est,</span> <span class='ocrx_word' id='word_1_447' title='bbox 2053 1035 2123 1055; x_wconf 80' lang='lat' dir='ltr'>con-</span> 
     </span>
     <span class='ocr_line' id='line_1_73' title="bbox 1147 1068 2124 1109; baseline 0.001 -11"><span class='ocrx_word' id='word_1_448' title='bbox 1147 1070 1290 1099; x_wconf 78' lang='lat' dir='ltr'>cionante</span> <span class='ocrx_word' id='word_1_449' title='bbox 1309 1068 1406 1098; x_wconf 82' lang='lat' dir='ltr'>Petro</span> <span class='ocrx_word' id='word_1_450' title='bbox 1424 1070 1457 1098; x_wconf 83' lang='lat' dir='ltr'>in</span> <span class='ocrx_word' id='word_1_451' title='bbox 1479 1069 1545 1098; x_wconf 77' lang='lat' dir='ltr'>eius</span> <span class='ocrx_word' id='word_1_452' title='bbox 1567 1068 1679 1099; x_wconf 71' lang='lat' dir='ltr'>domo?</span> <span class='ocrx_word' id='word_1_453' title='bbox 1724 1068 1856 1100; x_wconf 67' lang='lat' dir='ltr'>Recens</span> <span class='ocrx_word' id='word_1_454' title='bbox 1875 1068 1916 1099; x_wconf 88' lang='lat' dir='ltr'>de</span> <span class='ocrx_word' id='word_1_455' title='bbox 1934 1069 2006 1100; x_wconf 76' lang='lat' dir='ltr'>istis</span> <span class='ocrx_word' id='word_1_456' title='bbox 2025 1077 2124 1109; x_wconf 82' lang='lat' dir='ltr'>quae-</span> 
     </span>
     <span class='ocr_line' id='line_1_74' title="bbox 1148 1109 2124 1152; baseline -0.004 -9"><span class='ocrx_word' id='word_1_457' title='bbox 1148 1112 1311 1143; x_wconf 79' lang='lat' dir='ltr'>stionibus</span> <span class='ocrx_word' id='word_1_458' title='bbox 1337 1112 1546 1152; x_wconf 55' lang='lat' dir='ltr'>disputarunt</span> <span class='ocrx_word' id='word_1_459' title='bbox 1565 1109 1785 1142; x_wconf 78' lang='lat' dir='ltr'>Colonienses</span> <span class='ocrx_word' id='word_1_460' title='bbox 1804 1109 1904 1152; x_wconf 90' lang='lat' dir='ltr'>aliqui</span> <span class='ocrx_word' id='word_1_461' title='bbox 1928 1111 2124 1152; x_wconf 75' lang='lat' dir='ltr'>scriptores:</span> 
     </span>
     <span class='ocr_line' id='line_1_75' title="bbox 1147 1153 2125 1196; baseline 0 -12"><span class='ocrx_word' id='word_1_462' title='bbox 1147 1154 1187 1185; x_wconf 91' lang='lat' dir='ltr'>Et</span> <span class='ocrx_word' id='word_1_463' title='bbox 1209 1155 1296 1196; x_wconf 89' lang='lat' dir='ltr'>apud</span> <span class='ocrx_word' id='word_1_464' title='bbox 1321 1153 1513 1185; x_wconf 82' lang='lat' dir='ltr'>l&#39;ontiiicios</span> <span class='ocrx_word' id='word_1_465' title='bbox 1537 1154 1601 1185; x_wconf 84' lang='lat' dir='ltr'>hoc</span> <span class='ocrx_word' id='word_1_466' title='bbox 1625 1160 1791 1195; x_wconf 80' lang='lat' dir='ltr'>receptum</span> <span class='ocrx_word' id='word_1_467' title='bbox 1816 1160 1885 1191; x_wconf 89' lang='lat' dir='ltr'>est,</span> <span class='ocrx_word' id='word_1_468' title='bbox 1908 1153 2056 1185; x_wconf 84' lang='lat' dir='ltr'>Honeste</span> <span class='ocrx_word' id='word_1_469' title='bbox 2079 1153 2125 1184; x_wconf 82' lang='lat' dir='ltr'>vi-</span> 
     </span>
     <span class='ocr_line' id='line_1_76' title="bbox 1148 1197 2124 1239; baseline -0.001 -11"><span class='ocrx_word' id='word_1_470' title='bbox 1148 1205 1262 1229; x_wconf 80' lang='lat' dir='ltr'>ventes</span> <span class='ocrx_word' id='word_1_471' title='bbox 1297 1198 1414 1228; x_wconf 89' lang='lat' dir='ltr'>mereri</span> <span class='ocrx_word' id='word_1_472' title='bbox 1448 1197 1585 1239; x_wconf 85' lang='lat' dir='ltr'>gratiam</span> <span class='ocrx_word' id='word_1_473' title='bbox 1620 1197 1660 1228; x_wconf 85' lang='lat' dir='ltr'>de</span> <span class='ocrx_word' id='word_1_474' title='bbox 1690 1207 1857 1238; x_wconf 80' lang='lat' dir='ltr'>congruo3</span> <span class='ocrx_word' id='word_1_475' title='bbox 1891 1197 1921 1227; x_wconf 86' lang='lat' dir='ltr'>id</span> <span class='ocrx_word' id='word_1_476' title='bbox 1952 1201 2021 1234; x_wconf 86' lang='lat' dir='ltr'>est,</span> <span class='ocrx_word' id='word_1_477' title='bbox 2046 1206 2124 1227; x_wconf 84' lang='lat' dir='ltr'>con-</span> 
     </span>
     <span class='ocr_line' id='line_1_77' title="bbox 1148 1239 2124 1281; baseline -0.001 -10"><span class='ocrx_word' id='word_1_478' title='bbox 1148 1250 1268 1281; x_wconf 86' lang='lat' dir='ltr'>gruere</span> <span class='ocrx_word' id='word_1_479' title='bbox 1291 1240 1430 1271; x_wconf 85' lang='lat' dir='ltr'>iustitiae</span> <span class='ocrx_word' id='word_1_480' title='bbox 1449 1240 1525 1277; x_wconf 88' lang='lat' dir='ltr'>Dei,</span> <span class='ocrx_word' id='word_1_481' title='bbox 1548 1246 1583 1270; x_wconf 92' lang='lat' dir='ltr'>ut</span> <span class='ocrx_word' id='word_1_482' title='bbox 1606 1240 1744 1270; x_wconf 77' lang='lat' dir='ltr'>honeste</span> <span class='ocrx_word' id='word_1_483' title='bbox 1768 1240 1953 1270; x_wconf 76' lang='lat' dir='ltr'>viventibus</span> <span class='ocrx_word' id='word_1_484' title='bbox 1973 1239 2026 1270; x_wconf 86' lang='lat' dir='ltr'>det</span> <span class='ocrx_word' id='word_1_485' title='bbox 2050 1249 2124 1281; x_wconf 85' lang='lat' dir='ltr'>gra·</span> 
     </span>
     <span class='ocr_line' id='line_1_78' title="bbox 1147 1282 2124 1322; baseline -0.001 -9"><span class='ocrx_word' id='word_1_486' title='bbox 1147 1283 1224 1313; x_wconf 85' lang='lat' dir='ltr'>tiam</span> <span class='ocrx_word' id='word_1_487' title='bbox 1247 1289 1280 1314; x_wconf 87' lang='lat' dir='ltr'>et</span> <span class='ocrx_word' id='word_1_488' title='bbox 1303 1283 1456 1322; x_wconf 79' lang='lat' dir='ltr'>Spiritum</span> <span class='ocrx_word' id='word_1_489' title='bbox 1480 1289 1648 1317; x_wconf 85' lang='lat' dir='ltr'>sanctum;</span> <span class='ocrx_word' id='word_1_490' title='bbox 1679 1289 1711 1312; x_wconf 87' lang='lat' dir='ltr'>et</span> <span class='ocrx_word' id='word_1_491' title='bbox 1735 1282 1800 1312; x_wconf 88' lang='lat' dir='ltr'>hoc</span> <span class='ocrx_word' id='word_1_492' title='bbox 1823 1288 1980 1322; x_wconf 76' lang='lat' dir='ltr'>accepto,</span> <span class='ocrx_word' id='word_1_493' title='bbox 2004 1282 2124 1312; x_wconf 90' lang='lat' dir='ltr'>mereri</span> 
     </span>
     <span class='ocr_line' id='line_1_79' title="bbox 1148 1324 2124 1366; baseline -0.001 -10"><span class='ocrx_word' id='word_1_494' title='bbox 1148 1331 1265 1365; x_wconf 85' lang='lat' dir='ltr'>postea</span> <span class='ocrx_word' id='word_1_495' title='bbox 1288 1325 1438 1355; x_wconf 80' lang='lat' dir='ltr'>homines</span> <span class='ocrx_word' id='word_1_496' title='bbox 1461 1334 1564 1365; x_wconf 83' lang='lat' dir='ltr'>posse</span> <span class='ocrx_word' id='word_1_497' title='bbox 1588 1325 1628 1355; x_wconf 81' lang='lat' dir='ltr'>(le</span> <span class='ocrx_word' id='word_1_498' title='bbox 1653 1324 1836 1366; x_wconf 72' lang='lat' dir='ltr'>condigno:</span> <span class='ocrx_word' id='word_1_499' title='bbox 1862 1326 1890 1355; x_wconf 89' lang='lat' dir='ltr'>id</span> <span class='ocrx_word' id='word_1_500' title='bbox 1911 1331 1974 1361; x_wconf 81' lang='lat' dir='ltr'>est,</span> <span class='ocrx_word' id='word_1_501' title='bbox 1993 1324 2124 1366; x_wconf 80' lang='lat' dir='ltr'>quando</span> 
     </span>
     <span class='ocr_line' id='line_1_80' title="bbox 1148 1367 2125 1407; baseline -0.002 -9"><span class='ocrx_word' id='word_1_502' title='bbox 1148 1368 1260 1399; x_wconf 84' lang='lat' dir='ltr'>donati</span> <span class='ocrx_word' id='word_1_503' title='bbox 1288 1374 1365 1398; x_wconf 86' lang='lat' dir='ltr'>sunt</span> <span class='ocrx_word' id='word_1_504' title='bbox 1387 1367 1509 1407; x_wconf 82' lang='lat' dir='ltr'>Spiritu</span> <span class='ocrx_word' id='word_1_505' title='bbox 1533 1373 1670 1404; x_wconf 83' lang='lat' dir='ltr'>sam-to,</span> <span class='ocrx_word' id='word_1_506' title='bbox 1694 1373 1761 1397; x_wconf 91' lang='lat' dir='ltr'>tum</span> <span class='ocrx_word' id='word_1_507' title='bbox 1787 1368 1872 1398; x_wconf 79' lang='lat' dir='ltr'>bona</span> <span class='ocrx_word' id='word_1_508' title='bbox 1896 1376 2017 1407; x_wconf 71' lang='lat' dir='ltr'>opera,</span> <span class='ocrx_word' id='word_1_509' title='bbox 2039 1375 2125 1407; x_wconf 82' lang='lat' dir='ltr'>quae</span> 
     </span>
     <span class='ocr_line' id='line_1_81' title="bbox 1146 1409 2126 1452; baseline -0.001 -12"><span class='ocrx_word' id='word_1_510' title='bbox 1146 1409 1288 1448; x_wconf 82' lang='lat' dir='ltr'>faciunt,</span> <span class='ocrx_word' id='word_1_511' title='bbox 1311 1415 1423 1441; x_wconf 77' lang='lat' dir='ltr'>tantae</span> <span class='ocrx_word' id='word_1_512' title='bbox 1446 1410 1557 1441; x_wconf 88' lang='lat' dir='ltr'>dieunt</span> <span class='ocrx_word' id='word_1_513' title='bbox 1580 1409 1748 1452; x_wconf 73' lang='lat' dir='ltr'>dignitatis</span> <span class='ocrx_word' id='word_1_514' title='bbox 1770 1419 1858 1448; x_wconf 77' lang='lat' dir='ltr'>esse,</span> <span class='ocrx_word' id='word_1_515' title='bbox 1881 1415 1916 1440; x_wconf 87' lang='lat' dir='ltr'>ut</span> <span class='ocrx_word' id='word_1_516' title='bbox 1939 1415 2126 1440; x_wconf 82' lang='lat' dir='ltr'>mereantur</span> 
     </span>
     <span class='ocr_line' id='line_1_82' title="bbox 1149 1453 1448 1485; baseline -0.003 -1"><span class='ocrx_word' id='word_1_517' title='bbox 1149 1453 1246 1485; x_wconf 78' lang='lat' dir='ltr'>vitam</span> <span class='ocrx_word' id='word_1_518' title='bbox 1269 1459 1448 1484; x_wconf 83' lang='lat' dir='ltr'>aeternam.</span> 
     </span>
    </p>
   </div>
   <div class='ocr_carea' id='block_1_18' title="bbox 1414 1599 1860 1642">
    <p class='ocr_par' dir='ltr' id='par_1_21' title="bbox 1414 1599 1860 1642">
     <span class='ocr_line' id='line_1_83' title="bbox 1414 1599 1860 1642; baseline -0.002 0"><span class='ocrx_word' id='word_1_519' title='bbox 1414 1599 1569 1642; x_wconf 83' lang='lat' dir='ltr'>Suntne</span> <span class='ocrx_word' id='word_1_520' title='bbox 1601 1600 1702 1640; x_wconf 87' lang='lat' dir='ltr'>haec</span> <span class='ocrx_word' id='word_1_521' title='bbox 1733 1599 1860 1641; x_wconf 75' lang='lat' dir='ltr'>vera?</span> 
     </span>
    </p>
   </div>
   <div class='ocr_carea' id='block_1_19' title="bbox 1148 1689 2128 2550">
    <p class='ocr_par' dir='ltr' id='par_1_22' title="bbox 1148 1689 2128 2204">
     <span class='ocr_line' id='line_1_84' title="bbox 1233 1689 2126 1733; baseline -0.002 -9"><span class='ocrx_word' id='word_1_522' title='bbox 1233 1691 1307 1724; x_wconf 90' lang='lat' dir='ltr'>Non</span> <span class='ocrx_word' id='word_1_523' title='bbox 1330 1697 1408 1724; x_wconf 87' lang='lat' dir='ltr'>sunt</span> <span class='ocrx_word' id='word_1_524' title='bbox 1426 1701 1524 1723; x_wconf 86' lang='lat' dir='ltr'>vera:</span> <span class='ocrx_word' id='word_1_525' title='bbox 1546 1691 1622 1733; x_wconf 86' lang='lat' dir='ltr'>quia</span> <span class='ocrx_word' id='word_1_526' title='bbox 1638 1689 1762 1723; x_wconf 76' lang='lat' dir='ltr'>faciunt</span> <span class='ocrx_word' id='word_1_527' title='bbox 1782 1689 2011 1722; x_wconf 81' lang='lat' dir='ltr'>confusionem</span> <span class='ocrx_word' id='word_1_528' title='bbox 2029 1701 2126 1722; x_wconf 84' lang='lat' dir='ltr'>mem·</span> 
     </span>
     <span class='ocr_line' id='line_1_85' title="bbox 1150 1733 2126 1775; baseline -0.002 -8"><span class='ocrx_word' id='word_1_529' title='bbox 1150 1737 1282 1767; x_wconf 89' lang='lat' dir='ltr'>brorum</span> <span class='ocrx_word' id='word_1_530' title='bbox 1311 1734 1485 1767; x_wconf 79' lang='lat' dir='ltr'>Ecclesiae</span> <span class='ocrx_word' id='word_1_531' title='bbox 1514 1741 1546 1766; x_wconf 87' lang='lat' dir='ltr'>et</span> <span class='ocrx_word' id='word_1_532' title='bbox 1575 1733 1729 1771; x_wconf 74' lang='lat' dir='ltr'>aliorum,</span> <span class='ocrx_word' id='word_1_533' title='bbox 1764 1734 1819 1775; x_wconf 85' lang='lat' dir='ltr'>qui</span> <span class='ocrx_word' id='word_1_534' title='bbox 1850 1740 1926 1765; x_wconf 78' lang='lat' dir='ltr'>sunt</span> <span class='ocrx_word' id='word_1_535' title='bbox 1950 1741 2043 1767; x_wconf 81' lang='lat' dir='ltr'>extra</span> <span class='ocrx_word' id='word_1_536' title='bbox 2066 1733 2126 1765; x_wconf 81' lang='lat' dir='ltr'>Ee-</span> 
     </span>
     <span class='ocr_line' id='line_1_86' title="bbox 1149 1777 2127 1818; baseline -0.001 -9"><span class='ocrx_word' id='word_1_537' title='bbox 1149 1778 1296 1810; x_wconf 84' lang='lat' dir='ltr'>clesiam.</span> <span class='ocrx_word' id='word_1_538' title='bbox 1340 1777 1470 1809; x_wconf 78' lang='lat' dir='ltr'>Deinde</span> <span class='ocrx_word' id='word_1_539' title='bbox 1491 1777 1682 1808; x_wconf 54' lang='lat' dir='ltr'>Pharis-nica</span> <span class='ocrx_word' id='word_1_540' title='bbox 1705 1777 1894 1818; x_wconf 82' lang='lat' dir='ltr'>imaginatio</span> <span class='ocrx_word' id='word_1_541' title='bbox 1914 1784 1977 1815; x_wconf 80' lang='lat' dir='ltr'>est,</span> <span class='ocrx_word' id='word_1_542' title='bbox 2001 1778 2127 1818; x_wconf 78' lang='lat' dir='ltr'>tingere</span> 
     </span>
     <span class='ocr_line' id='line_1_87' title="bbox 1149 1820 2126 1861; baseline -0.002 -8"><span class='ocrx_word' id='word_1_543' title='bbox 1149 1821 1297 1853; x_wconf 82' lang='lat' dir='ltr'>homines</span> <span class='ocrx_word' id='word_1_544' title='bbox 1331 1822 1403 1852; x_wconf 77' lang='lat' dir='ltr'>sive</span> <span class='ocrx_word' id='word_1_545' title='bbox 1436 1827 1530 1857; x_wconf 83' lang='lat' dir='ltr'>ante,</span> <span class='ocrx_word' id='word_1_546' title='bbox 1568 1821 1638 1851; x_wconf 92' lang='lat' dir='ltr'>sive</span> <span class='ocrx_word' id='word_1_547' title='bbox 1672 1826 1747 1860; x_wconf 78' lang='lat' dir='ltr'>post</span> <span class='ocrx_word' id='word_1_548' title='bbox 1782 1826 1951 1860; x_wconf 79' lang='lat' dir='ltr'>acceptam</span> <span class='ocrx_word' id='word_1_549' title='bbox 1985 1820 2126 1861; x_wconf 78' lang='lat' dir='ltr'>gratiam</span> 
     </span>
     <span class='ocr_line' id='line_1_88' title="bbox 1149 1861 2126 1906; baseline -0.002 -10"><span class='ocrx_word' id='word_1_550' title='bbox 1149 1865 1273 1906; x_wconf 79' lang='lat' dir='ltr'>Spiritu</span> <span class='ocrx_word' id='word_1_551' title='bbox 1295 1864 1401 1897; x_wconf 79' lang='lat' dir='ltr'>sancti</span> <span class='ocrx_word' id='word_1_552' title='bbox 1424 1862 1620 1895; x_wconf 82' lang='lat' dir='ltr'>satisfacere</span> <span class='ocrx_word' id='word_1_553' title='bbox 1643 1861 1708 1904; x_wconf 85' lang='lat' dir='ltr'>legi</span> <span class='ocrx_word' id='word_1_554' title='bbox 1734 1862 1807 1896; x_wconf 78' lang='lat' dir='ltr'>Dei,</span> <span class='ocrx_word' id='word_1_555' title='bbox 1831 1870 1861 1894; x_wconf 85' lang='lat' dir='ltr'>et</span> <span class='ocrx_word' id='word_1_556' title='bbox 1885 1864 2001 1894; x_wconf 87' lang='lat' dir='ltr'>mereri</span> <span class='ocrx_word' id='word_1_557' title='bbox 2048 1873 2126 1894; x_wconf 82' lang='lat' dir='ltr'>osse</span> 
     </span>
     <span class='ocr_line' id='line_1_89' title="bbox 1148 1873 2126 1949; baseline -0.001 -11"><span class='ocrx_word' id='word_1_558' title='bbox 1148 1907 1271 1949; x_wconf 83' lang='lat' dir='ltr'>aliquid</span> <span class='ocrx_word' id='word_1_559' title='bbox 1305 1907 1392 1947; x_wconf 82' lang='lat' dir='ltr'>apud</span> <span class='ocrx_word' id='word_1_560' title='bbox 1427 1906 1550 1938; x_wconf 80' lang='lat' dir='ltr'>Deum.</span> <span class='ocrx_word' id='word_1_561' title='bbox 1584 1906 1671 1947; x_wconf 84' lang='lat' dir='ltr'>quod</span> <span class='ocrx_word' id='word_1_562' title='bbox 1707 1906 1748 1936; x_wconf 84' lang='lat' dir='ltr'>ad</span> <span class='ocrx_word' id='word_1_563' title='bbox 1783 1912 1951 1937; x_wconf 69' lang='lat' dir='ltr'>aeternam</span> <span class='ocrx_word' id='word_1_564' title='bbox 1986 1873 2126 1937; x_wconf 71' lang='lat' dir='ltr'>salutem</span> 
     </span>
     <span class='ocr_line' id='line_1_90' title="bbox 1150 1947 2126 1991; baseline -0.003 -9"><span class='ocrx_word' id='word_1_565' title='bbox 1150 1957 1291 1991; x_wconf 78' lang='lat' dir='ltr'>spectet.</span> <span class='ocrx_word' id='word_1_566' title='bbox 1337 1949 1488 1991; x_wconf 88' lang='lat' dir='ltr'>Denique</span> <span class='ocrx_word' id='word_1_567' title='bbox 1513 1947 1630 1979; x_wconf 75' lang='lat' dir='ltr'>salsum</span> <span class='ocrx_word' id='word_1_568' title='bbox 1655 1955 1723 1979; x_wconf 68' lang='lat' dir='ltr'>esi.</span> <span class='ocrx_word' id='word_1_569' title='bbox 1747 1949 1835 1989; x_wconf 87' lang='lat' dir='ltr'>quod</span> <span class='ocrx_word' id='word_1_570' title='bbox 1859 1947 2036 1980; x_wconf 79' lang='lat' dir='ltr'>Cornelius</span> <span class='ocrx_word' id='word_1_571' title='bbox 2059 1959 2126 1980; x_wconf 88' lang='lat' dir='ltr'>nou</span> 
     </span>
     <span class='ocr_line' id='line_1_91' title="bbox 1150 1990 2128 2033; baseline -0.002 -9"><span class='ocrx_word' id='word_1_572' title='bbox 1150 1993 1299 2024; x_wconf 83' lang='lat' dir='ltr'>babuerit</span> <span class='ocrx_word' id='word_1_573' title='bbox 1331 1993 1487 2033; x_wconf 80' lang='lat' dir='ltr'>Spiritum</span> <span class='ocrx_word' id='word_1_574' title='bbox 1518 1999 1668 2023; x_wconf 66' lang='lat' dir='ltr'>sanetum</span> <span class='ocrx_word' id='word_1_575' title='bbox 1697 1998 1790 2029; x_wconf 84' lang='lat' dir='ltr'>ante,</span> <span class='ocrx_word' id='word_1_576' title='bbox 1827 2002 1924 2033; x_wconf 81' lang='lat' dir='ltr'>quam</span> <span class='ocrx_word' id='word_1_577' title='bbox 1954 1990 2128 2023; x_wconf 73' lang='lat' dir='ltr'>visibiliter</span> 
     </span>
     <span class='ocr_line' id='line_1_92' title="bbox 1150 2034 2124 2075; baseline -0.002 -8"><span class='ocrx_word' id='word_1_578' title='bbox 1150 2037 1181 2067; x_wconf 92' lang='lat' dir='ltr'>in</span> <span class='ocrx_word' id='word_1_579' title='bbox 1215 2047 1288 2067; x_wconf 90' lang='lat' dir='ltr'>eum</span> <span class='ocrx_word' id='word_1_580' title='bbox 1318 2035 1442 2067; x_wconf 63' lang='lat' dir='ltr'>effusus</span> <span class='ocrx_word' id='word_1_581' title='bbox 1477 2042 1538 2066; x_wconf 76' lang='lat' dir='ltr'>est.</span> <span class='ocrx_word' id='word_1_582' title='bbox 1594 2034 1769 2069; x_wconf 84' lang='lat' dir='ltr'>Quomodo</span> <span class='ocrx_word' id='word_1_583' title='bbox 1803 2035 1887 2065; x_wconf 89' lang='lat' dir='ltr'>enim</span> <span class='ocrx_word' id='word_1_584' title='bbox 1917 2044 1996 2066; x_wconf 73' lang='lat' dir='ltr'>vere</span> <span class='ocrx_word' id='word_1_585' title='bbox 2019 2035 2124 2075; x_wconf 85' lang='lat' dir='ltr'>potuit</span> 
     </span>
     <span class='ocr_line' id='line_1_93' title="bbox 1149 2077 2127 2119; baseline -0.002 -9"><span class='ocrx_word' id='word_1_586' title='bbox 1149 2081 1305 2111; x_wconf 82' lang='lat' dir='ltr'>invocare</span> <span class='ocrx_word' id='word_1_587' title='bbox 1330 2078 1436 2109; x_wconf 81' lang='lat' dir='ltr'>Deum</span> <span class='ocrx_word' id='word_1_588' title='bbox 1461 2079 1531 2109; x_wconf 80' lang='lat' dir='ltr'>sine</span> <span class='ocrx_word' id='word_1_589' title='bbox 1555 2078 1678 2119; x_wconf 82' lang='lat' dir='ltr'>Spiritu</span> <span class='ocrx_word' id='word_1_590' title='bbox 1701 2085 1839 2114; x_wconf 73' lang='lat' dir='ltr'>snm-to,</span> <span class='ocrx_word' id='word_1_591' title='bbox 1870 2077 1922 2118; x_wconf 82' lang='lat' dir='ltr'>qui</span> <span class='ocrx_word' id='word_1_592' title='bbox 1952 2083 2002 2108; x_wconf 78' lang='lat' dir='ltr'>est</span> <span class='ocrx_word' id='word_1_593' title='bbox 2026 2077 2127 2118; x_wconf 87' lang='lat' dir='ltr'>Spiri-</span> 
     </span>
     <span class='ocr_line' id='line_1_94' title="bbox 1150 2120 2127 2169; baseline -0.001 -16"><span class='ocrx_word' id='word_1_594' title='bbox 1150 2130 1203 2154; x_wconf 75' lang='lat' dir='ltr'>tus</span> <span class='ocrx_word' id='word_1_595' title='bbox 1227 2122 1352 2169; x_wconf 61' lang='lat' dir='ltr'>gratiae</span> <span class='ocrx_word' id='word_1_596' title='bbox 1376 2128 1406 2153; x_wconf 81' lang='lat' dir='ltr'>et</span> <span class='ocrx_word' id='word_1_597' title='bbox 1431 2123 1587 2162; x_wconf 66' lang='lat' dir='ltr'>precum?</span> <span class='ocrx_word' id='word_1_598' title='bbox 1621 2120 1794 2156; x_wconf 85' lang='lat' dir='ltr'>Quomodo</span> <span class='ocrx_word' id='word_1_599' title='bbox 1813 2127 1988 2161; x_wconf 77' lang='lat' dir='ltr'>potuerunt</span> <span class='ocrx_word' id='word_1_600' title='bbox 2009 2130 2127 2162; x_wconf 77' lang='lat' dir='ltr'>preces</span> 
     </span>
     <span class='ocr_line' id='line_1_95' title="bbox 1151 2163 2074 2204; baseline -0.002 -8"><span class='ocrx_word' id='word_1_601' title='bbox 1151 2167 1221 2197; x_wconf 71' lang='lat' dir='ltr'>vius</span> <span class='ocrx_word' id='word_1_602' title='bbox 1247 2165 1413 2202; x_wconf 76' lang='lat' dir='ltr'>exaudiri,</span> <span class='ocrx_word' id='word_1_603' title='bbox 1437 2165 1498 2195; x_wconf 60' lang='lat' dir='ltr'>nisi</span> <span class='ocrx_word' id='word_1_604' title='bbox 1524 2163 1632 2195; x_wconf 77' lang='lat' dir='ltr'>sncme</span> <span class='ocrx_word' id='word_1_605' title='bbox 1657 2163 1687 2194; x_wconf 91' lang='lat' dir='ltr'>in</span> <span class='ocrx_word' id='word_1_606' title='bbox 1711 2163 1834 2204; x_wconf 81' lang='lat' dir='ltr'>Spiritu</span> <span class='ocrx_word' id='word_1_607' title='bbox 1859 2170 1888 2193; x_wconf 88' lang='lat' dir='ltr'>et</span> <span class='ocrx_word' id='word_1_608' title='bbox 1912 2163 2074 2195; x_wconf 69' lang='lat' dir='ltr'>veritate?</span> 
     </span>
    </p>

    <p class='ocr_par' dir='ltr' id='par_1_23' title="bbox 1150 2205 2128 2550">
     <span class='ocr_line' id='line_1_96' title="bbox 1237 2205 2128 2247; baseline -0.002 -8"><span class='ocrx_word' id='word_1_609' title='bbox 1237 2206 1328 2239; x_wconf 83' lang='lat' dir='ltr'>Multi</span> <span class='ocrx_word' id='word_1_610' title='bbox 1352 2209 1402 2238; x_wconf 85' lang='lat' dir='ltr'>sic</span> <span class='ocrx_word' id='word_1_611' title='bbox 1421 2219 1460 2239; x_wconf 87' lang='lat' dir='ltr'>co</span> <span class='ocrx_word' id='word_1_612' title='bbox 1489 2208 1582 2238; x_wconf 79' lang='lat' dir='ltr'>itant:</span> <span class='ocrx_word' id='word_1_613' title='bbox 1607 2207 1790 2247; x_wconf 77' lang='lat' dir='ltr'>Augustus,</span> <span class='ocrx_word' id='word_1_614' title='bbox 1811 2205 1985 2244; x_wconf 79' lang='lat' dir='ltr'>Traianus,</span> <span class='ocrx_word' id='word_1_615' title='bbox 2003 2206 2128 2247; x_wconf 87' lang='lat' dir='ltr'>Scipio,</span> 
     </span>
     <span class='ocr_line' id='line_1_97' title="bbox 1152 2218 2128 2282; baseline -0.001 -1"><span class='ocrx_word' id='word_1_616' title='bbox 1152 2251 1273 2282; x_wconf 76' lang='lat' dir='ltr'>Fabius</span> <span class='ocrx_word' id='word_1_617' title='bbox 1309 2249 1440 2282; x_wconf 83' lang='lat' dir='ltr'>suerunt</span> <span class='ocrx_word' id='word_1_618' title='bbox 1465 2218 1606 2281; x_wconf 47' lang='lat' dir='ltr'>zonesti</span> <span class='ocrx_word' id='word_1_619' title='bbox 1642 2250 1720 2280; x_wconf 78' lang='lat' dir='ltr'>viri:</span> <span class='ocrx_word' id='word_1_620' title='bbox 1755 2248 1800 2280; x_wconf 84' lang='lat' dir='ltr'>Er</span> <span class='ocrx_word' id='word_1_621' title='bbox 1827 2259 1846 2279; x_wconf 86' lang='lat' dir='ltr'>o</span> <span class='ocrx_word' id='word_1_622' title='bbox 1882 2247 1960 2280; x_wconf 87' lang='lat' dir='ltr'>nihil</span> <span class='ocrx_word' id='word_1_623' title='bbox 1991 2250 2128 2281; x_wconf 82' lang='lat' dir='ltr'>interest</span> 
     </span>
     <span class='ocr_line' id='line_1_98' title="bbox 1150 2290 2128 2331; baseline -0.002 -6"><span class='ocrx_word' id='word_1_624' title='bbox 1150 2295 1234 2325; x_wconf 88' lang='lat' dir='ltr'>inter</span> <span class='ocrx_word' id='word_1_625' title='bbox 1257 2304 1333 2331; x_wconf 63' lang='grc' dir='ltr'>ους,</span> <span class='ocrx_word' id='word_1_626' title='bbox 1357 2300 1388 2324; x_wconf 76' lang='lat' dir='ltr'>et</span> <span class='ocrx_word' id='word_1_627' title='bbox 1409 2293 1592 2330; x_wconf 81' lang='lat' dir='ltr'>leremiam,</span> <span class='ocrx_word' id='word_1_628' title='bbox 1622 2291 1771 2329; x_wconf 80' lang='lat' dir='ltr'>Esaiam,</span> <span class='ocrx_word' id='word_1_629' title='bbox 1829 2298 1949 2329; x_wconf 86' lang='lat' dir='ltr'>etrum,</span> <span class='ocrx_word' id='word_1_630' title='bbox 1980 2290 2128 2330; x_wconf 78' lang='lat' dir='ltr'>Paulum,</span> 
     </span>
     <span class='ocr_line' id='line_1_99' title="bbox 1151 2333 2127 2379; baseline -0.002 -11"><span class='ocrx_word' id='word_1_631' title='bbox 1151 2344 1181 2368; x_wconf 84' lang='lat' dir='ltr'>ct</span> <span class='ocrx_word' id='word_1_632' title='bbox 1205 2337 1308 2374; x_wconf 70' lang='lat' dir='ltr'>ulios,</span> <span class='ocrx_word' id='word_1_633' title='bbox 1334 2337 1389 2379; x_wconf 85' lang='lat' dir='ltr'>qui</span> <span class='ocrx_word' id='word_1_634' title='bbox 1421 2336 1553 2368; x_wconf 72' lang='lat' dir='ltr'>{uerunt</span> <span class='ocrx_word' id='word_1_635' title='bbox 1581 2336 1726 2366; x_wconf 76' lang='lat' dir='ltr'>membra</span> <span class='ocrx_word' id='word_1_636' title='bbox 1751 2333 1932 2366; x_wconf 68' lang='lat' dir='ltr'>Ecclesiae.</span> <span class='ocrx_word' id='word_1_637' title='bbox 1986 2335 2058 2366; x_wconf 77' lang='lat' dir='ltr'>Non</span> <span class='ocrx_word' id='word_1_638' title='bbox 2083 2335 2127 2366; x_wconf 91' lang='lat' dir='ltr'>di·</span> 
     </span>
     <span class='ocr_line' id='line_1_100' title="bbox 1152 2378 2127 2420; baseline -0.001 -10"><span class='ocrx_word' id='word_1_639' title='bbox 1152 2392 1223 2410; x_wconf 78' lang='lat' dir='ltr'>ram</span> <span class='ocrx_word' id='word_1_640' title='bbox 1247 2381 1309 2410; x_wconf 74' lang='lat' dir='ltr'>inm</span> <span class='ocrx_word' id='word_1_641' title='bbox 1335 2381 1374 2411; x_wconf 82' lang='lat' dir='ltr'>de</span> <span class='ocrx_word' id='word_1_642' title='bbox 1399 2380 1486 2410; x_wconf 73' lang='lat' dir='ltr'>vitiis</span> <span class='ocrx_word' id='word_1_643' title='bbox 1509 2390 1622 2410; x_wconf 74' lang='lat' dir='ltr'>eorum</span> <span class='ocrx_word' id='word_1_644' title='bbox 1642 2380 1673 2409; x_wconf 93' lang='lat' dir='ltr'>in</span> <span class='ocrx_word' id='word_1_645' title='bbox 1695 2380 1821 2420; x_wconf 79' lang='lat' dir='ltr'>privata</span> <span class='ocrx_word' id='word_1_646' title='bbox 1843 2378 1919 2408; x_wconf 68' lang='lat' dir='ltr'>xitn.</span> <span class='ocrx_word' id='word_1_647' title='bbox 1956 2378 2127 2420; x_wconf 70' lang='lat' dir='ltr'>Augustus</span> 
     </span>
     <span class='ocr_line' id='line_1_101' title="bbox 1151 2421 2128 2464; baseline -0.002 -11"><span class='ocrx_word' id='word_1_648' title='bbox 1151 2422 1209 2453; x_wconf 86' lang='lat' dir='ltr'>suit</span> <span class='ocrx_word' id='word_1_649' title='bbox 1234 2424 1342 2454; x_wconf 63' lang='lat' dir='ltr'>liunus</span> <span class='ocrx_word' id='word_1_650' title='bbox 1365 2430 1396 2455; x_wconf 86' lang='lat' dir='ltr'>et</span> <span class='ocrx_word' id='word_1_651' title='bbox 1427 2423 1532 2454; x_wconf 65' lang='lat' dir='ltr'>iustus</span> <span class='ocrx_word' id='word_1_652' title='bbox 1562 2423 1781 2464; x_wconf 74' lang='lat' dir='ltr'>gubernator,</span> <span class='ocrx_word' id='word_1_653' title='bbox 1815 2422 1873 2452; x_wconf 67' lang='lat' dir='ltr'>sod</span> <span class='ocrx_word' id='word_1_654' title='bbox 1905 2421 1971 2452; x_wconf 74' lang='lat' dir='ltr'>vita</span> <span class='ocrx_word' id='word_1_655' title='bbox 2024 2421 2128 2452; x_wconf 79' lang='lat' dir='ltr'>rivnta</span> 
     </span>
     <span class='ocr_line' id='line_1_102' title="bbox 1151 2463 2128 2505; baseline -0.001 -9"><span class='ocrx_word' id='word_1_656' title='bbox 1151 2467 1222 2497; x_wconf 81' lang='lat' dir='ltr'>eius</span> <span class='ocrx_word' id='word_1_657' title='bbox 1246 2465 1301 2496; x_wconf 82' lang='lat' dir='ltr'>fuit</span> <span class='ocrx_word' id='word_1_658' title='bbox 1328 2466 1548 2496; x_wconf 62' lang='lat' dir='ltr'>contaminata</span> <span class='ocrx_word' id='word_1_659' title='bbox 1574 2463 1686 2496; x_wconf 82' lang='lat' dir='ltr'>multis</span> <span class='ocrx_word' id='word_1_660' title='bbox 1710 2465 1838 2505; x_wconf 67' lang='lat' dir='ltr'>&#39;unguis</span> <span class='ocrx_word' id='word_1_661' title='bbox 1859 2464 1955 2495; x_wconf 70' lang='lat' dir='ltr'>vitiis.</span> <span class='ocrx_word' id='word_1_662' title='bbox 2016 2474 2034 2495; x_wconf 95' lang='lat' dir='ltr'>n</span> <span class='ocrx_word' id='word_1_663' title='bbox 2054 2464 2128 2505; x_wconf 78' lang='lat' dir='ltr'>ipso</span> 
     </span>
     <span class='ocr_line' id='line_1_103' title="bbox 1151 2505 2128 2550; baseline -0.001 -11"><span class='ocrx_word' id='word_1_664' title='bbox 1151 2510 1246 2539; x_wconf 71' lang='lat' dir='ltr'>ctiam</span> <span class='ocrx_word' id='word_1_665' title='bbox 1282 2509 1436 2550; x_wconf 85' lang='lat' dir='ltr'>imperio,</span> <span class='ocrx_word' id='word_1_666' title='bbox 1472 2519 1567 2540; x_wconf 85' lang='lat' dir='ltr'>nemo</span> <span class='ocrx_word' id='word_1_667' title='bbox 1598 2514 1648 2540; x_wconf 71' lang='lat' dir='ltr'>est</span> <span class='ocrx_word' id='word_1_668' title='bbox 1679 2515 1744 2539; x_wconf 84' lang='lat' dir='ltr'>tnm</span> <span class='ocrx_word' id='word_1_669' title='bbox 1768 2509 1892 2543; x_wconf 83' lang='lat' dir='ltr'>iustus,</span> <span class='ocrx_word' id='word_1_670' title='bbox 1927 2507 2004 2548; x_wconf 87' lang='lat' dir='ltr'>quin</span> <span class='ocrx_word' id='word_1_671' title='bbox 2027 2505 2128 2538; x_wconf 75' lang='lat' dir='ltr'>multa</span> 
     </span>
    </p>
   </div>
   <div class='ocr_carea' id='block_1_20' title="bbox 122 2552 1277 2596">
    <p class='ocr_par' dir='ltr' id='par_1_24' title="bbox 122 2552 1277 2596">
     <span class='ocr_line' id='line_1_104' title="bbox 122 2552 1277 2596; baseline -0.004 -9"><span class='ocrx_word' id='word_1_672' title='bbox 122 2556 248 2587; x_wconf 73' lang='lat' dir='ltr'>amicus</span> <span class='ocrx_word' id='word_1_673' title='bbox 274 2554 421 2589; x_wconf 80' lang='lat' dir='ltr'>Blnnck;</span> <span class='ocrx_word' id='word_1_674' title='bbox 451 2555 504 2596; x_wconf 83' lang='lat' dir='ltr'>qui</span> <span class='ocrx_word' id='word_1_675' title='bbox 535 2556 679 2586; x_wconf 76' lang='lat' dir='ltr'>dicebat:</span> <span class='ocrx_word' id='word_1_676' title='bbox 712 2554 763 2582; x_wconf 72' lang='lat' dir='ltr'>ulie·</span> <span class='ocrx_word' id='word_1_677' title='bbox 789 2554 908 2591; x_wconf 67' lang='lat' dir='ltr'>frumen</span> <span class='ocrx_word' id='word_1_678' title='bbox 934 2552 1099 2581; x_wconf 69' lang='grc' dir='ltr'><em>ΜιϊηηιϊΙιε</em></span> <span class='ocrx_word' id='word_1_679' title='bbox 1152 2558 1277 2593; x_wconf 76' lang='lat' dir='ltr'>peccet.</span> 
     </span>
    </p>
   </div>
   <div class='ocr_carea' id='block_1_21' title="bbox 123 2594 1102 2636">
    <p class='ocr_par' dir='ltr' id='par_1_25' title="bbox 123 2594 1102 2636">
     <span class='ocr_line' id='line_1_105' title="bbox 123 2594 1102 2636; baseline -0.004 -9"><span class='ocrx_word' id='word_1_680' title='bbox 123 2598 224 2627; x_wconf 75' lang='lat' dir='ltr'>m‘rnu</span> <span class='ocrx_word' id='word_1_681' title='bbox 259 2609 298 2626; x_wconf 77' lang='lat' dir='ltr'>cm</span> <span class='ocrx_word' id='word_1_682' title='bbox 335 2598 387 2627; x_wconf 71' lang='lat' dir='ltr'>die</span> <span class='ocrx_word' id='word_1_683' title='bbox 421 2598 524 2626; x_wconf 65' lang='lat' dir='ltr'>wcmlc</span> <span class='ocrx_word' id='word_1_684' title='bbox 553 2597 718 2636; x_wconf 65' lang='lat' dir='ltr'>yrunnhlrl:</span> <span class='ocrx_word' id='word_1_685' title='bbox 756 2596 798 2625; x_wconf 80' lang='lat' dir='ltr'>Es</span> <span class='ocrx_word' id='word_1_686' title='bbox 828 2596 917 2625; x_wconf 78' lang='lat' dir='ltr'>m‘nd</span> <span class='ocrx_word' id='word_1_687' title='bbox 948 2595 1009 2624; x_wconf 69' lang='lat'><em>11⁷⁰!</em></span> <span class='ocrx_word' id='word_1_688' title='bbox 1042 2594 1102 2623; x_wconf 69' lang='lat' dir='ltr'>ric!</span> 
     </span>
    </p>
   </div>
   <div class='ocr_carea' id='block_1_22' title="bbox 123 2638 1097 2680">
    <p class='ocr_par' dir='ltr' id='par_1_26' title="bbox 123 2638 1097 2680">
     <span class='ocr_line' id='line_1_106' title="bbox 123 2638 1097 2680; baseline -0.003 -10"><span class='ocrx_word' id='word_1_689' title='bbox 123 2641 302 2680; x_wconf 72' lang='lat' dir='ltr'>hn&#39;qnleute,</span> <span class='ocrx_word' id='word_1_690' title='bbox 337 2641 389 2670; x_wconf 71' lang='lat' dir='ltr'>die</span> <span class='ocrx_word' id='word_1_691' title='bbox 418 2641 462 2670; x_wconf 82' lang='lat' dir='ltr'>da</span> <span class='ocrx_word' id='word_1_692' title='bbox 491 2642 635 2678; x_wconf 57' lang='lat' dir='ltr'>frammcr</span> <span class='ocrx_word' id='word_1_693' title='bbox 668 2640 787 2672; x_wconf 71' lang='lat' dir='ltr'>scinde.</span> <span class='ocrx_word' id='word_1_694' title='bbox 821 2639 868 2669; x_wconf 71' lang='lat' dir='ltr'>uls</span> <span class='ocrx_word' id='word_1_695' title='bbox 891 2639 943 2668; x_wconf 72' lang='lat' dir='ltr'>«lic</span> <span class='ocrx_word' id='word_1_696' title='bbox 965 2638 1097 2677; x_wconf 73' lang='lat' dir='ltr'>heiliyen</span> 
     </span>
    </p>
   </div>
   <div class='ocr_carea' id='block_1_23' title="bbox 1238 2591 2127 2634">
    <p class='ocr_par' dir='ltr' id='par_1_27' title="bbox 1238 2591 2127 2634">
     <span class='ocr_line' id='line_1_107' title="bbox 1238 2591 2127 2634; baseline -0.004 -9"><span class='ocrx_word' id='word_1_697' title='bbox 1238 2594 1406 2626; x_wconf 77' lang='lat' dir='ltr'>Debemus</span> <span class='ocrx_word' id='word_1_698' title='bbox 1430 2601 1537 2626; x_wconf 82' lang='lat' dir='ltr'>autem</span> <span class='ocrx_word' id='word_1_699' title='bbox 1561 2592 1647 2625; x_wconf 83' lang='lat' dir='ltr'>lmnc</span> <span class='ocrx_word' id='word_1_700' title='bbox 1671 2591 1818 2634; x_wconf 77' lang='lat' dir='ltr'>regulum</span> <span class='ocrx_word' id='word_1_701' title='bbox 1848 2601 1977 2624; x_wconf 85' lang='lat' dir='ltr'>tenere:</span> <span class='ocrx_word' id='word_1_702' title='bbox 2013 2593 2127 2628; x_wconf 72' lang='lat' dir='ltr'>omnis,</span> 
     </span>
    </p>
   </div>
   <div class='ocr_carea' id='block_1_24' title="bbox 1124 2636 2127 2677">
    <p class='ocr_par' dir='ltr' id='par_1_28' title="bbox 1124 2636 2127 2677">
     <span class='ocr_line' id='line_1_108' title="bbox 1124 2636 2127 2677; baseline -0.003 -10"><span class='ocrx_word' id='word_1_703' title='bbox 1124 2650 1125 2654; x_wconf 57' lang='lat'>¹</span> <span class='ocrx_word' id='word_1_704' title='bbox 1151 2640 1203 2677; x_wconf 74' lang='lat' dir='ltr'>qui</span> <span class='ocrx_word' id='word_1_705' title='bbox 1226 2639 1326 2667; x_wconf 68' lang='lat' dir='ltr'>ert-«lit</span> <span class='ocrx_word' id='word_1_706' title='bbox 1350 2640 1382 2666; x_wconf 83' lang='grc' dir='ltr'>τίι</span> <span class='ocrx_word' id='word_1_707' title='bbox 1406 2637 1532 2669; x_wconf 75' lang='lat' dir='ltr'>Filium.</span> <span class='ocrx_word' id='word_1_708' title='bbox 1554 2637 1643 2666; x_wconf 68' lang='lat' dir='ltr'>habet</span> <span class='ocrx_word' id='word_1_709' title='bbox 1667 2639 1760 2666; x_wconf 73' lang='lat' dir='ltr'>vitam</span> <span class='ocrx_word' id='word_1_710' title='bbox 1784 2640 1958 2666; x_wconf 72' lang='lat' dir='ltr'>atter-raum:</span> <span class='ocrx_word' id='word_1_711' title='bbox 1983 2636 2044 2670; x_wconf 75' lang='lat' dir='ltr'>Qui</span> <span class='ocrx_word' id='word_1_712' title='bbox 2067 2645 2127 2665; x_wconf 71' lang='lat' dir='ltr'>uon</span> 
     </span>
    </p>
   </div>
   <div class='ocr_carea' id='block_1_25' title="bbox 2273 0 2324 2108">
    <p class='ocr_par' dir='ltr' id='par_1_29' title="bbox 2273 0 2324 2108">
     <span class='ocr_line' id='line_1_109' title="bbox 2273 0 2324 2108; baseline 0 0"><span class='ocrx_word' id='word_1_713' title='bbox 2273 0 2324 2108; x_wconf 95' lang='lat' dir='ltr'> </span> 
     </span>
    </p>
   </div>
  </div>
 </body>
</html>
