2324 2958
59 196 124 231 533

213 291 428 344 Quomodo
460 297 521 332 est
550 290 732 332 benefica
763 290 849 345 apis
860 290 878 332 ’ἓ

143 383 228 420 Quia
251 382 382 415 conficit
406 381 506 414 mella
533 386 567 413 et
589 391 718 419 ceram,
745 390 831 423 quae
853 387 931 413 sunt
954 381 1027 413 usui

59 426 253 459 hominibus.
299 425 367 457 lino
388 426 484 457 etiam
503 429 648 463 caetera,
667 433 753 466 quae
777 422 931 462 fabricat,
951 430 1027 455 sunt

58 479 142 502 usui.

279 580 379 631 Quis
417 587 479 622 est
515 594 612 622 usus
652 579 809 622 Cerae?

141 671 215 704 Non
237 677 362 704 tantum
383 672 425 703 ad
448 670 590 714 lychnos
612 671 732 703 utimur
755 681 844 709 cera,
868 671 927 703 sed
951 677 1028 703 sunt

55 714 110 747 ulii
143 725 275 757 quoque
306 714 421 746 infiniti
453 724 536 746 usus
569 715 602 746 in
633 714 915 746 medicationibus.
972 714 1027 745 Sic

55 756 162 790 mellis
190 767 272 790 usus
305 763 355 788 est
388 756 544 788 infinitus.
600 756 635 788 ln
663 757 934 788 medicationibus
959 767 1026 788 non

53 810 232 842 possumus
255 809 369 832 carere
390 798 498 831 melle.
542 799 603 831 Est
625 801 794 841 antiquum
818 800 883 830 hoc
905 800 1026 831 dictum

54 843 141 884 apud
164 843 353 874 Pindarum:
381 842 448 871 Mel
468 852 534 872 esse
551 846 675 882 partem
697 842 851 882 quandam
872 843 1024 872 immortu-

54 885 165 916 litatis.
206 885 377 927 Augustus
395 885 609 927 interrogavit
627 886 789 927 quendam
806 895 931 923 senem,
945 895 1025 926 quo·
1050 891 1052 916 ¹}

53 928 151 959 modo
173 928 382 969 pervenisset
409 929 451 959 ad
475 934 597 960 tantam
621 934 808 966 senectam,
838 928 1024 969 respondit:

52 970 142 1000 Intus
173 970 285 1003 mulso,
316 971 400 1009 foris
432 971 510 1001 oleo.

53 1012 160 1048 Quam
182 1012 273 1046 multi
304 1023 344 1045 ex
363 1012 499 1045 Polonis
524 1013 646 1045 habent
669 1019 842 1055 quaestum
860 1023 901 1044 ex
926 1011 1025 1044 melle

53 1061 85 1087 et
107 1065 201 1088 cera:
224 1055 316 1088 multi
339 1057 499 1089 ditescunt
523 1067 563 1088 ex
586 1055 667 1088 solis
689 1057 761 1088 istis
783 1057 895 1088 rebus.

99 1202 314 1253 Quomodo
352 1204 580 1243 nominatur
618 1204 679 1244 ille
719 1203 846 1244 Poeta
886 1204 994 1259 apud

119 1279 398 1331 Theocritum,
431 1294 551 1334 quem
584 1281 806 1321 nutrierunt
835 1281 957 1336 apes?

137 1368 290 1401 Comates
314 1369 425 1402 Poeta.
470 1371 578 1402 Notus
602 1377 653 1402 est
679 1370 733 1402 ille
763 1381 896 1403 versus:
932 1371 960 1400 O
979 1381 1024 1401 me

52 1411 143 1441 αιιιΙα
161 1413 269 1451 prius,
293 1423 382 1451 qnam
404 1415 523 1442 mnlriat
546 1414 618 1443 aula
642 1413 780 1444 Poetam.
827 1412 934 1445 Aulae
956 1424 1023 1446 non

51 1453 188 1485 multum
221 1455 299 1485 dant
332 1455 460 1486 miseris
491 1457 614 1496 poetis3
647 1458 755 1498 potius
783 1455 901 1499 plagas
931 1457 1021 1495 dant,

76 1506 149 1527 uam
183 1497 351 1528 beneficia.
408 1498 484 1530 ldeo
519 1509 638 1530 versus
673 1498 726 1530 ille
760 1505 812 1530 est
841 1498 1022 1541 deploratio

51 1506 141 1570 facti.
205 1539 272 1570 Sed
306 1541 438 1581 quando
473 1551 535 1571 vos
570 1541 699 1573 Domini
733 1543 848 1574 eiicitis
882 1543 1021 1573 miseros

50 1580 172 1612 Poetas
197 1588 229 1613 et
252 1582 427 1621 Pastores,
454 1589 532 1615 tunc
559 1594 641 1625 apes
663 1586 809 1616 nutriunt
831 1595 906 1616 eos:
937 1586 1023 1617 sicut

49 1622 106 1654 ille
130 1622 293 1655 Dominus
315 1623 495 1657 incluserat
517 1636 612 1657 suum
635 1626 770 1658 Poetam
794 1628 922 1665 arbori;
946 1629 1022 1669 quia

50 1666 193 1707 quotidie
222 1667 469 1699 sacrificaverat
497 1679 597 1700 unum
626 1680 748 1711 agnum
777 1669 902 1709 Musis,
936 1680 1022 1711 quae

50 1709 268 1750 protegebant
303 1720 448 1752 gregem.
503 1711 576 1742 Hoc
606 1710 660 1743 ille
692 1722 793 1755 aegre
826 1711 956 1751 ferens,
991 1719 1022 1745 et

51 1751 243 1782 existimans
277 1753 406 1784 nimium
440 1760 603 1795 sumptum
637 1756 678 1786 ab
711 1765 751 1786 eo
782 1754 904 1787 factum
934 1766 1022 1793 esse,

51 1791 185 1824 inclusit
207 1793 239 1825 in
261 1796 431 1833 arborem,
453 1804 572 1836 postea
594 1798 795 1830 moriebatur
816 1804 906 1831 totus
929 1809 1022 1840 grex.

51 1834 147 1867 Redit
171 1834 226 1867 ille
248 1837 290 1868 ad
313 1839 480 1869 arborem:
511 1839 636 1871 Invenit
663 1851 737 1872 eum
764 1841 945 1878 viventem3
973 1841 1022 1872 ln-

51 1884 201 1920 terrogat
225 1889 315 1917 eum,
349 1880 478 1912 dicens:
515 1882 604 1913 Unde
627 1885 725 1914 vivis?
769 1883 801 1915 ls
824 1885 1021 1926 respondet:

51 1921 135 1960 Apes
157 1931 201 1950 me
223 1924 411 1952 nutrierunt:
435 1930 484 1954 est
507 1925 606 1966 igitur
629 1927 700 1967 apis
724 1927 892 1959 beneficia.

138 1964 259 1999 Quinta
282 1966 398 2003 virtus,
419 1973 469 1997 est
488 1965 655 1999 fortitudo.
699 1967 852 2011 Cogitate
874 1970 936 2001 has
960 1971 1024 2001 vir-

51 2013 137 2038 tutes
162 2017 227 2037 non
252 2013 374 2039 tantum
398 2009 429 2039 in
454 2009 696 2042 matrefamilias
716 2022 793 2043 esse
812 2013 944 2051 debere,
964 2014 1023 2044 sed

52 2048 148 2080 etiam
171 2049 202 2080 in
225 2048 356 2081 homine
379 2050 496 2082 nobili:
519 2053 550 2083 in
569 2063 633 2094 quo
652 2065 805 2096 magnum
825 2056 928 2087 decus
946 2062 1024 2087 sunt

51 2091 115 2123 liae
138 2092 275 2123 virtutes
299 2094 507 2125 coniunctae:
532 2094 724 2134 Prudentia,
746 2097 889 2136 lustitia,
918 2097 1024 2130 Casti-

51 2140 120 2172 tas,
142 2133 386 2174 Beneficentia,
409 2136 590 2169 Fortitudo.
636 2139 717 2180 Apis
741 2147 792 2171 est
814 2142 1023 2183 magnanima

53 2181 86 2207 et
107 2175 217 2210 fortis:
242 2179 327 2219 gerit
350 2178 436 2210 bella
460 2190 532 2211 cum
556 2179 657 2220 fucis,
680 2180 770 2223 pellit
793 2182 888 2215 fucos
913 2190 945 2215 et
969 2195 1024 2217 cu-

52 2217 144 2251 lices.
195 2219 270 2251 Non
299 2221 330 2252 in
359 2221 486 2253 scholis
515 2229 645 2263 oportet
671 2236 818 2267 pugnare
841 2238 915 2259 cum
938 2226 1022 2259 fucis

52 2267 84 2293 et
106 2261 284 2301 culicibus,
314 2275 386 2296 curn
417 2265 603 2297 hominibus
632 2265 817 2300 fantasticis
847 2275 879 2301 et
902 2268 1023 2302 clama-

52 2305 191 2337 toribus.

139 2347 241 2380 Sexta
275 2349 396 2388 w'rtus,
431 2356 481 2381 est
516 2351 719 2384 Parsimonia
754 2360 785 2385 et
819 2354 1022 2397 FrugalitaS,

55 2390 128 2430 quia
151 2389 213 2422 hae
236 2391 321 2423 duae
344 2393 480 2424 virtutes
505 2401 579 2425 sunt
604 2401 775 2437 cognatae.

229 2503 336 2554 Quid
368 2507 566 2561 significat
598 2508 629 2547 F
631 2510 845 2563 rugatljtas‘?

139 2592 362 2626 Ratltsamkeit.

52 2635 160 2667 monia
181 2636 403 2675 Sparsamlceit.

415 2597 583 2640 Frugalis:
613 2598 691 2629 beist
722 2600 865 2631 rotheem.
916 2601 1024 2635 Parsi-

738 192 955 226 POSTILLA
976 192 1371 226 MELANTHONJANA.

1987 198 2051 231 534

1080 289 1189 341 Qtu'd
1218 289 1408 330 differunt
1445 290 1690 333 Parsimonia
1726 300 1769 334 et
1802 293 1835 335 F
1836 294 2050 349 rugalitas?

1164 379 1350 423 Frugalitas
1385 387 1437 413 est
1470 381 1576 414 virtus
1609 388 1678 414 arte
1712 388 1744 414 et
1776 385 1892 416 ordine
1926 395 2050 425 emens,

1079 423 1238 462 vendens,
1258 430 1291 455 et
1313 430 1404 455 recte
1426 423 1608 463 collocans,
1626 436 1667 457 ac
1689 425 1802 457 fruens
1825 429 1935 459 rebus.
1976 427 2050 470 Ego

1080 467 1156 497 novi
1179 464 1303 508 aliquot
1332 468 1474 505 amicos,
1507 468 1562 509 qui
1591 468 1752 500 interdum
1775 468 1941 502 habebant
1963 472 2051 503 bona

1080 510 1173 547 vina,
1207 519 1274 540 non
1302 507 1510 548 fruebantur,
1545 510 1735 552 priusquam
1765 520 1919 553 corrupta
1942 519 2050 551 erant;

1079 558 1196 593 postea
1226 553 1431 595 cogebantur
1452 553 1639 594 promiscue
1661 553 1740 584 dare
1763 553 1908 594 ancillis,
1931 557 2051 595 servis,

1080 595 1250 635 operariis
1295 594 1367 637 Ego
1390 595 1477 627 malo
1502 605 1631 633 cavere,
1654 606 1696 627 nc
1719 595 1795 627 mihi
1820 604 2051 640 corrumpatur

1079 638 1206 676 vinum,
1240 643 1272 669 et
1299 638 1430 676 bibere,
1467 648 1539 670 cum
1563 642 1613 669 est
1634 638 1798 680 integrum
1820 639 1946 678 adhuc,
1977 651 2050 673 cum

1078 680 1203 712 amicis.
1249 680 1423 712 Scribebat
1445 681 1522 712 mihi
1545 680 1791 720 Carolovicius,
1816 692 1888 714 cum
1911 684 2050 715 mitteret

1077 721 1228 765 lagenam
1263 724 1328 754 vini
1360 722 1488 765 Alpini,
1523 725 1555 755 in
1589 723 1690 766 longa
1720 724 1851 763 charta,
1885 727 2049 767 quomodo

1078 771 1169 796 esset
1198 766 1408 798 servandum.
1454 766 1639 809 Rescripsi,
1669 777 1721 798 me
1752 768 1838 799 scire
1859 774 1962 799 artem
1986 779 2050 800 me·

1077 806 1207 839 liorem:
1246 808 1300 839 Me
1335 819 1470 847 curare,
1504 816 1539 841 ut
1569 810 1663 841 amici
1693 820 1821 842 mecum
1844 810 2047 843 exhauriant.

1077 850 1243 882 loachimo
1267 851 1352 882 misit
1379 852 1495 888 etiaim
1522 852 1551 883 ei
1577 852 1676 894 plane
1704 854 1817 893 periit,
1846 864 1888 885 ne
1917 854 2047 895 quidem

1077 904 1136 934 pro
1161 900 1257 924 aceto
1281 894 1326 924 uti
1349 895 1462 935 potuit.

1163 936 1367 967 Parsimonia
1394 944 1507 969 servat
1530 938 1669 969 medium
1698 939 1730 969 in
1754 939 1935 970 retinendo.
1981 939 2049 971 Sed

567 969 710 1002 Mulsum
743 968 803 1002 suit
838 980 878 1002 ex
912 969 1022 1002 melle·
1050 973 1053 1027 ξ
1076 977 1155 1010 nihil
1179 986 1230 1010 est
1254 979 1325 1010 sine
1348 978 1546 1023 frugalitate.
1592 979 1668 1012 ldeo
1692 982 1777 1012 enim
1802 983 1991 1021 retinemus,
2013 989 2050 1014 ut

1051 1032 1052 1043 ³
1076 1028 1166 1052 recte
1188 1020 1350 1053 fruamur:
1381 1030 1412 1054 et
1434 1022 1498 1055 frui
1520 1029 1629 1055 tamen
1653 1025 1749 1055 etiam
1773 1031 1863 1057 recte
1886 1035 1950 1056 non
1974 1035 2050 1066 pos-

1050 1066 1052 1110 j
1076 1073 1207 1102 sumus,
1231 1065 1293 1095 nisi
1317 1067 1498 1097 retinendo.

1162 1106 1396 1149 Frugalitatem
1425 1115 1456 1140 et
1484 1108 1719 1140 Parsimoniam
1749 1111 1844 1142 etiam
1875 1111 1972 1142 docet
1994 1110 2048 1142 hic

1077 1148 1248 1185 Christus3
1279 1150 1354 1191 quia
1382 1152 1470 1183 iubet
1493 1150 1604 1194 colligi
1636 1152 1829 1194 fragmenta.
1879 1153 2048 1185 Debemus

1077 1193 1122 1223 uti
1146 1192 1314 1224 beneficiis
1338 1193 1400 1225 Dei
1428 1195 1468 1225 ad
1495 1205 1548 1226 res
1573 1197 1801 1234 necessarias,
1832 1206 1897 1227 non
1921 1197 1963 1227 ad
1986 1203 2049 1228 tur-

1077 1245 1137 1275 pes
1156 1235 1375 1275 profusiones,
1432 1237 1506 1268 Non
1535 1238 1656 1269 debent
1679 1248 1754 1270 csse
1778 1239 1929 1270 convivia
1953 1238 2049 1271 Polo-

1076 1278 1169 1317 nica,
1195 1279 1250 1310 ubi
1279 1289 1380 1310 unum
1403 1281 1590 1312 convivium
1614 1287 1664 1312 est
1688 1280 1860 1313 multarum
1884 1281 2050 1321 horarum,

1076 1320 1198 1352 habent
1232 1320 1366 1353 delicias
1400 1321 1595 1362 PolonicaS,
1636 1324 1871 1363 Germanicas,
1906 1324 2048 1363 Italicas,

1077 1363 1283 1405 Hispanicas.
1334 1364 1515 1407 Vergerius
1545 1367 1688 1399 dicebat:
1724 1366 1795 1409 Ego
1818 1366 1919 1399 multa
1941 1369 2049 1400 audivi

1076 1407 1117 1437 de
1149 1405 1226 1438 luxu
1262 1406 1476 1439 Polonorum:
1511 1410 1571 1440 sed
1601 1420 1654 1441 res
1683 1410 1755 1450 ipsa
1778 1411 1855 1442 vicit
1878 1421 2050 1442 sermones

1076 1451 1229 1481 omnium.
1270 1450 1354 1482 Sunt
1372 1452 1484 1494 magni
1502 1458 1680 1493 apparatus
1700 1454 1786 1493 apud
1806 1463 1868 1484 nos
1891 1453 2049 1485 polonos.

1076 1492 1141 1523 Sed
1161 1498 1236 1524 sunt
1256 1494 1352 1524 etiam
1370 1494 1608 1526 Germanorum
1628 1496 1738 1537 magni
1757 1502 1946 1537 apparatus.
1981 1496 2050 1529 Me-

1075 1535 1150 1567 mini
1184 1536 1261 1566 data
1295 1546 1370 1568 esse
1403 1536 1534 1580 Torgae
1563 1537 1627 1568 300
1656 1537 1796 1569 fercula:
1829 1539 1888 1570 sed
1916 1540 2047 1581 quando

1074 1576 1300 1619 profundimus
1324 1580 1355 1610 in
1379 1590 1444 1611 non
1468 1581 1684 1618 necessariis,
1713 1587 1832 1622 postea
1854 1592 1990 1624 egemus
2014 1584 2045 1614 in

1073 1630 1282 1652 necessarus.

1161 1664 1317 1705 Magnum
1335 1670 1385 1696 est
1404 1664 1544 1707 vectigal
1563 1665 1778 1698 Parsimonia.
1821 1667 1968 1709 Utraque
1987 1668 2046 1700 vir-

1074 1711 1126 1737 tus
1160 1713 1211 1737 est
1244 1706 1332 1738 utilis
1367 1709 1484 1746 rebus,
1519 1715 1550 1739 et
1585 1711 1830 1741 conservationi
1861 1720 2047 1752 corporum,

1076 1749 1167 1781 iuxta
1189 1749 1325 1781 dictum:

1162 1791 1221 1822 Est
1242 1793 1351 1822 modus
1372 1794 1405 1822 in
1427 1793 1529 1823 rebus:
1553 1798 1624 1824 sunt
1645 1796 1722 1824 verti
1744 1795 1874 1835 deniqne
1892 1798 1982 1835 fines:

1163 1835 1248 1869 Quos
1269 1835 1351 1865 ultra
1376 1837 1516 1876 citraque
1538 1839 1642 1877 nequit
1665 1840 1831 1868 consisteri·
1856 1843 1976 1870 rectam.

1163 1880 1269 1919 Astron
1292 1879 1518 1919 φυλάσσεσθαι.
1543 1880 1662 1911 πάντων
1685 1880 1717 1912 δὲ
1738 1885 1827 1922 μέτρα
1852 1881 1966 1923 ιῖρισῐα.

1163 1920 1314 1952 Christus
1336 1922 1456 1964 inquit:
1496 1923 1604 1952 Videte
1627 1934 1664 1953 ne
1681 1924 1778 1953 corda
1804 1929 1903 1954 πεῖνα
1927 1936 2046 1955 oneren-

1077 1967 1126 1993 tar
1148 1964 1290 2003 crapula.
1336 1964 1377 1996 Et
1400 1964 1538 1997 Paulus:
1582 1966 1655 1996 Nun
1678 1967 1872 1997 inebrismn'ni
1898 1970 1985 2003 vino,
2015 1971 2047 1998 in

1076 2017 1136 2046 quo
1159 2011 1204 2036 est
1227 2007 1357 2038 (ἕσωτίατ
1389 2010 1437 2037 ein
1461 2013 1536 2038 wast
1558 2009 1645 2038 wilde
1670 2020 1763 2039 wesen
1788 2011 1888 2052 inquit
1914 2010 2048 2050 Paulus,

1075 2059 1164 2078 warm
1197 2061 1266 2079 man
1300 2051 1403 2089 seulfi),
1440 2062 1474 2081 so
1508 2052 1602 2082 wz‘rdt
1630 2063 1698 2081 >mun
1731 2057 1813 2082 wast.
1861 2054 1942 2083 Cura
1962 2055 2047 2094 sitqi't

1076 2091 1169 2122 multo
1203 2093 1392 2133 diluiturque
1425 2105 1516 2124 mero.
1572 2094 1673 2126 Erant
1708 2096 1907 2138 Nnmburgi‚
1941 2097 2047 2138 (quod

1075 2135 1151 2166 mihi
1182 2135 1253 2176 ipse
1283 2136 1406 2177 hospes
1431 2138 1523 2175 dixit)
1552 2138 1681 2179 quidam
1705 2138 1849 2170 nobiles:
1884 2138 2047 2171 Volebam

1076 2188 1152 2209 esse
1171 2177 1304 2217 hilares,
1323 2179 1487 2211 iusserant
1504 2180 1622 2212 advehi
1640 2192 1718 2212 suas
1739 2183 1907 2223 coniuges.
1946 2182 2047 2214 Erant

1076 2221 1118 2251 ibi
1142 2231 1200 2261 per
1223 2221 1349 2263 aliquot
1373 2223 1454 2253 dies.
1505 2223 1650 2255 Tandem
1673 2223 1836 2255 fenestras
1860 2225 2046 2263 eiiciebant,

1076 2263 1291 2296 destruebant
1313 2264 1480 2303 fornaces,
1503 2268 1600 2297 ctiam
1623 2266 1831 2298 effundebant
1855 2266 1982 2308 plumas
2006 2278 2047 2299 ex

1074 2305 1180 2337 lectis.
1225 2307 1291 2338 Ista
1315 2315 1408 2339 erant
1438 2316 1570 2340 strenua
1594 2308 1691 2340 faeta.
1737 2310 1817 2340 Cum
1846 2318 1959 2342 essent
1982 2311 2046 2342 dis-

1076 2351 1222 2388 cessuri,
1252 2356 1284 2381 et
1315 2350 1407 2382 fieret
1437 2353 1655 2393 computatio,
1691 2352 1941 2393 quaesiverunt:
1977 2353 2046 2385 Do—

1075 2393 1160 2423 mine
1193 2391 1337 2434 hospes,
1370 2394 1447 2435 quid
1472 2395 1586 2425 damus
1616 2396 1671 2425 tibi
1699 2396 1752 2432 fur
1780 2395 1838 2424 den
1862 2396 1979 2435 mihist,
2003 2398 2047 2428 :ta

1076 2436 1159 2466 enim
1185 2437 1413 2474 nominabant,
1437 2438 1545 2477 potius
1571 2436 1702 2467 ἀσωτίαν
1730 2438 1921 2470 debuissent
1945 2442 2046 2471 nomi-

1075 2488 1164 2509 nare.
1211 2478 1285 2519 lpse
1309 2480 1404 2510 dixit:
1429 2479 1507 2510 Mihi
1526 2480 1655 2520 quidem
1674 2481 1737 2511 ista
1754 2480 1944 2522 displicent:
1968 2483 2046 2524 quia

1075 2531 1139 2551 non
1164 2520 1272 2551 habeo
1296 2523 1328 2552 in
1352 2528 1489 2562 quaestu
1513 2521 1600 2552 tales
1622 2533 1742 2554 mores.
1794 2524 1867 2555 Non
1891 2524 1967 2556 volo
1991 2536 2044 2566 pe-

1076 2570 1144 2594 tere
1167 2565 1338 2604 pecuniam
1361 2575 1420 2605 pro
1450 2563 1514 2595 illis
1544 2565 1706 2597 moribus:
1736 2576 1796 2598 nec
1819 2577 1954 2608 possum
1977 2574 2045 2599 tan-

1076 2611 1141 2636 tam
1171 2607 1332 2647 pecuniae
1360 2617 1518 2638 suminam
1541 2608 1724 2648 nominare,
1777 2620 1838 2641 nae
1860 2621 2045 2652 exaequare

1075 2649 1180 2689 possit
1201 2650 1384 2680 barbariem
1405 2650 1541 2681 istorum
1560 2661 1695 2682 morum.
1736 2652 1746 2682 l
1776 2654 1783 2683 i
1807 2663 1926 2694 sponte
1949 2654 2044 2686 dede·

1789 2712 1841 2737 34·
