2324 2958
64 161 128 194 15⁷

64 264 131 298 qua
164 252 314 286 dolorem
347 252 508 284 acriorem
531 258 693 282 sensurus
715 248 759 279 sit
780 248 872 280 iuxta
895 257 1039 279 carnem.

44 298 217 331 Sciamus
239 301 349 327 autem
371 300 405 326 et
425 302 488 325 nos
510 297 645 334 paratos
668 300 745 322 esse
771 290 893 322 debere
918 290 962 321 ad
985 299 1040 320 su-

63 339 247 373 stinendam
270 347 415 374 crucem,
437 342 516 367 tunc
537 333 678 371 scilicet,
701 343 776 364 cum
787 342 871 374 opus
890 338 955 370 est,
977 332 1040 363 sic-

749 152 968 186 POSTILLA
990 151 1143 184 MELAN
1147 151 1266 183 THON
1268 152 1344 183 IAN
1346 152 1388 184 A.

2007 151 2069 185 158

1092 243 1243 277 dolorem
1274 243 1387 276 facere
1418 243 1542 285 aliquid
1577 250 1694 276 contra
1722 244 1842 282 Deum,
1874 250 1931 276 aut
1953 251 2070 277 contra

1091 288 1248 319 mandata
1260 288 1342 325 eius,
1355 293 1387 318 et
1404 292 1455 318 est
1467 287 1587 318 fiducia
1600 288 1807 328 praesentiae
1817 287 1881 318 Dei
1900 294 2015 328 petere
2037 294 2070 319 et

1092 329 1344 372 sperareaDeo
1367 330 1614 371 mitigationem,
1637 336 1693 361 aut
1714 329 1954 362 liberationem.
1978 330 2069 362 Haec

62 388 99 416 ut
119 383 248 415 Petrus
261 381 355 412 dicit:
372 381 443 412 Non
460 380 635 419 patiamini
654 381 691 408 uc
710 377 856 415 malefici,
885 376 946 407 sed
966 379 1041 406 tunc
1091 383 1158 405 non
1181 378 1259 404 sunt
1280 373 1313 403 in
1335 371 1496 404 Ethnieis.

62 427 118 459 ubi
136 433 217 466 opus
239 428 297 458 est,
319 423 352 454 id
374 428 438 459 est,
459 422 492 452 in
514 420 615 451 rebus
638 418 851 455 necessariis,
874 427 948 448 cum
961 427 1040 448 con-

62 468 164 500 fessio
187 466 336 497 veritatis
357 463 424 496 hoc
444 463 595 505 requirit:
619 471 704 502 quae
724 460 790 492 hoc
809 459 898 491 dulci
920 458 1039 500 Elegio

61 510 117 542 hic
139 514 283 546 ornatur,
306 507 395 549 quod
413 505 520 538 Deum
543 503 700 536 celebret.
745 503 802 534 Sic
829 503 915 533 enim
939 502 1041 542 inquit

62 552 248 585 lohannes:
285 551 449 583 Christum
481 550 562 580 haec
593 547 734 585 dioeaese,
772 549 808 576 ut
831 546 1040 583 siqnisicaret,

62 605 125 636 qua
155 598 258 626 morte
290 597 379 625 esset
404 592 643 631 glorificaturus
675 590 786 620 Deum.

1179 414 1262 446 Cato
1301 413 1410 449 fremit
1449 419 1567 446 contra
1605 413 1731 453 Deum,
1777 414 1895 448 Cicero
1932 414 2067 447 clamat:

1096 459 1213 490 Omnes
1234 459 1291 489 Dia·
1311 459 1496 489 abiecerunt
1518 467 1577 488 me.

1178 500 1303 532 Contra
1325 498 1435 531 David
1458 506 1508 530 est
1530 499 1674 540 patiens:
1696 509 1763 531 non
1782 501 1868 541 quod
1891 500 2002 532 nullus
2026 501 2069 532 sit

1092 541 1190 575 dolor
1212 543 1244 574 in
1262 553 1322 580 e0,
1354 543 1416 574 sed
1437 543 1515 583 quia
1536 541 1617 573 lenit
1645 540 1816 580 dolorem,
1851 544 2002 585 cogitans
2027 544 2070 575 de

852 586 913 617 Est
942 586 1042 628 igitur
1094 585 1260 616 voluntate
1271 584 1348 623 Dei,
1372 584 1519 616 tribuens
1532 583 1606 615 Deo
1618 583 1771 625 gloriam,
1793 586 1938 617 retinens
1958 586 2068 625 fidem,

63 636 173 670 cultus
196 636 271 676 Dei,
304 635 372 677 pati
390 635 423 665 in
447 631 668 668 consessione,
691 641 752 662 seu
775 629 943 661 testificau·
966 638 1040 669 pas·
1063 616 1070 661 ἶ
1092 628 1344 666 invocationem,
1367 637 1459 668 spem
1483 626 1594 658 ausilii
1616 634 1647 658 et
1673 627 1893 668 mitigationis.
1932 628 1990 660 Sic
2011 639 2068 670 pa-

65 681 161 712 sione
183 685 251 716 tua,
285 678 375 720 quod
397 686 516 708 revera
539 676 590 706 sic
612 674 750 711 sentias,
785 679 817 704 et
840 672 904 703 hac
926 670 1040 702 testifi-

63 722 195 756 catione
217 730 404 762 propagere
436 719 626 755 veritatem,
660 723 691 747 et
719 715 841 747 multos
874 714 1041 746 adducere

58 766 104 798 ad
127 763 191 796 Dei
213 764 413 805 agnitionem
437 769 469 792 et
492 759 759 793 celebrationem.

1092 671 1176 701 tiens
1200 668 1259 702 suit
1282 670 1463 710 Imperator
1485 669 1656 704 Mauritius
1680 676 1797 710 captus
1821 681 1839 701 a
1859 670 1984 709 Phaeo,
2012 672 2068 714 qui

1093 714 1123 744 ei
1157 714 1274 754 eripuit
1301 713 1493 753 Imperium,
1523 718 1554 743 et
1578 713 1688 750 vitam,
1713 718 1746 743 et
1767 719 1942 754 antequam
1962 715 2068 754 ipsum

1092 755 1305 793 interficeret,
1326 756 1421 786 iussit
1442 755 1476 786 in
1498 761 1711 795 conspectum
1724 755 1794 786 eius
1812 756 1932 788 adduci
1943 755 2069 787 liberos

148 807 247 849 Apud
270 804 473 837 Clementem
495 802 755 834 Alexandrinum
779 806 868 833 extat
896 799 1040 849 narratio
1065 804 1071 852 Ι
1093 799 1175 836 eius,
1199 807 1323 841 eosque
1345 802 1518 840 spectante
1539 803 1633 838 patre
1655 806 1769 828 omnes
1791 798 1941 830 interfici.
1976 798 2070 831 Haec

63 852 106 884 de
139 850 282 891 coniuge
314 848 421 886 Petri,
454 857 550 889 quem
575 856 648 878 cum
671 845 798 876 videret
820 843 939 875 Petrus
965 842 1041 874 duci

62 895 106 926 ad
128 891 336 935 supplicium,
359 890 478 923 affatus
508 898 559 922 est
582 901 672 928 eam,
706 890 885 922 subiiciens
904 889 933 920 ei
956 888 1041 920 haec

64 938 179 974 verba,
204 933 444 968 consolationis
467 935 587 976 gratia:
608 936 764 965 Memento
778 935 916 970 Domini,
940 941 1042 963 omen

63 983 106 1012 cu.
149 981 237 1012 Ietae
258 982 335 1009 mmt
354 981 486 1017 nuptiae
513 981 706 1009 sanctorum.
773 975 865 1006 Haec
894 974 1041 1006 narratio

63 1027 206 1054 testatur
238 1019 338 1051 Petro
367 1020 439 1051 seni
472 1020 654 1056 accidisse,
688 1018 776 1059 quod
809 1018 840 1049 ei
861 1028 882 1048 a
905 1016 1040 1048 Christo

62 1064 269 1106 praedictum
293 1069 380 1094 erat:
403 1062 470 1094 lmo
494 1063 565 1103 ipse
587 1068 703 1103 postea
725 1059 852 1092 Romae
874 1070 894 1091 a
908 1060 1041 1091 Nerone

63 1104 258 1139 interfectus
282 1111 344 1137 est.

150 1148 254 1180 Recte
274 1154 384 1179 autem
407 1148 526 1178 citatur
547 1145 631 1177 haec
654 1145 818 1185 narratio,
852 1151 970 1177 eontra
992 1143 1040 1176 fa-

61 1191 204 1223 naticam
227 1190 414 1230 opinionem
437 1190 478 1220 de
501 1189 615 1221 Stoica
637 1187 776 1232 ἀπαθείᾳ
799 1197 885 1229 quae
908 1197 1041 1228 semper

62 1239 183 1275 vagata
217 1239 269 1264 est
301 1233 333 1263 in
366 1230 476 1263 multis
509 1232 628 1263 sectis:
661 1231 748 1262 sicut
780 1236 897 1262 nostra
932 1236 1041 1261 aetate

59 1274 238 1307 Muncerus
262 1275 393 1306 dicebat
415 1275 447 1305 in
471 1283 554 1305 casu
582 1272 651 1311 filii,
675 1283 713 1304 se
731 1283 798 1304 non
816 1272 921 1304 affici:
954 1273 1041 1308 Quia

60 1318 185 1350 exuerit
217 1327 354 1349 sensum
387 1323 623 1354 creaturarum,
653 1316 695 1349 (ξπ
717 1325 792 1348 tuere
814 1318 869 1348 ben
892 1322 1041 1348 creatuteu

60 1361 198 1399 εηίτίῆεη.
255 1360 377 1391 Postea
398 1369 484 1391 vero
505 1359 673 1391 concitata
694 1357 902 1391 multitudine
924 1359 967 1390 ad
989 1368 1040 1390 se-

60 1404 224 1437 ditionem,
249 1412 323 1434 cum
346 1408 462 1443 captus
486 1407 519 1433 et
541 1403 605 1433 iam
629 1402 736 1442 capite
759 1402 963 1433 truncandus
988 1411 1040 1432 es-

60 1451 123 1483 set,
146 1443 207 1476 fuit
229 1445 262 1475 in
285 1451 376 1475 tanto
400 1443 517 1475 dolore
539 1445 647 1483 animi,
669 1450 705 1475 ut
727 1454 828 1475 unum
850 1454 892 1474 ex
915 1444 1040 1475 nostris

61 1486 192 1524 aulicis,
222 1488 277 1528 qui
299 1487 431 1525 aderat,
467 1487 623 1524 oraverit,
646 1491 683 1517 ut
705 1486 768 1517 sibi
791 1486 883 1517 daret
905 1492 1039 1527 potum:

61 1529 134 1565 Quo
156 1528 258 1560 allato
278 1539 430 1570 magnum
450 1528 642 1560 cantharum
676 1538 743 1560 uno
776 1527 898 1560 haustu
927 1529 1038 1560 ebibit.

59 1571 197 1604 Tantum
221 1569 369 1602 dolorem
393 1571 498 1602 sensit
521 1572 553 1602 in
565 1577 653 1602 metu
664 1571 798 1602 mortis:
820 1571 872 1602 Ac
894 1569 1041 1603 fortasse

60 1614 134 1646 sine
156 1612 388 1646 consolatione
408 1614 517 1654 periit.
552 1613 620 1645 Sed
642 1623 722 1645 vere
745 1615 852 1645 sancti
874 1624 940 1646 non
963 1619 1042 1645 sunt

60 1657 132 1689 sine
153 1666 258 1688 sensu
280 1655 468 1688 affectuum.
514 1655 658 1697 Ideoque
681 1665 748 1687 non
772 1657 844 1687 sine
871 1655 961 1687 lucta
983 1666 1039 1697 pa-

60 1700 201 1737 tiuntur,
235 1698 380 1731 Vincunt
410 1704 519 1730 tamen
549 1698 685 1730 dolores
714 1708 796 1730 suos
829 1699 1040 1730 invocatione

61 1747 94 1774 et
114 1742 283 1784 patientia.

145 1783 375 1815 Discernenda
398 1789 449 1816 est
471 1789 580 1816 autem
601 1784 760 1826 patientIa
791 1782 1040 1826 Philosophica,

60 1837 81 1860 a
102 1827 259 1870 patientia
281 1825 477 1858 Christiana.

70 1872 76 1875 ’
147 1869 451 1910 Philosophica
485 1870 698 1910 patientia
732 1874 785 1901 est
816 1869 850 1900 in
872 1871 1039 1902 aerumnis

63 1913 290 1953 obtemperare
314 1912 444 1949 rationi,
466 1922 508 1943 ne
527 1913 605 1954 quid
628 1918 746 1944 contra
758 1912 915 1944 decorum
938 1912 1039 1944 facia-

63 1965 137 1987 mus
159 1960 215 1986 aut
248 1961 368 1986 contra
396 1955 568 1993 iustitiam,
596 1961 731 1997 propter
758 1953 907 1986 dolorem
929 1956 1038 1987 animi.

63 1997 158 2029 Hanc
190 1997 380 2038 patientiam
402 2008 469 2028 non
492 2004 640 2038 praestat
663 1997 759 2036 Cato,
793 2009 868 2029 cum
891 2007 969 2030 sese
991 1999 1039 2029 in-

63 2039 192 2072 terficit.
236 2039 329 2071 Facit
348 2040 432 2071 enim
455 2046 573 2072 contra
590 2039 754 2080 iustitiam,
774 2041 805 2072 id
829 2046 893 2078 est,
921 2047 1039 2073 contra

64 2089 290 2123 praeceptum:
324 2082 400 2113 Non
433 2083 578 2114 occides.
643 2083 716 2115 Nec
738 2083 856 2115 Cicero
885 2084 916 2115 in
940 2083 1039 2115 exilio

64 2131 114 2156 est
137 2126 282 2166 patiens,
307 2125 392 2160 Quia
412 2124 492 2156 facit
515 2132 630 2158 contra
651 2127 858 2164 modestiam,
892 2136 968 2158 cum
991 2128 1039 2158 ni-

57 2168 155 2199 mium
188 2166 401 2198 lamentando
435 2168 520 2199 adeo
544 2167 744 2201 muliebriter
778 2179 815 2200 se
844 2170 940 2211 gerit,
964 2179 1039 2211 pro-

57 2217 174 2252 pterea
207 2210 295 2251 quod
319 2209 436 2251 pulsus
461 2217 553 2242 esset
580 2222 622 2244 ex
645 2213 793 2251 civitate,
828 2213 1039 2253 quantumvis

57 2251 264 2285 turbulenta:
299 2252 382 2284 Cum
416 2254 547 2294 quidem
570 2254 602 2286 in
626 2264 666 2286 eo
695 2254 792 2294 loco,
827 2255 859 2286 in
882 2265 948 2296 quo
970 2260 1039 2287 tum

58 2301 141 2333 erat,
163 2294 266 2326 multo
289 2296 426 2327 suavius
449 2297 587 2328 w'veret.
631 2297 796 2329 Aristides
819 2304 966 2339 praestat
988 2304 1038 2329 ut·

59 2347 191 2379 cunque
213 2339 402 2378 patientiam
425 2338 699 2380 philosophicam.
732 2339 892 2372 Laetatur
916 2341 949 2371 in
974 2342 1038 2373 exi-

58 2379 116 2418 lio,
139 2381 229 2421 quod
251 2382 292 2412 sit
321 2379 484 2413 liberatus
516 2392 535 2413 a
558 2381 749 2414 tumultibus
771 2384 863 2416 urbis
887 2383 1039 2416 Atticae:

58 2421 250 2454 Gratulatur
285 2424 346 2455 sibi
377 2425 584 2456 vocationem
620 2435 641 2456 a
672 2425 813 2467 publicis
836 2427 1039 2465 muneribus,

59 2465 123 2497 Sed
145 2475 212 2496 non
229 2467 364 2507 respicit
378 2466 580 2499 voluntatem
592 2468 667 2506 Dei,
686 2478 752 2500 non
774 2469 908 2501 invocat
919 2469 1038 2508 Deum,

60 2513 114 2541 est
136 2517 256 2549 expers
279 2510 354 2540 fidei
374 2516 407 2541 et
429 2511 512 2550 spei.

146 2549 262 2592 Longe
302 2552 400 2594 igitur
441 2553 546 2585 maius
586 2551 709 2594 aliquid
750 2560 802 2586 est
834 2555 1039 2595 patientia

61 2591 315 2632 Christiana,
344 2605 431 2636 quae
454 2602 504 2628 est
527 2597 664 2628 obedire
686 2595 780 2635 Deo,
814 2607 876 2629 nec
903 2604 1039 2640 propter

1094 841 1203 876 omnia
1224 842 1398 877 Mauritius
1434 841 1617 884 Imperator
1639 840 1764 883 tacitus
1790 842 1977 886 spectavit,
2011 846 2068 873 tan

1093 899 1191 930 quam
1214 889 1388 927 attonitus,
1411 887 1472 919 sed
1495 898 1569 919 cum
1592 888 1736 920 coniunx
1758 885 1929 925 sen'retur,
1962 886 2069 927 suspi-

1094 933 1185 963 ciens
1208 932 1241 962 in
1266 930 1394 963 coelum
1417 930 1483 962 hoc
1505 937 1632 963 tantum
1654 930 1749 962 dim‘t:
1773 933 1881 963 Iustus
1903 940 1939 962 es
1960 931 2070 961 Domi-

1093 984 1144 1013 ne,
1167 980 1200 1006 et
1219 978 1311 1006 recta
1333 975 1452 1005 ἱιιιίίεῑα
1473 978 1538 1005 lua.

1179 1017 1272 1048 Haec
1301 1022 1378 1048 sunt
1403 1026 1525 1058 magna
1553 1022 1586 1047 et
1614 1016 1717 1048 ardua
1752 1014 1920 1056 exempla,
1953 1015 2072 1057 quibus

1093 1060 1157 1091 etsi
1189 1069 1253 1090 nos
1286 1060 1379 1099 paria
1416 1064 1590 1100 praestare
1629 1069 1696 1090 non
1731 1068 1928 1099 possumus:
1961 1064 2072 1089 tamen

1093 1111 1330 1143 praeparemus
1353 1111 1416 1132 nos
1440 1102 1482 1132 ad
1505 1100 1616 1143 aliqua
1638 1101 1793 1140 terenda,
1828 1108 1859 1132 et
1878 1106 2029 1142 petamus
2052 1110 2073 1131 a

1093 1144 1179 1183 Deo,
1200 1151 1237 1176 ut
1259 1145 1331 1186 ipse
1351 1145 1386 1176 in
1404 1145 1501 1175 nobis
1526 1144 1698 1176 confirmet
1709 1144 1910 1186 patientiam,
1935 1149 1968 1174 et
1990 1143 2072 1174 miti—

1094 1193 1149 1230 get
1171 1197 1345 1219 aerumnas
1373 1192 1525 1225 nostras,
1561 1193 1593 1218 et
1627 1186 1768 1225 efficiat,
1798 1193 1835 1218 ut
1868 1186 1997 1228 prosint
2029 1185 2073 1216 ad

1093 1229 1232 1272 gloriam
1254 1229 1328 1261 Dei.
1362 1229 1503 1261 Tantum
1526 1231 1567 1261 de
1589 1231 1694 1271 prima
1716 1236 1820 1271 parte.
1861 1229 2072 1261 Accedamus

1092 1283 1181 1305 nunc
1202 1273 1245 1304 ad
1267 1273 1449 1305 secundam
1470 1273 1651 1305 materiam.

1277 1438 1341 1478 De
1373 1438 1498 1477 dioto:
1534 1432 1588 1480 Tu
1618 1447 1679 1479 me
1709 1447 1889 1492 sequere.

1180 1527 1300 1560 Petrus
1322 1529 1460 1560 audiens
1482 1528 1572 1559 hanc
1595 1528 1851 1567 praedictionem
1877 1526 2014 1566 Christi,
2038 1533 2073 1559 et

1092 1571 1279 1602 mandatum
1303 1571 1462 1602 additum:
1486 1572 1628 1610 Sequere
1650 1580 1708 1610 me,
1731 1570 1866 1612 respicit
1889 1573 1931 1602 ad
1954 1569 2072 1602 Iohan-

1092 1623 1178 1651 nem,
1203 1619 1235 1644 et
1253 1613 1392 1655 quaerit,
1417 1613 1494 1654 quid
1517 1613 1558 1644 de
1580 1623 1620 1644 eo
1644 1612 1790 1644 futurum
1812 1613 1864 1644 sit.
1931 1612 1999 1645 Sed
2021 1623 2072 1645 re-

1093 1655 1306 1697 prehenditur
1328 1667 1349 1687 a
1367 1655 1520 1687 Christo:
1543 1657 1582 1687 Si
1601 1658 1669 1688 τοῖο
1687 1665 1759 1688 eum
1790 1665 1938 1696 manere,
1971 1657 2072 1688 donec

1093 1702 1227 1739 veniam,
1251 1700 1331 1740 quid
1350 1700 1395 1730 ad
1415 1702 1473 1730 te?
1541 1700 1586 1730 Tu
1607 1709 1659 1730 me
1680 1709 1821 1739 sequere.
1887 1699 1961 1730 Hoc
1978 1697 2071 1735 salso

1091 1742 1257 1781 accipiunt
1280 1740 1432 1782 discipuli
1455 1742 1487 1772 in
1510 1751 1583 1773 eam
1605 1743 1814 1780 sententiam,
1837 1742 1932 1784 quasi
1954 1742 2073 1773 dixerit

1093 1783 1256 1822 Christus,
1278 1783 1458 1816 Iohannem
1480 1794 1548 1815 non
1559 1785 1752 1816 moriturum
1774 1794 1861 1816 esse.
1906 1783 2072 1825 Nicepho-

1092 1836 1150 1858 rus
1180 1828 1332 1869 exponit,
1365 1829 1466 1859 donee
1499 1831 1638 1868 veniam,
1672 1826 1799 1859 scilicet
1832 1827 2072 1870 Ierosolymam

1092 1879 1285 1902 eversurus.
1341 1870 1433 1902 Vixit
1451 1870 1536 1902 enim
1560 1869 1723 1902 Iohannes
1750 1871 1793 1902 ad
1811 1871 1843 1901 id
1865 1880 1972 1912 usque
1993 1876 2071 1902 tem-

1091 1922 1171 1953 pus:
1196 1912 1294 1948 Quod
1317 1913 1358 1945 de
1380 1912 1472 1944 nullo
1496 1911 1562 1944 alio
1580 1913 1822 1954 Apostolorum
1845 1914 2010 1945 scribitur.

1176 1955 1299 1988 Multas
1333 1962 1442 1987 autem
1476 1956 1645 1987 doctrinas
1679 1955 1928 1997 comprehendit
1961 1966 2071 1997 repre-

1091 1997 1221 2037 hensio,
1256 2010 1321 2040 qua
1354 1998 1508 2030 Christus
1543 1998 1676 2031 Petrum
1706 2005 1815 2038 taxat,
1853 2001 1936 2037 Quill
1956 2001 2000 2032 ad
2016 2002 2072 2031 te?

1092 2047 1124 2073 et
1146 2042 1339 2074 mandatum
1362 2042 1414 2073 bis
1437 2042 1625 2083 repetitum:
1651 2043 1696 2074 Tu
1718 2052 1768 2074 me
1785 2052 1930 2082 sequere.

1176 2085 1321 2116 Primum
1354 2095 1527 2116 monemur
1561 2085 1603 2116 de
1636 2086 1827 2117 diversitate
1848 2086 2070 2123 vocationum,

1091 2133 1122 2158 et
1145 2127 1188 2158 de
1210 2126 1476 2164 dissimilitudine
1499 2129 1671 2167 donorum,
1707 2134 1739 2160 et
1757 2134 1950 2166 eventuum,
1985 2137 2071 2168 quae

1089 2171 1181 2202 varie
1215 2172 1325 2202 turbat
1357 2176 1496 2202 mentes.
1559 2171 1642 2202 Nam
1678 2181 1752 2203 cum
1774 2171 1887 2202 vident
1906 2171 2070 2208 homines,

1090 2212 1176 2245 alios
1198 2214 1312 2245 vocari
1336 2214 1379 2245 ad
1408 2213 1486 2252 alia,
1520 2220 1552 2245 et
1574 2214 1790 2254 experiuntur
1815 2213 1878 2243 sibi
1900 2211 2071 2250 anteferri,

1090 2266 1175 2298 quos
1198 2262 1255 2288 aut
1277 2254 1450 2288 inferiores
1473 2266 1512 2288 se
1535 2266 1612 2288 esse
1634 2257 1842 2293 iudicabant,
1871 2262 1927 2286 aut
1952 2255 2070 2297 quibus

1089 2309 1188 2340 pares
1210 2309 1248 2330 se
1267 2297 1338 2331 sore
1362 2301 1562 2341 sperabant:
1587 2299 1666 2330 Item
1690 2309 1763 2330 cum
1787 2300 1874 2329 dona
1886 2297 2069 2336 dissimilia,

1091 2341 1267 2373 dissimiles
1281 2348 1430 2381 eventuS,
1449 2341 1627 2374 dissimiles
1647 2341 1843 2373 afflictiones
1863 2342 1989 2372 vident:
2014 2346 2071 2372 aut

1089 2384 1317 2426 pusillanimes
1351 2385 1433 2416 fiunt
1467 2392 1499 2417 et
1529 2385 1748 2427 impatientes,
1769 2390 1825 2415 aut
1849 2383 2070 2416 aemulatione

1090 2434 1122 2459 et
1144 2428 1323 2459 invidentia
1345 2429 1573 2460 accenduntur
1596 2434 1712 2458 contra
1735 2425 1828 2458 alios.

1175 2469 1225 2502 Tu
1248 2471 1379 2512 quando
1403 2471 1498 2503 vides
1521 2477 1576 2502 tua
1600 2471 1686 2501 dona
1708 2479 1775 2501 non
1788 2479 1865 2502 esse
1876 2469 1971 2510 paria
1993 2479 2068 2510 pro-

1089 2512 1262 2554 phetarum
1286 2520 1318 2545 et
1341 2512 1579 2555 Apostolorum
1603 2512 1710 2551 donis,
1743 2522 1806 2544 nec
1828 2518 1925 2554 potes
1950 2511 2069 2543 imitari

1090 2557 1244 2598 egregias
1267 2557 1424 2594 virtutes,
1450 2562 1514 2593 Vaut
1536 2565 1591 2587 res
1613 2554 1755 2587 feliciter
1779 2561 1893 2598 gestas
1917 2556 1959 2587 ab
1982 2553 2068 2592 aliis,

1089 2599 1223 2642 angeris
1247 2605 1277 2630 et
1301 2600 1444 2637 dubitas,
1463 2609 1506 2630 an
1529 2598 1603 2631 Deo
1622 2598 1776 2640 placeas,
1809 2609 1851 2630 an
1871 2597 1965 2630 Deus
1989 2595 2069 2629 velit
