<?xml version="1.0" encoding="UTF-8"?>
<!DOCTYPE html PUBLIC "-//W3C//DTD XHTML 1.0 Transitional//EN"
    "http://www.w3.org/TR/xhtml1/DTD/xhtml1-transitional.dtd">
<html xmlns="http://www.w3.org/1999/xhtml" xml:lang="en" lang="en">
 <head>
  <title>
</title>
<meta http-equiv="Content-Type" content="text/html;charset=utf-8" />
  <meta name='ocr-system' content='tesseract 3.04.00' />
  <meta name='ocr-capabilities' content='ocr_page ocr_carea ocr_par ocr_line ocrx_word'/>
</head>
<body>
  <div class='ocr_page' id='page_1' title='image "./operaquaesupersu24melauoft/operaquaesupersu24melauoft_0214.png"; bbox 0 0 2324 2958; ppageno 0'>
   <div class='ocr_carea' id='block_1_1' title="bbox 215 164 281 197">
    <p class='ocr_par' dir='ltr' id='par_1_1' title="bbox 215 164 281 197">
     <span class='ocr_line' id='line_1_1' title="bbox 215 164 281 197; baseline -0.03 0"><span class='ocrx_word' id='word_1_1' title='bbox 215 164 281 197; x_wconf 76' lang='lat'>3⁷5</span> 
     </span>
    </p>
   </div>
   <div class='ocr_carea' id='block_1_2' title="bbox 208 255 1194 1647">
    <p class='ocr_par' dir='ltr' id='par_1_2' title="bbox 301 255 762 298">
     <span class='ocr_line' id='line_1_2' title="bbox 301 255 762 298; baseline -0.002 -10"><span class='ocrx_word' id='word_1_2' title='bbox 301 256 500 298; x_wconf 86' lang='lat' dir='ltr'>Respondeo</span> <span class='ocrx_word' id='word_1_3' title='bbox 523 257 565 287; x_wconf 93' lang='lat' dir='ltr'>ad</span> <span class='ocrx_word' id='word_1_4' title='bbox 589 255 762 287; x_wconf 78' lang='lat' dir='ltr'>Minorem.</span> 
     </span>
    </p>

    <p class='ocr_par' dir='ltr' id='par_1_3' title="bbox 214 298 1193 467">
     <span class='ocr_line' id='line_1_3' title="bbox 300 298 1192 342; baseline 0 -12"><span class='ocrx_word' id='word_1_5' title='bbox 300 299 501 342; x_wconf 79' lang='lat' dir='ltr'>Mag-istatus</span> <span class='ocrx_word' id='word_1_6' title='bbox 524 309 589 329; x_wconf 88' lang='lat' dir='ltr'>non</span> <span class='ocrx_word' id='word_1_7' title='bbox 619 304 730 340; x_wconf 87' lang='lat' dir='ltr'>potest</span> <span class='ocrx_word' id='word_1_8' title='bbox 764 308 889 340; x_wconf 85' lang='lat' dir='ltr'>cogere</span> <span class='ocrx_word' id='word_1_9' title='bbox 911 299 954 330; x_wconf 88' lang='lat' dir='ltr'>ad</span> <span class='ocrx_word' id='word_1_10' title='bbox 977 298 1192 330; x_wconf 90' lang='lat' dir='ltr'>credendum:</span> 
     </span>
     <span class='ocr_line' id='line_1_4' title="bbox 217 339 1193 383; baseline -0.003 -9"><span class='ocrx_word' id='word_1_11' title='bbox 217 343 285 374; x_wconf 86' lang='lat' dir='ltr'>Sed</span> <span class='ocrx_word' id='word_1_12' title='bbox 310 349 418 374; x_wconf 89' lang='lat' dir='ltr'>tamen</span> <span class='ocrx_word' id='word_1_13' title='bbox 443 347 556 383; x_wconf 86' lang='lat' dir='ltr'>potest</span> <span class='ocrx_word' id='word_1_14' title='bbox 579 340 708 380; x_wconf 79' lang='lat' dir='ltr'>facere,</span> <span class='ocrx_word' id='word_1_15' title='bbox 731 343 820 383; x_wconf 88' lang='lat' dir='ltr'>quod</span> <span class='ocrx_word' id='word_1_16' title='bbox 844 341 894 372; x_wconf 89' lang='lat' dir='ltr'>sui</span> <span class='ocrx_word' id='word_1_17' title='bbox 918 348 970 372; x_wconf 88' lang='lat' dir='ltr'>est</span> <span class='ocrx_word' id='word_1_18' title='bbox 992 339 1116 378; x_wconf 84' lang='lat' dir='ltr'>officii,</span> <span class='ocrx_word' id='word_1_19' title='bbox 1146 341 1193 371; x_wconf 86' lang='lat' dir='ltr'>vi-</span> 
     </span>
     <span class='ocr_line' id='line_1_5' title="bbox 214 383 1193 426; baseline -0.003 -9"><span class='ocrx_word' id='word_1_20' title='bbox 214 385 344 421; x_wconf 86' lang='lat' dir='ltr'>delicet,</span> <span class='ocrx_word' id='word_1_21' title='bbox 368 395 486 426; x_wconf 84' lang='lat' dir='ltr'>regere</span> <span class='ocrx_word' id='word_1_22' title='bbox 509 390 540 415; x_wconf 93' lang='lat' dir='ltr'>et</span> <span class='ocrx_word' id='word_1_23' title='bbox 564 384 744 415; x_wconf 76' lang='lat' dir='ltr'>cohercere</span> <span class='ocrx_word' id='word_1_24' title='bbox 768 383 1037 415; x_wconf 74' lang='lat' dir='ltr'>Locomotivam:</span> <span class='ocrx_word' id='word_1_25' title='bbox 1073 383 1106 414; x_wconf 91' lang='lat' dir='ltr'>id</span> <span class='ocrx_word' id='word_1_26' title='bbox 1128 389 1193 421; x_wconf 87' lang='lat' dir='ltr'>est,</span> 
     </span>
     <span class='ocr_line' id='line_1_6' title="bbox 215 425 1102 467; baseline -0.003 -8"><span class='ocrx_word' id='word_1_27' title='bbox 215 427 333 460; x_wconf 87' lang='lat' dir='ltr'>tollere</span> <span class='ocrx_word' id='word_1_28' title='bbox 360 435 528 459; x_wconf 77' lang='lat' dir='ltr'>externam</span> <span class='ocrx_word' id='word_1_29' title='bbox 552 425 772 458; x_wconf 70' lang='lat' dir='ltr'>idololatriam</span> <span class='ocrx_word' id='word_1_30' title='bbox 797 433 829 458; x_wconf 89' lang='lat' dir='ltr'>et</span> <span class='ocrx_word' id='word_1_31' title='bbox 851 425 1102 467; x_wconf 79' lang='lat' dir='ltr'>blasphemiam.</span> 
     </span>
    </p>

    <p class='ocr_par' dir='ltr' id='par_1_4' title="bbox 210 468 1193 1233">
     <span class='ocr_line' id='line_1_7' title="bbox 300 468 1192 511; baseline -0.001 -11"><span class='ocrx_word' id='word_1_32' title='bbox 300 470 453 502; x_wconf 76' lang='lat' dir='ltr'>Potestas</span> <span class='ocrx_word' id='word_1_33' title='bbox 477 468 611 511; x_wconf 81' lang='lat' dir='ltr'>politica</span> <span class='ocrx_word' id='word_1_34' title='bbox 633 480 700 501; x_wconf 92' lang='lat' dir='ltr'>non</span> <span class='ocrx_word' id='word_1_35' title='bbox 717 475 829 511; x_wconf 80' lang='lat' dir='ltr'>potest</span> <span class='ocrx_word' id='word_1_36' title='bbox 851 475 885 500; x_wconf 90' lang='lat' dir='ltr'>te</span> <span class='ocrx_word' id='word_1_37' title='bbox 909 478 1044 510; x_wconf 86' lang='lat' dir='ltr'>cogere,</span> <span class='ocrx_word' id='word_1_38' title='bbox 1067 474 1102 499; x_wconf 88' lang='lat' dir='ltr'>ut</span> <span class='ocrx_word' id='word_1_39' title='bbox 1124 478 1192 499; x_wconf 91' lang='lat' dir='ltr'>non</span> 
     </span>
     <span class='ocr_line' id='line_1_8' title="bbox 213 509 1192 555; baseline -0.002 -11"><span class='ocrx_word' id='word_1_40' title='bbox 213 523 305 545; x_wconf 86' lang='lat' dir='ltr'>ames</span> <span class='ocrx_word' id='word_1_41' title='bbox 339 512 474 544; x_wconf 84' lang='lat' dir='ltr'>alterius</span> <span class='ocrx_word' id='word_1_42' title='bbox 508 514 693 555; x_wconf 85' lang='lat' dir='ltr'>coniugem.</span> <span class='ocrx_word' id='word_1_43' title='bbox 754 512 823 544; x_wconf 86' lang='lat' dir='ltr'>Sed</span> <span class='ocrx_word' id='word_1_44' title='bbox 857 518 968 553; x_wconf 83' lang='lat' dir='ltr'>potest</span> <span class='ocrx_word' id='word_1_45' title='bbox 1002 518 1033 542; x_wconf 92' lang='lat' dir='ltr'>te</span> <span class='ocrx_word' id='word_1_46' title='bbox 1067 509 1192 542; x_wconf 89' lang='lat' dir='ltr'>fatuum</span> 
     </span>
     <span class='ocr_line' id='line_1_9' title="bbox 214 552 1191 595; baseline -0.002 -8"><span class='ocrx_word' id='word_1_47' title='bbox 214 555 382 588; x_wconf 89' lang='lat' dir='ltr'>collocare</span> <span class='ocrx_word' id='word_1_48' title='bbox 411 557 442 587; x_wconf 89' lang='lat' dir='ltr'>in</span> <span class='ocrx_word' id='word_1_49' title='bbox 472 566 658 593; x_wconf 82' lang='lat' dir='ltr'><strong>carcerem,</strong></span> <span class='ocrx_word' id='word_1_50' title='bbox 693 565 734 586; x_wconf 84' lang='lat' dir='ltr'>ne</span> <span class='ocrx_word' id='word_1_51' title='bbox 768 555 913 595; x_wconf 88' lang='lat' dir='ltr'>attingas</span> <span class='ocrx_word' id='word_1_52' title='bbox 944 563 1027 585; x_wconf 86' lang='lat' dir='ltr'>eam.</span> <span class='ocrx_word' id='word_1_53' title='bbox 1074 552 1191 585; x_wconf 87' lang='lat' dir='ltr'>Potest</span> 
     </span>
     <span class='ocr_line' id='line_1_10' title="bbox 212 596 1190 639; baseline -0.004 -8"><span class='ocrx_word' id='word_1_54' title='bbox 212 597 245 631; x_wconf 71' lang='lat' dir='ltr'>t‘e</span> <span class='ocrx_word' id='word_1_55' title='bbox 268 600 408 631; x_wconf 72' lang='lat' dir='ltr'>caedere</span> <span class='ocrx_word' id='word_1_56' title='bbox 433 599 547 639; x_wconf 69' lang='lat' dir='ltr'>virgis,</span> <span class='ocrx_word' id='word_1_57' title='bbox 570 604 626 630; x_wconf 90' lang='lat' dir='ltr'>aut</span> <span class='ocrx_word' id='word_1_58' title='bbox 644 596 826 635; x_wconf 88' lang='lat' dir='ltr'>decollare,</span> <span class='ocrx_word' id='word_1_59' title='bbox 848 603 1024 638; x_wconf 81' lang='lat' dir='ltr'><strong>postquam</strong></span> <span class='ocrx_word' id='word_1_60' title='bbox 1042 596 1190 637; x_wconf 77' lang='lat' dir='ltr'>attigisti.</span> 
     </span>
     <span class='ocr_line' id='line_1_11' title="bbox 212 639 1191 683; baseline -0.005 -9"><span class='ocrx_word' id='word_1_61' title='bbox 212 641 271 674; x_wconf 88' lang='lat' dir='ltr'>Sic</span> <span class='ocrx_word' id='word_1_62' title='bbox 294 648 445 683; x_wconf 80' lang='lat' dir='ltr'>potestas</span> <span class='ocrx_word' id='word_1_63' title='bbox 469 639 603 682; x_wconf 78' lang='lat' dir='ltr'>politica</span> <span class='ocrx_word' id='word_1_64' title='bbox 630 641 784 672; x_wconf 85' lang='lat' dir='ltr'>mandato</span> <span class='ocrx_word' id='word_1_65' title='bbox 813 640 924 671; x_wconf 89' lang='lat' dir='ltr'>divino</span> <span class='ocrx_word' id='word_1_66' title='bbox 953 639 1051 670; x_wconf 87' lang='lat' dir='ltr'>debet</span> <span class='ocrx_word' id='word_1_67' title='bbox 1073 639 1191 670; x_wconf 90' lang='lat' dir='ltr'>coher-</span> 
     </span>
     <span class='ocr_line' id='line_1_12' title="bbox 213 681 1192 723; baseline -0.004 -7"><span class='ocrx_word' id='word_1_68' title='bbox 213 695 289 717; x_wconf 87' lang='lat' dir='ltr'>cere</span> <span class='ocrx_word' id='word_1_69' title='bbox 312 695 384 723; x_wconf 84' lang='lat' dir='ltr'>eOS,</span> <span class='ocrx_word' id='word_1_70' title='bbox 442 685 472 715; x_wconf 94' lang='lat' dir='ltr'>ui</span> <span class='ocrx_word' id='word_1_71' title='bbox 509 689 644 715; x_wconf 90' lang='lat' dir='ltr'>currunt</span> <span class='ocrx_word' id='word_1_72' title='bbox 676 684 719 714; x_wconf 90' lang='lat' dir='ltr'>ad</span> <span class='ocrx_word' id='word_1_73' title='bbox 741 681 849 720; x_wconf 91' lang='lat' dir='ltr'>idola,</span> <span class='ocrx_word' id='word_1_74' title='bbox 883 682 981 713; x_wconf 86' lang='lat' dir='ltr'>debet</span> <span class='ocrx_word' id='word_1_75' title='bbox 1014 682 1192 723; x_wconf 88' lang='lat' dir='ltr'>prohibere</span> 
     </span>
     <span class='ocr_line' id='line_1_13' title="bbox 214 724 1192 768; baseline -0.005 -8"><span class='ocrx_word' id='word_1_76' title='bbox 214 734 368 760; x_wconf 82' lang='lat' dir='ltr'>externas</span> <span class='ocrx_word' id='word_1_77' title='bbox 410 728 430 758; x_wconf 97' lang='lat' dir='ltr'>b</span> <span class='ocrx_word' id='word_1_78' title='bbox 445 727 651 768; x_wconf 84' lang='lat' dir='ltr'>asphemias,</span> <span class='ocrx_word' id='word_1_79' title='bbox 695 731 731 758; x_wconf 89' lang='lat' dir='ltr'>ut</span> <span class='ocrx_word' id='word_1_80' title='bbox 764 727 793 757; x_wconf 88' lang='lat' dir='ltr'>si</span> <span class='ocrx_word' id='word_1_81' title='bbox 832 725 905 767; x_wconf 86' lang='lat' dir='ltr'>quis</span> <span class='ocrx_word' id='word_1_82' title='bbox 945 725 1047 763; x_wconf 85' lang='lat' dir='ltr'>dicat,</span> <span class='ocrx_word' id='word_1_83' title='bbox 1093 724 1192 760; x_wconf 90' lang='lat' dir='ltr'>Quod</span> 
     </span>
     <span class='ocr_line' id='line_1_14' title="bbox 213 766 1190 805; baseline -0.005 -2"><span class='ocrx_word' id='word_1_84' title='bbox 213 772 320 803; x_wconf 88' lang='lat' dir='ltr'>omnia</span> <span class='ocrx_word' id='word_1_85' title='bbox 349 770 426 802; x_wconf 84' lang='lat' dir='ltr'>fiant</span> <span class='ocrx_word' id='word_1_86' title='bbox 458 769 650 801; x_wconf 80' lang='lat' dir='ltr'>necessario</span> <span class='ocrx_word' id='word_1_87' title='bbox 684 775 717 800; x_wconf 86' lang='lat' dir='ltr'>et</span> <span class='ocrx_word' id='word_1_88' title='bbox 746 774 878 805; x_wconf 82' lang='lat' dir='ltr'>coacte,</span> <span class='ocrx_word' id='word_1_89' title='bbox 915 768 1002 799; x_wconf 87' lang='lat' dir='ltr'>bona</span> <span class='ocrx_word' id='word_1_90' title='bbox 1036 773 1069 799; x_wconf 92' lang='lat' dir='ltr'>et</span> <span class='ocrx_word' id='word_1_91' title='bbox 1091 766 1190 798; x_wconf 83' lang='lat' dir='ltr'>mala.</span> 
     </span>
     <span class='ocr_line' id='line_1_15' title="bbox 211 810 1192 856; baseline -0.004 -10"><span class='ocrx_word' id='word_1_92' title='bbox 211 815 453 856; x_wconf 81' lang='lat' dir='ltr'>Norimbergae</span> <span class='ocrx_word' id='word_1_93' title='bbox 477 819 570 844; x_wconf 87' lang='lat' dir='ltr'>erant</span> <span class='ocrx_word' id='word_1_94' title='bbox 593 812 725 854; x_wconf 85' lang='lat' dir='ltr'>quidam</span> <span class='ocrx_word' id='word_1_95' title='bbox 747 810 898 851; x_wconf 63' lang='lat' dir='ltr'>fanatici,</span> <span class='ocrx_word' id='word_1_96' title='bbox 928 811 982 852; x_wconf 87' lang='lat' dir='ltr'>qui</span> <span class='ocrx_word' id='word_1_97' title='bbox 1011 811 1136 852; x_wconf 87' lang='lat' dir='ltr'>passim</span> <span class='ocrx_word' id='word_1_98' title='bbox 1158 810 1192 842; x_wconf 88' lang='lat' dir='ltr'>in</span> 
     </span>
     <span class='ocr_line' id='line_1_16' title="bbox 214 853 1191 899; baseline -0.004 -11"><span class='ocrx_word' id='word_1_99' title='bbox 214 856 338 899; x_wconf 88' lang='lat' dir='ltr'>populo</span> <span class='ocrx_word' id='word_1_100' title='bbox 363 857 526 893; x_wconf 81' lang='lat' dir='ltr'>dicebant,</span> <span class='ocrx_word' id='word_1_101' title='bbox 551 865 588 886; x_wconf 90' lang='lat' dir='ltr'>se</span> <span class='ocrx_word' id='word_1_102' title='bbox 612 865 678 886; x_wconf 92' lang='lat' dir='ltr'>non</span> <span class='ocrx_word' id='word_1_103' title='bbox 702 864 778 886; x_wconf 87' lang='lat' dir='ltr'>esse</span> <span class='ocrx_word' id='word_1_104' title='bbox 791 853 1012 891; x_wconf 82' lang='lat' dir='ltr'>Christianos,</span> <span class='ocrx_word' id='word_1_105' title='bbox 1035 863 1097 884; x_wconf 90' lang='lat' dir='ltr'>nec</span> <span class='ocrx_word' id='word_1_106' title='bbox 1120 863 1191 885; x_wconf 93' lang='lat' dir='ltr'>cre-</span> 
     </span>
     <span class='ocr_line' id='line_1_17' title="bbox 213 897 1192 941; baseline -0.004 -9"><span class='ocrx_word' id='word_1_107' title='bbox 213 901 292 933; x_wconf 84' lang='lat' dir='ltr'>dere</span> <span class='ocrx_word' id='word_1_108' title='bbox 304 910 419 941; x_wconf 79' lang='lat' dir='ltr'>posse,</span> <span class='ocrx_word' id='word_1_109' title='bbox 433 900 506 940; x_wconf 83' lang='lat' dir='ltr'>quia</span> <span class='ocrx_word' id='word_1_110' title='bbox 523 899 668 929; x_wconf 85' lang='lat' dir='ltr'>nondum</span> <span class='ocrx_word' id='word_1_111' title='bbox 681 899 853 935; x_wconf 81' lang='lat' dir='ltr'>sentirent,</span> <span class='ocrx_word' id='word_1_112' title='bbox 872 907 908 927; x_wconf 84' lang='lat' dir='ltr'>se</span> <span class='ocrx_word' id='word_1_113' title='bbox 926 897 994 937; x_wconf 90' lang='lat' dir='ltr'>rapi</span> <span class='ocrx_word' id='word_1_114' title='bbox 1013 903 1045 928; x_wconf 89' lang='lat' dir='ltr'>et</span> <span class='ocrx_word' id='word_1_115' title='bbox 1059 897 1133 938; x_wconf 84' lang='lat' dir='ltr'>cogi</span> <span class='ocrx_word' id='word_1_116' title='bbox 1156 902 1192 928; x_wconf 88' lang='lat' dir='ltr'>ut</span> 
     </span>
     <span class='ocr_line' id='line_1_18' title="bbox 214 940 1193 982; baseline -0.005 -6"><span class='ocrx_word' id='word_1_117' title='bbox 214 944 364 976; x_wconf 83' lang='lat' dir='ltr'>credant.</span> <span class='ocrx_word' id='word_1_118' title='bbox 404 942 474 973; x_wconf 73' lang='lat' dir='ltr'>Eos,</span> <span class='ocrx_word' id='word_1_119' title='bbox 502 943 642 973; x_wconf 88' lang='lat' dir='ltr'>Senatus</span> <span class='ocrx_word' id='word_1_120' title='bbox 666 940 793 982; x_wconf 76' lang='lat' dir='ltr'>expulit</span> <span class='ocrx_word' id='word_1_121' title='bbox 809 950 850 972; x_wconf 84' lang='lat' dir='ltr'>ex</span> <span class='ocrx_word' id='word_1_122' title='bbox 879 940 1029 977; x_wconf 86' lang='lat' dir='ltr'>civitate,</span> <span class='ocrx_word' id='word_1_123' title='bbox 1053 946 1086 970; x_wconf 88' lang='lat' dir='ltr'>et</span> <span class='ocrx_word' id='word_1_124' title='bbox 1108 941 1193 971; x_wconf 89' lang='lat' dir='ltr'>iuste</span> 
     </span>
     <span class='ocr_line' id='line_1_19' title="bbox 211 981 1192 1024; baseline -0.003 -7"><span class='ocrx_word' id='word_1_125' title='bbox 211 985 306 1018; x_wconf 80' lang='lat' dir='ltr'>fecit:</span> <span class='ocrx_word' id='word_1_126' title='bbox 330 986 415 1021; x_wconf 89' lang='lat' dir='ltr'>Quia</span> <span class='ocrx_word' id='word_1_127' title='bbox 438 995 552 1015; x_wconf 86' lang='lat' dir='ltr'>omnes</span> <span class='ocrx_word' id='word_1_128' title='bbox 576 985 734 1015; x_wconf 88' lang='lat' dir='ltr'>debemus</span> <span class='ocrx_word' id='word_1_129' title='bbox 757 993 820 1015; x_wconf 87' lang='lat' dir='ltr'>nos</span> <span class='ocrx_word' id='word_1_130' title='bbox 852 983 1053 1024; x_wconf 77' lang='lat' dir='ltr'>coniungere</span> <span class='ocrx_word' id='word_1_131' title='bbox 1076 981 1192 1014; x_wconf 88' lang='lat' dir='ltr'>Eccle-</span> 
     </span>
     <span class='ocr_line' id='line_1_20' title="bbox 211 1024 1190 1070; baseline -0.004 -9"><span class='ocrx_word' id='word_1_132' title='bbox 211 1031 282 1061; x_wconf 81' lang='lat' dir='ltr'>siae</span> <span class='ocrx_word' id='word_1_133' title='bbox 305 1035 336 1060; x_wconf 88' lang='lat' dir='ltr'>et</span> <span class='ocrx_word' id='word_1_134' title='bbox 359 1027 526 1070; x_wconf 77' lang='lat' dir='ltr'>profiteri,</span> <span class='ocrx_word' id='word_1_135' title='bbox 560 1037 622 1059; x_wconf 89' lang='lat' dir='ltr'>nos</span> <span class='ocrx_word' id='word_1_136' title='bbox 647 1036 726 1058; x_wconf 88' lang='lat' dir='ltr'>esse</span> <span class='ocrx_word' id='word_1_137' title='bbox 759 1027 928 1057; x_wconf 80' lang='lat' dir='ltr'>auditores</span> <span class='ocrx_word' id='word_1_138' title='bbox 950 1024 1133 1067; x_wconf 82' lang='lat' dir='ltr'>Evangelii,</span> <span class='ocrx_word' id='word_1_139' title='bbox 1157 1031 1190 1057; x_wconf 91' lang='lat' dir='ltr'>et</span> 
     </span>
     <span class='ocr_line' id='line_1_21' title="bbox 212 1067 1190 1114; baseline -0.004 -11"><span class='ocrx_word' id='word_1_140' title='bbox 212 1082 399 1114; x_wconf 82' lang='lat' dir='ltr'>repugnare</span> <span class='ocrx_word' id='word_1_141' title='bbox 423 1069 634 1108; x_wconf 84' lang='lat' dir='ltr'>diffidentiae,</span> <span class='ocrx_word' id='word_1_142' title='bbox 658 1077 689 1101; x_wconf 88' lang='lat' dir='ltr'>et</span> <span class='ocrx_word' id='word_1_143' title='bbox 712 1075 825 1111; x_wconf 88' lang='lat' dir='ltr'>petere</span> <span class='ocrx_word' id='word_1_144' title='bbox 848 1080 868 1100; x_wconf 90' lang='lat' dir='ltr'>a</span> <span class='ocrx_word' id='word_1_145' title='bbox 890 1067 977 1107; x_wconf 87' lang='lat' dir='ltr'>Deo,</span> <span class='ocrx_word' id='word_1_146' title='bbox 1000 1074 1035 1100; x_wconf 88' lang='lat' dir='ltr'>ut</span> <span class='ocrx_word' id='word_1_147' title='bbox 1057 1069 1190 1100; x_wconf 81' lang='lat' dir='ltr'>adiuve-</span> 
     </span>
     <span class='ocr_line' id='line_1_22' title="bbox 210 1111 1190 1151; baseline -0.004 -4"><span class='ocrx_word' id='word_1_148' title='bbox 210 1127 294 1148; x_wconf 89' lang='lat' dir='ltr'>mur.</span> <span class='ocrx_word' id='word_1_149' title='bbox 346 1115 408 1150; x_wconf 89' lang='lat' dir='ltr'>Qui</span> <span class='ocrx_word' id='word_1_150' title='bbox 444 1115 537 1151; x_wconf 69' lang='lat' dir='ltr'>dicit,</span> <span class='ocrx_word' id='word_1_151' title='bbox 570 1124 608 1144; x_wconf 91' lang='lat' dir='ltr'>se</span> <span class='ocrx_word' id='word_1_152' title='bbox 641 1111 730 1144; x_wconf 93' lang='lat' dir='ltr'>nolle</span> <span class='ocrx_word' id='word_1_153' title='bbox 765 1122 845 1143; x_wconf 80' lang='lat' dir='ltr'>esse</span> <span class='ocrx_word' id='word_1_154' title='bbox 874 1113 1056 1143; x_wconf 84' lang='lat' dir='ltr'>membrum</span> <span class='ocrx_word' id='word_1_155' title='bbox 1088 1120 1190 1143; x_wconf 83' lang='lat' dir='ltr'>verae</span> 
     </span>
     <span class='ocr_line' id='line_1_23' title="bbox 210 1153 1190 1196; baseline -0.005 -6"><span class='ocrx_word' id='word_1_156' title='bbox 210 1157 404 1195; x_wconf 82' lang='lat' dir='ltr'>Ecclesiae,</span> <span class='ocrx_word' id='word_1_157' title='bbox 441 1157 584 1188; x_wconf 78' lang='lat' dir='ltr'>ostendit</span> <span class='ocrx_word' id='word_1_158' title='bbox 607 1166 645 1187; x_wconf 86' lang='lat' dir='ltr'>se</span> <span class='ocrx_word' id='word_1_159' title='bbox 668 1165 745 1187; x_wconf 86' lang='lat' dir='ltr'>esse</span> <span class='ocrx_word' id='word_1_160' title='bbox 769 1154 1014 1196; x_wconf 88' lang='lat' dir='ltr'>blasphemum,</span> <span class='ocrx_word' id='word_1_161' title='bbox 1047 1153 1190 1193; x_wconf 82' lang='lat' dir='ltr'>hostem,</span> 
     </span>
     <span class='ocr_line' id='line_1_24' title="bbox 211 1199 831 1233; baseline -0.006 0"><span class='ocrx_word' id='word_1_162' title='bbox 211 1207 243 1233; x_wconf 87' lang='lat' dir='ltr'>et</span> <span class='ocrx_word' id='word_1_163' title='bbox 265 1201 396 1233; x_wconf 85' lang='lat' dir='ltr'>adducit</span> <span class='ocrx_word' id='word_1_164' title='bbox 421 1199 505 1231; x_wconf 85' lang='lat' dir='ltr'>alios</span> <span class='ocrx_word' id='word_1_165' title='bbox 527 1201 559 1231; x_wconf 92' lang='lat' dir='ltr'>in</span> <span class='ocrx_word' id='word_1_166' title='bbox 583 1199 831 1230; x_wconf 85' lang='lat' dir='ltr'>dubitationem.</span> 
     </span>
    </p>

    <p class='ocr_par' dir='ltr' id='par_1_5' title="bbox 296 1240 1036 1283">
     <span class='ocr_line' id='line_1_25' title="bbox 296 1240 1036 1283; baseline -0.005 -8"><span class='ocrx_word' id='word_1_167' title='bbox 296 1244 419 1275; x_wconf 84' lang='lat' dir='ltr'>Eadem</span> <span class='ocrx_word' id='word_1_168' title='bbox 444 1242 567 1274; x_wconf 82' lang='lat' dir='ltr'>solutio</span> <span class='ocrx_word' id='word_1_169' title='bbox 590 1248 642 1273; x_wconf 82' lang='lat' dir='ltr'>est</span> <span class='ocrx_word' id='word_1_170' title='bbox 660 1247 692 1273; x_wconf 86' lang='lat' dir='ltr'>et</span> <span class='ocrx_word' id='word_1_171' title='bbox 714 1240 812 1273; x_wconf 88' lang='lat' dir='ltr'>huius</span> <span class='ocrx_word' id='word_1_172' title='bbox 834 1241 1036 1283; x_wconf 85' lang='lat' dir='ltr'>argumenti:</span> 
     </span>
    </p>

    <p class='ocr_par' dir='ltr' id='par_1_6' title="bbox 341 1285 987 1327">
     <span class='ocr_line' id='line_1_26' title="bbox 341 1285 987 1327; baseline -0.005 -10"><span class='ocrx_word' id='word_1_173' title='bbox 341 1287 558 1327; x_wconf 26' lang='lat' dir='ltr'>(A‘oyt&#39;tatiom&#39;s</span> <span class='ocrx_word' id='word_1_174' title='bbox 579 1295 715 1326; x_wconf 74' lang='lat' dir='ltr'>poenam</span> <span class='ocrx_word' id='word_1_175' title='bbox 737 1294 827 1315; x_wconf 74' lang='lat' dir='ltr'>nemo</span> <span class='ocrx_word' id='word_1_176' title='bbox 849 1285 987 1325; x_wconf 76' lang='lat' dir='ltr'>patitur.</span> 
     </span>
    </p>

    <p class='ocr_par' dir='ltr' id='par_1_7' title="bbox 208 1326 1192 1458">
     <span class='ocr_line' id='line_1_27' title="bbox 342 1326 1192 1370; baseline -0.006 -9"><span class='ocrx_word' id='word_1_177' title='bbox 342 1330 430 1370; x_wconf 73' lang='lat' dir='ltr'>Eryo</span> <span class='ocrx_word' id='word_1_178' title='bbox 463 1331 655 1370; x_wconf 72' lang='lat' dir='ltr'>mayz&#39;status</span> <span class='ocrx_word' id='word_1_179' title='bbox 687 1337 751 1358; x_wconf 78' lang='lat' dir='ltr'>non</span> <span class='ocrx_word' id='word_1_180' title='bbox 782 1331 888 1368; x_wconf 81' lang='lat' dir='ltr'>potest</span> <span class='ocrx_word' id='word_1_181' title='bbox 921 1327 1038 1368; x_wconf 79' lang='lat' dir='ltr'>punire</span> <span class='ocrx_word' id='word_1_182' title='bbox 1071 1326 1192 1367; x_wconf 70' lang='lat' dir='ltr'>coyita-</span> 
     </span>
     <span class='ocr_line' id='line_1_28' title="bbox 212 1370 1192 1413; baseline -0.005 -8"><span class='ocrx_word' id='word_1_183' title='bbox 212 1375 314 1405; x_wconf 76' lang='lat' dir='ltr'>tiones</span> <span class='ocrx_word' id='word_1_184' title='bbox 336 1373 460 1410; x_wconf 74' lang='lat' dir='ltr'>mentis,</span> <span class='ocrx_word' id='word_1_185' title='bbox 476 1373 673 1413; x_wconf 80' lang='lat' dir='ltr'>praesertim</span> <span class='ocrx_word' id='word_1_186' title='bbox 706 1380 775 1402; x_wconf 85' lang='lat' dir='ltr'>cum</span> <span class='ocrx_word' id='word_1_187' title='bbox 797 1380 854 1401; x_wconf 82' lang='lat' dir='ltr'>nec</span> <span class='ocrx_word' id='word_1_188' title='bbox 872 1370 956 1401; x_wconf 82' lang='lat' dir='ltr'>dare</span> <span class='ocrx_word' id='word_1_189' title='bbox 977 1370 1192 1401; x_wconf 72' lang='lat' dir='ltr'>assensionem</span> 
     </span>
     <span class='ocr_line' id='line_1_29' title="bbox 208 1417 323 1458; baseline -0.035 -8"><span class='ocrx_word' id='word_1_190' title='bbox 208 1417 323 1458; x_wconf 70' lang='lat' dir='ltr'>possit.</span> 
     </span>
    </p>

    <p class='ocr_par' dir='ltr' id='par_1_8' title="bbox 654 1456 745 1487">
     <span class='ocr_line' id='line_1_30' title="bbox 654 1456 745 1487; baseline 0 0"><span class='ocrx_word' id='word_1_191' title='bbox 654 1456 745 1487; x_wconf 89' lang='lat' dir='ltr'>ltem.</span> 
     </span>
    </p>

    <p class='ocr_par' dir='ltr' id='par_1_9' title="bbox 341 1516 808 1559">
     <span class='ocr_line' id='line_1_31' title="bbox 341 1516 808 1559; baseline -0.004 -10"><span class='ocrx_word' id='word_1_192' title='bbox 341 1519 438 1550; x_wconf 73' lang='lat' dir='ltr'>Solus</span> <span class='ocrx_word' id='word_1_193' title='bbox 461 1517 551 1549; x_wconf 79' lang='lat' dir='ltr'>Deus</span> <span class='ocrx_word' id='word_1_194' title='bbox 571 1516 672 1559; x_wconf 78' lang='lat' dir='ltr'>flectit</span> <span class='ocrx_word' id='word_1_195' title='bbox 695 1516 808 1548; x_wconf 82' lang='lat' dir='ltr'>corda.</span> 
     </span>
    </p>

    <p class='ocr_par' dir='ltr' id='par_1_10' title="bbox 339 1560 722 1603">
     <span class='ocr_line' id='line_1_32' title="bbox 339 1560 722 1603; baseline -0.01 -9"><span class='ocrx_word' id='word_1_196' title='bbox 339 1562 466 1603; x_wconf 75' lang='lat' dir='ltr'>Reliyz‘o</span> <span class='ocrx_word' id='word_1_197' title='bbox 489 1565 536 1593; x_wconf 80' lang='lat' dir='ltr'>est</span> <span class='ocrx_word' id='word_1_198' title='bbox 559 1561 593 1591; x_wconf 84' lang='lat' dir='ltr'>in</span> <span class='ocrx_word' id='word_1_199' title='bbox 616 1560 722 1591; x_wconf 81' lang='lat' dir='ltr'>corde.</span> 
     </span>
    </p>

    <p class='ocr_par' dir='ltr' id='par_1_11' title="bbox 340 1600 1194 1647">
     <span class='ocr_line' id='line_1_33' title="bbox 340 1600 1194 1647; baseline -0.005 -12"><span class='ocrx_word' id='word_1_200' title='bbox 340 1605 429 1647; x_wconf 76' lang='lat' dir='ltr'>Eryo</span> <span class='ocrx_word' id='word_1_201' title='bbox 448 1614 508 1635; x_wconf 81' lang='lat' dir='ltr'>nou</span> <span class='ocrx_word' id='word_1_202' title='bbox 543 1604 683 1645; x_wconf 80' lang='lat' dir='ltr'>pertinet</span> <span class='ocrx_word' id='word_1_203' title='bbox 708 1603 753 1634; x_wconf 85' lang='lat' dir='ltr'>ad</span> <span class='ocrx_word' id='word_1_204' title='bbox 783 1601 1036 1643; x_wconf 59' lang='lat' dir='ltr'>Mayzzetratnm,</span> <span class='ocrx_word' id='word_1_205' title='bbox 1068 1600 1194 1642; x_wconf 77' lang='lat' dir='ltr'>aliquid</span> 
     </span>
    </p>
   </div>
   <div class='ocr_carea' id='block_1_3' title="bbox 210 1649 811 1756">
    <p class='ocr_par' dir='ltr' id='par_1_12' title="bbox 210 1649 811 1756">
     <span class='ocr_line' id='line_1_34' title="bbox 210 1649 548 1692; baseline -0.012 -11"><span class='ocrx_word' id='word_1_206' title='bbox 210 1659 309 1692; x_wconf 74' lang='lat' dir='ltr'>ayere</span> <span class='ocrx_word' id='word_1_207' title='bbox 327 1650 367 1680; x_wconf 85' lang='lat' dir='ltr'>de</span> <span class='ocrx_word' id='word_1_208' title='bbox 386 1649 548 1689; x_wconf 59' lang='lat' dir='ltr'>veliyione.</span> 
     </span>
     <span class='ocr_line' id='line_1_35' title="bbox 597 1714 811 1756; baseline -0.009 -10"><span class='ocrx_word' id='word_1_209' title='bbox 597 1714 811 1756; x_wconf 82' lang='lat' dir='ltr'>Respondeo.</span> 
     </span>
    </p>
   </div>
   <div class='ocr_carea' id='block_1_4' title="bbox 207 1773 1195 2165">
    <p class='ocr_par' dir='ltr' id='par_1_13' title="bbox 207 1773 1195 2165">
     <span class='ocr_line' id='line_1_36' title="bbox 297 1773 1193 1819; baseline -0.007 -11"><span class='ocrx_word' id='word_1_210' title='bbox 297 1776 515 1819; x_wconf 73' lang='lat' dir='ltr'>Mag-istratus</span> <span class='ocrx_word' id='word_1_211' title='bbox 550 1786 616 1807; x_wconf 92' lang='lat' dir='ltr'>non</span> <span class='ocrx_word' id='word_1_212' title='bbox 649 1775 741 1816; x_wconf 90' lang='lat' dir='ltr'>punit</span> <span class='ocrx_word' id='word_1_213' title='bbox 782 1773 901 1805; x_wconf 87' lang='lat' dir='ltr'>tacitas</span> <span class='ocrx_word' id='word_1_214' title='bbox 937 1773 1035 1804; x_wconf 88' lang='lat' dir='ltr'>animi</span> <span class='ocrx_word' id='word_1_215' title='bbox 1069 1773 1193 1814; x_wconf 87' lang='lat' dir='ltr'>cogita-</span> 
     </span>
     <span class='ocr_line' id='line_1_37' title="bbox 213 1816 1193 1859; baseline -0.007 -6"><span class='ocrx_word' id='word_1_216' title='bbox 213 1822 333 1853; x_wconf 84' lang='lat' dir='ltr'>tiones.</span> <span class='ocrx_word' id='word_1_217' title='bbox 379 1819 472 1851; x_wconf 88' lang='lat' dir='ltr'>Sicut</span> <span class='ocrx_word' id='word_1_218' title='bbox 506 1829 573 1850; x_wconf 88' lang='lat' dir='ltr'>non</span> <span class='ocrx_word' id='word_1_219' title='bbox 608 1819 699 1859; x_wconf 90' lang='lat' dir='ltr'>punit</span> <span class='ocrx_word' id='word_1_220' title='bbox 732 1817 922 1848; x_wconf 87' lang='lat' dir='ltr'>interiorem</span> <span class='ocrx_word' id='word_1_221' title='bbox 959 1816 1193 1858; x_wconf 83' lang='lat' dir='ltr'>cogitationem</span> 
     </span>
     <span class='ocr_line' id='line_1_38' title="bbox 211 1858 1194 1900; baseline -0.008 -3"><span class='ocrx_word' id='word_1_222' title='bbox 211 1871 244 1897; x_wconf 83' lang='lat' dir='ltr'>et</span> <span class='ocrx_word' id='word_1_223' title='bbox 266 1863 420 1896; x_wconf 83' lang='lat' dir='ltr'>affectum</span> <span class='ocrx_word' id='word_1_224' title='bbox 444 1861 599 1900; x_wconf 70' lang='lat' dir='ltr'>latronis,</span> <span class='ocrx_word' id='word_1_225' title='bbox 641 1862 749 1892; x_wconf 86' lang='lat' dir='ltr'>donec</span> <span class='ocrx_word' id='word_1_226' title='bbox 782 1859 873 1891; x_wconf 89' lang='lat' dir='ltr'>latet.</span> <span class='ocrx_word' id='word_1_227' title='bbox 928 1859 997 1891; x_wconf 90' lang='lat' dir='ltr'>Sed</span> <span class='ocrx_word' id='word_1_228' title='bbox 1027 1859 1120 1900; x_wconf 85' lang='lat' dir='ltr'>punit</span> <span class='ocrx_word' id='word_1_229' title='bbox 1147 1858 1194 1890; x_wconf 79' lang='lat' dir='ltr'>ta-</span> 
     </span>
     <span class='ocr_line' id='line_1_39' title="bbox 212 1902 1195 1944; baseline -0.007 -4"><span class='ocrx_word' id='word_1_230' title='bbox 212 1914 300 1940; x_wconf 85' lang='lat' dir='ltr'>ctum</span> <span class='ocrx_word' id='word_1_231' title='bbox 325 1912 358 1939; x_wconf 88' lang='lat' dir='ltr'>et</span> <span class='ocrx_word' id='word_1_232' title='bbox 380 1912 534 1938; x_wconf 86' lang='lat' dir='ltr'>conatum</span> <span class='ocrx_word' id='word_1_233' title='bbox 557 1903 707 1936; x_wconf 85' lang='lat' dir='ltr'>latronis.</span> <span class='ocrx_word' id='word_1_234' title='bbox 761 1902 880 1935; x_wconf 87' lang='lat' dir='ltr'>Cicero</span> <span class='ocrx_word' id='word_1_235' title='bbox 905 1902 1024 1944; x_wconf 90' lang='lat' dir='ltr'>inquit:</span> <span class='ocrx_word' id='word_1_236' title='bbox 1049 1902 1195 1934; x_wconf 74' lang='lat' dir='ltr'>Consilia</span> 
     </span>
     <span class='ocr_line' id='line_1_40' title="bbox 207 1945 1193 1991; baseline -0.006 -9"><span class='ocrx_word' id='word_1_237' title='bbox 207 1950 374 1991; x_wconf 71' lang='lat' dir='ltr'>sactorum</span> <span class='ocrx_word' id='word_1_238' title='bbox 396 1950 582 1990; x_wconf 73' lang='lat' dir='ltr'>puniuntur.</span> <span class='ocrx_word' id='word_1_239' title='bbox 628 1947 663 1978; x_wconf 88' lang='lat' dir='ltr'>ld</span> <span class='ocrx_word' id='word_1_240' title='bbox 686 1947 736 1978; x_wconf 86' lang='lat' dir='ltr'>sic</span> <span class='ocrx_word' id='word_1_241' title='bbox 759 1945 1008 1988; x_wconf 77' lang='lat' dir='ltr'>intelligendum</span> <span class='ocrx_word' id='word_1_242' title='bbox 1032 1952 1096 1984; x_wconf 88' lang='lat' dir='ltr'>est,</span> <span class='ocrx_word' id='word_1_243' title='bbox 1115 1956 1193 1977; x_wconf 87' lang='lat' dir='ltr'>con-</span> 
     </span>
     <span class='ocr_line' id='line_1_41' title="bbox 210 1988 1193 2032; baseline -0.006 -7"><span class='ocrx_word' id='word_1_244' title='bbox 210 1993 296 2032; x_wconf 87' lang='lat' dir='ltr'>silia,</span> <span class='ocrx_word' id='word_1_245' title='bbox 319 1992 468 2031; x_wconf 87' lang='lat' dir='ltr'>scilicet,</span> <span class='ocrx_word' id='word_1_246' title='bbox 502 2002 576 2023; x_wconf 87' lang='lat' dir='ltr'>cum</span> <span class='ocrx_word' id='word_1_247' title='bbox 610 1995 743 2022; x_wconf 87' lang='lat' dir='ltr'>conatu.</span> <span class='ocrx_word' id='word_1_248' title='bbox 796 1990 850 2020; x_wconf 87' lang='lat' dir='ltr'>Sic</span> <span class='ocrx_word' id='word_1_249' title='bbox 881 1988 1098 2031; x_wconf 80' lang='lat' dir='ltr'>Magistratus</span> <span class='ocrx_word' id='word_1_250' title='bbox 1127 1999 1193 2020; x_wconf 89' lang='lat' dir='ltr'>non</span> 
     </span>
     <span class='ocr_line' id='line_1_42' title="bbox 209 2031 1193 2079; baseline -0.007 -10"><span class='ocrx_word' id='word_1_251' title='bbox 209 2037 315 2079; x_wconf 91' lang='lat' dir='ltr'>punit,</span> <span class='ocrx_word' id='word_1_252' title='bbox 339 2046 426 2078; x_wconf 86' lang='lat' dir='ltr'>quae</span> <span class='ocrx_word' id='word_1_253' title='bbox 449 2036 490 2067; x_wconf 92' lang='lat' dir='ltr'>ad</span> <span class='ocrx_word' id='word_1_254' title='bbox 514 2033 708 2076; x_wconf 82' lang='lat' dir='ltr'>religionem</span> <span class='ocrx_word' id='word_1_255' title='bbox 732 2033 907 2074; x_wconf 86' lang='lat' dir='ltr'>pertinent,</span> <span class='ocrx_word' id='word_1_256' title='bbox 937 2031 1084 2070; x_wconf 86' lang='lat' dir='ltr'>scilicet,</span> <span class='ocrx_word' id='word_1_257' title='bbox 1115 2040 1193 2073; x_wconf 83' lang='lat' dir='ltr'>qua·</span> 
     </span>
     <span class='ocr_line' id='line_1_43' title="bbox 211 2076 1193 2115; baseline -0.006 -3"><span class='ocrx_word' id='word_1_258' title='bbox 211 2086 307 2112; x_wconf 84' lang='lat' dir='ltr'>tenus</span> <span class='ocrx_word' id='word_1_259' title='bbox 331 2085 382 2111; x_wconf 85' lang='lat' dir='ltr'>est</span> <span class='ocrx_word' id='word_1_260' title='bbox 415 2079 446 2110; x_wconf 90' lang='lat' dir='ltr'>in</span> <span class='ocrx_word' id='word_1_261' title='bbox 471 2078 590 2115; x_wconf 88' lang='lat' dir='ltr'>corde,</span> <span class='ocrx_word' id='word_1_262' title='bbox 627 2077 687 2108; x_wconf 84' lang='lat' dir='ltr'>sed</span> <span class='ocrx_word' id='word_1_263' title='bbox 717 2086 783 2107; x_wconf 92' lang='lat' dir='ltr'>non</span> <span class='ocrx_word' id='word_1_264' title='bbox 838 2082 978 2107; x_wconf 82' lang='lat' dir='ltr'>uatenus</span> <span class='ocrx_word' id='word_1_265' title='bbox 1009 2076 1114 2107; x_wconf 90' lang='lat' dir='ltr'>estin</span> <span class='ocrx_word' id='word_1_266' title='bbox 1139 2085 1193 2106; x_wconf 80' lang='lat' dir='ltr'>ex-</span> 
     </span>
     <span class='ocr_line' id='line_1_44' title="bbox 212 2119 1119 2165; baseline -0.007 -9"><span class='ocrx_word' id='word_1_267' title='bbox 212 2130 305 2156; x_wconf 86' lang='lat' dir='ltr'>terna</span> <span class='ocrx_word' id='word_1_268' title='bbox 327 2122 551 2165; x_wconf 82' lang='lat' dir='ltr'>professione,</span> <span class='ocrx_word' id='word_1_269' title='bbox 575 2129 742 2158; x_wconf 83' lang='lat' dir='ltr'>sermone,</span> <span class='ocrx_word' id='word_1_270' title='bbox 766 2125 798 2150; x_wconf 89' lang='lat' dir='ltr'>et</span> <span class='ocrx_word' id='word_1_271' title='bbox 836 2119 919 2151; x_wconf 91' lang='lat' dir='ltr'>actis</span> <span class='ocrx_word' id='word_1_272' title='bbox 943 2119 1119 2151; x_wconf 81' lang='lat' dir='ltr'>erxternis.</span> 
     </span>
    </p>
   </div>
   <div class='ocr_carea' id='block_1_5' title="bbox 503 2189 900 2221">
    <p class='ocr_par' dir='ltr' id='par_1_14' title="bbox 503 2189 900 2221">
     <span class='ocr_line' id='line_1_45' title="bbox 503 2189 900 2221; baseline -0.008 0"><span class='ocrx_word' id='word_1_273' title='bbox 503 2189 572 2221; x_wconf 89' lang='lat' dir='ltr'>Sed</span> <span class='ocrx_word' id='word_1_274' title='bbox 596 2189 749 2220; x_wconf 78' lang='lat' dir='ltr'>obiicitur</span> <span class='ocrx_word' id='word_1_275' title='bbox 770 2197 900 2219; x_wconf 78' lang='lat' dir='ltr'>rursus·</span> 
     </span>
    </p>
   </div>
   <div class='ocr_carea' id='block_1_6' title="bbox 212 2248 1195 2467">
    <p class='ocr_par' dir='ltr' id='par_1_15' title="bbox 339 2248 1018 2292">
     <span class='ocr_line' id='line_1_46' title="bbox 339 2248 1018 2292; baseline -0.007 -8"><span class='ocrx_word' id='word_1_276' title='bbox 339 2251 444 2284; x_wconf 81' lang='lat' dir='ltr'>Nemo</span> <span class='ocrx_word' id='word_1_277' title='bbox 462 2250 553 2281; x_wconf 77' lang='lat' dir='ltr'>debet</span> <span class='ocrx_word' id='word_1_278' title='bbox 571 2250 699 2292; x_wconf 79' lang='lat' dir='ltr'>punire.</span> <span class='ocrx_word' id='word_1_279' title='bbox 722 2249 788 2279; x_wconf 72' lang='lat' dir='ltr'>nisi</span> <span class='ocrx_word' id='word_1_280' title='bbox 802 2258 839 2279; x_wconf 83' lang='lat' dir='ltr'>re</span> <span class='ocrx_word' id='word_1_281' title='bbox 861 2248 1018 2279; x_wconf 73' lang='lat' dir='ltr'>iudicata.</span> 
     </span>
    </p>

    <p class='ocr_par' dir='ltr' id='par_1_16' title="bbox 212 2291 1193 2380">
     <span class='ocr_line' id='line_1_47' title="bbox 341 2291 1193 2336; baseline -0.004 -10"><span class='ocrx_word' id='word_1_282' title='bbox 341 2295 565 2336; x_wconf 62' lang='lat' dir='ltr'>Illaffl‘stratus</span> <span class='ocrx_word' id='word_1_283' title='bbox 584 2296 690 2324; x_wconf 76' lang='lat' dir='ltr'>autem</span> <span class='ocrx_word' id='word_1_284' title='bbox 714 2301 775 2323; x_wconf 77' lang='lat' dir='ltr'>aon</span> <span class='ocrx_word' id='word_1_285' title='bbox 799 2295 846 2322; x_wconf 77' lang='lat' dir='ltr'>est</span> <span class='ocrx_word' id='word_1_286' title='bbox 876 2292 990 2323; x_wconf 68' lang='lat' dir='ltr'>iudet.-</span> <span class='ocrx_word' id='word_1_287' title='bbox 1021 2291 1108 2330; x_wconf 77' lang='lat' dir='ltr'>Quia</span> <span class='ocrx_word' id='word_1_288' title='bbox 1129 2300 1193 2323; x_wconf 81' lang='lat' dir='ltr'>non</span> 
     </span>
     <span class='ocr_line' id='line_1_48' title="bbox 212 2335 824 2380; baseline -0.008 -9"><span class='ocrx_word' id='word_1_289' title='bbox 212 2339 361 2380; x_wconf 66' lang='lat' dir='ltr'>intelligit</span> <span class='ocrx_word' id='word_1_290' title='bbox 384 2337 625 2370; x_wconf 47' lang='lat' dir='ltr'>emtum-ersten</span> <span class='ocrx_word' id='word_1_291' title='bbox 648 2335 824 2378; x_wconf 74' lang='lat' dir='ltr'>relt&#39;yt’om&#39;s.</span> 
     </span>
    </p>

    <p class='ocr_par' dir='ltr' id='par_1_17' title="bbox 215 2377 1195 2467">
     <span class='ocr_line' id='line_1_49' title="bbox 343 2377 1195 2422; baseline -0.004 -10"><span class='ocrx_word' id='word_1_292' title='bbox 343 2381 430 2422; x_wconf 64' lang='lat' dir='ltr'>Eryo</span> <span class='ocrx_word' id='word_1_293' title='bbox 453 2380 677 2421; x_wconf 58' lang='grc' dir='ltr'>Μαρίαν-σωκ</span> <span class='ocrx_word' id='word_1_294' title='bbox 710 2388 773 2411; x_wconf 83' lang='lat' dir='ltr'>aon</span> <span class='ocrx_word' id='word_1_295' title='bbox 795 2377 885 2409; x_wconf 73' lang='lat' dir='ltr'>debet</span> <span class='ocrx_word' id='word_1_296' title='bbox 915 2378 1032 2419; x_wconf 77' lang='lat' dir='ltr'>punire</span> <span class='ocrx_word' id='word_1_297' title='bbox 1049 2378 1122 2410; x_wconf 75' lang='lat' dir='ltr'>haic</span> <span class='ocrx_word' id='word_1_298' title='bbox 1144 2379 1195 2410; x_wconf 80' lang='lat' dir='ltr'>vel</span> 
     </span>
     <span class='ocr_line' id='line_1_50' title="bbox 215 2424 667 2467; baseline -0.009 -10"><span class='ocrx_word' id='word_1_299' title='bbox 215 2426 314 2457; x_wconf 81' lang='lat' dir='ltr'>alteri</span> <span class='ocrx_word' id='word_1_300' title='bbox 333 2425 486 2467; x_wconf 59' lang='lat' dir='ltr'>religioni</span> <span class='ocrx_word' id='word_1_301' title='bbox 506 2424 667 2455; x_wconf 70' lang='lat' dir='ltr'>adflictos.</span> 
     </span>
    </p>
   </div>
   <div class='ocr_carea' id='block_1_7' title="bbox 214 2489 1194 2663">
    <p class='ocr_par' dir='ltr' id='par_1_18' title="bbox 214 2489 1194 2663">
     <span class='ocr_line' id='line_1_51' title="bbox 470 2489 935 2534; baseline -0.004 -11"><span class='ocrx_word' id='word_1_302' title='bbox 470 2491 674 2534; x_wconf 64' lang='lat' dir='ltr'>Respondet»</span> <span class='ocrx_word' id='word_1_303' title='bbox 696 2491 739 2523; x_wconf 92' lang='lat' dir='ltr'>ad</span> <span class='ocrx_word' id='word_1_304' title='bbox 762 2489 935 2522; x_wconf 82' lang='lat' dir='ltr'>Minorem.</span> 
     </span>
     <span class='ocr_line' id='line_1_52' title="bbox 300 2531 1194 2578; baseline -0.003 -10"><span class='ocrx_word' id='word_1_305' title='bbox 300 2535 402 2569; x_wconf 79' lang='lat' dir='ltr'>Solus</span> <span class='ocrx_word' id='word_1_306' title='bbox 421 2536 639 2578; x_wconf 77' lang='lat' dir='ltr'>Magistratus</span> <span class='ocrx_word' id='word_1_307' title='bbox 660 2545 728 2566; x_wconf 91' lang='lat' dir='ltr'>non</span> <span class='ocrx_word' id='word_1_308' title='bbox 751 2540 803 2566; x_wconf 69' lang='lat' dir='ltr'>oet</span> <span class='ocrx_word' id='word_1_309' title='bbox 830 2533 939 2566; x_wconf 80' lang='lat' dir='ltr'>index.</span> <span class='ocrx_word' id='word_1_310' title='bbox 983 2531 1024 2564; x_wconf 83' lang='lat' dir='ltr'>Et</span> <span class='ocrx_word' id='word_1_311' title='bbox 1047 2533 1194 2575; x_wconf 74' lang='lat' dir='ltr'>cognitio</span> 
     </span>
     <span class='ocr_line' id='line_1_53' title="bbox 216 2576 1194 2620; baseline -0.005 -8"><span class='ocrx_word' id='word_1_312' title='bbox 216 2586 268 2612; x_wconf 69' lang='lat' dir='ltr'>est</span> <span class='ocrx_word' id='word_1_313' title='bbox 289 2579 474 2612; x_wconf 73' lang='lat' dir='ltr'>Ecclesiae.</span> <span class='ocrx_word' id='word_1_314' title='bbox 520 2579 587 2610; x_wconf 85' lang='lat' dir='ltr'>Sed</span> <span class='ocrx_word' id='word_1_315' title='bbox 608 2588 682 2611; x_wconf 86' lang='lat' dir='ltr'>cum</span> <span class='ocrx_word' id='word_1_316' title='bbox 705 2579 748 2609; x_wconf 75' lang='lat' dir='ltr'>nit</span> <span class='ocrx_word' id='word_1_317' title='bbox 771 2576 989 2620; x_wconf 72' lang='lat' dir='ltr'>Magistratus</span> <span class='ocrx_word' id='word_1_318' title='bbox 1012 2577 1194 2608; x_wconf 86' lang='lat' dir='ltr'>membrum</span> 
     </span>
     <span class='ocr_line' id='line_1_54' title="bbox 214 2619 1194 2663; baseline -0.003 -9"><span class='ocrx_word' id='word_1_319' title='bbox 214 2623 405 2661; x_wconf 78' lang='lat' dir='ltr'>Ecclesiae,</span> <span class='ocrx_word' id='word_1_320' title='bbox 438 2623 537 2655; x_wconf 84' lang='lat' dir='ltr'>debet</span> <span class='ocrx_word' id='word_1_321' title='bbox 559 2631 638 2654; x_wconf 79' lang='lat' dir='ltr'>esse</span> <span class='ocrx_word' id='word_1_322' title='bbox 661 2622 693 2653; x_wconf 89' lang='lat' dir='ltr'>in</span> <span class='ocrx_word' id='word_1_323' title='bbox 718 2621 910 2663; x_wconf 65' lang='lat' dir='ltr'>cognitione</span> <span class='ocrx_word' id='word_1_324' title='bbox 927 2619 1105 2658; x_wconf 85' lang='lat' dir='ltr'>ordinaria,</span> <span class='ocrx_word' id='word_1_325' title='bbox 1128 2629 1194 2652; x_wconf 81' lang='lat' dir='ltr'>una</span> 
     </span>
    </p>
   </div>
   <div class='ocr_carea' id='block_1_8' title="bbox 907 158 1631 195">
    <p class='ocr_par' dir='ltr' id='par_1_19' title="bbox 907 158 1631 195">
     <span class='ocr_line' id='line_1_55' title="bbox 907 158 1631 195; baseline 0.003 -2"><span class='ocrx_word' id='word_1_326' title='bbox 907 161 1019 194; x_wconf 80' lang='lat' dir='ltr'>PmL.</span> <span class='ocrx_word' id='word_1_327' title='bbox 1042 161 1145 194; x_wconf 87' lang='lat' dir='ltr'>MEL.</span> <span class='ocrx_word' id='word_1_328' title='bbox 1168 161 1356 195; x_wconf 75' lang='lat' dir='ltr'><strong>SCRer</strong></span> <span class='ocrx_word' id='word_1_329' title='bbox 1378 158 1631 195; x_wconf 82' lang='lat' dir='ltr'><strong>EXEGETICA</strong></span> 
     </span>
    </p>
   </div>
   <div class='ocr_carea' id='block_1_9' title="bbox 2159 166 2224 200">
    <p class='ocr_par' dir='ltr' id='par_1_20' title="bbox 2159 166 2224 200">
     <span class='ocr_line' id='line_1_56' title="bbox 2159 166 2224 200; baseline 0.015 -1"><span class='ocrx_word' id='word_1_330' title='bbox 2159 166 2224 200; x_wconf 82' lang='grc'>376</span> 
     </span>
    </p>
   </div>
   <div class='ocr_carea' id='block_1_10' title="bbox 1246 255 2225 292">
    <p class='ocr_par' dir='ltr' id='par_1_21' title="bbox 1246 255 2225 292">
     <span class='ocr_line' id='line_1_57' title="bbox 1246 255 2225 292; baseline 0.005 -5"><span class='ocrx_word' id='word_1_331' title='bbox 1246 266 1321 287; x_wconf 87' lang='lat' dir='ltr'>cum</span> <span class='ocrx_word' id='word_1_332' title='bbox 1345 257 1487 287; x_wconf 82' lang='lat' dir='ltr'>caeteris</span> <span class='ocrx_word' id='word_1_333' title='bbox 1510 257 1666 288; x_wconf 89' lang='lat' dir='ltr'>membris</span> <span class='ocrx_word' id='word_1_334' title='bbox 1690 255 1873 289; x_wconf 82' lang='lat' dir='ltr'>Ecclesiae.</span> <span class='ocrx_word' id='word_1_335' title='bbox 1894 256 2024 290; x_wconf 87' lang='lat' dir='ltr'>Deinde</span> <span class='ocrx_word' id='word_1_336' title='bbox 2046 269 2082 290; x_wconf 88' lang='lat' dir='ltr'>re</span> <span class='ocrx_word' id='word_1_337' title='bbox 2108 260 2225 292; x_wconf 87' lang='lat' dir='ltr'>ordine</span> 
     </span>
    </p>
   </div>
   <div class='ocr_carea' id='block_1_11' title="bbox 1244 298 2278 344">
    <p class='ocr_par' dir='ltr' id='par_1_22' title="bbox 1244 298 2278 344">
     <span class='ocr_line' id='line_1_58' title="bbox 1244 298 2278 344; baseline 0.005 -15"><span class='ocrx_word' id='word_1_338' title='bbox 1244 298 1398 339; x_wconf 85' lang='lat' dir='ltr'>iudicata,</span> <span class='ocrx_word' id='word_1_339' title='bbox 1420 299 1453 329; x_wconf 92' lang='lat' dir='ltr'>id</span> <span class='ocrx_word' id='word_1_340' title='bbox 1476 305 1545 334; x_wconf 87' lang='lat' dir='ltr'>est,</span> <span class='ocrx_word' id='word_1_341' title='bbox 1577 309 1650 330; x_wconf 90' lang='lat' dir='ltr'>cum</span> <span class='ocrx_word' id='word_1_342' title='bbox 1674 304 1846 331; x_wconf 86' lang='lat' dir='ltr'>ostensum</span> <span class='ocrx_word' id='word_1_343' title='bbox 1864 306 1934 338; x_wconf 88' lang='lat' dir='ltr'>est,</span> <span class='ocrx_word' id='word_1_344' title='bbox 1967 299 2098 343; x_wconf 80' lang='lat' dir='ltr'>aliquos</span> <span class='ocrx_word' id='word_1_345' title='bbox 2125 303 2225 344; x_wconf 82' lang='lat' dir='ltr'>impia</span> <span class='ocrx_word' id='word_1_346' title='bbox 2271 309 2278 312; x_wconf 84' lang='lat'>&#39;</span> 
     </span>
    </p>
   </div>
   <div class='ocr_carea' id='block_1_12' title="bbox 1243 341 2225 767">
    <p class='ocr_par' dir='ltr' id='par_1_23' title="bbox 1243 341 2225 767">
     <span class='ocr_line' id='line_1_59' title="bbox 1245 341 2224 386; baseline 0.004 -14"><span class='ocrx_word' id='word_1_347' title='bbox 1245 341 1367 373; x_wconf 87' lang='lat' dir='ltr'>docere</span> <span class='ocrx_word' id='word_1_348' title='bbox 1390 346 1423 372; x_wconf 84' lang='lat' dir='ltr'>et</span> <span class='ocrx_word' id='word_1_349' title='bbox 1444 342 1656 383; x_wconf 86' lang='lat' dir='ltr'>pertinaciter</span> <span class='ocrx_word' id='word_1_350' title='bbox 1677 341 1867 380; x_wconf 83' lang='lat' dir='ltr'>delendere,</span> <span class='ocrx_word' id='word_1_351' title='bbox 1890 341 1990 374; x_wconf 80' lang='lat' dir='ltr'>saciat</span> <span class='ocrx_word' id='word_1_352' title='bbox 2007 343 2224 386; x_wconf 80' lang='lat' dir='ltr'>Magistratus</span> 
     </span>
     <span class='ocr_line' id='line_1_60' title="bbox 1244 383 2224 426; baseline 0.005 -12"><span class='ocrx_word' id='word_1_353' title='bbox 1244 394 1296 421; x_wconf 89' lang='lat' dir='ltr'>ea,</span> <span class='ocrx_word' id='word_1_354' title='bbox 1319 394 1404 425; x_wconf 89' lang='lat' dir='ltr'>quae</span> <span class='ocrx_word' id='word_1_355' title='bbox 1427 391 1505 415; x_wconf 89' lang='lat' dir='ltr'>sunt</span> <span class='ocrx_word' id='word_1_356' title='bbox 1529 383 1641 417; x_wconf 83' lang='lat' dir='ltr'>officia</span> <span class='ocrx_word' id='word_1_357' title='bbox 1664 384 2107 426; x_wconf 34' lang='lat' dir='ltr'>gubernationisvpoliticae.</span> <span class='ocrx_word' id='word_1_358' title='bbox 2159 387 2224 420; x_wconf 81' lang='lat' dir='ltr'>Pu-</span> 
     </span>
     <span class='ocr_line' id='line_1_61' title="bbox 1243 425 2224 470; baseline 0.004 -13"><span class='ocrx_word' id='word_1_359' title='bbox 1243 427 1312 457; x_wconf 87' lang='lat' dir='ltr'>niat</span> <span class='ocrx_word' id='word_1_360' title='bbox 1336 425 1570 468; x_wconf 89' lang='lat' dir='ltr'>blasphemos,</span> <span class='ocrx_word' id='word_1_361' title='bbox 1603 435 1636 458; x_wconf 90' lang='lat' dir='ltr'>et</span> <span class='ocrx_word' id='word_1_362' title='bbox 1659 433 1793 466; x_wconf 87' lang='lat' dir='ltr'>caveat,</span> <span class='ocrx_word' id='word_1_363' title='bbox 1821 437 1865 460; x_wconf 89' lang='lat' dir='ltr'>ne</span> <span class='ocrx_word' id='word_1_364' title='bbox 1886 429 2043 470; x_wconf 83' lang='lat' dir='ltr'>contagia</span> <span class='ocrx_word' id='word_1_365' title='bbox 2069 427 2154 460; x_wconf 89' lang='lat' dir='ltr'>alios</span> <span class='ocrx_word' id='word_1_366' title='bbox 2176 430 2224 462; x_wconf 91' lang='lat' dir='ltr'>in—</span> 
     </span>
     <span class='ocr_line' id='line_1_62' title="bbox 1243 467 2225 515; baseline 0.004 -15"><span class='ocrx_word' id='word_1_367' title='bbox 1243 467 1366 500; x_wconf 83' lang='lat' dir='ltr'>ficiant.</span> <span class='ocrx_word' id='word_1_368' title='bbox 1411 469 1550 510; x_wconf 86' lang='lat' dir='ltr'>Semper</span> <span class='ocrx_word' id='word_1_369' title='bbox 1578 475 1699 508; x_wconf 85' lang='lat' dir='ltr'>autem,</span> <span class='ocrx_word' id='word_1_370' title='bbox 1721 475 1756 501; x_wconf 91' lang='lat' dir='ltr'>ut</span> <span class='ocrx_word' id='word_1_371' title='bbox 1779 471 1857 509; x_wconf 84' lang='lat' dir='ltr'>dixi,</span> <span class='ocrx_word' id='word_1_372' title='bbox 1880 472 2060 511; x_wconf 84' lang='lat' dir='ltr'>praecedat</span> <span class='ocrx_word' id='word_1_373' title='bbox 2077 470 2225 515; x_wconf 87' lang='lat' dir='ltr'>legitima</span> 
     </span>
     <span class='ocr_line' id='line_1_63' title="bbox 1243 511 2222 554; baseline 0.005 -12"><span class='ocrx_word' id='word_1_374' title='bbox 1243 511 1400 554; x_wconf 86' lang='lat' dir='ltr'>cognitio,</span> <span class='ocrx_word' id='word_1_375' title='bbox 1429 518 1465 544; x_wconf 88' lang='lat' dir='ltr'>ut</span> <span class='ocrx_word' id='word_1_376' title='bbox 1487 512 1586 544; x_wconf 91' lang='lat' dir='ltr'>Deut.</span> <span class='ocrx_word' id='word_1_377' title='bbox 1612 513 1662 543; x_wconf 82' lang='lat'>17.</span> <span class='ocrx_word' id='word_1_378' title='bbox 1693 513 1827 544; x_wconf 84' lang='lat' dir='ltr'>dicitur:</span> <span class='ocrx_word' id='word_1_379' title='bbox 1863 515 1903 545; x_wconf 67' lang='lat' dir='ltr'>Si</span> <span class='ocrx_word' id='word_1_380' title='bbox 1929 515 2089 546; x_wconf 76' lang='lat' dir='ltr'>inveneris</span> <span class='ocrx_word' id='word_1_381' title='bbox 2112 525 2222 547; x_wconf 71' lang='lat' dir='ltr'>vet-tam</span> 
     </span>
     <span class='ocr_line' id='line_1_64' title="bbox 1243 555 2223 597; baseline 0.005 -12"><span class='ocrx_word' id='word_1_382' title='bbox 1243 558 1273 585; x_wconf 84' lang='lat' dir='ltr'>et</span> <span class='ocrx_word' id='word_1_383' title='bbox 1298 559 1418 586; x_wconf 82' lang='lat' dir='ltr'>certum</span> <span class='ocrx_word' id='word_1_384' title='bbox 1447 565 1525 586; x_wconf 82' lang='lat' dir='ltr'>esse.</span> <span class='ocrx_word' id='word_1_385' title='bbox 1592 555 1689 594; x_wconf 86' lang='lat' dir='ltr'>Item,</span> <span class='ocrx_word' id='word_1_386' title='bbox 1726 555 1893 597; x_wconf 74' lang='lat' dir='ltr'>Numquid</span> <span class='ocrx_word' id='word_1_387' title='bbox 1922 557 1974 588; x_wconf 69' lang='lat' dir='ltr'>lea·</span> <span class='ocrx_word' id='word_1_388' title='bbox 2000 561 2117 589; x_wconf 74' lang='lat' dir='ltr'>nostra</span> <span class='ocrx_word' id='word_1_389' title='bbox 2150 567 2223 590; x_wconf 79' lang='lat' dir='ltr'>con-</span> 
     </span>
     <span class='ocr_line' id='line_1_65' title="bbox 1243 597 2223 639; baseline 0.004 -11"><span class='ocrx_word' id='word_1_390' title='bbox 1243 597 1384 635; x_wconf 77' lang='lat' dir='ltr'>demnat,</span> <span class='ocrx_word' id='word_1_391' title='bbox 1407 598 1464 639; x_wconf 82' lang='lat' dir='ltr'>qui</span> <span class='ocrx_word' id='word_1_392' title='bbox 1483 608 1546 629; x_wconf 81' lang='lat' dir='ltr'>mm</span> <span class='ocrx_word' id='word_1_393' title='bbox 1569 599 1700 630; x_wconf 77' lang='lat' dir='ltr'>auditus</span> <span class='ocrx_word' id='word_1_394' title='bbox 1722 600 1792 630; x_wconf 81' lang='lat' dir='ltr'>est?</span> <span class='ocrx_word' id='word_1_395' title='bbox 1836 598 1905 631; x_wconf 89' lang='lat' dir='ltr'>loh.</span> <span class='ocrx_word' id='word_1_396' title='bbox 1928 600 1960 630; x_wconf 87' lang='lat'>7.</span> <span class='ocrx_word' id='word_1_397' title='bbox 2005 600 2084 632; x_wconf 89' lang='lat' dir='ltr'>ltem</span> <span class='ocrx_word' id='word_1_398' title='bbox 2105 600 2137 632; x_wconf 83' lang='lat'>2.</span> <span class='ocrx_word' id='word_1_399' title='bbox 2162 600 2223 633; x_wconf 82' lang='lat' dir='ltr'>Pa-</span> 
     </span>
     <span class='ocr_line' id='line_1_66' title="bbox 1243 639 2223 683; baseline 0.005 -13"><span class='ocrx_word' id='word_1_400' title='bbox 1243 639 1304 671; x_wconf 89' lang='lat' dir='ltr'>ral.</span> <span class='ocrx_word' id='word_1_401' title='bbox 1331 639 1381 671; x_wconf 81' lang='lat'>19.</span> <span class='ocrx_word' id='word_1_402' title='bbox 1433 639 1544 672; x_wconf 79' lang='lat' dir='ltr'>Videte</span> <span class='ocrx_word' id='word_1_403' title='bbox 1565 641 1644 683; x_wconf 82' lang='lat' dir='ltr'>quid</span> <span class='ocrx_word' id='word_1_404' title='bbox 1661 639 1817 681; x_wconf 60' lang='lat' dir='ltr'>satiatis,</span> <span class='ocrx_word' id='word_1_405' title='bbox 1846 641 1922 673; x_wconf 80' lang='lat' dir='ltr'>Non</span> <span class='ocrx_word' id='word_1_406' title='bbox 1940 643 2075 675; x_wconf 79' lang='lat' dir='ltr'>honn&#39;nis</span> <span class='ocrx_word' id='word_1_407' title='bbox 2097 653 2223 676; x_wconf 68' lang='lat' dir='ltr'>exerce·</span> 
     </span>
     <span class='ocr_line' id='line_1_67' title="bbox 1244 683 2223 722; baseline 0.005 -9"><span class='ocrx_word' id='word_1_408' title='bbox 1244 683 1286 714; x_wconf 78' lang='lat' dir='ltr'>tis</span> <span class='ocrx_word' id='word_1_409' title='bbox 1322 683 1493 722; x_wconf 79' lang='lat' dir='ltr'>iudicium,</span> <span class='ocrx_word' id='word_1_410' title='bbox 1529 685 1587 715; x_wconf 82' lang='lat' dir='ltr'>sed</span> <span class='ocrx_word' id='word_1_411' title='bbox 1622 684 1692 715; x_wconf 79' lang='lat' dir='ltr'>Dei.</span> <span class='ocrx_word' id='word_1_412' title='bbox 1750 684 1802 716; x_wconf 78' lang='lat' dir='ltr'>Sit</span> <span class='ocrx_word' id='word_1_413' title='bbox 1832 686 1927 717; x_wconf 73' lang='lat' dir='ltr'>timor</span> <span class='ocrx_word' id='word_1_414' title='bbox 1956 685 2023 717; x_wconf 82' lang='lat' dir='ltr'>Dei</span> <span class='ocrx_word' id='word_1_415' title='bbox 2053 687 2223 718; x_wconf 78' lang='lat' dir='ltr'>vobiscum.</span> 
     </span>
     <span class='ocr_line' id='line_1_68' title="bbox 1244 724 1636 767; baseline 0.005 -10"><span class='ocrx_word' id='word_1_416' title='bbox 1244 724 1458 758; x_wconf 59' lang='lat' dir='ltr'>C&#39;mzsidmate</span> <span class='ocrx_word' id='word_1_417' title='bbox 1475 730 1506 758; x_wconf 80' lang='lat' dir='ltr'>et</span> <span class='ocrx_word' id='word_1_418' title='bbox 1523 725 1636 767; x_wconf 68' lang='lat' dir='ltr'>facite</span> 
     </span>
    </p>
   </div>
   <div class='ocr_carea' id='block_1_13' title="bbox 1412 887 2049 923">
    <p class='ocr_par' dir='ltr' id='par_1_24' title="bbox 1412 887 2049 923">
     <span class='ocr_line' id='line_1_69' title="bbox 1412 887 2049 923; baseline 0.006 -4"><span class='ocrx_word' id='word_1_419' title='bbox 1412 887 1632 920; x_wconf 83' lang='lat' dir='ltr'>DOMlNlCA</span> <span class='ocrx_word' id='word_1_420' title='bbox 1661 888 2049 923; x_wconf 81' lang='lat' dir='ltr'>SEPTUAGESIMAE.</span> 
     </span>
    </p>
   </div>
   <div class='ocr_carea' id='block_1_14' title="bbox 1462 1007 2003 1051">
    <p class='ocr_par' dir='ltr' id='par_1_25' title="bbox 1462 1007 2003 1051">
     <span class='ocr_line' id='line_1_70' title="bbox 1462 1007 2003 1051; baseline 0.002 -11"><span class='ocrx_word' id='word_1_421' title='bbox 1462 1007 1740 1051; x_wconf 84' lang='lat' dir='ltr'>Evangelium</span> <span class='ocrx_word' id='word_1_422' title='bbox 1773 1009 1917 1042; x_wconf 87' lang='lat' dir='ltr'>Matth.</span> <span class='ocrx_word' id='word_1_423' title='bbox 1945 1010 2003 1042; x_wconf 76' lang='lat'>20.</span> 
     </span>
    </p>
   </div>
   <div class='ocr_carea' id='block_1_15' title="bbox 1330 1135 2136 1228">
    <p class='ocr_par' dir='ltr' id='par_1_26' title="bbox 1330 1135 2136 1228">
     <span class='ocr_line' id='line_1_71' title="bbox 1330 1135 2136 1180; baseline 0.004 -13"><span class='ocrx_word' id='word_1_424' title='bbox 1330 1135 1442 1168; x_wconf 79' lang='lat' dir='ltr'>Simile</span> <span class='ocrx_word' id='word_1_425' title='bbox 1471 1141 1518 1168; x_wconf 70' lang='lat' dir='ltr'>est</span> <span class='ocrx_word' id='word_1_426' title='bbox 1541 1147 1674 1179; x_wconf 64' lang='lat' dir='ltr'>regmum</span> <span class='ocrx_word' id='word_1_427' title='bbox 1704 1140 1863 1170; x_wconf 72' lang='lat' dir='ltr'>coelorum</span> <span class='ocrx_word' id='word_1_428' title='bbox 1891 1138 2012 1170; x_wconf 63' lang='lat' dir='ltr'>homini·</span> <span class='ocrx_word' id='word_1_429' title='bbox 2031 1142 2136 1180; x_wconf 67' lang='lat' dir='ltr'>putri·</span> 
     </span>
     <span class='ocr_line' id='line_1_72' title="bbox 1607 1187 1848 1228; baseline 0.004 -8"><span class='ocrx_word' id='word_1_430' title='bbox 1607 1187 1766 1228; x_wconf 72' lang='lat' dir='ltr'>familias,</span> <span class='ocrx_word' id='word_1_431' title='bbox 1791 1194 1848 1221; x_wconf 78' lang='lat' dir='ltr'>etc.</span> 
     </span>
    </p>
   </div>
   <div class='ocr_carea' id='block_1_16' title="bbox 1244 1281 2229 2143">
    <p class='ocr_par' dir='ltr' id='par_1_27' title="bbox 1244 1281 2229 2143">
     <span class='ocr_line' id='line_1_73' title="bbox 1331 1281 2227 1325; baseline 0.003 -12"><span class='ocrx_word' id='word_1_432' title='bbox 1331 1281 1476 1324; x_wconf 84' lang='lat' dir='ltr'>Magnae</span> <span class='ocrx_word' id='word_1_433' title='bbox 1499 1289 1575 1314; x_wconf 88' lang='lat' dir='ltr'>sunt</span> <span class='ocrx_word' id='word_1_434' title='bbox 1592 1283 1834 1325; x_wconf 80' lang='lat' dir='ltr'>disputationes</span> <span class='ocrx_word' id='word_1_435' title='bbox 1858 1284 1899 1315; x_wconf 86' lang='lat' dir='ltr'>de</span> <span class='ocrx_word' id='word_1_436' title='bbox 1921 1285 1984 1315; x_wconf 82' lang='lat' dir='ltr'>isto</span> <span class='ocrx_word' id='word_1_437' title='bbox 2007 1289 2112 1316; x_wconf 84' lang='lat' dir='ltr'>textu.</span> <span class='ocrx_word' id='word_1_438' title='bbox 2157 1283 2227 1316; x_wconf 87' lang='lat' dir='ltr'>Sed</span> 
     </span>
     <span class='ocr_line' id='line_1_74' title="bbox 1244 1325 2227 1368; baseline 0.003 -12"><span class='ocrx_word' id='word_1_439' title='bbox 1244 1335 1312 1356; x_wconf 90' lang='lat' dir='ltr'>non</span> <span class='ocrx_word' id='word_1_440' title='bbox 1335 1335 1419 1366; x_wconf 88' lang='lat' dir='ltr'>opus</span> <span class='ocrx_word' id='word_1_441' title='bbox 1443 1332 1495 1357; x_wconf 90' lang='lat' dir='ltr'>est</span> <span class='ocrx_word' id='word_1_442' title='bbox 1521 1327 1660 1368; x_wconf 88' lang='lat' dir='ltr'>argutiis</span> <span class='ocrx_word' id='word_1_443' title='bbox 1687 1325 1852 1358; x_wconf 84' lang='lat' dir='ltr'>illalarum</span> <span class='ocrx_word' id='word_1_444' title='bbox 1887 1327 2164 1367; x_wconf 81' lang='lat' dir='ltr'>disputationum,</span> <span class='ocrx_word' id='word_1_445' title='bbox 2197 1327 2227 1359; x_wconf 86' lang='lat' dir='ltr'>si</span> 
     </span>
     <span class='ocr_line' id='line_1_75' title="bbox 1245 1366 2229 1410; baseline 0.003 -12"><span class='ocrx_word' id='word_1_446' title='bbox 1245 1366 1399 1399; x_wconf 90' lang='lat' dir='ltr'>volumus</span> <span class='ocrx_word' id='word_1_447' title='bbox 1423 1377 1586 1409; x_wconf 88' lang='lat' dir='ltr'>quaerere</span> <span class='ocrx_word' id='word_1_448' title='bbox 1611 1370 1792 1407; x_wconf 84' lang='lat' dir='ltr'>veritatem,</span> <span class='ocrx_word' id='word_1_449' title='bbox 1817 1375 1847 1400; x_wconf 91' lang='lat' dir='ltr'>et</span> <span class='ocrx_word' id='word_1_450' title='bbox 1871 1379 1910 1400; x_wconf 89' lang='lat' dir='ltr'>ea</span> <span class='ocrx_word' id='word_1_451' title='bbox 1926 1379 2012 1410; x_wconf 85' lang='lat' dir='ltr'>quae</span> <span class='ocrx_word' id='word_1_452' title='bbox 2035 1370 2229 1402; x_wconf 83' lang='lat' dir='ltr'>conducunt</span> 
     </span>
     <span class='ocr_line' id='line_1_76' title="bbox 1246 1410 2228 1451; baseline 0.003 -10"><span class='ocrx_word' id='word_1_453' title='bbox 1246 1411 1288 1442; x_wconf 85' lang='lat' dir='ltr'>ad</span> <span class='ocrx_word' id='word_1_454' title='bbox 1311 1410 1593 1449; x_wconf 84' lang='lat' dir='ltr'>aedificationem,</span> <span class='ocrx_word' id='word_1_455' title='bbox 1623 1412 1656 1442; x_wconf 90' lang='lat' dir='ltr'>id</span> <span class='ocrx_word' id='word_1_456' title='bbox 1680 1418 1748 1450; x_wconf 88' lang='lat' dir='ltr'>est,</span> <span class='ocrx_word' id='word_1_457' title='bbox 1781 1412 1824 1442; x_wconf 88' lang='lat' dir='ltr'>ad</span> <span class='ocrx_word' id='word_1_458' title='bbox 1846 1412 1995 1444; x_wconf 88' lang='lat' dir='ltr'>timorem</span> <span class='ocrx_word' id='word_1_459' title='bbox 2018 1411 2100 1451; x_wconf 89' lang='lat' dir='ltr'>Dei,</span> <span class='ocrx_word' id='word_1_460' title='bbox 2133 1417 2166 1444; x_wconf 80' lang='lat' dir='ltr'>et</span> <span class='ocrx_word' id='word_1_461' title='bbox 2184 1412 2228 1444; x_wconf 76' lang='lat' dir='ltr'>ad</span> 
     </span>
     <span class='ocr_line' id='line_1_77' title="bbox 1245 1453 2227 1497; baseline 0 -12"><span class='ocrx_word' id='word_1_462' title='bbox 1245 1453 1356 1492; x_wconf 88' lang='lat' dir='ltr'>fidem,</span> <span class='ocrx_word' id='word_1_463' title='bbox 1378 1460 1412 1485; x_wconf 89' lang='lat' dir='ltr'>et</span> <span class='ocrx_word' id='word_1_464' title='bbox 1442 1460 1594 1485; x_wconf 88' lang='lat' dir='ltr'>caeteras</span> <span class='ocrx_word' id='word_1_465' title='bbox 1627 1454 1778 1486; x_wconf 77' lang='lat' dir='ltr'>virtutes.</span> <span class='ocrx_word' id='word_1_466' title='bbox 1833 1453 1930 1485; x_wconf 86' lang='lat' dir='ltr'>Multi</span> <span class='ocrx_word' id='word_1_467' title='bbox 1961 1453 2136 1497; x_wconf 84' lang='lat' dir='ltr'>negligunt</span> <span class='ocrx_word' id='word_1_468' title='bbox 2158 1453 2227 1494; x_wconf 85' lang='lat' dir='ltr'>illa,</span> 
     </span>
     <span class='ocr_line' id='line_1_78' title="bbox 1246 1496 2229 1540; baseline 0.002 -13"><span class='ocrx_word' id='word_1_469' title='bbox 1246 1507 1332 1538; x_wconf 85' lang='lat' dir='ltr'>quae</span> <span class='ocrx_word' id='word_1_470' title='bbox 1362 1502 1440 1528; x_wconf 84' lang='lat' dir='ltr'>sunt</span> <span class='ocrx_word' id='word_1_471' title='bbox 1468 1496 1680 1538; x_wconf 84' lang='lat' dir='ltr'>principalia:</span> <span class='ocrx_word' id='word_1_472' title='bbox 1716 1497 1848 1529; x_wconf 83' lang='lat' dir='ltr'>interim</span> <span class='ocrx_word' id='word_1_473' title='bbox 1882 1498 2017 1529; x_wconf 86' lang='lat' dir='ltr'>curiose</span> <span class='ocrx_word' id='word_1_474' title='bbox 2050 1497 2229 1540; x_wconf 85' lang='lat' dir='ltr'>inquirunt,</span> 
     </span>
     <span class='ocr_line' id='line_1_79' title="bbox 1246 1539 2228 1582; baseline 0.002 -12"><span class='ocrx_word' id='word_1_475' title='bbox 1246 1549 1332 1581; x_wconf 86' lang='lat' dir='ltr'>quae</span> <span class='ocrx_word' id='word_1_476' title='bbox 1365 1546 1441 1571; x_wconf 84' lang='lat' dir='ltr'>sunt</span> <span class='ocrx_word' id='word_1_477' title='bbox 1475 1541 1583 1571; x_wconf 90' lang='lat' dir='ltr'>minus</span> <span class='ocrx_word' id='word_1_478' title='bbox 1606 1539 1816 1582; x_wconf 83' lang='lat' dir='ltr'>principalia,</span> <span class='ocrx_word' id='word_1_479' title='bbox 1851 1541 1936 1571; x_wconf 86' lang='lat' dir='ltr'>sicut</span> <span class='ocrx_word' id='word_1_480' title='bbox 1964 1541 1997 1572; x_wconf 91' lang='lat' dir='ltr'>in</span> <span class='ocrx_word' id='word_1_481' title='bbox 2025 1540 2228 1579; x_wconf 85' lang='lat' dir='ltr'>universum,</span> 
     </span>
     <span class='ocr_line' id='line_1_80' title="bbox 1246 1583 2229 1625; baseline 0.002 -12"><span class='ocrx_word' id='word_1_482' title='bbox 1246 1593 1313 1614; x_wconf 91' lang='lat' dir='ltr'>non</span> <span class='ocrx_word' id='word_1_483' title='bbox 1335 1584 1435 1615; x_wconf 89' lang='lat' dir='ltr'>modo</span> <span class='ocrx_word' id='word_1_484' title='bbox 1458 1583 1491 1613; x_wconf 90' lang='lat' dir='ltr'>in</span> <span class='ocrx_word' id='word_1_485' title='bbox 1514 1583 1649 1621; x_wconf 85' lang='lat' dir='ltr'>studiis,</span> <span class='ocrx_word' id='word_1_486' title='bbox 1683 1583 1743 1615; x_wconf 85' lang='lat' dir='ltr'>sed</span> <span class='ocrx_word' id='word_1_487' title='bbox 1766 1584 1863 1615; x_wconf 83' lang='lat' dir='ltr'>etiam</span> <span class='ocrx_word' id='word_1_488' title='bbox 1886 1584 1919 1614; x_wconf 92' lang='lat' dir='ltr'>in</span> <span class='ocrx_word' id='word_1_489' title='bbox 1942 1585 2009 1615; x_wconf 57' lang='lat' dir='ltr'>zita</span> <span class='ocrx_word' id='word_1_490' title='bbox 2031 1583 2130 1625; x_wconf 82' lang='lat' dir='ltr'>plura</span> <span class='ocrx_word' id='word_1_491' title='bbox 2151 1589 2229 1615; x_wconf 86' lang='lat' dir='ltr'>sunt</span> 
     </span>
     <span class='ocr_line' id='line_1_81' title="bbox 1245 1625 2228 1668; baseline 0.003 -13"><span class='ocrx_word' id='word_1_492' title='bbox 1245 1625 1393 1667; x_wconf 78' lang='grc' dir='ltr'><em>πάρεργα,</em></span> <span class='ocrx_word' id='word_1_493' title='bbox 1418 1636 1516 1668; x_wconf 83' lang='lat' dir='ltr'>quam</span> <span class='ocrx_word' id='word_1_494' title='bbox 1539 1627 1622 1666; x_wconf 81' lang='grc' dir='ltr'><em>ἔργα.</em></span> <span class='ocrx_word' id='word_1_495' title='bbox 1667 1627 1803 1667; x_wconf 80' lang='grc' dir='ltr'><em>πάρεργα</em></span> <span class='ocrx_word' id='word_1_496' title='bbox 1826 1632 1919 1666; x_wconf 84' lang='lat' dir='ltr'>sunt,</span> <span class='ocrx_word' id='word_1_497' title='bbox 1950 1637 2037 1668; x_wconf 80' lang='lat' dir='ltr'>quae</span> <span class='ocrx_word' id='word_1_498' title='bbox 2067 1635 2228 1658; x_wconf 74' lang='lat' dir='ltr'>vocamus</span> 
     </span>
     <span class='ocr_line' id='line_1_82' title="bbox 1245 1667 2228 1711; baseline 0.001 -11"><span class='ocrx_word' id='word_1_499' title='bbox 1245 1669 1352 1700; x_wconf 68' lang='lat' dir='ltr'>minus</span> <span class='ocrx_word' id='word_1_500' title='bbox 1374 1667 1587 1710; x_wconf 83' lang='lat' dir='ltr'>principalia:</span> <span class='ocrx_word' id='word_1_501' title='bbox 1611 1670 1681 1710; x_wconf 80' lang='grc' dir='ltr'><em>ἔργα</em></span> <span class='ocrx_word' id='word_1_502' title='bbox 1703 1677 1780 1701; x_wconf 91' lang='lat' dir='ltr'>sunt</span> <span class='ocrx_word' id='word_1_503' title='bbox 1797 1668 2002 1711; x_wconf 71' lang='lat' dir='ltr'>principalia.</span> <span class='ocrx_word' id='word_1_504' title='bbox 2037 1668 2074 1700; x_wconf 83' lang='lat' dir='ltr'>ln</span> <span class='ocrx_word' id='word_1_505' title='bbox 2089 1669 2228 1711; x_wconf 85' lang='lat' dir='ltr'>picturis</span> 
     </span>
     <span class='ocr_line' id='line_1_83' title="bbox 1245 1711 2227 1754; baseline 0.001 -11"><span class='ocrx_word' id='word_1_506' title='bbox 1245 1712 1411 1743; x_wconf 88' lang='lat' dir='ltr'>adduntur</span> <span class='ocrx_word' id='word_1_507' title='bbox 1434 1713 1572 1754; x_wconf 78' lang='grc' dir='ltr'><em>πάρεργα</em></span> <span class='ocrx_word' id='word_1_508' title='bbox 1594 1719 1732 1754; x_wconf 87' lang='lat' dir='ltr'>propter</span> <span class='ocrx_word' id='word_1_509' title='bbox 1754 1718 1918 1744; x_wconf 85' lang='lat' dir='ltr'>ornatum.</span> <span class='ocrx_word' id='word_1_510' title='bbox 1965 1713 2017 1745; x_wconf 82' lang='lat' dir='ltr'>Ac</span> <span class='ocrx_word' id='word_1_511' title='bbox 2047 1722 2150 1754; x_wconf 85' lang='lat' dir='ltr'>saepe</span> <span class='ocrx_word' id='word_1_512' title='bbox 2179 1711 2227 1751; x_wconf 83' lang='lat' dir='ltr'>fit,</span> 
     </span>
     <span class='ocr_line' id='line_1_84' title="bbox 1246 1755 2228 1797; baseline 0.002 -12"><span class='ocrx_word' id='word_1_513' title='bbox 1246 1762 1280 1786; x_wconf 92' lang='lat' dir='ltr'>ut</span> <span class='ocrx_word' id='word_1_514' title='bbox 1305 1755 1500 1797; x_wconf 84' lang='lat' dir='ltr'>principalia</span> <span class='ocrx_word' id='word_1_515' title='bbox 1524 1755 1630 1786; x_wconf 87' lang='lat' dir='ltr'>minus</span> <span class='ocrx_word' id='word_1_516' title='bbox 1663 1757 1729 1787; x_wconf 87' lang='lat' dir='ltr'>sint</span> <span class='ocrx_word' id='word_1_517' title='bbox 1759 1762 1856 1797; x_wconf 82' lang='lat' dir='ltr'>grata</span> <span class='ocrx_word' id='word_1_518' title='bbox 1889 1758 1920 1788; x_wconf 89' lang='lat' dir='ltr'>in</span> <span class='ocrx_word' id='word_1_519' title='bbox 1940 1755 2098 1797; x_wconf 78' lang='lat' dir='ltr'>picturis,</span> <span class='ocrx_word' id='word_1_520' title='bbox 2129 1766 2228 1797; x_wconf 84' lang='lat' dir='ltr'>quam</span> 
     </span>
     <span class='ocr_line' id='line_1_85' title="bbox 1246 1797 2228 1840; baseline 0.002 -12"><span class='ocrx_word' id='word_1_521' title='bbox 1246 1798 1394 1840; x_wconf 75' lang='grc' dir='ltr'><em>πάρεργα.</em></span> <span class='ocrx_word' id='word_1_522' title='bbox 1442 1798 1489 1830; x_wconf 91' lang='lat' dir='ltr'>lta</span> <span class='ocrx_word' id='word_1_523' title='bbox 1512 1797 1548 1829; x_wconf 82' lang='lat' dir='ltr'>fit</span> <span class='ocrx_word' id='word_1_524' title='bbox 1581 1797 1701 1830; x_wconf 83' lang='lat' dir='ltr'>sercin</span> <span class='ocrx_word' id='word_1_525' title='bbox 1725 1800 1878 1830; x_wconf 86' lang='lat' dir='ltr'>omnibus</span> <span class='ocrx_word' id='word_1_526' title='bbox 1910 1799 2161 1837; x_wconf 77' lang='lat' dir='ltr'>vocationibus,</span> <span class='ocrx_word' id='word_1_527' title='bbox 2194 1805 2228 1830; x_wconf 85' lang='lat' dir='ltr'>et</span> 
     </span>
     <span class='ocr_line' id='line_1_86' title="bbox 1246 1840 2229 1883; baseline 0.001 -11"><span class='ocrx_word' id='word_1_528' title='bbox 1246 1842 1279 1872; x_wconf 89' lang='lat' dir='ltr'>iu</span> <span class='ocrx_word' id='word_1_529' title='bbox 1302 1847 1371 1873; x_wconf 84' lang='lat' dir='ltr'>tota</span> <span class='ocrx_word' id='word_1_530' title='bbox 1395 1842 1473 1873; x_wconf 75' lang='lat' dir='ltr'>vita.</span> <span class='ocrx_word' id='word_1_531' title='bbox 1518 1841 1677 1873; x_wconf 88' lang='lat' dir='ltr'>Homines</span> <span class='ocrx_word' id='word_1_532' title='bbox 1696 1840 1872 1883; x_wconf 86' lang='lat' dir='ltr'>plurimum</span> <span class='ocrx_word' id='word_1_533' title='bbox 1895 1841 2021 1873; x_wconf 87' lang='lat' dir='ltr'>laboris</span> <span class='ocrx_word' id='word_1_534' title='bbox 2050 1847 2083 1873; x_wconf 89' lang='lat' dir='ltr'>et</span> <span class='ocrx_word' id='word_1_535' title='bbox 2105 1850 2229 1883; x_wconf 85' lang='lat' dir='ltr'>operae</span> 
     </span>
     <span class='ocr_line' id='line_1_87' title="bbox 1247 1883 2229 1926; baseline 0.001 -11"><span class='ocrx_word' id='word_1_536' title='bbox 1247 1890 1373 1926; x_wconf 87' lang='lat' dir='ltr'>ponunt</span> <span class='ocrx_word' id='word_1_537' title='bbox 1409 1885 1442 1916; x_wconf 92' lang='lat' dir='ltr'>in</span> <span class='ocrx_word' id='word_1_538' title='bbox 1475 1894 1542 1916; x_wconf 90' lang='lat' dir='ltr'>non</span> <span class='ocrx_word' id='word_1_539' title='bbox 1585 1886 1798 1916; x_wconf 80' lang='lat' dir='ltr'>necessariis.</span> <span class='ocrx_word' id='word_1_540' title='bbox 1854 1883 1963 1916; x_wconf 79' lang='lat' dir='ltr'>Aulae</span> <span class='ocrx_word' id='word_1_541' title='bbox 1997 1890 2115 1916; x_wconf 86' lang='lat' dir='ltr'>curant</span> <span class='ocrx_word' id='word_1_542' title='bbox 2147 1894 2229 1917; x_wconf 85' lang='lat' dir='ltr'>suas</span> 
     </span>
     <span class='ocr_line' id='line_1_88' title="bbox 1246 1926 2229 1969; baseline 0.002 -11"><span class='ocrx_word' id='word_1_543' title='bbox 1246 1937 1385 1969; x_wconf 84' lang='lat' dir='ltr'>pompas</span> <span class='ocrx_word' id='word_1_544' title='bbox 1408 1928 1528 1969; x_wconf 76' lang='lat' dir='ltr'>magis.</span> <span class='ocrx_word' id='word_1_545' title='bbox 1551 1938 1649 1969; x_wconf 84' lang='lat' dir='ltr'>quam</span> <span class='ocrx_word' id='word_1_546' title='bbox 1674 1927 1871 1959; x_wconf 81' lang='lat' dir='ltr'>Ecclesiam.</span> <span class='ocrx_word' id='word_1_547' title='bbox 1919 1927 1953 1959; x_wconf 89' lang='lat' dir='ltr'>ln</span> <span class='ocrx_word' id='word_1_548' title='bbox 1977 1926 2108 1959; x_wconf 84' lang='lat' dir='ltr'>familiis</span> <span class='ocrx_word' id='word_1_549' title='bbox 2131 1928 2229 1960; x_wconf 77' lang='lat' dir='ltr'>etiam</span> 
     </span>
     <span class='ocr_line' id='line_1_89' title="bbox 1247 1971 2229 2013; baseline 0.002 -12"><span class='ocrx_word' id='word_1_550' title='bbox 1247 1971 1384 2012; x_wconf 84' lang='lat' dir='ltr'>privatis</span> <span class='ocrx_word' id='word_1_551' title='bbox 1413 1971 1518 2013; x_wconf 81' lang='lat' dir='ltr'>magis</span> <span class='ocrx_word' id='word_1_552' title='bbox 1543 1977 1660 2002; x_wconf 87' lang='lat' dir='ltr'>curant</span> <span class='ocrx_word' id='word_1_553' title='bbox 1695 1971 1862 2010; x_wconf 86' lang='lat' dir='ltr'>homines,</span> <span class='ocrx_word' id='word_1_554' title='bbox 1918 1981 1981 2003; x_wconf 87' lang='lat' dir='ltr'>uae</span> <span class='ocrx_word' id='word_1_555' title='bbox 2011 1972 2054 2003; x_wconf 81' lang='lat' dir='ltr'>ad</span> <span class='ocrx_word' id='word_1_556' title='bbox 2076 1980 2229 2013; x_wconf 82' lang='lat' dir='ltr'>pompam</span> 
     </span>
     <span class='ocr_line' id='line_1_90' title="bbox 1247 2013 2229 2057; baseline 0.001 -12"><span class='ocrx_word' id='word_1_557' title='bbox 1247 2021 1277 2045; x_wconf 90' lang='lat' dir='ltr'>et</span> <span class='ocrx_word' id='word_1_558' title='bbox 1301 2013 1513 2056; x_wconf 79' lang='lat' dir='ltr'>splendorem</span> <span class='ocrx_word' id='word_1_559' title='bbox 1537 2013 1673 2052; x_wconf 82' lang='lat' dir='ltr'>faciunt,</span> <span class='ocrx_word' id='word_1_560' title='bbox 1696 2015 1824 2047; x_wconf 83' lang='lat' dir='ltr'>interim</span> <span class='ocrx_word' id='word_1_561' title='bbox 1837 2024 1905 2057; x_wconf 73' lang='lat' dir='ltr'>neg</span> <span class='ocrx_word' id='word_1_562' title='bbox 1920 2015 2013 2056; x_wconf 84' lang='lat' dir='ltr'>igunt</span> <span class='ocrx_word' id='word_1_563' title='bbox 2033 2013 2099 2046; x_wconf 77' lang='lat' dir='ltr'>alia</span> <span class='ocrx_word' id='word_1_564' title='bbox 2112 2024 2229 2046; x_wconf 84' lang='lat' dir='ltr'>neces-</span> 
     </span>
     <span class='ocr_line' id='line_1_91' title="bbox 1246 2057 2229 2090; baseline 0 -1"><span class='ocrx_word' id='word_1_565' title='bbox 1246 2058 1346 2089; x_wconf 86' lang='lat' dir='ltr'>saria.</span> <span class='ocrx_word' id='word_1_566' title='bbox 1392 2057 1427 2088; x_wconf 95' lang='lat' dir='ltr'>ln</span> <span class='ocrx_word' id='word_1_567' title='bbox 1450 2058 1568 2088; x_wconf 86' lang='lat' dir='ltr'>studiis</span> <span class='ocrx_word' id='word_1_568' title='bbox 1592 2057 1627 2089; x_wconf 79' lang='lat' dir='ltr'>tit</span> <span class='ocrx_word' id='word_1_569' title='bbox 1650 2057 1811 2090; x_wconf 85' lang='lat' dir='ltr'>similiter.</span> <span class='ocrx_word' id='word_1_570' title='bbox 1857 2058 1922 2090; x_wconf 88' lang='lat' dir='ltr'>Sed</span> <span class='ocrx_word' id='word_1_571' title='bbox 1944 2057 2125 2090; x_wconf 84' lang='lat' dir='ltr'>revocandi</span> <span class='ocrx_word' id='word_1_572' title='bbox 2151 2063 2229 2090; x_wconf 74' lang='lat' dir='ltr'>eunt</span> 
     </span>
     <span class='ocr_line' id='line_1_92' title="bbox 1246 2101 1636 2143; baseline 0 -11"><span class='ocrx_word' id='word_1_573' title='bbox 1246 2101 1344 2132; x_wconf 85' lang='lat' dir='ltr'>animi</span> <span class='ocrx_word' id='word_1_574' title='bbox 1367 2101 1408 2132; x_wconf 85' lang='lat' dir='ltr'>ad</span> <span class='ocrx_word' id='word_1_575' title='bbox 1431 2101 1636 2143; x_wconf 69' lang='lat' dir='ltr'>principalia.</span> 
     </span>
    </p>
   </div>
   <div class='ocr_carea' id='block_1_17' title="bbox 1246 2266 2228 2386">
    <p class='ocr_par' dir='ltr' id='par_1_28' title="bbox 1246 2266 2228 2386">
     <span class='ocr_line' id='line_1_93' title="bbox 1246 2266 2228 2323; baseline 0.001 -16"><span class='ocrx_word' id='word_1_576' title='bbox 1246 2266 1310 2307; x_wconf 87' lang='lat' dir='ltr'>De</span> <span class='ocrx_word' id='word_1_577' title='bbox 1342 2268 1471 2322; x_wconf 86' lang='lat' dir='ltr'>primo</span> <span class='ocrx_word' id='word_1_578' title='bbox 1503 2275 1545 2308; x_wconf 83' lang='lat' dir='ltr'>et</span> <span class='ocrx_word' id='word_1_579' title='bbox 1576 2268 1782 2323; x_wconf 85' lang='lat' dir='ltr'>principali</span> <span class='ocrx_word' id='word_1_580' title='bbox 1813 2267 1912 2315; x_wconf 84' lang='lat' dir='ltr'>loco,</span> <span class='ocrx_word' id='word_1_581' title='bbox 1944 2267 2142 2308; x_wconf 86' lang='lat' dir='ltr'>sumendo</span> <span class='ocrx_word' id='word_1_582' title='bbox 2174 2281 2228 2308; x_wconf 85' lang='lat' dir='ltr'>ex</span> 
     </span>
     <span class='ocr_line' id='line_1_94' title="bbox 1620 2345 1857 2386; baseline -0.004 -1"><span class='ocrx_word' id='word_1_583' title='bbox 1620 2345 1697 2386; x_wconf 88' lang='lat' dir='ltr'>hoc</span> <span class='ocrx_word' id='word_1_584' title='bbox 1728 2352 1857 2386; x_wconf 79' lang='lat' dir='ltr'>textu.</span> 
     </span>
    </p>
   </div>
   <div class='ocr_carea' id='block_1_18' title="bbox 1246 2442 2228 2661">
    <p class='ocr_par' dir='ltr' id='par_1_29' title="bbox 1246 2442 2228 2573">
     <span class='ocr_line' id='line_1_95' title="bbox 1333 2442 2228 2487; baseline 0.004 -14"><span class='ocrx_word' id='word_1_585' title='bbox 1333 2445 1469 2476; x_wconf 87' lang='lat' dir='ltr'>Summa</span> <span class='ocrx_word' id='word_1_586' title='bbox 1503 2445 1599 2477; x_wconf 77' lang='lat' dir='ltr'>liuius</span> <span class='ocrx_word' id='word_1_587' title='bbox 1628 2443 1802 2487; x_wconf 73' lang='lat' dir='ltr'>Evangelii</span> <span class='ocrx_word' id='word_1_588' title='bbox 1837 2451 1901 2477; x_wconf 86' lang='lat' dir='ltr'>est.</span> <span class='ocrx_word' id='word_1_589' title='bbox 1955 2444 2101 2476; x_wconf 81' lang='lat' dir='ltr'>Minatur</span> <span class='ocrx_word' id='word_1_590' title='bbox 2131 2442 2228 2477; x_wconf 68' lang='lat' dir='ltr'>Dent</span> 
     </span>
     <span class='ocr_line' id='line_1_96' title="bbox 1246 2485 2228 2532; baseline 0.001 -13"><span class='ocrx_word' id='word_1_591' title='bbox 1246 2489 1399 2530; x_wconf 81' lang='lat' dir='ltr'>superbis</span> <span class='ocrx_word' id='word_1_592' title='bbox 1429 2495 1461 2520; x_wconf 86' lang='lat' dir='ltr'>et</span> <span class='ocrx_word' id='word_1_593' title='bbox 1491 2489 1632 2532; x_wconf 76' lang='lat' dir='ltr'>ingratis</span> <span class='ocrx_word' id='word_1_594' title='bbox 1665 2488 1859 2520; x_wconf 88' lang='lat' dir='ltr'>eiectionem</span> <span class='ocrx_word' id='word_1_595' title='bbox 1893 2497 1935 2520; x_wconf 78' lang='lat' dir='ltr'>ex</span> <span class='ocrx_word' id='word_1_596' title='bbox 1967 2486 2133 2520; x_wconf 73' lang='lat' dir='ltr'>Ecclesia.</span> <span class='ocrx_word' id='word_1_597' title='bbox 2184 2485 2228 2520; x_wconf 69' lang='grc' dir='ltr'>ΕΙ</span> 
     </span>
     <span class='ocr_line' id='line_1_97' title="bbox 1247 2529 2076 2573; baseline -0.001 -10"><span class='ocrx_word' id='word_1_598' title='bbox 1247 2533 1398 2573; x_wconf 76' lang='lat' dir='ltr'>congruit</span> <span class='ocrx_word' id='word_1_599' title='bbox 1423 2531 1505 2564; x_wconf 88' lang='lat' dir='ltr'>haec</span> <span class='ocrx_word' id='word_1_600' title='bbox 1529 2533 1681 2563; x_wconf 85' lang='lat' dir='ltr'>doctrina</span> <span class='ocrx_word' id='word_1_601' title='bbox 1705 2542 1778 2564; x_wconf 80' lang='lat' dir='ltr'>cum</span> <span class='ocrx_word' id='word_1_602' title='bbox 1801 2532 1906 2572; x_wconf 87' lang='lat' dir='ltr'>primo</span> <span class='ocrx_word' id='word_1_603' title='bbox 1930 2529 2076 2563; x_wconf 81' lang='lat' dir='ltr'>Psalmo.</span> 
     </span>
    </p>

    <p class='ocr_par' dir='ltr' id='par_1_30' title="bbox 1247 2572 2227 2661">
     <span class='ocr_line' id='line_1_98' title="bbox 1333 2572 2227 2617; baseline 0.001 -12"><span class='ocrx_word' id='word_1_604' title='bbox 1333 2574 1404 2606; x_wconf 77' lang='lat' dir='ltr'>Etsi</span> <span class='ocrx_word' id='word_1_605' title='bbox 1428 2577 1513 2607; x_wconf 88' lang='lat' dir='ltr'>enim</span> <span class='ocrx_word' id='word_1_606' title='bbox 1536 2575 1744 2617; x_wconf 83' lang='lat' dir='ltr'>potissimum</span> <span class='ocrx_word' id='word_1_607' title='bbox 1767 2573 1914 2617; x_wconf 82' lang='lat' dir='ltr'>loquitur</span> <span class='ocrx_word' id='word_1_608' title='bbox 1931 2573 2085 2606; x_wconf 69' lang='lat' dir='ltr'>christus</span> <span class='ocrx_word' id='word_1_609' title='bbox 2107 2572 2163 2606; x_wconf 71' lang='lat' dir='ltr'>uo</span> <span class='ocrx_word' id='word_1_610' title='bbox 2185 2573 2227 2606; x_wconf 82' lang='lat' dir='ltr'>de</span> 
     </span>
     <span class='ocr_line' id='line_1_99' title="bbox 1247 2616 2226 2661; baseline 0 -11"><span class='ocrx_word' id='word_1_611' title='bbox 1247 2616 1412 2651; x_wconf 80' lang='lat' dir='ltr'>deletione</span> <span class='ocrx_word' id='word_1_612' title='bbox 1443 2617 1602 2651; x_wconf 83' lang='lat' dir='ltr'>Politicae</span> <span class='ocrx_word' id='word_1_613' title='bbox 1636 2618 1809 2657; x_wconf 72' lang='lat' dir='ltr'>ludaicae,</span> <span class='ocrx_word' id='word_1_614' title='bbox 1843 2623 1876 2650; x_wconf 82' lang='lat' dir='ltr'>et</span> <span class='ocrx_word' id='word_1_615' title='bbox 1898 2617 2060 2661; x_wconf 80' lang='lat' dir='ltr'>praedicit</span> <span class='ocrx_word' id='word_1_616' title='bbox 2082 2617 2226 2650; x_wconf 71' lang='lat' dir='ltr'>nini-t·-</span> 
     </span>
    </p>
   </div>
   <div class='ocr_carea' id='block_1_19' title="bbox 2270 0 2324 1455">
    <p class='ocr_par' dir='ltr' id='par_1_31' title="bbox 2270 0 2324 1455">
     <span class='ocr_line' id='line_1_100' title="bbox 2270 0 2324 1455; baseline 0 0"><span class='ocrx_word' id='word_1_617' title='bbox 2270 0 2324 1455; x_wconf 95' lang='lat' dir='ltr'> </span> 
     </span>
    </p>
   </div>
  </div>
 </body>
</html>
