2324 2958
51 207 116 241 601

54 301 219 344 publicum
241 300 462 332 ministerium.
506 296 588 330 Cum
613 297 822 328 invocatione
849 297 946 329 etiam
968 297 1023 328 de·
1047 298 1051 310 ¹

54 346 110 378 bet
132 345 305 376 coniuncta
328 352 404 374 esse
427 339 603 373 confessio.
1015 382 1022 389 ι

140 385 232 418 Haec
264 385 372 416 omnia
414 382 732 425 comprehenduntur
765 382 797 413 in
833 382 896 413 isto
931 382 1024 413 brevr

56 430 161 462 dicto:
190 428 309 458 Domus
337 438 414 461 mea,
437 430 482 456 est
504 426 610 456 domus
633 425 802 454 orationis:
826 424 860 455 id
882 430 945 462 est,
968 424 1024 455 do-

55 482 128 504 mus
161 470 339 506 ministerii,
372 468 623 510 praedicationis
657 467 762 505 verbi,
794 467 1024 509 invocationis,

56 520 89 546 et
111 511 342 545 confessionis.
377 511 566 554 Cogitemus
589 510 698 552 igitur,
720 510 807 551 quod
830 508 909 541 velit
929 508 1024 540 Deus

56 565 192 589 servare
203 564 418 596 congressuS,
440 560 471 585 et
483 562 622 594 agamus
634 553 663 584 ei
676 552 813 594 gratiaS,
836 552 924 593 quod
948 561 1024 582 con-

55 603 177 630 servat.
210 597 288 629 Ideo
307 603 416 628 autem
440 600 630 633 conservat,
658 601 694 626 ut
715 604 777 626 nos
804 594 1025 636 ingrediamur

55 638 188 672 inillam
201 640 344 677 domum,
369 649 522 670 venemur
533 637 756 674 ministerium,
775 638 940 668 discamus
952 646 1025 668 ver-

55 683 132 714 bum
143 681 218 720 Dei,
239 682 442 718 invocemus,
467 679 700 712 confiteamur:

142 723 176 755 ln
199 723 309 756 multis
339 723 478 764 antiquis
509 722 640 762 templis
664 722 729 753 hoc
753 722 873 752 dictum
897 721 1025 762 magnis

55 766 158 798 literis
182 765 380 807 insculptum
403 770 454 795 est
476 765 507 795 in
533 765 635 802 saxis,
660 774 760 805 supra
779 763 868 794 sores
890 761 1026 803 templo-

55 819 138 842 rum.
204 809 255 840 Ac
277 809 418 839 debebat
441 807 537 838 etiam
560 807 693 837 inscribi
718 806 876 837 aediliciis
895 804 1027 837 schola-

55 861 139 889 rum,
172 852 246 892 quia
268 849 404 881 scholae
437 856 512 880 sunt
537 859 614 890 pars
637 849 805 880 ministerii
828 847 961 890 publici,
995 853 1026 878 et

54 894 89 925 in
111 892 236 925 scholis
265 893 423 924 debemus
451 893 572 923 docere
605 898 637 923 et
671 892 800 923 discere
833 891 1027 927 doctrinam,
1050 902 1053 920 ι

738 202 956 236 POSTILLA
972 200 1366 233 NOELANTHONJANA.

55 941 89 967 et
110 935 288 977 adiungere
310 941 426 975 postea
448 935 702 966 invocationem.

140 976 209 1009 Sed
231 987 290 1009 cur
313 977 390 1008 dicit
413 976 466 1008 liic
489 976 640 1008 Christus
664 976 910 1013 sacerdotibus,
939 975 1027 1016 quod

53 1018 193 1052 fecerint
248 1018 440 1060 speluncam
490 1019 655 1051 latronum
709 1029 748 1050 ex
798 1019 896 1049 domo
940 1016 1027 1048 Dei?

55 1061 148 1093 Haec
171 1068 221 1093 est
242 1061 395 1103 profecto
415 1063 497 1094 dura
520 1063 636 1093 concio
650 1062 811 1093 adversus
835 1060 1025 1102 pontifices,

55 1113 165 1146 regeS‚
188 1105 438 1146 gubernatores,
461 1105 516 1146 qui
534 1115 622 1136 nunc
645 1105 740 1135 etiam
764 1108 927 1144 occupant
940 1103 1026 1133 bona

55 1145 304 1185 Ecclesiastica,
327 1158 388 1178 nec
411 1153 527 1178 curant
538 1147 760 1184 ministerium,
783 1146 848 1177 imo
870 1150 1027 1176 exercent

55 1190 260 1231 tyrannides,
283 1196 314 1221 et
337 1195 413 1221 sunt
436 1189 550 1220 hostes
573 1189 742 1221 doctrinae
760 1187 940 1230 Evangelii.

205 1336 268 1377 De
300 1337 426 1377 dicto:
459 1342 600 1381 Lapides
622 1341 805 1372 clamabunt.

138 1433 284 1466 Pertinet
304 1435 345 1465 ad
366 1434 618 1466 Grammaticam
640 1433 891 1476 explicationem
915 1435 1024 1473 etiam,

53 1477 153 1519 quod,
176 1487 249 1509 cum
272 1475 566 1517 reprehenderetur
583 1476 748 1515 Christus,
772 1478 847 1518 quia
869 1487 935 1509 non
948 1487 1023 1517 pro-

52 1518 190 1558 hiberet,
223 1529 289 1561 quo
312 1521 417 1551 minus
441 1519 534 1560 pueri
558 1526 714 1551 canerent
735 1520 768 1551 in
791 1519 929 1560 templo,
952 1521 1023 1561 ipse

52 1562 247 1603 respondet:
270 1562 336 1590 lmo
355 1563 382 1590 si
406 1563 559 1591 tacuerint
589 1564 652 1597 isti,
684 1562 807 1601 lapides
840 1562 1021 1594 clamabunt.

52 1603 235 1645 Significat,
269 1604 357 1644 quod
381 1603 475 1635 Deus
509 1604 585 1635 velit
619 1603 728 1646 aliqua
763 1605 946 1636 testimonia
969 1615 1023 1636 ex-

50 1652 142 1677 stare
153 1646 184 1677 in
197 1645 362 1683 Ecclesia,
387 1647 472 1678 sicut
491 1657 622 1687 semper
644 1646 753 1688 aliqua
775 1646 918 1686 fuerunt,
940 1646 1022 1679 alias
1047 1666 1050 1682 ,

52 1687 159 1729 plura,
183 1687 265 1719 alias
287 1690 455 1729 pauciora,
480 1695 512 1720 et
535 1690 563 1720 si
586 1699 647 1720 nos
671 1690 865 1720 desierimus
888 1689 942 1721 vel
965 1691 1021 1722 do-

53 1740 141 1769 cere,
163 1729 218 1762 vel
238 1731 360 1769 vivere,
384 1741 494 1762 tamen
517 1731 601 1763 alios
625 1733 778 1764 excitabit
800 1731 902 1764 Deus

139 1771 258 1804 Postea
282 1774 416 1815 opponit
437 1773 600 1806 Dominus
629 1775 725 1806 etiam
747 1774 812 1807 hoc
837 1776 957 1806 dictum
981 1785 1021 1806 ex

95 1814 199 1846 almo:
232 1815 286 1844 Ex
319 1826 370 1846 ore
402 1817 566 1855 infantimn
599 1821 628 1847 et
661 1817 839 1847 lactentium
858 1819 1023 1857 perfecisti

51 1824 173 1887 ffatim
196 1862 286 1888 tuam.
315 1858 418 1890 Recte
436 1860 564 1897 dicitur,
587 1860 776 1898 lactentium,
799 1861 874 1902 quia
896 1860 1020 1893 lactere

51 1905 103 1932 est
125 1901 282 1932 activum:
304 1907 350 1939 ut,
374 1908 477 1932 mater
491 1901 592 1934 lactat
615 1901 790 1941 infantem3
813 1904 872 1934 sed
897 1902 1021 1935 lactere

52 1947 104 1974 est
126 1942 287 1980 neutrale,
321 1941 429 1974 infans
463 1951 514 1975 est
546 1944 684 1976 lactens.
730 1945 765 1977 In
791 1945 931 1987 Virgilio
955 1953 1021 1978 est:

51 1984 217 2015 lactentes
239 1986 382 2025 stipulae.
407 1986 449 2017 Et
470 1988 556 2028 apud
578 1986 771 2020 Ciceronem
794 1988 925 2020 dicitur:
956 1988 1020 2019 Ro-

51 2026 147 2057 mulus
174 2027 304 2066 lactens,
323 2029 452 2067 fulmine
479 2031 559 2060 ictus
580 2034 635 2060 est.
679 2031 808 2063 Recitat
830 2031 873 2063 ibi
902 2031 1019 2064 Cicero

51 2070 255 2113 prodigium,
286 2071 373 2112 quod
397 2072 518 2103 accidit
540 2078 615 2104 ante
638 2071 758 2105 bellum
781 2073 878 2106 civile
902 2075 933 2106 in
956 2081 1021 2107 sta-

51 2119 107 2144 tua
129 2112 237 2153 lupae,
256 2115 318 2145 sub
342 2124 404 2155 qua
418 2113 576 2146 Romulus
594 2121 624 2146 et
641 2115 762 2147 Remus
784 2123 879 2148 erant
901 2128 1021 2159 sugen-

52 2161 112 2187 (οε.
162 2154 254 2187 lllam
286 2163 429 2187 statuam
460 2157 587 2189 disiecit
616 2155 749 2190 fulmen.
795 2159 1021 2201 Significatum

51 2203 103 2229 αἱ
125 2197 245 2230 bellum
270 2198 381 2237 civile,
412 2200 443 2230 id
477 2206 540 2238 est,
570 2200 741 2233 distractio
773 2201 840 2235 Iulii
873 2208 907 2234 et
930 2202 1021 2235 Pom-

50 2241 113 2281 peii
145 2251 345 2273 summorum
379 2243 580 2283 principum:
621 2243 707 2275 sicut
740 2245 888 2276 videmus
921 2244 1022 2278 multa

49 2283 197 2326 prodigia
218 2285 428 2326 praecedere,
452 2295 525 2316 cum
548 2285 702 2328 ingruunt
723 2286 892 2320 tumultus.

51 2413 161 2463 Quid
203 2429 300 2470 ergo
340 2417 574 2457 discendum
620 2424 682 2458 est
719 2433 772 2458 ex
809 2420 873 2459 illo
911 2421 1019 2461 dicto

129 2489 287 2542 Psalmi,
319 2494 428 2546 quod
461 2492 642 2534 Christus
673 2494 736 2534 hic
767 2495 938 2550 allegat?

139 2587 345 2631 Raepondeo.
402 2592 471 2623 Nos
513 2603 627 2624 omnes
665 2603 780 2626 sumus
812 2593 954 2627 infantes
987 2601 1019 2627 et

1979 204 2043 237 602

1074 295 1280 337 ignorantiae
1301 292 1500 334 multiplicis,
1523 301 1555 326 et
1577 301 1683 328 tamen
1697 295 1788 328 Deus
1813 296 1881 329 vult
1903 308 1965 330 nos
1987 298 2044 331 ha-

1076 338 1156 369 bere
1178 337 1268 369 initia
1280 336 1366 375 fidei,
1389 337 1621 376 invocationis,
1645 338 1876 378 confessionis,
1900 347 1931 372 et
1943 340 2043 373 habet

1075 380 1138 411 sibi
1161 386 1320 421 acceptos
1342 380 1428 411 istos
1452 378 1568 416 cultus,
1591 382 1690 412 vincit
1712 381 1907 421 Diabolum,
1931 383 2045 422 efficit,

1048 423 1050 432 '
1077 429 1110 454 ut
1128 422 1231 454 simus
1254 421 1412 453 salutaria
1445 432 1570 464 organa
1597 424 1694 454 nobis
1727 431 1759 455 et
1782 424 1863 456 aliis.
1908 426 2045 458 Etiamsi

1076 476 1190 507 parum
1213 463 1423 506 intelligimus
1447 465 1488 496 de
1510 466 1610 496 rebus
1640 466 1777 505 divinis,
1799 477 1912 499 sumus
1935 469 2046 501 admo-

1077 508 1152 539 dum
1174 506 1366 544 imbecilles,
1389 507 1478 548 quod
1505 508 1547 538 ad
1577 509 1813 549 cognitionem,
1842 517 1873 541 et
1896 511 2047 550 affectus,

1077 557 1109 581 et
1131 551 1278 582 actiones
1301 555 1433 581 nostras
1456 550 1586 581 attinet:
1608 557 1714 582 tamen
1731 551 1839 591 placet
1854 553 1926 585 Deo
1949 555 2046 585 etiam

1078 592 1203 624 clamor
1238 592 1457 630 infirmorum,
1498 593 1596 624 modo
1635 604 1700 624 non
1741 594 1842 625 simus
1874 595 2045 628 indociles.

1077 634 1176 666 Aliud
1198 641 1250 667 est
1272 635 1356 667 enim
1379 645 1455 666 esse
1488 634 1660 675 infirmum,
1691 635 1778 668 aliud
1812 637 1982 670 indocilem
2017 645 2047 671 et

1078 678 1220 719 impium.

1164 719 1313 751 lnfirmus
1335 719 1434 751 habet
1456 720 1545 751 initia
1569 721 1655 759 fidei,
1691 727 1722 752 et
1756 722 1796 752 de
1827 721 1891 752 hoc
1915 724 2045 754 dicitur:

1078 762 1164 791 Deus
1186 773 1251 791 eum
1272 764 1399 801 recepit.
1422 762 1593 795 Debemus
1610 774 1690 803 ergo
1715 764 1855 801 discere,
1879 765 2047 801 invocare,

1079 804 1239 842 confiteri,
1262 803 1382 847 singuli
1405 815 1467 836 suo
1482 805 1573 837 loco:
1598 812 1627 836 ct
1652 807 1684 836 in
1703 816 1840 844 summa,
1863 817 2048 849 agnoscere

1079 853 1108 877 et
1135 845 1244 878 colere
1267 847 1384 886 Deum,
1411 849 1538 879 etiamsi
1566 858 1631 879 non
1654 848 1878 891 intelligimus,
1907 857 2049 892 quantae

1079 889 1143 919 sint
1172 890 1254 920 istae
1278 900 1349 927 res,
1378 901 1462 932 quae
1485 891 1526 921 ad
1559 892 1756 932 agnitionem
1780 892 1842 923 Dei
1872 894 2048 933 pertinent:

1079 932 1170 963 Sicut
1193 941 1257 962 non
1282 933 1421 970 scimus,
1449 939 1573 974 quanta
1594 944 1648 965 res
1672 935 1726 972 sit,
1749 935 1837 976 quod
1861 935 1924 966 Dei
1945 935 2049 967 Filius

1079 976 1292 1015 assumpserit
1316 975 1489 1006 humanam
1512 982 1679 1015 naturam,
1709 985 1741 1008 et
1764 979 1851 1019 quod
1874 978 1968 1009 Deus
1992 989 2048 1010 vo-

1078 1015 1175 1048 luerit
1193 1016 1290 1048 talem
1315 1027 1392 1048 esse
1421 1018 1595 1050 victimam.
1641 1019 1825 1052 lntucamur
1847 1027 1954 1052 tamen
1978 1032 2049 1052 ver—

1080 1059 1155 1090 bum
1177 1058 1253 1096 Dei,
1275 1070 1498 1101 agnoscamus
1521 1060 1653 1099 Filium,
1677 1064 1859 1101 audiamus,
1882 1070 1914 1094 et
1936 1074 2049 1095 cerna-

1079 1111 1149 1133 mus
1173 1103 1367 1133 testimonia.
1412 1103 1503 1134 Haec
1531 1105 1648 1146 exigua
1670 1105 1759 1136 Initia
1786 1113 1818 1137 et
1840 1105 2049 1138 scintillulam

1079 1144 1153 1175 fidei
1177 1143 1323 1185 postulat
1357 1151 1389 1176 et
1422 1147 1582 1187 approbat
1611 1147 1721 1185 Deus3
1755 1159 1838 1190 quac
1874 1155 1922 1180 est
1953 1148 2049 1181 valde

1079 1186 1186 1219 dulcis
1211 1187 1408 1219 consolatio.

1163 1230 1272 1262 Simus
1295 1237 1403 1262 autem
1432 1241 1498 1262 non
1527 1238 1652 1264 tantum
1681 1232 1841 1272 infantes,
1870 1235 1929 1266 sed
1952 1236 2049 1267 etiam

1076 1271 1250 1311 lactentes,
1283 1273 1315 1304 id
1348 1279 1410 1312 est,
1444 1275 1549 1316 magis
1584 1277 1756 1318 magisque
1792 1277 1979 1316 doceamur,
2015 1287 2047 1309 et

1075 1315 1298 1357 proficiamuS‚
1321 1322 1353 1347 et
1373 1322 1408 1347 ut
1431 1317 1596 1358 possimus
1608 1319 1769 1359 proficere
1791 1319 1958 1360 paulatim,
1982 1320 2048 1352 ala-

1076 1369 1148 1389 mur
1171 1368 1254 1390 voce
1276 1359 1396 1398 divina,
1431 1361 1516 1392 sieut
1549 1359 1698 1393 infantuli
1732 1361 1864 1393 aluntur
1892 1364 2048 1396 uberibus

1076 1402 1198 1432 matris.

1161 1443 1253 1475 Haec
1286 1454 1326 1475 eo
1358 1443 1514 1476 libentius
1550 1446 1737 1478 consideret
1771 1448 1936 1487 iuventus,
1973 1449 2048 1490 quia

1075 1492 1186 1518 textus
1210 1485 1300 1517 clare
1321 1485 1466 1528 loquitur
1488 1489 1529 1519 de
1550 1489 1673 1529 pueris,
1697 1496 1727 1521 et
1742 1490 1894 1522 Christus
1917 1501 2049 1523 accom-

1075 1529 1186 1559 modat
1219 1529 1261 1559 ad
1294 1539 1427 1569 pueros.
1484 1530 1524 1561 Et
1553 1537 1729 1573 propterea
1769 1534 1874 1575 magis
1908 1535 2049 1566 amanda

1075 1577 1151 1602 sunt
1174 1572 1281 1602 studia
1304 1572 1472 1603 doctrinae
1496 1573 1536 1604 de
1568 1573 1654 1613 Deo,
1687 1581 1719 1607 et
1753 1577 1926 1607 excitanda
1960 1578 2048 1619 cogi-

1076 1614 1154 1644 tatio
1178 1619 1209 1644 ct
1231 1615 1397 1645 meditatio
1421 1616 1512 1646 verbi
1548 1616 1658 1656 diw'ni,
1693 1623 1725 1649 et
1750 1619 1936 1650 exercenda
1958 1619 2047 1651 invo-

1076 1657 1172 1687 catio.

1160 1698 1339 1730 Pontifices
1373 1705 1405 1730 et
1438 1701 1571 1732 scribae
1593 1710 1795 1735 murmurant
1830 1710 1944 1735 contra
1971 1715 2046 1736 can-

1074 1741 1181 1771 tiones
1205 1742 1285 1772 istas
1308 1752 1501 1783 puerorum:
1536 1744 1567 1774 id
1591 1750 1653 1782 est,
1688 1744 1779 1776 multi
1807 1753 1881 1778 sunt
1905 1747 1989 1788 impii
2015 1753 2045 1778 et

1074 1783 1174 1821 ἄθεοι,
1198 1785 1315 1825 quibus
1344 1784 1451 1823 dolet,
1481 1787 1570 1827 quod
1588 1787 1737 1818 doctrina
1761 1790 1872 1829 purior
1894 1796 1991 1821 sonet
2014 1791 2045 1821 in

1074 1825 1225 1858 Ecclesia
1248 1832 1280 1858 et
1303 1826 1442 1859 scholis:
1471 1829 1557 1860 sicut
1586 1840 1673 1861 nunc
1702 1832 1868 1863 ordinaria
1898 1839 2046 1873 potestas

1073 1875 1198 1910 pugnat
1219 1870 1382 1902 adversus
1407 1881 1482 1902 nos:
1507 1872 1574 1904 Sed
1593 1871 1849 1907 defendimur-nc
1873 1886 2046 1908 servamur

1073 1912 1237 1944 divinitus.

1164 2079 1294 2119 Locus
1326 2079 1555 2134 Principalis
1606 2082 1722 2123 hujus
1754 2083 1951 2124 historiae.

1158 2177 1204 2209 lta
1231 2177 1393 2210 hactenus
1427 2185 1553 2212 tantum
1582 2182 1794 2214 tractavimus
1824 2183 2044 2215 Grammatica

1074 2230 1113 2252 ex
1142 2220 1207 2252 hoe
1247 2227 1347 2253 textu.
1404 2221 1572 2264 Doctrina}
1613 2230 1720 2256 autem
1755 2225 1945 2265 principalis
1981 2231 2044 2265 est,

1074 2274 1133 2295 cur
1155 2262 1318 2296 Dominus
1340 2264 1481 2297 volucrit
1511 2266 1636 2308 ingredi
1660 2267 1691 2298 in
1714 2268 1829 2299 urbem
1852 2267 2042 2310 Hierosoly-

1072 2316 1155 2337 mam
1190 2317 1263 2339 cum
1297 2307 1457 2339 eiusmodi
1489 2319 1624 2350 pompa:
1656 2309 1742 2348 item,
1771 2309 1876 2351 qualis
1898 2310 1970 2343 Rex
2002 2312 2044 2343 sit

1072 2348 1243 2389 Christus,
1268 2355 1299 2382 et
1323 2349 1419 2392 quale
1441 2352 1484 2383 sit
1506 2352 1576 2384 eius
1599 2362 1746 2394 regnum.

1071 2398 1261 2434 gumentor:

1793 2353 1850 2385 Sic
1872 2354 1970 2396 igitur
1992 2365 2043 2386 ar-

1155 2451 1294 2492 Pompue
1316 2455 1420 2491 reyiae
1443 2464 1503 2483 non
1525 2453 1633 2484 decent
1652 2456 1903 2486 concionatores:

1155 2495 1224 2525 lxta
1247 2499 1292 2525 est
1311 2506 1428 2535 pompa
1450 2498 1550 2535 reyia:

1156 2537 1243 2578 Eryo
1266 2541 1327 2568 ista
1346 2549 1463 2577 pompa
1485 2549 1546 2568 non
1567 2539 1672 2569 decuit
1696 2539 1857 2571 Christum.

1155 2596 1228 2629 Fuit
1251 2597 1334 2629 haec
1357 2607 1485 2629 summa
1507 2608 1639 2640 pompa,-
1662 2609 1745 2641 quae
1768 2602 1873 2642 potuit
1894 2601 2040 2634 exhiberi

50 2629 221 2664 lactentes.
267 2634 386 2666 Sumus
411 2635 545 2673 infirmi,
569 2634 657 2676 pleni
680 2637 837 2675 sordium,
860 2637 1019 2677 inscitiae,
1071 2639 1101 2670 in
1125 2638 1189 2671 hac
1222 2641 1300 2678 vita,
1333 2641 1421 2681 quod
1455 2641 1550 2672 turba
1583 2642 1701 2683 prodiit
1724 2642 1866 2676 Domino
1900 2645 2040 2681 obviam.
