<?xml version="1.0" encoding="UTF-8"?>
<!DOCTYPE html PUBLIC "-//W3C//DTD XHTML 1.0 Transitional//EN"
    "http://www.w3.org/TR/xhtml1/DTD/xhtml1-transitional.dtd">
<html xmlns="http://www.w3.org/1999/xhtml" xml:lang="en" lang="en">
 <head>
  <title>
</title>
<meta http-equiv="Content-Type" content="text/html;charset=utf-8" />
  <meta name='ocr-system' content='tesseract 3.04.00' />
  <meta name='ocr-capabilities' content='ocr_page ocr_carea ocr_par ocr_line ocrx_word'/>
</head>
<body>
  <div class='ocr_page' id='page_1' title='image "./operaquaesupersu24melauoft/operaquaesupersu24melauoft_0096.png"; bbox 0 0 2324 2958; ppageno 0'>
   <div class='ocr_carea' id='block_1_1' title="bbox 188 184 250 216">
    <p class='ocr_par' dir='ltr' id='par_1_1' title="bbox 188 184 250 216">
     <span class='ocr_line' id='line_1_1' title="bbox 188 184 250 216; baseline 0 0"><span class='ocrx_word' id='word_1_1' title='bbox 188 184 250 216; x_wconf 86' lang='lat'><strong>139</strong></span> 
     </span>
    </p>
   </div>
   <div class='ocr_carea' id='block_1_2' title="bbox 186 278 1162 524">
    <p class='ocr_par' dir='ltr' id='par_1_2' title="bbox 186 278 1162 524">
     <span class='ocr_line' id='line_1_2' title="bbox 273 278 1162 320; baseline -0.001 -12"><span class='ocrx_word' id='word_1_2' title='bbox 273 278 348 309; x_wconf 77' lang='lat' dir='ltr'><strong>Dixi</strong></span> <span class='ocrx_word' id='word_1_3' title='bbox 373 278 413 309; x_wconf 91' lang='lat' dir='ltr'><strong>de</strong></span> <span class='ocrx_word' id='word_1_4' title='bbox 438 287 559 319; x_wconf 78' lang='lat' dir='ltr'>genere</span> <span class='ocrx_word' id='word_1_5' title='bbox 582 283 614 308; x_wconf 90' lang='lat' dir='ltr'><strong>et</strong></span> <span class='ocrx_word' id='word_1_6' title='bbox 637 284 736 310; x_wconf 85' lang='lat' dir='ltr'><strong>statu.</strong></span> <span class='ocrx_word' id='word_1_7' title='bbox 784 278 861 310; x_wconf 81' lang='lat' dir='ltr'><strong>inde</strong></span> <span class='ocrx_word' id='word_1_8' title='bbox 885 278 1021 320; x_wconf 79' lang='lat' dir='ltr'><strong>intelligi</strong></span> <span class='ocrx_word' id='word_1_9' title='bbox 1040 283 1162 319; x_wconf 84' lang='lat' dir='ltr'><strong>potest,</strong></span> 
     </span>
     <span class='ocr_line' id='line_1_3' title="bbox 189 320 1160 363; baseline -0.001 -12"><span class='ocrx_word' id='word_1_10' title='bbox 189 321 265 363; x_wconf 89' lang='lat' dir='ltr'><strong>quid</strong></span> <span class='ocrx_word' id='word_1_11' title='bbox 312 322 519 352; x_wconf 82' lang='lat' dir='ltr'><strong>contineatur</strong></span> <span class='ocrx_word' id='word_1_12' title='bbox 562 320 594 351; x_wconf 87' lang='lat' dir='ltr'><strong>in</strong></span> <span class='ocrx_word' id='word_1_13' title='bbox 640 320 705 352; x_wconf 89' lang='lat' dir='ltr'><strong>hoc</strong></span> <span class='ocrx_word' id='word_1_14' title='bbox 749 321 883 353; x_wconf 81' lang='lat' dir='ltr'>Psalmo</span> <span class='ocrx_word' id='word_1_15' title='bbox 928 320 1160 363; x_wconf 78' lang='lat' dir='ltr'><strong>principaliter.</strong></span> 
     </span>
     <span class='ocr_line' id='line_1_4' title="bbox 186 363 1162 402; baseline -0.003 -7"><span class='ocrx_word' id='word_1_16' title='bbox 186 365 307 395; x_wconf 73' lang='lat' dir='ltr'><strong>Postea</strong></span> <span class='ocrx_word' id='word_1_17' title='bbox 327 364 488 395; x_wconf 83' lang='lat' dir='ltr'><strong>accedunt</strong></span> <span class='ocrx_word' id='word_1_18' title='bbox 501 370 704 402; x_wconf 84' lang='lat' dir='ltr'><strong>ornamenta,</strong></span> <span class='ocrx_word' id='word_1_19' title='bbox 727 371 803 396; x_wconf 89' lang='lat' dir='ltr'><strong>sunt</strong></span> <span class='ocrx_word' id='word_1_20' title='bbox 821 364 994 396; x_wconf 76' lang='lat' dir='ltr'><strong>intermixti</strong></span> <span class='ocrx_word' id='word_1_21' title='bbox 1012 363 1162 400; x_wconf 80' lang='lat' dir='ltr'><strong>affectus,</strong></span> 
     </span>
     <span class='ocr_line' id='line_1_5' title="bbox 186 404 1160 439; baseline -0.004 -1"><span class='ocrx_word' id='word_1_22' title='bbox 186 408 316 439; x_wconf 82' lang='lat' dir='ltr'><strong>additae</strong></span> <span class='ocrx_word' id='word_1_23' title='bbox 336 404 672 438; x_wconf 76' lang='lat' dir='ltr'><strong>conmmnesactiones</strong></span> <span class='ocrx_word' id='word_1_24' title='bbox 696 408 738 438; x_wconf 88' lang='lat' dir='ltr'><strong>ad</strong></span> <span class='ocrx_word' id='word_1_25' title='bbox 761 406 902 439; x_wconf 84' lang='lat' dir='ltr'><strong>lectores</strong></span> <span class='ocrx_word' id='word_1_26' title='bbox 926 413 957 438; x_wconf 92' lang='lat' dir='ltr'><strong>et</strong></span> <span class='ocrx_word' id='word_1_27' title='bbox 977 407 1160 438; x_wconf 78' lang='lat' dir='ltr'><strong>auditores:</strong></span> 
     </span>
     <span class='ocr_line' id='line_1_6' title="bbox 186 449 1160 492; baseline -0.003 -11"><span class='ocrx_word' id='word_1_28' title='bbox 186 451 242 482; x_wconf 90' lang='lat' dir='ltr'><strong>Sic</strong></span> <span class='ocrx_word' id='word_1_29' title='bbox 286 451 369 480; x_wconf 86' lang='lat' dir='ltr'><strong>enim</strong></span> <span class='ocrx_word' id='word_1_30' title='bbox 401 449 509 480; x_wconf 78' lang='lat' dir='ltr'><strong>statim</strong></span> <span class='ocrx_word' id='word_1_31' title='bbox 548 449 674 481; x_wconf 82' lang='lat' dir='ltr'><strong>orditur</strong></span> <span class='ocrx_word' id='word_1_32' title='bbox 707 451 748 481; x_wconf 87' lang='lat' dir='ltr'><strong>ab</strong></span> <span class='ocrx_word' id='word_1_33' title='bbox 783 450 1011 492; x_wconf 82' lang='lat' dir='ltr'><strong>obiurgatione</strong></span> <span class='ocrx_word' id='word_1_34' title='bbox 1044 449 1160 479; x_wconf 83' lang='lat' dir='ltr'><strong>adver-</strong></span> 
     </span>
     <span class='ocr_line' id='line_1_7' title="bbox 187 503 358 524; baseline 0 -1"><span class='ocrx_word' id='word_1_35' title='bbox 187 503 358 524; x_wconf 77' lang='lat' dir='ltr'><strong>sariorum.</strong></span> 
     </span>
    </p>
   </div>
   <div class='ocr_carea' id='block_1_3' title="bbox 184 549 1160 712">
    <p class='ocr_par' dir='ltr' id='par_1_3' title="bbox 184 549 1160 712">
     <span class='ocr_line' id='line_1_8' title="bbox 252 549 1160 593; baseline -0.001 -12"><span class='ocrx_word' id='word_1_36' title='bbox 252 552 364 589; x_wconf 78' lang='lat' dir='ltr'><strong>Quare</strong></span> <span class='ocrx_word' id='word_1_37' title='bbox 378 549 581 590; x_wconf 54' lang='lat' dir='ltr'><strong>fremuerunt</strong></span> <span class='ocrx_word' id='word_1_38' title='bbox 601 556 722 593; x_wconf 61' lang='lat' dir='ltr'><strong>gentes,</strong></span> <span class='ocrx_word' id='word_1_39' title='bbox 742 556 771 583; x_wconf 78' lang='lat' dir='ltr'><strong>ct</strong></span> <span class='ocrx_word' id='word_1_40' title='bbox 788 552 902 593; x_wconf 77' lang='lat' dir='ltr'><strong>populi</strong></span> <span class='ocrx_word' id='word_1_41' title='bbox 921 551 1068 582; x_wconf 75' lang='lat' dir='ltr'><strong>meditati</strong></span> <span class='ocrx_word' id='word_1_42' title='bbox 1086 554 1160 581; x_wconf 79' lang='lat' dir='ltr'><strong>sunt</strong></span> 
     </span>
     <span class='ocr_line' id='line_1_9' title="bbox 185 595 1159 635; baseline -0.003 -9"><span class='ocrx_word' id='word_1_43' title='bbox 185 596 295 626; x_wconf 75' lang='lat' dir='ltr'><strong>inania</strong></span> <span class='ocrx_word' id='word_1_44' title='bbox 308 597 322 624; x_wconf 66' lang='grc' dir='ltr'><strong>ζ)</strong></span> <span class='ocrx_word' id='word_1_45' title='bbox 367 595 547 626; x_wconf 68' lang='lat' dir='ltr'><strong>Ast-&#39;tm-nnt</strong></span> <span class='ocrx_word' id='word_1_46' title='bbox 571 605 662 635; x_wconf 71' lang='lat' dir='ltr'><strong>reyes</strong></span> <span class='ocrx_word' id='word_1_47' title='bbox 690 599 814 633; x_wconf 69' lang='lat' dir='ltr'><strong>terrac,</strong></span> <span class='ocrx_word' id='word_1_48' title='bbox 848 600 876 625; x_wconf 78' lang='lat' dir='ltr'><strong>ct</strong></span> <span class='ocrx_word' id='word_1_49' title='bbox 899 595 1063 634; x_wconf 77' lang='lat' dir='ltr'><strong>Jn·1&#39;nci1ws</strong></span> <span class='ocrx_word' id='word_1_50' title='bbox 1086 602 1159 624; x_wconf 79' lang='lat' dir='ltr'><strong>con-</strong></span> 
     </span>
     <span class='ocr_line' id='line_1_10' title="bbox 184 636 1160 670; baseline -0.001 -1"><span class='ocrx_word' id='word_1_51' title='bbox 184 642 336 669; x_wconf 71' lang='lat' dir='ltr'><strong>rmwruul</strong></span> <span class='ocrx_word' id='word_1_52' title='bbox 357 638 388 667; x_wconf 78' lang='lat' dir='ltr'><strong>in</strong></span> <span class='ocrx_word' id='word_1_53' title='bbox 413 647 529 669; x_wconf 82' lang='lat' dir='ltr'><strong>unum:</strong></span> <span class='ocrx_word' id='word_1_54' title='bbox 556 639 719 670; x_wconf 46' lang='lat' dir='ltr'><strong>stat-ersus</strong></span> <span class='ocrx_word' id='word_1_55' title='bbox 747 638 915 669; x_wconf 70' lang='lat' dir='ltr'><strong>Dominum</strong></span> <span class='ocrx_word' id='word_1_56' title='bbox 949 641 977 667; x_wconf 82' lang='lat' dir='ltr'><strong>cc</strong></span> <span class='ocrx_word' id='word_1_57' title='bbox 1001 636 1160 668; x_wconf 64' lang='lat' dir='ltr'><strong>‹ulem-sus</strong></span> 
     </span>
     <span class='ocr_line' id='line_1_11' title="bbox 185 681 442 712; baseline -0.004 0"><span class='ocrx_word' id='word_1_58' title='bbox 185 681 347 712; x_wconf 72' lang='lat' dir='ltr'><strong>Clu-istmn</strong></span> <span class='ocrx_word' id='word_1_59' title='bbox 367 684 442 711; x_wconf 72' lang='lat' dir='ltr'><strong>clus.</strong></span> 
     </span>
    </p>
   </div>
   <div class='ocr_carea' id='block_1_4' title="bbox 178 746 1160 2689">
    <p class='ocr_par' dir='ltr' id='par_1_4' title="bbox 184 746 1160 958">
     <span class='ocr_line' id='line_1_12' title="bbox 270 746 1160 790; baseline -0.001 -10"><span class='ocrx_word' id='word_1_60' title='bbox 270 748 342 780; x_wconf 84' lang='lat' dir='ltr'><strong>Hoc</strong></span> <span class='ocrx_word' id='word_1_61' title='bbox 377 749 547 780; x_wconf 73' lang='lat' dir='ltr'><strong>exordium</strong></span> <span class='ocrx_word' id='word_1_62' title='bbox 576 755 737 790; x_wconf 87' lang='lat' dir='ltr'><strong>sumptum</strong></span> <span class='ocrx_word' id='word_1_63' title='bbox 767 755 817 779; x_wconf 86' lang='lat' dir='ltr'><strong>est</strong></span> <span class='ocrx_word' id='word_1_64' title='bbox 845 749 886 779; x_wconf 85' lang='lat' dir='ltr'><strong>ab</strong></span> <span class='ocrx_word' id='word_1_65' title='bbox 917 746 1047 778; x_wconf 83' lang='lat' dir='ltr'><strong>affectu.</strong></span> <span class='ocrx_word' id='word_1_66' title='bbox 1098 747 1160 779; x_wconf 83' lang='lat' dir='ltr'><strong>Est</strong></span> 
     </span>
     <span class='ocr_line' id='line_1_13' title="bbox 184 789 1159 833; baseline 0 -11"><span class='ocrx_word' id='word_1_67' title='bbox 184 793 268 823; x_wconf 90' lang='lat' dir='ltr'><strong>enim</strong></span> <span class='ocrx_word' id='word_1_68' title='bbox 292 792 469 823; x_wconf 76' lang='lat' dir='ltr'><strong>vehemens</strong></span> <span class='ocrx_word' id='word_1_69' title='bbox 494 793 673 833; x_wconf 81' lang='lat' dir='ltr'><strong>increpatio</strong></span> <span class='ocrx_word' id='word_1_70' title='bbox 695 791 838 823; x_wconf 88' lang='lat' dir='ltr'><strong>hostium</strong></span> <span class='ocrx_word' id='word_1_71' title='bbox 861 789 1044 832; x_wconf 79' lang='lat' dir='ltr'><strong>Evangelii.</strong></span> <span class='ocrx_word' id='word_1_72' title='bbox 1078 790 1159 822; x_wconf 81' lang='lat' dir='ltr'><strong>Item</strong></span> 
     </span>
     <span class='ocr_line' id='line_1_14' title="bbox 185 833 1158 876; baseline 0 -10"><span class='ocrx_word' id='word_1_73' title='bbox 185 833 315 866; x_wconf 89' lang='lat' dir='ltr'><strong>illorum</strong></span> <span class='ocrx_word' id='word_1_74' title='bbox 344 836 533 876; x_wconf 73' lang='lat' dir='ltr'><strong>impiorum,</strong></span> <span class='ocrx_word' id='word_1_75' title='bbox 568 835 621 876; x_wconf 86' lang='lat' dir='ltr'><strong>qui</strong></span> <span class='ocrx_word' id='word_1_76' title='bbox 656 833 785 865; x_wconf 85' lang='lat' dir='ltr'><strong>suerunt</strong></span> <span class='ocrx_word' id='word_1_77' title='bbox 818 833 932 865; x_wconf 88' lang='lat' dir='ltr'><strong>hostes</strong></span> <span class='ocrx_word' id='word_1_78' title='bbox 968 833 1091 865; x_wconf 84' lang='lat' dir='ltr'><strong>Christi</strong></span> <span class='ocrx_word' id='word_1_79' title='bbox 1125 834 1158 866; x_wconf 91' lang='lat' dir='ltr'><strong>in</strong></span> 
     </span>
     <span class='ocr_line' id='line_1_15' title="bbox 187 875 1159 918; baseline 0 -10"><span class='ocrx_word' id='word_1_80' title='bbox 187 878 304 909; x_wconf 83' lang='lat' dir='ltr'><strong>diebus</strong></span> <span class='ocrx_word' id='word_1_81' title='bbox 328 878 438 908; x_wconf 71' lang='lat' dir='ltr'><strong>carnis</strong></span> <span class='ocrx_word' id='word_1_82' title='bbox 468 879 587 918; x_wconf 69' lang='lat' dir='ltr'><strong>ipsius,</strong></span> <span class='ocrx_word' id='word_1_83' title='bbox 610 877 695 908; x_wconf 78' lang='lat' dir='ltr'><strong>sicut</strong></span> <span class='ocrx_word' id='word_1_84' title='bbox 724 875 871 918; x_wconf 85' lang='lat' dir='ltr'><strong>discipuli</strong></span> <span class='ocrx_word' id='word_1_85' title='bbox 901 886 940 909; x_wconf 88' lang='lat' dir='ltr'><strong>eo</strong></span> <span class='ocrx_word' id='word_1_86' title='bbox 975 886 1159 909; x_wconf 89' lang='lat' dir='ltr'><strong>accommo-</strong></span> 
     </span>
     <span class='ocr_line' id='line_1_16' title="bbox 188 920 657 958; baseline -0.002 -6"><span class='ocrx_word' id='word_1_87' title='bbox 188 921 265 952; x_wconf 81' lang='lat' dir='ltr'><strong>dant</strong></span> <span class='ocrx_word' id='word_1_88' title='bbox 288 920 372 951; x_wconf 86' lang='lat' dir='ltr'><strong>hacc</strong></span> <span class='ocrx_word' id='word_1_89' title='bbox 394 921 508 958; x_wconf 74' lang='lat' dir='ltr'><strong>verba,</strong></span> <span class='ocrx_word' id='word_1_90' title='bbox 532 921 608 951; x_wconf 80' lang='lat' dir='ltr'><strong>Act.</strong></span> <span class='ocrx_word' id='word_1_91' title='bbox 627 921 657 951; x_wconf 77' lang='lat'><strong>4.</strong></span> 
     </span>
    </p>

    <p class='ocr_par' dir='ltr' id='par_1_5' title="bbox 178 962 1159 2038">
     <span class='ocr_line' id='line_1_17' title="bbox 269 962 1159 1004; baseline 0.001 -10"><span class='ocrx_word' id='word_1_92' title='bbox 269 962 475 994; x_wconf 76' lang='lat' dir='ltr'><strong>Conveniunt</strong></span> <span class='ocrx_word' id='word_1_93' title='bbox 499 970 609 994; x_wconf 86' lang='lat' dir='ltr'><strong>autem</strong></span> <span class='ocrx_word' id='word_1_94' title='bbox 633 963 770 994; x_wconf 81' lang='lat' dir='ltr'><strong>affectus</strong></span> <span class='ocrx_word' id='word_1_95' title='bbox 784 963 940 1001; x_wconf 75' lang='lat' dir='ltr'><strong>exordiis,</strong></span> <span class='ocrx_word' id='word_1_96' title='bbox 964 964 1159 1004; x_wconf 83' lang='lat' dir='ltr'><strong>praesertim</strong></span> 
     </span>
     <span class='ocr_line' id='line_1_18' title="bbox 185 1005 1158 1048; baseline 0.001 -10"><span class='ocrx_word' id='word_1_97' title='bbox 185 1008 216 1038; x_wconf 89' lang='lat' dir='ltr'><strong>in</strong></span> <span class='ocrx_word' id='word_1_98' title='bbox 240 1007 420 1048; x_wconf 81' lang='lat' dir='ltr'><strong>poematis,</strong></span> <span class='ocrx_word' id='word_1_99' title='bbox 445 1016 528 1048; x_wconf 87' lang='lat' dir='ltr'><strong>quae</strong></span> <span class='ocrx_word' id='word_1_100' title='bbox 552 1015 652 1046; x_wconf 88' lang='lat' dir='ltr'><strong>saepe</strong></span> <span class='ocrx_word' id='word_1_101' title='bbox 682 1007 851 1037; x_wconf 91' lang='lat' dir='ltr'><strong>ordiuntur</strong></span> <span class='ocrx_word' id='word_1_102' title='bbox 885 1016 903 1037; x_wconf 87' lang='lat' dir='ltr'><strong>a</strong></span> <span class='ocrx_word' id='word_1_103' title='bbox 927 1005 1091 1047; x_wconf 84' lang='lat' dir='ltr'><strong>querelis,</strong></span> <span class='ocrx_word' id='word_1_104' title='bbox 1125 1013 1158 1039; x_wconf 87' lang='lat' dir='ltr'><strong>et</strong></span> 
     </span>
     <span class='ocr_line' id='line_1_19' title="bbox 185 1048 1157 1089; baseline 0 -8"><span class='ocrx_word' id='word_1_105' title='bbox 185 1048 258 1081; x_wconf 78' lang='lat' dir='ltr'><strong>aliis</strong></span> <span class='ocrx_word' id='word_1_106' title='bbox 281 1050 441 1086; x_wconf 83' lang='lat' dir='ltr'><strong>motibus,</strong></span> <span class='ocrx_word' id='word_1_107' title='bbox 475 1050 527 1080; x_wconf 84' lang='lat' dir='ltr'><strong>Ac</strong></span> <span class='ocrx_word' id='word_1_108' title='bbox 549 1049 722 1089; x_wconf 84' lang='lat' dir='ltr'><strong>praecipue</strong></span> <span class='ocrx_word' id='word_1_109' title='bbox 745 1050 864 1080; x_wconf 72' lang='lat' dir='ltr'><strong>usitata</strong></span> <span class='ocrx_word' id='word_1_110' title='bbox 898 1055 973 1080; x_wconf 84' lang='lat' dir='ltr'><strong>sunt</strong></span> <span class='ocrx_word' id='word_1_111' title='bbox 997 1050 1157 1082; x_wconf 87' lang='lat' dir='ltr'><strong>eiusmodi</strong></span> 
     </span>
     <span class='ocr_line' id='line_1_20' title="bbox 184 1091 1158 1135; baseline 0.002 -12"><span class='ocrx_word' id='word_1_112' title='bbox 184 1093 318 1124; x_wconf 80' lang='lat' dir='ltr'><strong>exordia</strong></span> <span class='ocrx_word' id='word_1_113' title='bbox 348 1091 535 1133; x_wconf 83' lang='lat' dir='ltr'><strong>prophetis,</strong></span> <span class='ocrx_word' id='word_1_114' title='bbox 570 1102 706 1133; x_wconf 87' lang='lat' dir='ltr'><strong>quorum</strong></span> <span class='ocrx_word' id='word_1_115' title='bbox 731 1092 819 1123; x_wconf 85' lang='lat' dir='ltr'><strong>initia</strong></span> <span class='ocrx_word' id='word_1_116' title='bbox 845 1102 986 1135; x_wconf 85' lang='lat' dir='ltr'><strong>magnos</strong></span> <span class='ocrx_word' id='word_1_117' title='bbox 1023 1093 1158 1125; x_wconf 86' lang='lat' dir='ltr'><strong>dolores</strong></span> 
     </span>
     <span class='ocr_line' id='line_1_21' title="bbox 184 1133 1156 1178; baseline 0.002 -12"><span class='ocrx_word' id='word_1_118' title='bbox 184 1135 383 1177; x_wconf 77' lang='lat' dir='ltr'><strong>significant.</strong></span> <span class='ocrx_word' id='word_1_119' title='bbox 420 1135 476 1165; x_wconf 78' lang='lat' dir='ltr'><strong>Sic</strong></span> <span class='ocrx_word' id='word_1_120' title='bbox 499 1135 597 1176; x_wconf 85' lang='lat' dir='ltr'><strong>igitur</strong></span> <span class='ocrx_word' id='word_1_121' title='bbox 620 1135 716 1165; x_wconf 87' lang='lat' dir='ltr'><strong>etiam</strong></span> <span class='ocrx_word' id='word_1_122' title='bbox 741 1133 792 1165; x_wconf 91' lang='lat' dir='ltr'><strong>hic</strong></span> <span class='ocrx_word' id='word_1_123' title='bbox 805 1133 955 1166; x_wconf 85' lang='lat' dir='ltr'><strong>l&#39;salmus</strong></span> <span class='ocrx_word' id='word_1_124' title='bbox 979 1135 1156 1178; x_wconf 81' lang='lat' dir='ltr'><strong>significat,</strong></span> 
     </span>
     <span class='ocr_line' id='line_1_22' title="bbox 184 1177 1157 1219; baseline 0.001 -9"><span class='ocrx_word' id='word_1_125' title='bbox 184 1179 352 1216; x_wconf 73' lang='lat' dir='ltr'><strong>messiam,</strong></span> <span class='ocrx_word' id='word_1_126' title='bbox 375 1184 406 1208; x_wconf 92' lang='lat' dir='ltr'><strong>et</strong></span> <span class='ocrx_word' id='word_1_127' title='bbox 418 1177 603 1209; x_wconf 81' lang='lat' dir='ltr'><strong>Ecclesiam</strong></span> <span class='ocrx_word' id='word_1_128' title='bbox 622 1177 803 1209; x_wconf 85' lang='lat' dir='ltr'><strong>habituram</strong></span> <span class='ocrx_word' id='word_1_129' title='bbox 823 1188 942 1219; x_wconf 79' lang='lat' dir='ltr'><strong>magna</strong></span> <span class='ocrx_word' id='word_1_130' title='bbox 967 1181 1157 1218; x_wconf 82' lang='lat' dir='ltr'><strong>certamina,</strong></span> 
     </span>
     <span class='ocr_line' id='line_1_23' title="bbox 183 1221 1156 1264; baseline 0.002 -12"><span class='ocrx_word' id='word_1_131' title='bbox 183 1231 321 1263; x_wconf 84' lang='lat' dir='ltr'><strong>magnas</strong></span> <span class='ocrx_word' id='word_1_132' title='bbox 362 1221 621 1251; x_wconf 75' lang='lat' dir='ltr'><strong>adversationes.</strong></span> <span class='ocrx_word' id='word_1_133' title='bbox 688 1223 830 1253; x_wconf 88' lang='lat' dir='ltr'><strong>lntuetur</strong></span> <span class='ocrx_word' id='word_1_134' title='bbox 870 1227 979 1253; x_wconf 86' lang='lat' dir='ltr'><strong>autem</strong></span> <span class='ocrx_word' id='word_1_135' title='bbox 1020 1224 1156 1264; x_wconf 85' lang='lat' dir='ltr'><strong>primam</strong></span> 
     </span>
     <span class='ocr_line' id='line_1_24' title="bbox 183 1264 1156 1306; baseline 0.005 -13"><span class='ocrx_word' id='word_1_136' title='bbox 183 1264 454 1306; x_wconf 75' lang='lat' dir='ltr'><strong>promissionem:</strong></span> <span class='ocrx_word' id='word_1_137' title='bbox 498 1264 638 1304; x_wconf 53' lang='lat' dir='ltr'><strong>‚Vm-pens</strong></span> <span class='ocrx_word' id='word_1_138' title='bbox 670 1264 825 1295; x_wconf 64' lang='lat' dir='ltr'><strong>mmdcbz&#39;t</strong></span> <span class='ocrx_word' id='word_1_139' title='bbox 861 1265 1045 1296; x_wconf 76' lang='lat' dir='ltr'><strong>calcaneum</strong></span> <span class='ocrx_word' id='word_1_140' title='bbox 1079 1267 1156 1298; x_wconf 80' lang='lat' dir='ltr'><strong>eius.</strong></span> 
     </span>
     <span class='ocr_line' id='line_1_25' title="bbox 183 1305 1156 1341; baseline 0.003 -3"><span class='ocrx_word' id='word_1_141' title='bbox 183 1306 346 1338; x_wconf 84' lang='lat' dir='ltr'><strong>Diabolus</strong></span> <span class='ocrx_word' id='word_1_142' title='bbox 370 1305 568 1338; x_wconf 87' lang='lat' dir='ltr'><strong>horribiliter</strong></span> <span class='ocrx_word' id='word_1_143' title='bbox 596 1307 769 1339; x_wconf 79' lang='lat' dir='ltr'><strong>momordit</strong></span> <span class='ocrx_word' id='word_1_144' title='bbox 803 1306 905 1339; x_wconf 86' lang='lat' dir='ltr'><strong>filium</strong></span> <span class='ocrx_word' id='word_1_145' title='bbox 945 1307 1009 1339; x_wconf 91' lang='lat' dir='ltr'><strong>Dei</strong></span> <span class='ocrx_word' id='word_1_146' title='bbox 1033 1309 1156 1341; x_wconf 85' lang='lat' dir='ltr'><strong>exhibi-</strong></span> 
     </span>
     <span class='ocr_line' id='line_1_26' title="bbox 182 1348 1156 1394; baseline 0.004 -13"><span class='ocrx_word' id='word_1_147' title='bbox 182 1356 248 1382; x_wconf 89' lang='lat' dir='ltr'><strong>tum</strong></span> <span class='ocrx_word' id='word_1_148' title='bbox 272 1350 304 1381; x_wconf 93' lang='lat' dir='ltr'><strong>in</strong></span> <span class='ocrx_word' id='word_1_149' title='bbox 328 1360 443 1388; x_wconf 86' lang='lat' dir='ltr'><strong>carne,</strong></span> <span class='ocrx_word' id='word_1_150' title='bbox 477 1355 509 1381; x_wconf 89' lang='lat' dir='ltr'><strong>et</strong></span> <span class='ocrx_word' id='word_1_151' title='bbox 532 1348 716 1381; x_wconf 83' lang='lat' dir='ltr'><strong>Ecclesiam</strong></span> <span class='ocrx_word' id='word_1_152' title='bbox 740 1349 858 1382; x_wconf 77' lang='lat' dir='ltr'><strong>afflixit</strong></span> <span class='ocrx_word' id='word_1_153' title='bbox 887 1351 962 1383; x_wconf 88' lang='lat' dir='ltr'><strong>inde</strong></span> <span class='ocrx_word' id='word_1_154' title='bbox 983 1361 1091 1394; x_wconf 86' lang='lat' dir='ltr'><strong>usque</strong></span> <span class='ocrx_word' id='word_1_155' title='bbox 1113 1353 1156 1385; x_wconf 89' lang='lat' dir='ltr'><strong>ab</strong></span> 
     </span>
     <span class='ocr_line' id='line_1_27' title="bbox 182 1391 1155 1436; baseline 0.004 -12"><span class='ocrx_word' id='word_1_156' title='bbox 182 1393 284 1430; x_wconf 81' lang='lat' dir='ltr'><strong>initio,</strong></span> <span class='ocrx_word' id='word_1_157' title='bbox 307 1391 445 1434; x_wconf 83' lang='lat' dir='ltr'><strong>singulis</strong></span> <span class='ocrx_word' id='word_1_158' title='bbox 469 1393 608 1435; x_wconf 88' lang='lat' dir='ltr'><strong>denique</strong></span> <span class='ocrx_word' id='word_1_159' title='bbox 621 1393 799 1436; x_wconf 85' lang='lat' dir='ltr'><strong>piisinfigit</strong></span> <span class='ocrx_word' id='word_1_160' title='bbox 818 1400 1002 1426; x_wconf 86' lang='lat' dir='ltr'><strong>venenatos</strong></span> <span class='ocrx_word' id='word_1_161' title='bbox 1025 1396 1155 1435; x_wconf 83' lang='lat' dir='ltr'><strong>dentes,</strong></span> 
     </span>
     <span class='ocr_line' id='line_1_28' title="bbox 181 1435 1155 1478; baseline 0.005 -12"><span class='ocrx_word' id='word_1_162' title='bbox 181 1435 299 1478; x_wconf 84' lang='lat' dir='ltr'><strong>infligit</strong></span> <span class='ocrx_word' id='word_1_163' title='bbox 322 1445 479 1473; x_wconf 88' lang='lat' dir='ltr'><strong>morsum,</strong></span> <span class='ocrx_word' id='word_1_164' title='bbox 503 1436 594 1467; x_wconf 86' lang='lat' dir='ltr'><strong>cuius</strong></span> <span class='ocrx_word' id='word_1_165' title='bbox 609 1435 752 1468; x_wconf 84' lang='lat' dir='ltr'><strong>difficilis</strong></span> <span class='ocrx_word' id='word_1_166' title='bbox 772 1443 822 1469; x_wconf 87' lang='lat' dir='ltr'><strong>est</strong></span> <span class='ocrx_word' id='word_1_167' title='bbox 845 1438 985 1471; x_wconf 80' lang='lat' dir='ltr'><strong>sanatio.</strong></span> <span class='ocrx_word' id='word_1_168' title='bbox 1024 1438 1155 1478; x_wconf 87' lang='lat' dir='ltr'><strong>Videte,</strong></span> 
     </span>
     <span class='ocr_line' id='line_1_29' title="bbox 182 1478 1156 1522; baseline 0.003 -11"><span class='ocrx_word' id='word_1_169' title='bbox 182 1478 348 1521; x_wconf 88' lang='lat' dir='ltr'><strong>quomodo</strong></span> <span class='ocrx_word' id='word_1_170' title='bbox 361 1478 479 1510; x_wconf 77' lang='lat' dir='ltr'><strong>Davtdi</strong></span> <span class='ocrx_word' id='word_1_171' title='bbox 502 1478 643 1511; x_wconf 76' lang='lat' dir='ltr'><strong>infixerit</strong></span> <span class='ocrx_word' id='word_1_172' title='bbox 666 1480 808 1512; x_wconf 76' lang='lat' dir='ltr'><strong>dentes?</strong></span> <span class='ocrx_word' id='word_1_173' title='bbox 826 1482 992 1522; x_wconf 86' lang='lat' dir='ltr'><strong>quomodo</strong></span> <span class='ocrx_word' id='word_1_174' title='bbox 1013 1488 1156 1514; x_wconf 85' lang='lat' dir='ltr'><strong>conatus</strong></span> 
     </span>
     <span class='ocr_line' id='line_1_30' title="bbox 182 1523 1158 1564; baseline 0.005 -12"><span class='ocrx_word' id='word_1_175' title='bbox 182 1523 236 1561; x_wconf 85' lang='lat' dir='ltr'><strong>sit,</strong></span> <span class='ocrx_word' id='word_1_176' title='bbox 258 1528 292 1553; x_wconf 90' lang='lat' dir='ltr'><strong>ut</strong></span> <span class='ocrx_word' id='word_1_177' title='bbox 315 1532 387 1553; x_wconf 91' lang='lat' dir='ltr'><strong>eum</strong></span> <span class='ocrx_word' id='word_1_178' title='bbox 405 1528 580 1561; x_wconf 79' lang='lat' dir='ltr'><strong>everteret,</strong></span> <span class='ocrx_word' id='word_1_179' title='bbox 603 1529 635 1554; x_wconf 87' lang='lat' dir='ltr'><strong>et</strong></span> <span class='ocrx_word' id='word_1_180' title='bbox 649 1524 827 1555; x_wconf 88' lang='lat' dir='ltr'><strong>coniiceret</strong></span> <span class='ocrx_word' id='word_1_181' title='bbox 850 1524 882 1555; x_wconf 91' lang='lat' dir='ltr'><strong>in</strong></span> <span class='ocrx_word' id='word_1_182' title='bbox 905 1524 1048 1564; x_wconf 81' lang='lat' dir='ltr'><strong>exitium,</strong></span> <span class='ocrx_word' id='word_1_183' title='bbox 1071 1526 1158 1558; x_wconf 87' lang='lat' dir='ltr'><strong>sicut</strong></span> 
     </span>
     <span class='ocr_line' id='line_1_31' title="bbox 181 1563 1158 1611; baseline 0.003 -14"><span class='ocrx_word' id='word_1_184' title='bbox 181 1572 278 1597; x_wconf 86' lang='lat' dir='ltr'><strong>antea</strong></span> <span class='ocrx_word' id='word_1_185' title='bbox 313 1563 445 1596; x_wconf 83' lang='lat' dir='ltr'><strong>Saulem</strong></span> <span class='ocrx_word' id='word_1_186' title='bbox 475 1565 659 1598; x_wconf 79' lang='lat' dir='ltr'><strong>everterat?</strong></span> <span class='ocrx_word' id='word_1_187' title='bbox 720 1566 795 1598; x_wconf 72' lang='lat' dir='ltr'><strong>Nor·</strong></span> <span class='ocrx_word' id='word_1_188' title='bbox 835 1567 900 1599; x_wconf 86' lang='lat' dir='ltr'><strong>hoc</strong></span> <span class='ocrx_word' id='word_1_189' title='bbox 939 1573 1066 1600; x_wconf 86' lang='lat' dir='ltr'><strong>tantum</strong></span> <span class='ocrx_word' id='word_1_190' title='bbox 1091 1569 1158 1611; x_wconf 85' lang='lat' dir='ltr'><strong>egit</strong></span> 
     </span>
     <span class='ocr_line' id='line_1_32' title="bbox 181 1606 1157 1653; baseline 0.003 -12"><span class='ocrx_word' id='word_1_191' title='bbox 181 1607 356 1646; x_wconf 70' lang='lat' dir='ltr'><strong>Saffianas,</strong></span> <span class='ocrx_word' id='word_1_192' title='bbox 380 1614 413 1639; x_wconf 93' lang='lat' dir='ltr'><strong>ut</strong></span> <span class='ocrx_word' id='word_1_193' title='bbox 437 1606 563 1640; x_wconf 80' lang='lat' dir='ltr'><strong>faceret</strong></span> <span class='ocrx_word' id='word_1_194' title='bbox 584 1618 658 1641; x_wconf 89' lang='lat' dir='ltr'><strong>eum</strong></span> <span class='ocrx_word' id='word_1_195' title='bbox 681 1609 864 1642; x_wconf 83' lang='lat' dir='ltr'><strong>adulterum</strong></span> <span class='ocrx_word' id='word_1_196' title='bbox 895 1616 927 1643; x_wconf 84' lang='lat' dir='ltr'><strong>et</strong></span> <span class='ocrx_word' id='word_1_197' title='bbox 949 1610 1157 1653; x_wconf 85' lang='lat' dir='ltr'><strong>homicidam,</strong></span> 
     </span>
     <span class='ocr_line' id='line_1_33' title="bbox 181 1652 1158 1694; baseline 0.003 -11"><span class='ocrx_word' id='word_1_198' title='bbox 181 1652 241 1683; x_wconf 83' lang='lat' dir='ltr'><strong>sed</strong></span> <span class='ocrx_word' id='word_1_199' title='bbox 270 1652 397 1682; x_wconf 87' lang='lat' dir='ltr'><strong>sciebat</strong></span> <span class='ocrx_word' id='word_1_200' title='bbox 428 1658 558 1684; x_wconf 82' lang='lat' dir='ltr'><strong>atroces</strong></span> <span class='ocrx_word' id='word_1_201' title='bbox 581 1663 708 1694; x_wconf 85' lang='lat' dir='ltr'><strong>poenas</strong></span> <span class='ocrx_word' id='word_1_202' title='bbox 733 1659 908 1686; x_wconf 83' lang='lat' dir='ltr'><strong>secuturas</strong></span> <span class='ocrx_word' id='word_1_203' title='bbox 936 1653 994 1686; x_wconf 90' lang='lat' dir='ltr'><strong>illa</strong></span> <span class='ocrx_word' id='word_1_204' title='bbox 1017 1653 1158 1694; x_wconf 85' lang='lat' dir='ltr'><strong>scelera,</strong></span> 
     </span>
     <span class='ocr_line' id='line_1_34' title="bbox 182 1695 1158 1739; baseline 0.005 -14"><span class='ocrx_word' id='word_1_205' title='bbox 182 1695 267 1730; x_wconf 84' lang='lat' dir='ltr'><strong>Quia</strong></span> <span class='ocrx_word' id='word_1_206' title='bbox 289 1704 355 1725; x_wconf 91' lang='lat' dir='ltr'><strong>non</strong></span> <span class='ocrx_word' id='word_1_207' title='bbox 380 1695 511 1726; x_wconf 90' lang='lat' dir='ltr'><strong>dubium</strong></span> <span class='ocrx_word' id='word_1_208' title='bbox 535 1701 604 1734; x_wconf 86' lang='lat' dir='ltr'><strong>est,</strong></span> <span class='ocrx_word' id='word_1_209' title='bbox 637 1706 700 1728; x_wconf 84' lang='lat' dir='ltr'><strong>nec</strong></span> <span class='ocrx_word' id='word_1_210' title='bbox 722 1696 817 1728; x_wconf 87' lang='lat' dir='ltr'><strong>aliter</strong></span> <span class='ocrx_word' id='word_1_211' title='bbox 847 1698 996 1739; x_wconf 81' lang='lat' dir='ltr'><strong>cogitare</strong></span> <span class='ocrx_word' id='word_1_212' title='bbox 1020 1699 1158 1737; x_wconf 75' lang='lat' dir='ltr'><strong>debetis,</strong></span> 
     </span>
     <span class='ocr_line' id='line_1_35' title="bbox 181 1736 1158 1781; baseline 0.004 -12"><span class='ocrx_word' id='word_1_213' title='bbox 181 1748 278 1780; x_wconf 86' lang='lat' dir='ltr'><strong>quam</strong></span> <span class='ocrx_word' id='word_1_214' title='bbox 298 1738 385 1779; x_wconf 88' lang='lat' dir='ltr'><strong>quod</strong></span> <span class='ocrx_word' id='word_1_215' title='bbox 404 1736 497 1769; x_wconf 79' lang='lat' dir='ltr'><strong>Deus</strong></span> <span class='ocrx_word' id='word_1_216' title='bbox 521 1738 720 1781; x_wconf 79' lang='lat' dir='ltr'><strong>regulariter</strong></span> <span class='ocrx_word' id='word_1_217' title='bbox 742 1741 853 1781; x_wconf 90' lang='lat' dir='ltr'><strong>puniat</strong></span> <span class='ocrx_word' id='word_1_218' title='bbox 877 1739 1006 1773; x_wconf 87' lang='lat' dir='ltr'><strong>delicta.</strong></span> <span class='ocrx_word' id='word_1_219' title='bbox 1051 1741 1158 1774; x_wconf 89' lang='lat' dir='ltr'><strong>Etiam</strong></span> 
     </span>
     <span class='ocr_line' id='line_1_36' title="bbox 182 1781 1158 1826; baseline 0.004 -13"><span class='ocrx_word' id='word_1_220' title='bbox 182 1781 400 1822; x_wconf 83' lang='lat' dir='ltr'><strong>poenitentes,</strong></span> <span class='ocrx_word' id='word_1_221' title='bbox 423 1787 529 1812; x_wconf 86' lang='lat' dir='ltr'><strong>tamen</strong></span> <span class='ocrx_word' id='word_1_222' title='bbox 553 1783 660 1822; x_wconf 88' lang='lat' dir='ltr'><strong>punit,</strong></span> <span class='ocrx_word' id='word_1_223' title='bbox 695 1784 770 1826; x_wconf 90' lang='lat' dir='ltr'><strong>quia</strong></span> <span class='ocrx_word' id='word_1_224' title='bbox 799 1782 869 1816; x_wconf 79' lang='lat' dir='ltr'><strong>vult</strong></span> <span class='ocrx_word' id='word_1_225' title='bbox 899 1785 1049 1826; x_wconf 81' lang='lat' dir='ltr'><strong>conspici</strong></span> <span class='ocrx_word' id='word_1_226' title='bbox 1077 1786 1158 1817; x_wconf 89' lang='lat' dir='ltr'><strong>iram</strong></span> 
     </span>
     <span class='ocr_line' id='line_1_37' title="bbox 184 1824 1159 1870; baseline 0.005 -15"><span class='ocrx_word' id='word_1_227' title='bbox 184 1834 277 1856; x_wconf 85' lang='lat' dir='ltr'><strong>suam</strong></span> <span class='ocrx_word' id='word_1_228' title='bbox 301 1824 463 1855; x_wconf 79' lang='lat' dir='ltr'><strong>adversus</strong></span> <span class='ocrx_word' id='word_1_229' title='bbox 485 1830 672 1865; x_wconf 81' lang='lat' dir='ltr'><strong>peccatum,</strong></span> <span class='ocrx_word' id='word_1_230' title='bbox 701 1827 763 1858; x_wconf 83' lang='lat' dir='ltr'><strong>etsi</strong></span> <span class='ocrx_word' id='word_1_231' title='bbox 787 1836 858 1859; x_wconf 83' lang='lat' dir='ltr'><strong>eam</strong></span> <span class='ocrx_word' id='word_1_232' title='bbox 887 1828 1017 1870; x_wconf 82' lang='lat' dir='ltr'><strong>mitigat</strong></span> <span class='ocrx_word' id='word_1_233' title='bbox 1045 1829 1159 1870; x_wconf 87' lang='lat' dir='ltr'><strong>poeni-</strong></span> 
     </span>
     <span class='ocr_line' id='line_1_38' title="bbox 178 1866 1156 1913; baseline 0.005 -15"><span class='ocrx_word' id='word_1_234' title='bbox 178 1868 334 1898; x_wconf 75' lang='lat' dir='ltr'><strong>tentibus.</strong></span> <span class='ocrx_word' id='word_1_235' title='bbox 379 1866 452 1898; x_wconf 82' lang='lat' dir='ltr'><strong>Hoc</strong></span> <span class='ocrx_word' id='word_1_236' title='bbox 476 1870 560 1899; x_wconf 89' lang='lat' dir='ltr'><strong>benc</strong></span> <span class='ocrx_word' id='word_1_237' title='bbox 583 1869 644 1900; x_wconf 80' lang='lat' dir='ltr'><strong>scit</strong></span> <span class='ocrx_word' id='word_1_238' title='bbox 666 1869 842 1909; x_wconf 85' lang='lat' dir='ltr'><strong>Diabolus,</strong></span> <span class='ocrx_word' id='word_1_239' title='bbox 871 1870 948 1903; x_wconf 89' lang='lat' dir='ltr'><strong>ldeo</strong></span> <span class='ocrx_word' id='word_1_240' title='bbox 972 1871 1156 1913; x_wconf 82' lang='lat' dir='ltr'><strong>cogitabat:</strong></span> 
     </span>
     <span class='ocr_line' id='line_1_39' title="bbox 179 1909 1158 1953; baseline 0.005 -12"><span class='ocrx_word' id='word_1_241' title='bbox 179 1909 251 1952; x_wconf 87' lang='lat' dir='ltr'><strong>Ego</strong></span> <span class='ocrx_word' id='word_1_242' title='bbox 275 1909 437 1941; x_wconf 81' lang='lat' dir='ltr'><strong>Davidem</strong></span> <span class='ocrx_word' id='word_1_243' title='bbox 462 1909 626 1953; x_wconf 84' lang='lat' dir='ltr'><strong>impellam</strong></span> <span class='ocrx_word' id='word_1_244' title='bbox 650 1913 682 1943; x_wconf 91' lang='lat' dir='ltr'><strong>in</strong></span> <span class='ocrx_word' id='word_1_245' title='bbox 705 1911 770 1945; x_wconf 81' lang='lat' dir='ltr'><strong>alia</strong></span> <span class='ocrx_word' id='word_1_246' title='bbox 792 1913 924 1946; x_wconf 85' lang='lat' dir='ltr'><strong>seelera</strong></span> <span class='ocrx_word' id='word_1_247' title='bbox 946 1924 988 1946; x_wconf 83' lang='lat' dir='ltr'><strong>ex</strong></span> <span class='ocrx_word' id='word_1_248' title='bbox 1012 1913 1097 1953; x_wconf 84' lang='lat' dir='ltr'><strong>aliis,</strong></span> <span class='ocrx_word' id='word_1_249' title='bbox 1127 1921 1158 1947; x_wconf 85' lang='lat' dir='ltr'><strong>et</strong></span> 
     </span>
     <span class='ocr_line' id='line_1_40' title="bbox 178 1952 1158 1998; baseline 0.007 -15"><span class='ocrx_word' id='word_1_250' title='bbox 178 1953 223 1984; x_wconf 84' lang='lat' dir='ltr'><strong>ita</strong></span> <span class='ocrx_word' id='word_1_251' title='bbox 246 1952 416 1995; x_wconf 83' lang='lat' dir='ltr'><strong>petraham</strong></span> <span class='ocrx_word' id='word_1_252' title='bbox 440 1963 513 1985; x_wconf 88' lang='lat' dir='ltr'><strong>eum</strong></span> <span class='ocrx_word' id='word_1_253' title='bbox 537 1955 579 1985; x_wconf 85' lang='lat' dir='ltr'><strong>ad</strong></span> <span class='ocrx_word' id='word_1_254' title='bbox 603 1954 685 1986; x_wconf 84' lang='lat' dir='ltr'><strong>alias</strong></span> <span class='ocrx_word' id='word_1_255' title='bbox 710 1962 808 1998; x_wconf 85' lang='lat' dir='ltr'><strong>atque</strong></span> <span class='ocrx_word' id='word_1_256' title='bbox 830 1956 913 1989; x_wconf 85' lang='lat' dir='ltr'><strong>alias</strong></span> <span class='ocrx_word' id='word_1_257' title='bbox 936 1959 1099 1997; x_wconf 84' lang='lat' dir='ltr'><strong>miserias,</strong></span> <span class='ocrx_word' id='word_1_258' title='bbox 1122 1964 1158 1990; x_wconf 88' lang='lat' dir='ltr'><strong>ut</strong></span> 
     </span>
     <span class='ocr_line' id='line_1_41' title="bbox 179 1997 939 2038; baseline 0.007 -11"><span class='ocrx_word' id='word_1_259' title='bbox 179 1997 310 2028; x_wconf 83' lang='lat' dir='ltr'><strong>tandem</strong></span> <span class='ocrx_word' id='word_1_260' title='bbox 334 1997 489 2037; x_wconf 81' lang='lat' dir='ltr'><strong>desperet</strong></span> <span class='ocrx_word' id='word_1_261' title='bbox 514 2008 554 2028; x_wconf 87' lang='lat' dir='ltr'><strong>ac</strong></span> <span class='ocrx_word' id='word_1_262' title='bbox 573 1998 715 2038; x_wconf 86' lang='lat' dir='ltr'><strong>deliciat,</strong></span> <span class='ocrx_word' id='word_1_263' title='bbox 739 2001 823 2031; x_wconf 88' lang='lat' dir='ltr'><strong>sicut</strong></span> <span class='ocrx_word' id='word_1_264' title='bbox 847 2000 939 2033; x_wconf 85' lang='lat' dir='ltr'><strong>Saul.</strong></span> 
     </span>
    </p>

    <p class='ocr_par' dir='ltr' id='par_1_6' title="bbox 178 2040 1160 2297">
     <span class='ocr_line' id='line_1_42' title="bbox 265 2040 1158 2081; baseline 0.007 -11"><span class='ocrx_word' id='word_1_265' title='bbox 265 2040 375 2081; x_wconf 81' lang='lat' dir='ltr'><strong>Atque</strong></span> <span class='ocrx_word' id='word_1_266' title='bbox 398 2041 442 2071; x_wconf 80' lang='lat' dir='ltr'><strong>ita</strong></span> <span class='ocrx_word' id='word_1_267' title='bbox 476 2050 554 2072; x_wconf 68' lang='lat' dir='ltr'><strong>vere</strong></span> <span class='ocrx_word' id='word_1_268' title='bbox 585 2046 688 2073; x_wconf 83' lang='lat' dir='ltr'><strong>tentat</strong></span> <span class='ocrx_word' id='word_1_269' title='bbox 722 2052 837 2074; x_wconf 87' lang='lat' dir='ltr'><strong>onmes</strong></span> <span class='ocrx_word' id='word_1_270' title='bbox 871 2043 1044 2076; x_wconf 88' lang='lat' dir='ltr'><strong>homines:</strong></span> <span class='ocrx_word' id='word_1_271' title='bbox 1079 2045 1158 2077; x_wconf 77' lang='lat' dir='ltr'><strong>insi·</strong></span> 
     </span>
     <span class='ocr_line' id='line_1_43' title="bbox 179 2083 1160 2129; baseline 0.006 -16"><span class='ocrx_word' id='word_1_272' title='bbox 179 2083 284 2114; x_wconf 83' lang='lat' dir='ltr'><strong>diatut·</strong></span> <span class='ocrx_word' id='word_1_273' title='bbox 307 2083 403 2114; x_wconf 79' lang='lat' dir='ltr'><strong>nobis</strong></span> <span class='ocrx_word' id='word_1_274' title='bbox 428 2085 596 2122; x_wconf 85' lang='lat' dir='ltr'><strong>omnibus,</strong></span> <span class='ocrx_word' id='word_1_275' title='bbox 627 2095 667 2116; x_wconf 81' lang='lat' dir='ltr'><strong>ac</strong></span> <span class='ocrx_word' id='word_1_276' title='bbox 695 2087 890 2127; x_wconf 86' lang='lat' dir='ltr'><strong>praesertim</strong></span> <span class='ocrx_word' id='word_1_277' title='bbox 913 2088 969 2126; x_wconf 81' lang='lat' dir='ltr'><strong>iis,</strong></span> <span class='ocrx_word' id='word_1_278' title='bbox 1004 2089 1058 2129; x_wconf 84' lang='lat' dir='ltr'><strong>qui</strong></span> <span class='ocrx_word' id='word_1_279' title='bbox 1082 2093 1160 2119; x_wconf 88' lang='lat' dir='ltr'><strong>sunt</strong></span> 
     </span>
     <span class='ocr_line' id='line_1_44' title="bbox 178 2125 1159 2169; baseline 0.007 -13"><span class='ocrx_word' id='word_1_280' title='bbox 178 2126 210 2157; x_wconf 89' lang='lat' dir='ltr'><strong>in</strong></span> <span class='ocrx_word' id='word_1_281' title='bbox 245 2125 410 2158; x_wconf 72' lang='lat' dir='ltr'><strong>Ecclesia.</strong></span> <span class='ocrx_word' id='word_1_282' title='bbox 468 2126 502 2157; x_wconf 91' lang='lat' dir='ltr'><strong>ld</strong></span> <span class='ocrx_word' id='word_1_283' title='bbox 538 2127 659 2169; x_wconf 84' lang='lat' dir='ltr'><strong>singuli</strong></span> <span class='ocrx_word' id='word_1_284' title='bbox 702 2129 903 2161; x_wconf 73' lang='lat' dir='ltr'><strong>debebamus</strong></span> <span class='ocrx_word' id='word_1_285' title='bbox 945 2131 1159 2163; x_wconf 72' lang='lat' dir='ltr'><strong>considerare</strong></span> 
     </span>
     <span class='ocr_line' id='line_1_45' title="bbox 179 2167 1158 2217; baseline 0.008 -18"><span class='ocrx_word' id='word_1_286' title='bbox 179 2167 373 2211; x_wconf 61' lang='lat' dir='ltr'><strong>diligenter,</strong></span> <span class='ocrx_word' id='word_1_287' title='bbox 402 2175 434 2201; x_wconf 87' lang='lat' dir='ltr'><strong>et</strong></span> <span class='ocrx_word' id='word_1_288' title='bbox 457 2170 570 2201; x_wconf 90' lang='lat' dir='ltr'><strong>intenti</strong></span> <span class='ocrx_word' id='word_1_289' title='bbox 595 2181 682 2202; x_wconf 89' lang='lat' dir='ltr'><strong>esse.</strong></span> <span class='ocrx_word' id='word_1_290' title='bbox 728 2171 866 2204; x_wconf 78' lang='lat' dir='ltr'><strong>Iuvenes</strong></span> <span class='ocrx_word' id='word_1_291' title='bbox 890 2173 953 2205; x_wconf 85' lang='lat' dir='ltr'><strong>hoc</strong></span> <span class='ocrx_word' id='word_1_292' title='bbox 978 2184 1042 2205; x_wconf 91' lang='lat' dir='ltr'><strong>non</strong></span> <span class='ocrx_word' id='word_1_293' title='bbox 1067 2175 1158 2217; x_wconf 83' lang='lat' dir='ltr'><strong>cogi-</strong></span> 
     </span>
     <span class='ocr_line' id='line_1_46' title="bbox 179 2212 1158 2260; baseline 0.007 -18"><span class='ocrx_word' id='word_1_294' title='bbox 179 2218 259 2250; x_wconf 85' lang='lat' dir='ltr'><strong>tant,</strong></span> <span class='ocrx_word' id='word_1_295' title='bbox 279 2219 454 2254; x_wconf 79' lang='lat' dir='ltr'><strong>antequam</strong></span> <span class='ocrx_word' id='word_1_296' title='bbox 473 2212 682 2254; x_wconf 85' lang='lat' dir='ltr'><strong>impellantur</strong></span> <span class='ocrx_word' id='word_1_297' title='bbox 704 2215 735 2246; x_wconf 89' lang='lat' dir='ltr'><strong>in</strong></span> <span class='ocrx_word' id='word_1_298' title='bbox 759 2214 856 2247; x_wconf 83' lang='lat' dir='ltr'><strong>mala.</strong></span> <span class='ocrx_word' id='word_1_299' title='bbox 893 2216 1015 2249; x_wconf 83' lang='lat' dir='ltr'><strong>l&#39;ostea</strong></span> <span class='ocrx_word' id='word_1_300' title='bbox 1035 2228 1158 2260; x_wconf 82' lang='lat' dir='ltr'><strong>cogun-</strong></span> 
     </span>
     <span class='ocr_line' id='line_1_47' title="bbox 179 2254 439 2297; baseline 0.004 -11"><span class='ocrx_word' id='word_1_301' title='bbox 179 2262 230 2286; x_wconf 85' lang='lat' dir='ltr'><strong>tur</strong></span> <span class='ocrx_word' id='word_1_302' title='bbox 254 2254 439 2297; x_wconf 80' lang='lat' dir='ltr'><strong>deplorare.</strong></span> 
     </span>
    </p>

    <p class='ocr_par' dir='ltr' id='par_1_7' title="bbox 180 2299 1158 2470">
     <span class='ocr_line' id='line_1_48' title="bbox 264 2299 1158 2342; baseline 0.007 -12"><span class='ocrx_word' id='word_1_303' title='bbox 264 2299 331 2330; x_wconf 85' lang='lat' dir='ltr'><strong>Sed</strong></span> <span class='ocrx_word' id='word_1_304' title='bbox 355 2300 408 2331; x_wconf 84' lang='lat' dir='ltr'><strong>bic</strong></span> <span class='ocrx_word' id='word_1_305' title='bbox 442 2308 508 2331; x_wconf 88' lang='lat' dir='ltr'><strong>non</strong></span> <span class='ocrx_word' id='word_1_306' title='bbox 539 2305 603 2332; x_wconf 82' lang='lat' dir='ltr'><strong>tam</strong></span> <span class='ocrx_word' id='word_1_307' title='bbox 634 2301 675 2333; x_wconf 87' lang='lat' dir='ltr'><strong>de</strong></span> <span class='ocrx_word' id='word_1_308' title='bbox 698 2301 834 2342; x_wconf 77' lang='lat' dir='ltr'><strong>privatis</strong></span> <span class='ocrx_word' id='word_1_309' title='bbox 869 2303 994 2334; x_wconf 63' lang='lat' dir='ltr'><strong>insidiis</strong></span> <span class='ocrx_word' id='word_1_310' title='bbox 1024 2303 1158 2336; x_wconf 85' lang='lat' dir='ltr'><strong>Diaboli</strong></span> 
     </span>
     <span class='ocr_line' id='line_1_49' title="bbox 181 2341 1158 2386; baseline 0.007 -14"><span class='ocrx_word' id='word_1_311' title='bbox 181 2341 325 2384; x_wconf 84' lang='lat' dir='ltr'><strong>loquitur</strong></span> <span class='ocrx_word' id='word_1_312' title='bbox 349 2342 514 2381; x_wconf 73' lang='lat' dir='ltr'><strong>Psalmus‚</strong></span> <span class='ocrx_word' id='word_1_313' title='bbox 562 2353 636 2375; x_wconf 83' lang='lat' dir='ltr'><strong>uam</strong></span> <span class='ocrx_word' id='word_1_314' title='bbox 661 2345 702 2376; x_wconf 89' lang='lat' dir='ltr'><strong>de</strong></span> <span class='ocrx_word' id='word_1_315' title='bbox 730 2346 1017 2386; x_wconf 70' lang='lat' dir='ltr'><strong>persecutionibus</strong></span> <span class='ocrx_word' id='word_1_316' title='bbox 1042 2354 1158 2379; x_wconf 82' lang='lat' dir='ltr'><strong>contra</strong></span> 
     </span>
     <span class='ocr_line' id='line_1_50' title="bbox 181 2355 1158 2431; baseline 0.006 -15"><span class='ocrx_word' id='word_1_317' title='bbox 181 2384 348 2424; x_wconf 70' lang='lat' dir='ltr'><strong>Messium,</strong></span> <span class='ocrx_word' id='word_1_318' title='bbox 373 2393 403 2417; x_wconf 90' lang='lat' dir='ltr'><strong>et</strong></span> <span class='ocrx_word' id='word_1_319' title='bbox 420 2392 520 2417; x_wconf 83' lang='lat' dir='ltr'><strong>totam</strong></span> <span class='ocrx_word' id='word_1_320' title='bbox 533 2355 736 2419; x_wconf 59' lang='lat' dir='ltr'><strong>Ecclesiam:</strong></span> <span class='ocrx_word' id='word_1_321' title='bbox 757 2388 919 2420; x_wconf 84' lang='lat' dir='ltr'><strong>adversus</strong></span> <span class='ocrx_word' id='word_1_322' title='bbox 944 2401 1042 2431; x_wconf 80' lang='lat' dir='ltr'><strong>quam</strong></span> <span class='ocrx_word' id='word_1_323' title='bbox 1056 2392 1158 2422; x_wconf 86' lang='lat' dir='ltr'><strong>omni-</strong></span> 
     </span>
     <span class='ocr_line' id='line_1_51' title="bbox 180 2428 1116 2470; baseline 0.003 -10"><span class='ocrx_word' id='word_1_324' title='bbox 180 2428 244 2460; x_wconf 73' lang='lat' dir='ltr'><strong>bus</strong></span> <span class='ocrx_word' id='word_1_325' title='bbox 264 2430 453 2470; x_wconf 80' lang='lat' dir='ltr'><strong>emporibus</strong></span> <span class='ocrx_word' id='word_1_326' title='bbox 475 2429 636 2462; x_wconf 75' lang='lat' dir='ltr'><strong>Diabolus</strong></span> <span class='ocrx_word' id='word_1_327' title='bbox 661 2431 725 2463; x_wconf 84' lang='lat' dir='ltr'><strong>ciet</strong></span> <span class='ocrx_word' id='word_1_328' title='bbox 748 2431 925 2463; x_wconf 75' lang='lat' dir='ltr'><strong>horribiles</strong></span> <span class='ocrx_word' id='word_1_329' title='bbox 950 2432 1116 2465; x_wconf 87' lang='lat' dir='ltr'><strong>tumultus.</strong></span> 
     </span>
    </p>

    <p class='ocr_par' dir='ltr' id='par_1_8' title="bbox 178 2470 1158 2689">
     <span class='ocr_line' id='line_1_52' title="bbox 264 2470 1158 2518; baseline 0.006 -15"><span class='ocrx_word' id='word_1_330' title='bbox 264 2470 316 2503; x_wconf 81' lang='lat' dir='ltr'><strong>De</strong></span> <span class='ocrx_word' id='word_1_331' title='bbox 339 2471 390 2504; x_wconf 77' lang='lat' dir='ltr'><strong>his</strong></span> <span class='ocrx_word' id='word_1_332' title='bbox 413 2473 571 2514; x_wconf 77' lang='lat' dir='ltr'><strong>praedicit</strong></span> <span class='ocrx_word' id='word_1_333' title='bbox 595 2473 759 2511; x_wconf 84' lang='lat' dir='ltr'><strong>Psalmus,</strong></span> <span class='ocrx_word' id='word_1_334' title='bbox 782 2481 813 2506; x_wconf 89' lang='lat' dir='ltr'><strong>et</strong></span> <span class='ocrx_word' id='word_1_335' title='bbox 837 2476 1005 2516; x_wconf 70' lang='lat' dir='ltr'><strong>coniungit</strong></span> <span class='ocrx_word' id='word_1_336' title='bbox 1028 2484 1158 2518; x_wconf 68' lang='lat' dir='ltr'><strong>gentes,</strong></span> 
     </span>
     <span class='ocr_line' id='line_1_53' title="bbox 178 2514 1157 2561; baseline 0.008 -17"><span class='ocrx_word' id='word_1_337' title='bbox 178 2514 333 2557; x_wconf 77' lang='lat' dir='ltr'><strong>populos.</strong></span> <span class='ocrx_word' id='word_1_338' title='bbox 358 2525 467 2558; x_wconf 83' lang='lat' dir='ltr'><strong>reges,</strong></span> <span class='ocrx_word' id='word_1_339' title='bbox 490 2518 668 2559; x_wconf 82' lang='lat' dir='ltr'><strong>principes.</strong></span> <span class='ocrx_word' id='word_1_340' title='bbox 724 2517 789 2549; x_wconf 86' lang='lat' dir='ltr'><strong>Ubi</strong></span> <span class='ocrx_word' id='word_1_341' title='bbox 820 2519 918 2561; x_wconf 78' lang='lat' dir='ltr'><strong>igitur</strong></span> <span class='ocrx_word' id='word_1_342' title='bbox 948 2520 1008 2550; x_wconf 90' lang='lat' dir='ltr'><strong>erit</strong></span> <span class='ocrx_word' id='word_1_343' title='bbox 1042 2519 1157 2552; x_wconf 78' lang='lat' dir='ltr'><strong>Eccle-</strong></span> 
     </span>
     <span class='ocr_line' id='line_1_54' title="bbox 179 2558 1158 2603; baseline 0.007 -15"><span class='ocrx_word' id='word_1_344' title='bbox 179 2558 252 2589; x_wconf 71' lang='lat' dir='ltr'><strong>sia?</strong></span> <span class='ocrx_word' id='word_1_345' title='bbox 297 2558 396 2590; x_wconf 76' lang='lat' dir='ltr'><strong>Certe</strong></span> <span class='ocrx_word' id='word_1_346' title='bbox 419 2560 479 2590; x_wconf 84' lang='lat' dir='ltr'><strong>erit</strong></span> <span class='ocrx_word' id='word_1_347' title='bbox 503 2566 618 2593; x_wconf 77' lang='lat' dir='ltr'><strong>coetus</strong></span> <span class='ocrx_word' id='word_1_348' title='bbox 637 2561 794 2603; x_wconf 79' lang='lat' dir='ltr'><strong>exiguus,</strong></span> <span class='ocrx_word' id='word_1_349' title='bbox 827 2562 855 2593; x_wconf 85' lang='lat' dir='ltr'><strong>sl</strong></span> <span class='ocrx_word' id='word_1_350' title='bbox 887 2562 913 2593; x_wconf 89' lang='lat' dir='ltr'><strong>ci</strong></span> <span class='ocrx_word' id='word_1_351' title='bbox 939 2562 1158 2595; x_wconf 77' lang='lat' dir='ltr'><strong>adversantur</strong></span> 
     </span>
     <span class='ocr_line' id='line_1_55' title="bbox 178 2600 1156 2646; baseline 0.002 -14"><span class='ocrx_word' id='word_1_352' title='bbox 178 2600 302 2643; x_wconf 82' lang='lat' dir='ltr'><strong>populi,</strong></span> <span class='ocrx_word' id='word_1_353' title='bbox 325 2610 488 2643; x_wconf 66' lang='lat' dir='ltr'><strong>potentes,</strong></span> <span class='ocrx_word' id='word_1_354' title='bbox 513 2605 680 2645; x_wconf 80' lang='lat' dir='ltr'><strong>sapientes</strong></span> <span class='ocrx_word' id='word_1_355' title='bbox 699 2603 780 2646; x_wconf 78' lang='lat' dir='ltr'><strong>pleri</strong></span> <span class='ocrx_word' id='word_1_356' title='bbox 807 2614 847 2636; x_wconf 87' lang='lat' dir='ltr'><strong>ue</strong></span> <span class='ocrx_word' id='word_1_357' title='bbox 870 2605 902 2636; x_wconf 91' lang='lat' dir='ltr'><strong>in</strong></span> <span class='ocrx_word' id='word_1_358' title='bbox 920 2606 1050 2637; x_wconf 83' lang='lat' dir='ltr'><strong>mundo.</strong></span> <span class='ocrx_word' id='word_1_359' title='bbox 1087 2606 1156 2637; x_wconf 68' lang='lat' dir='ltr'><strong>llos</strong></span> 
     </span>
     <span class='ocr_line' id='line_1_56' title="bbox 180 2647 1156 2689; baseline 0.006 -14"><span class='ocrx_word' id='word_1_360' title='bbox 180 2652 287 2677; x_wconf 78' lang='lat' dir='ltr'><strong>tamen</strong></span> <span class='ocrx_word' id='word_1_361' title='bbox 317 2647 488 2689; x_wconf 76' lang='lat' dir='ltr'><strong>obiurgat,</strong></span> <span class='ocrx_word' id='word_1_362' title='bbox 524 2654 553 2679; x_wconf 90' lang='lat' dir='ltr'><strong>et</strong></span> <span class='ocrx_word' id='word_1_363' title='bbox 588 2648 752 2689; x_wconf 62' lang='lat' dir='ltr'><strong>significat</strong></span> <span class='ocrx_word' id='word_1_364' title='bbox 802 2655 910 2680; x_wconf 76' lang='lat' dir='ltr'><strong>rusti-n</strong></span> <span class='ocrx_word' id='word_1_365' title='bbox 945 2659 1004 2680; x_wconf 81' lang='lat' dir='ltr'><strong>eos</strong></span> <span class='ocrx_word' id='word_1_366' title='bbox 1040 2649 1156 2681; x_wconf 84' lang='lat' dir='ltr'><strong>tumul·</strong></span> 
     </span>
    </p>
   </div>
   <div class='ocr_carea' id='block_1_5' title="bbox 832 181 1566 215">
    <p class='ocr_par' dir='ltr' id='par_1_9' title="bbox 832 181 1566 215">
     <span class='ocr_line' id='line_1_57' title="bbox 832 181 1566 215; baseline 0 0"><span class='ocrx_word' id='word_1_367' title='bbox 832 183 945 215; x_wconf 76' lang='lat' dir='ltr'><strong>l‘lllL.</strong></span> <span class='ocrx_word' id='word_1_368' title='bbox 969 183 1071 215; x_wconf 80' lang='lat' dir='ltr'><strong>MEL.</strong></span> <span class='ocrx_word' id='word_1_369' title='bbox 1096 181 1281 215; x_wconf 75' lang='lat' dir='ltr'><strong>SCRIPTA</strong></span> <span class='ocrx_word' id='word_1_370' title='bbox 1304 181 1566 215; x_wconf 78' lang='lat' dir='ltr'><strong>EXEGETICA.</strong></span> 
     </span>
    </p>
   </div>
   <div class='ocr_carea' id='block_1_6' title="bbox 2133 188 2196 220">
    <p class='ocr_par' dir='ltr' id='par_1_10' title="bbox 2133 188 2196 220">
     <span class='ocr_line' id='line_1_58' title="bbox 2133 188 2196 220; baseline 0.016 -1"><span class='ocrx_word' id='word_1_371' title='bbox 2133 188 2196 220; x_wconf 75' lang='lat'><strong>140</strong></span> 
     </span>
    </p>
   </div>
   <div class='ocr_carea' id='block_1_7' title="bbox 1214 275 2194 397">
    <p class='ocr_par' dir='ltr' id='par_1_11' title="bbox 1214 275 2194 397">
     <span class='ocr_line' id='line_1_59' title="bbox 1216 275 2193 315; baseline 0.009 -9"><span class='ocrx_word' id='word_1_372' title='bbox 1216 276 1313 314; x_wconf 84' lang='lat' dir='ltr'><strong>tuari,</strong></span> <span class='ocrx_word' id='word_1_373' title='bbox 1336 275 1460 309; x_wconf 80' lang='lat' dir='ltr'><strong>frustra</strong></span> <span class='ocrx_word' id='word_1_374' title='bbox 1483 279 1653 311; x_wconf 83' lang='lat' dir='ltr'><strong>adversari</strong></span> <span class='ocrx_word' id='word_1_375' title='bbox 1682 278 1748 311; x_wconf 88' lang='lat' dir='ltr'><strong>filio</strong></span> <span class='ocrx_word' id='word_1_376' title='bbox 1773 279 1835 312; x_wconf 89' lang='lat' dir='ltr'><strong>Dei</strong></span> <span class='ocrx_word' id='word_1_377' title='bbox 1865 287 1898 312; x_wconf 88' lang='lat' dir='ltr'><strong>et</strong></span> <span class='ocrx_word' id='word_1_378' title='bbox 1927 282 2083 313; x_wconf 87' lang='lat' dir='ltr'><strong>membris</strong></span> <span class='ocrx_word' id='word_1_379' title='bbox 2112 285 2193 315; x_wconf 86' lang='lat' dir='ltr'><strong>suis.</strong></span> 
     </span>
     <span class='ocr_line' id='line_1_60' title="bbox 1215 318 2194 365; baseline 0.01 -17"><span class='ocrx_word' id='word_1_380' title='bbox 1215 318 1262 349; x_wconf 86' lang='lat' dir='ltr'><strong>lta</strong></span> <span class='ocrx_word' id='word_1_381' title='bbox 1286 318 1384 350; x_wconf 85' lang='lat' dir='ltr'><strong>simul</strong></span> <span class='ocrx_word' id='word_1_382' title='bbox 1407 320 1545 354; x_wconf 84' lang='lat' dir='ltr'><strong>involvit</strong></span> <span class='ocrx_word' id='word_1_383' title='bbox 1569 321 1834 355; x_wconf 81' lang='lat' dir='ltr'><strong>consolationem</strong></span> <span class='ocrx_word' id='word_1_384' title='bbox 1856 324 1995 365; x_wconf 83' lang='lat' dir='ltr'><strong>piorum,</strong></span> <span class='ocrx_word' id='word_1_385' title='bbox 2031 326 2194 358; x_wconf 88' lang='lat' dir='ltr'><strong>damnatis</strong></span> 
     </span>
     <span class='ocr_line' id='line_1_61' title="bbox 1214 362 1599 397; baseline 0.016 -6"><span class='ocrx_word' id='word_1_386' title='bbox 1214 362 1366 394; x_wconf 91' lang='lat' dir='ltr'><strong>omnibus</strong></span> <span class='ocrx_word' id='word_1_387' title='bbox 1388 365 1599 397; x_wconf 83' lang='lat' dir='ltr'><strong>adversariis.</strong></span> 
     </span>
    </p>
   </div>
   <div class='ocr_carea' id='block_1_8' title="bbox 1213 421 2193 509">
    <p class='ocr_par' dir='ltr' id='par_1_12' title="bbox 1213 421 2193 509">
     <span class='ocr_line' id='line_1_62' title="bbox 1299 421 2193 469; baseline 0.011 -17"><span class='ocrx_word' id='word_1_388' title='bbox 1299 421 1533 466; x_wconf 73' lang='lat' dir='ltr'><strong>Dt&#39;mtmpamus</strong></span> <span class='ocrx_word' id='word_1_389' title='bbox 1566 429 1693 458; x_wconf 67' lang='lat' dir='ltr'><strong>vincula</strong></span> <span class='ocrx_word' id='word_1_390' title='bbox 1715 436 1842 465; x_wconf 79' lang='lat' dir='ltr'><strong>eorum,</strong></span> <span class='ocrx_word' id='word_1_391' title='bbox 1876 431 1906 458; x_wconf 85' lang='lat' dir='ltr'><strong>et</strong></span> <span class='ocrx_word' id='word_1_392' title='bbox 1939 429 2149 469; x_wconf 72' lang='lat' dir='ltr'><strong>proficiamus</strong></span> <span class='ocrx_word' id='word_1_393' title='bbox 2172 441 2193 462; x_wconf 77' lang='lat' dir='ltr'><strong>a</strong></span> 
     </span>
     <span class='ocr_line' id='line_1_63' title="bbox 1213 464 1602 509; baseline 0.013 -14"><span class='ocrx_word' id='word_1_394' title='bbox 1213 464 1304 496; x_wconf 79' lang='lat' dir='ltr'><strong>nobis</strong></span> <span class='ocrx_word' id='word_1_395' title='bbox 1325 467 1429 508; x_wconf 72' lang='grc' dir='ltr'><em>ιἰιφιιιι</em></span> <span class='ocrx_word' id='word_1_396' title='bbox 1449 469 1602 509; x_wconf 78' lang='lat' dir='ltr'><strong>ipsorum.</strong></span> 
     </span>
    </p>
   </div>
   <div class='ocr_carea' id='block_1_9' title="bbox 1209 534 2195 1224">
    <p class='ocr_par' dir='ltr' id='par_1_13' title="bbox 1209 534 2195 1224">
     <span class='ocr_line' id='line_1_64' title="bbox 1300 534 2195 583; baseline 0.011 -18"><span class='ocrx_word' id='word_1_397' title='bbox 1300 534 1393 566; x_wconf 88' lang='lat' dir='ltr'><strong>Haec</strong></span> <span class='ocrx_word' id='word_1_398' title='bbox 1420 542 1473 567; x_wconf 87' lang='lat' dir='ltr'><strong>est</strong></span> <span class='ocrx_word' id='word_1_399' title='bbox 1501 536 1659 569; x_wconf 77' lang='lat' dir='ltr'><strong>Mimests.</strong></span> <span class='ocrx_word' id='word_1_400' title='bbox 1705 538 1787 570; x_wconf 89' lang='lat' dir='ltr'><strong>Sunt</strong></span> <span class='ocrx_word' id='word_1_401' title='bbox 1815 539 1919 570; x_wconf 80' lang='lat' dir='ltr'><strong>verba</strong></span> <span class='ocrx_word' id='word_1_402' title='bbox 1948 539 2035 572; x_wconf 85' lang='lat' dir='ltr'><strong>dicta</strong></span> <span class='ocrx_word' id='word_1_403' title='bbox 2059 541 2090 573; x_wconf 92' lang='lat' dir='ltr'><strong>in</strong></span> <span class='ocrx_word' id='word_1_404' title='bbox 2121 552 2195 583; x_wconf 88' lang='lat' dir='ltr'><strong>per-</strong></span> 
     </span>
     <span class='ocr_line' id='line_1_65' title="bbox 1213 577 2194 617; baseline 0.01 -10"><span class='ocrx_word' id='word_1_405' title='bbox 1213 586 1297 608; x_wconf 85' lang='lat' dir='ltr'><strong>sona</strong></span> <span class='ocrx_word' id='word_1_406' title='bbox 1329 577 1484 611; x_wconf 87' lang='lat' dir='ltr'><strong>hostium.</strong></span> <span class='ocrx_word' id='word_1_407' title='bbox 1540 580 1623 611; x_wconf 89' lang='lat' dir='ltr'><strong>Nam</strong></span> <span class='ocrx_word' id='word_1_408' title='bbox 1653 580 1800 613; x_wconf 77' lang='lat' dir='ltr'><strong>Mimesis</strong></span> <span class='ocrx_word' id='word_1_409' title='bbox 1837 588 1888 614; x_wconf 77' lang='lat' dir='ltr'><strong>est</strong></span> <span class='ocrx_word' id='word_1_410' title='bbox 1921 583 2056 616; x_wconf 79' lang='lat' dir='ltr'><strong>imitatio</strong></span> <span class='ocrx_word' id='word_1_411' title='bbox 2093 584 2194 617; x_wconf 82' lang='lat' dir='ltr'><strong>alieni</strong></span> 
     </span>
     <span class='ocr_line' id='line_1_66' title="bbox 1212 621 2194 670; baseline 0.01 -20"><span class='ocrx_word' id='word_1_412' title='bbox 1212 622 1385 653; x_wconf 84' lang='lat' dir='ltr'><strong>sermonis.</strong></span> <span class='ocrx_word' id='word_1_413' title='bbox 1433 621 1524 654; x_wconf 83' lang='lat' dir='ltr'><strong>Haec</strong></span> <span class='ocrx_word' id='word_1_414' title='bbox 1548 629 1600 655; x_wconf 85' lang='lat' dir='ltr'><strong>est</strong></span> <span class='ocrx_word' id='word_1_415' title='bbox 1618 629 1727 656; x_wconf 86' lang='lat' dir='ltr'><strong>autem</strong></span> <span class='ocrx_word' id='word_1_416' title='bbox 1746 635 1811 656; x_wconf 75' lang='lat' dir='ltr'><strong>vox</strong></span> <span class='ocrx_word' id='word_1_417' title='bbox 1834 625 2014 666; x_wconf 86' lang='lat' dir='ltr'><strong>impiorum.</strong></span> <span class='ocrx_word' id='word_1_418' title='bbox 2061 627 2194 670; x_wconf 82' lang='lat' dir='ltr'><strong>Negant</strong></span> 
     </span>
     <span class='ocr_line' id='line_1_67' title="bbox 1212 665 2192 710; baseline 0.01 -18"><span class='ocrx_word' id='word_1_419' title='bbox 1212 672 1249 693; x_wconf 87' lang='lat' dir='ltr'><strong>se</strong></span> <span class='ocrx_word' id='word_1_420' title='bbox 1292 673 1455 704; x_wconf 87' lang='lat' dir='ltr'><strong>passuros</strong></span> <span class='ocrx_word' id='word_1_421' title='bbox 1495 665 1666 709; x_wconf 85' lang='lat' dir='ltr'><strong>Evangelii</strong></span> <span class='ocrx_word' id='word_1_422' title='bbox 1710 669 1995 710; x_wconf 83' lang='lat' dir='ltr'><strong>propagationem.</strong></span> <span class='ocrx_word' id='word_1_423' title='bbox 2049 669 2192 703; x_wconf 74' lang='lat' dir='ltr'><strong>Dicunt:</strong></span> 
     </span>
     <span class='ocr_line' id='line_1_68' title="bbox 1212 704 2192 753; baseline 0.01 -18"><span class='ocrx_word' id='word_1_424' title='bbox 1212 705 1286 736; x_wconf 84' lang='lat' dir='ltr'><strong>Non</strong></span> <span class='ocrx_word' id='word_1_425' title='bbox 1309 704 1463 738; x_wconf 83' lang='lat' dir='ltr'><strong>volumus</strong></span> <span class='ocrx_word' id='word_1_426' title='bbox 1486 708 1574 741; x_wconf 86' lang='lat' dir='ltr'><strong>hunc</strong></span> <span class='ocrx_word' id='word_1_427' title='bbox 1598 720 1738 752; x_wconf 82' lang='lat' dir='ltr'><strong>regnare</strong></span> <span class='ocrx_word' id='word_1_428' title='bbox 1766 721 1867 753; x_wconf 90' lang='lat' dir='ltr'><strong>super</strong></span> <span class='ocrx_word' id='word_1_429' title='bbox 1890 721 1966 743; x_wconf 87' lang='lat' dir='ltr'><strong>nos:</strong></span> <span class='ocrx_word' id='word_1_430' title='bbox 1998 713 2072 744; x_wconf 91' lang='lat' dir='ltr'><strong>Non</strong></span> <span class='ocrx_word' id='word_1_431' title='bbox 2098 713 2192 746; x_wconf 79' lang='lat' dir='ltr'><strong>volu-</strong></span> 
     </span>
     <span class='ocr_line' id='line_1_69' title="bbox 1211 746 2193 796; baseline 0.011 -18"><span class='ocrx_word' id='word_1_432' title='bbox 1211 758 1285 779; x_wconf 89' lang='lat' dir='ltr'><strong>mus</strong></span> <span class='ocrx_word' id='word_1_433' title='bbox 1309 746 1397 780; x_wconf 85' lang='lat' dir='ltr'><strong>serre</strong></span> <span class='ocrx_word' id='word_1_434' title='bbox 1422 751 1677 784; x_wconf 75' lang='lat' dir='ltr'><strong>concionatores</strong></span> <span class='ocrx_word' id='word_1_435' title='bbox 1699 754 1800 785; x_wconf 88' lang='lat' dir='ltr'><strong>istos:</strong></span> <span class='ocrx_word' id='word_1_436' title='bbox 1831 753 2076 796; x_wconf 81' lang='lat' dir='ltr'><strong>Dissipabimus</strong></span> <span class='ocrx_word' id='word_1_437' title='bbox 2105 756 2193 789; x_wconf 83' lang='lat' dir='ltr'><strong>hane</strong></span> 
     </span>
     <span class='ocr_line' id='line_1_70' title="bbox 1213 791 2191 837; baseline 0.01 -16"><span class='ocrx_word' id='word_1_438' title='bbox 1213 791 1412 823; x_wconf 82' lang='lat' dir='ltr'><strong>doctrinam:</strong></span> <span class='ocrx_word' id='word_1_439' title='bbox 1445 793 1666 827; x_wconf 87' lang='lat' dir='ltr'><strong>Turbabimus</strong></span> <span class='ocrx_word' id='word_1_440' title='bbox 1700 803 1732 828; x_wconf 91' lang='lat' dir='ltr'><strong>et</strong></span> <span class='ocrx_word' id='word_1_441' title='bbox 1771 805 1957 830; x_wconf 81' lang='lat' dir='ltr'><strong>evertemus</strong></span> <span class='ocrx_word' id='word_1_442' title='bbox 1991 799 2191 837; x_wconf 81' lang='lat' dir='ltr'><strong>Ecclesiam.</strong></span> 
     </span>
     <span class='ocr_line' id='line_1_71' title="bbox 1211 833 2192 882; baseline 0.011 -18"><span class='ocrx_word' id='word_1_443' title='bbox 1211 833 1282 865; x_wconf 91' lang='lat' dir='ltr'><strong>Nec</strong></span> <span class='ocrx_word' id='word_1_444' title='bbox 1315 834 1424 866; x_wconf 82' lang='lat' dir='ltr'><strong>solum</strong></span> <span class='ocrx_word' id='word_1_445' title='bbox 1459 835 1603 869; x_wconf 85' lang='lat' dir='ltr'><strong>clamant</strong></span> <span class='ocrx_word' id='word_1_446' title='bbox 1637 840 1701 870; x_wconf 84' lang='lat' dir='ltr'><strong>ista</strong></span> <span class='ocrx_word' id='word_1_447' title='bbox 1735 840 1842 882; x_wconf 87' lang='lat' dir='ltr'><strong>impii,</strong></span> <span class='ocrx_word' id='word_1_448' title='bbox 1876 842 1936 872; x_wconf 88' lang='lat' dir='ltr'><strong>sed</strong></span> <span class='ocrx_word' id='word_1_449' title='bbox 1971 852 2007 874; x_wconf 87' lang='lat' dir='ltr'><strong>re</strong></span> <span class='ocrx_word' id='word_1_450' title='bbox 2038 848 2070 874; x_wconf 85' lang='lat' dir='ltr'><strong>et</strong></span> <span class='ocrx_word' id='word_1_451' title='bbox 2094 842 2192 875; x_wconf 84' lang='lat' dir='ltr'><strong>sactis</strong></span> 
     </span>
     <span class='ocr_line' id='line_1_72' title="bbox 1211 877 2192 925; baseline 0.012 -18"><span class='ocrx_word' id='word_1_452' title='bbox 1211 877 1354 918; x_wconf 84' lang='lat' dir='ltr'><strong>probare</strong></span> <span class='ocrx_word' id='word_1_453' title='bbox 1385 885 1557 911; x_wconf 83' lang='lat' dir='ltr'><strong>conantur.</strong></span> <span class='ocrx_word' id='word_1_454' title='bbox 1615 881 1829 922; x_wconf 82' lang='lat' dir='ltr'><strong>lnterficiunt,</strong></span> <span class='ocrx_word' id='word_1_455' title='bbox 1868 883 1996 925; x_wconf 87' lang='lat' dir='ltr'><strong>pellunt</strong></span> <span class='ocrx_word' id='word_1_456' title='bbox 2039 885 2192 919; x_wconf 83' lang='lat' dir='ltr'><strong>homines</strong></span> 
     </span>
     <span class='ocr_line' id='line_1_73' title="bbox 1211 922 2193 968; baseline 0.01 -17"><span class='ocrx_word' id='word_1_457' title='bbox 1211 927 1305 952; x_wconf 89' lang='lat' dir='ltr'><strong>reete</strong></span> <span class='ocrx_word' id='word_1_458' title='bbox 1335 922 1526 954; x_wconf 85' lang='lat' dir='ltr'><strong>sentientes.</strong></span> <span class='ocrx_word' id='word_1_459' title='bbox 1586 923 1726 956; x_wconf 87' lang='lat' dir='ltr'><strong>Faciunt</strong></span> <span class='ocrx_word' id='word_1_460' title='bbox 1755 927 1989 968; x_wconf 87' lang='lat' dir='ltr'><strong>dissipationes</strong></span> <span class='ocrx_word' id='word_1_461' title='bbox 2018 928 2193 961; x_wconf 78' lang='lat' dir='ltr'><strong>Ecclesiae</strong></span> 
     </span>
     <span class='ocr_line' id='line_1_74' title="bbox 1212 962 2193 1005; baseline 0.011 -11"><span class='ocrx_word' id='word_1_462' title='bbox 1212 962 1322 995; x_wconf 84' lang='lat' dir='ltr'><strong>multis</strong></span> <span class='ocrx_word' id='word_1_463' title='bbox 1351 965 1383 995; x_wconf 92' lang='lat' dir='ltr'><strong>in</strong></span> <span class='ocrx_word' id='word_1_464' title='bbox 1412 964 1508 996; x_wconf 88' lang='lat' dir='ltr'><strong>locis.</strong></span> <span class='ocrx_word' id='word_1_465' title='bbox 1567 967 1659 998; x_wconf 90' lang='lat' dir='ltr'><strong>Sicut</strong></span> <span class='ocrx_word' id='word_1_466' title='bbox 1682 977 1770 1000; x_wconf 88' lang='lat' dir='ltr'><strong>nunc</strong></span> <span class='ocrx_word' id='word_1_467' title='bbox 1805 971 1902 1002; x_wconf 84' lang='lat' dir='ltr'><strong>etiam</strong></span> <span class='ocrx_word' id='word_1_468' title='bbox 1936 969 2027 1003; x_wconf 88' lang='lat' dir='ltr'><strong>multi</strong></span> <span class='ocrx_word' id='word_1_469' title='bbox 2057 973 2134 1004; x_wconf 87' lang='lat' dir='ltr'><strong>boni</strong></span> <span class='ocrx_word' id='word_1_470' title='bbox 2159 978 2193 1005; x_wconf 76' lang='lat' dir='ltr'><strong>et</strong></span> 
     </span>
     <span class='ocr_line' id='line_1_75' title="bbox 1215 1007 2193 1050; baseline 0.011 -13"><span class='ocrx_word' id='word_1_471' title='bbox 1215 1008 1322 1038; x_wconf 85' lang='lat' dir='ltr'><strong>sancti</strong></span> <span class='ocrx_word' id='word_1_472' title='bbox 1356 1008 1416 1039; x_wconf 85' lang='lat' dir='ltr'><strong>viri</strong></span> <span class='ocrx_word' id='word_1_473' title='bbox 1452 1007 1583 1050; x_wconf 74' lang='lat' dir='ltr'><strong>expulsi</strong></span> <span class='ocrx_word' id='word_1_474' title='bbox 1616 1016 1692 1041; x_wconf 84' lang='lat' dir='ltr'><strong>sunt</strong></span> <span class='ocrx_word' id='word_1_475' title='bbox 1726 1020 1744 1042; x_wconf 87' lang='lat' dir='ltr'><strong>e</strong></span> <span class='ocrx_word' id='word_1_476' title='bbox 1777 1013 1847 1043; x_wconf 80' lang='lat' dir='ltr'><strong>suis</strong></span> <span class='ocrx_word' id='word_1_477' title='bbox 1880 1013 2011 1046; x_wconf 84' lang='lat' dir='ltr'><strong>nidulis.</strong></span> <span class='ocrx_word' id='word_1_478' title='bbox 2057 1017 2089 1048; x_wconf 92' lang='lat' dir='ltr'><strong>ld</strong></span> <span class='ocrx_word' id='word_1_479' title='bbox 2114 1015 2193 1047; x_wconf 81' lang='lat' dir='ltr'><strong>facit</strong></span> 
     </span>
     <span class='ocr_line' id='line_1_76' title="bbox 1211 1049 2193 1099; baseline 0.01 -19"><span class='ocrx_word' id='word_1_480' title='bbox 1211 1049 1374 1082; x_wconf 90' lang='lat' dir='ltr'><strong>Diabolus</strong></span> <span class='ocrx_word' id='word_1_481' title='bbox 1398 1061 1458 1092; x_wconf 89' lang='lat' dir='ltr'><strong>per</strong></span> <span class='ocrx_word' id='word_1_482' title='bbox 1486 1061 1548 1084; x_wconf 84' lang='lat' dir='ltr'><strong>sua</strong></span> <span class='ocrx_word' id='word_1_483' title='bbox 1582 1063 1725 1095; x_wconf 82' lang='lat' dir='ltr'><strong>organa,</strong></span> <span class='ocrx_word' id='word_1_484' title='bbox 1754 1055 1808 1096; x_wconf 88' lang='lat' dir='ltr'><strong>qni</strong></span> <span class='ocrx_word' id='word_1_485' title='bbox 1839 1061 1949 1088; x_wconf 86' lang='lat' dir='ltr'><strong>tamen</strong></span> <span class='ocrx_word' id='word_1_486' title='bbox 1982 1066 2047 1088; x_wconf 90' lang='lat' dir='ltr'><strong>non</strong></span> <span class='ocrx_word' id='word_1_487' title='bbox 2082 1065 2193 1099; x_wconf 73' lang='lat' dir='ltr'><strong>potest</strong></span> 
     </span>
     <span class='ocr_line' id='line_1_77' title="bbox 1212 1092 2193 1140; baseline 0.009 -16"><span class='ocrx_word' id='word_1_488' title='bbox 1212 1092 1358 1126; x_wconf 82' lang='lat' dir='ltr'><strong>funditus</strong></span> <span class='ocrx_word' id='word_1_489' title='bbox 1383 1093 1494 1126; x_wconf 90' lang='lat' dir='ltr'><strong>delere</strong></span> <span class='ocrx_word' id='word_1_490' title='bbox 1517 1094 1713 1128; x_wconf 82' lang='lat' dir='ltr'><strong>Ecclesiam.</strong></span> <span class='ocrx_word' id='word_1_491' title='bbox 1764 1098 1841 1130; x_wconf 90' lang='lat' dir='ltr'><strong>Ideo</strong></span> <span class='ocrx_word' id='word_1_492' title='bbox 1864 1101 2060 1140; x_wconf 85' lang='lat' dir='ltr'><strong>proponitur</strong></span> <span class='ocrx_word' id='word_1_493' title='bbox 2083 1101 2136 1132; x_wconf 82' lang='lat' dir='ltr'><strong>hic</strong></span> <span class='ocrx_word' id='word_1_494' title='bbox 2159 1102 2193 1133; x_wconf 86' lang='lat' dir='ltr'><strong>in</strong></span> 
     </span>
     <span class='ocr_line' id='line_1_78' title="bbox 1212 1136 2193 1180; baseline 0.01 -13"><span class='ocrx_word' id='word_1_495' title='bbox 1212 1136 1472 1169; x_wconf 83' lang='lat' dir='ltr'><strong>consolationem</strong></span> <span class='ocrx_word' id='word_1_496' title='bbox 1495 1139 1637 1180; x_wconf 83' lang='lat' dir='ltr'><strong>piorum,</strong></span> <span class='ocrx_word' id='word_1_497' title='bbox 1661 1141 1870 1173; x_wconf 85' lang='lat' dir='ltr'><strong>comminatio</strong></span> <span class='ocrx_word' id='word_1_498' title='bbox 1893 1143 2056 1175; x_wconf 79' lang='lat' dir='ltr'><strong>adversus</strong></span> <span class='ocrx_word' id='word_1_499' title='bbox 2070 1143 2193 1177; x_wconf 86' lang='lat' dir='ltr'><strong>Diabo-</strong></span> 
     </span>
     <span class='ocr_line' id='line_1_79' title="bbox 1209 1178 1775 1224; baseline 0.009 -14"><span class='ocrx_word' id='word_1_500' title='bbox 1209 1178 1275 1211; x_wconf 93' lang='lat' dir='ltr'><strong>lum</strong></span> <span class='ocrx_word' id='word_1_501' title='bbox 1299 1186 1332 1211; x_wconf 87' lang='lat' dir='ltr'><strong>et</strong></span> <span class='ocrx_word' id='word_1_502' title='bbox 1354 1186 1505 1213; x_wconf 85' lang='lat' dir='ltr'><strong>caeteros</strong></span> <span class='ocrx_word' id='word_1_503' title='bbox 1527 1189 1775 1224; x_wconf 81' lang='lat' dir='ltr'><strong>persecutores.</strong></span> 
     </span>
    </p>
   </div>
   <div class='ocr_carea' id='block_1_10' title="bbox 1257 1259 2194 1386">
    <p class='ocr_par' dir='ltr' id='par_1_14' title="bbox 1257 1259 2194 1386">
     <span class='ocr_line' id='line_1_80' title="bbox 1257 1259 2194 1303; baseline 0.009 -14"><span class='ocrx_word' id='word_1_504' title='bbox 1257 1259 1318 1296; x_wconf 78' lang='lat' dir='ltr'><strong>Qui</strong></span> <span class='ocrx_word' id='word_1_505' title='bbox 1345 1259 1469 1291; x_wconf 74' lang='lat' dir='ltr'><strong>babilae</strong></span> <span class='ocrx_word' id='word_1_506' title='bbox 1499 1263 1532 1291; x_wconf 80' lang='lat' dir='ltr'><strong>in</strong></span> <span class='ocrx_word' id='word_1_507' title='bbox 1561 1263 1675 1296; x_wconf 76' lang='lat' dir='ltr'><strong>coelis,</strong></span> <span class='ocrx_word' id='word_1_508' title='bbox 1709 1263 1859 1294; x_wconf 74' lang='lat' dir='ltr'><strong>irridebit</strong></span> <span class='ocrx_word' id='word_1_509' title='bbox 1884 1273 1953 1303; x_wconf 77' lang='lat' dir='ltr'><strong>eos,</strong></span> <span class='ocrx_word' id='word_1_510' title='bbox 1983 1269 2015 1296; x_wconf 85' lang='lat' dir='ltr'><strong>e!</strong></span> <span class='ocrx_word' id='word_1_511' title='bbox 2036 1265 2194 1297; x_wconf 64' lang='lat' dir='ltr'><strong>Dominus</strong></span> 
     </span>
     <span class='ocr_line' id='line_1_81' title="bbox 1295 1303 2194 1345; baseline 0.009 -12"><span class='ocrx_word' id='word_1_512' title='bbox 1295 1303 1507 1334; x_wconf 75' lang='lat' dir='ltr'><strong>subsannabit</strong></span> <span class='ocrx_word' id='word_1_513' title='bbox 1534 1313 1606 1336; x_wconf 73' lang='lat' dir='ltr'><strong>eos:</strong></span> <span class='ocrx_word' id='word_1_514' title='bbox 1638 1306 1724 1335; x_wconf 83' lang='lat' dir='ltr'><strong>Tunc</strong></span> <span class='ocrx_word' id='word_1_515' title='bbox 1751 1307 1899 1345; x_wconf 81' lang='lat' dir='ltr'><strong>loquetur</strong></span> <span class='ocrx_word' id='word_1_516' title='bbox 1927 1308 1972 1338; x_wconf 78' lang='lat' dir='ltr'><strong>ad</strong></span> <span class='ocrx_word' id='word_1_517' title='bbox 1999 1317 2054 1339; x_wconf 72' lang='lat' dir='ltr'><strong>eos</strong></span> <span class='ocrx_word' id='word_1_518' title='bbox 2077 1311 2109 1340; x_wconf 83' lang='lat' dir='ltr'><strong>in</strong></span> <span class='ocrx_word' id='word_1_519' title='bbox 2141 1311 2194 1340; x_wconf 84' lang='lat' dir='ltr'><strong>im</strong></span> 
     </span>
     <span class='ocr_line' id='line_1_82' title="bbox 1295 1348 1984 1386; baseline 0.004 -10"><span class='ocrx_word' id='word_1_520' title='bbox 1295 1355 1362 1385; x_wconf 80' lang='lat' dir='ltr'><strong>sna,</strong></span> <span class='ocrx_word' id='word_1_521' title='bbox 1386 1350 1418 1377; x_wconf 84' lang='lat' dir='ltr'><strong>et</strong></span> <span class='ocrx_word' id='word_1_522' title='bbox 1439 1349 1472 1378; x_wconf 78' lang='lat' dir='ltr'><strong>in</strong></span> <span class='ocrx_word' id='word_1_523' title='bbox 1492 1348 1608 1386; x_wconf 78' lang='lat' dir='ltr'><strong>furore</strong></span> <span class='ocrx_word' id='word_1_524' title='bbox 1624 1357 1683 1379; x_wconf 73' lang='lat' dir='ltr'><strong>suo</strong></span> <span class='ocrx_word' id='word_1_525' title='bbox 1705 1349 1907 1381; x_wconf 77' lang='lat' dir='ltr'><strong>conturbabit</strong></span> <span class='ocrx_word' id='word_1_526' title='bbox 1921 1359 1984 1382; x_wconf 76' lang='lat' dir='ltr'><strong>eos.</strong></span> 
     </span>
    </p>
   </div>
   <div class='ocr_carea' id='block_1_11' title="bbox 1208 1422 2193 2684">
    <p class='ocr_par' dir='ltr' id='par_1_15' title="bbox 1208 1422 2193 1939">
     <span class='ocr_line' id='line_1_83' title="bbox 1296 1422 2193 1464; baseline 0.008 -11"><span class='ocrx_word' id='word_1_527' title='bbox 1296 1422 1442 1454; x_wconf 85' lang='lat' dir='ltr'><strong>Minatur</strong></span> <span class='ocrx_word' id='word_1_528' title='bbox 1463 1433 1590 1464; x_wconf 82' lang='lat' dir='ltr'><strong>poenas</strong></span> <span class='ocrx_word' id='word_1_529' title='bbox 1612 1424 1778 1464; x_wconf 67' lang='lat' dir='ltr'><strong>hostibus</strong></span> <span class='ocrx_word' id='word_1_530' title='bbox 1802 1431 1835 1457; x_wconf 86' lang='lat' dir='ltr'><strong>et</strong></span> <span class='ocrx_word' id='word_1_531' title='bbox 1858 1425 2054 1459; x_wconf 84' lang='lat' dir='ltr'><strong>consolatur</strong></span> <span class='ocrx_word' id='word_1_532' title='bbox 2075 1426 2193 1460; x_wconf 84' lang='lat' dir='ltr'><strong>Eccle-</strong></span> 
     </span>
     <span class='ocr_line' id='line_1_84' title="bbox 1209 1465 2192 1510; baseline 0.007 -14"><span class='ocrx_word' id='word_1_533' title='bbox 1209 1466 1309 1503; x_wconf 86' lang='lat' dir='ltr'><strong>siam,</strong></span> <span class='ocrx_word' id='word_1_534' title='bbox 1343 1467 1431 1508; x_wconf 82' lang='lat' dir='ltr'><strong>quod</strong></span> <span class='ocrx_word' id='word_1_535' title='bbox 1455 1467 1540 1498; x_wconf 90' lang='lat' dir='ltr'><strong>inter</strong></span> <span class='ocrx_word' id='word_1_536' title='bbox 1561 1465 1638 1499; x_wconf 88' lang='lat' dir='ltr'><strong>illos</strong></span> <span class='ocrx_word' id='word_1_537' title='bbox 1662 1469 1807 1510; x_wconf 85' lang='lat' dir='ltr'><strong>gentium</strong></span> <span class='ocrx_word' id='word_1_538' title='bbox 1831 1467 1999 1509; x_wconf 81' lang='lat' dir='ltr'><strong>fremituS,</strong></span> <span class='ocrx_word' id='word_1_539' title='bbox 2034 1469 2192 1503; x_wconf 87' lang='lat' dir='ltr'><strong>tumultus</strong></span> 
     </span>
     <span class='ocr_line' id='line_1_85' title="bbox 1208 1509 2192 1550; baseline 0.006 -10"><span class='ocrx_word' id='word_1_540' title='bbox 1208 1509 1403 1550; x_wconf 84' lang='lat' dir='ltr'><strong>principum,</strong></span> <span class='ocrx_word' id='word_1_541' title='bbox 1428 1509 1522 1542; x_wconf 88' lang='lat' dir='ltr'><strong>Deus</strong></span> <span class='ocrx_word' id='word_1_542' title='bbox 1535 1516 1643 1542; x_wconf 85' lang='lat' dir='ltr'><strong>tamen</strong></span> <span class='ocrx_word' id='word_1_543' title='bbox 1662 1518 1857 1543; x_wconf 80' lang='lat' dir='ltr'><strong>servaturus</strong></span> <span class='ocrx_word' id='word_1_544' title='bbox 1880 1513 1924 1544; x_wconf 88' lang='lat' dir='ltr'><strong>sit</strong></span> <span class='ocrx_word' id='word_1_545' title='bbox 1946 1512 2109 1545; x_wconf 82' lang='lat' dir='ltr'><strong>misellam</strong></span> <span class='ocrx_word' id='word_1_546' title='bbox 2128 1513 2192 1546; x_wconf 85' lang='lat' dir='ltr'><strong>Ec-</strong></span> 
     </span>
     <span class='ocr_line' id='line_1_86' title="bbox 1209 1551 2191 1596; baseline 0.004 -13"><span class='ocrx_word' id='word_1_547' title='bbox 1209 1551 1345 1583; x_wconf 86' lang='lat' dir='ltr'><strong>clesiam</strong></span> <span class='ocrx_word' id='word_1_548' title='bbox 1368 1563 1474 1584; x_wconf 83' lang='lat' dir='ltr'><strong>suam.</strong></span> <span class='ocrx_word' id='word_1_549' title='bbox 1540 1551 1594 1585; x_wconf 90' lang='lat' dir='ltr'><strong>De</strong></span> <span class='ocrx_word' id='word_1_550' title='bbox 1616 1555 1732 1596; x_wconf 88' lang='lat' dir='ltr'><strong>poenis</strong></span> <span class='ocrx_word' id='word_1_551' title='bbox 1756 1554 1900 1587; x_wconf 89' lang='lat' dir='ltr'><strong>hostium</strong></span> <span class='ocrx_word' id='word_1_552' title='bbox 1930 1554 2013 1586; x_wconf 84' lang='lat' dir='ltr'><strong>alias</strong></span> <span class='ocrx_word' id='word_1_553' title='bbox 2037 1556 2191 1588; x_wconf 83' lang='lat' dir='ltr'><strong>diximus.</strong></span> 
     </span>
     <span class='ocr_line' id='line_1_87' title="bbox 1210 1595 2192 1634; baseline 0.003 -7"><span class='ocrx_word' id='word_1_554' title='bbox 1210 1595 1277 1627; x_wconf 87' lang='lat' dir='ltr'><strong>Sed</strong></span> <span class='ocrx_word' id='word_1_555' title='bbox 1302 1596 1344 1627; x_wconf 85' lang='lat' dir='ltr'><strong>tle</strong></span> <span class='ocrx_word' id='word_1_556' title='bbox 1367 1597 1624 1628; x_wconf 88' lang='lat' dir='ltr'><strong>conservatione</strong></span> <span class='ocrx_word' id='word_1_557' title='bbox 1647 1596 1841 1634; x_wconf 84' lang='lat' dir='ltr'><strong>Ecclesiae,</strong></span> <span class='ocrx_word' id='word_1_558' title='bbox 1875 1599 1995 1629; x_wconf 91' lang='lat' dir='ltr'><strong>sumite</strong></span> <span class='ocrx_word' id='word_1_559' title='bbox 2027 1597 2192 1631; x_wconf 88' lang='lat' dir='ltr'><strong>illustrem</strong></span> 
     </span>
     <span class='ocr_line' id='line_1_88' title="bbox 1210 1638 2192 1682; baseline 0.003 -12"><span class='ocrx_word' id='word_1_560' title='bbox 1210 1639 1397 1681; x_wconf 68' lang='lat' dir='ltr'><strong>imaginem,</strong></span> <span class='ocrx_word' id='word_1_561' title='bbox 1420 1649 1481 1670; x_wconf 89' lang='lat' dir='ltr'><strong>seu</strong></span> <span class='ocrx_word' id='word_1_562' title='bbox 1504 1645 1617 1681; x_wconf 76' lang='lat' dir='ltr'><strong>typum</strong></span> <span class='ocrx_word' id='word_1_563' title='bbox 1641 1639 1732 1672; x_wconf 89' lang='lat' dir='ltr'><strong>illum</strong></span> <span class='ocrx_word' id='word_1_564' title='bbox 1751 1638 1925 1672; x_wconf 74' lang='lat' dir='ltr'><strong>Ecclesiae</strong></span> <span class='ocrx_word' id='word_1_565' title='bbox 1943 1641 2057 1682; x_wconf 85' lang='lat' dir='ltr'><strong>populi</strong></span> <span class='ocrx_word' id='word_1_566' title='bbox 2086 1641 2192 1674; x_wconf 80' lang='lat' dir='ltr'><strong>ludai-</strong></span> 
     </span>
     <span class='ocr_line' id='line_1_89' title="bbox 1212 1681 2192 1726; baseline 0.004 -13"><span class='ocrx_word' id='word_1_567' title='bbox 1212 1683 1252 1719; x_wconf 86' lang='lat' dir='ltr'><strong>ci‚</strong></span> <span class='ocrx_word' id='word_1_568' title='bbox 1275 1683 1395 1713; x_wconf 85' lang='lat' dir='ltr'><strong>stantis</strong></span> <span class='ocrx_word' id='word_1_569' title='bbox 1417 1683 1502 1714; x_wconf 91' lang='lat' dir='ltr'><strong>inter</strong></span> <span class='ocrx_word' id='word_1_570' title='bbox 1524 1681 1684 1724; x_wconf 91' lang='lat' dir='ltr'><strong>scopulos</strong></span> <span class='ocrx_word' id='word_1_571' title='bbox 1703 1684 1802 1714; x_wconf 78' lang='lat' dir='ltr'><strong>maris</strong></span> <span class='ocrx_word' id='word_1_572' title='bbox 1826 1684 1926 1715; x_wconf 85' lang='lat' dir='ltr'><strong>rubri.</strong></span> <span class='ocrx_word' id='word_1_573' title='bbox 1982 1684 2057 1716; x_wconf 86' lang='lat' dir='ltr'><strong>Non</strong></span> <span class='ocrx_word' id='word_1_574' title='bbox 2086 1685 2192 1726; x_wconf 85' lang='lat' dir='ltr'><strong>potuit</strong></span> 
     </span>
     <span class='ocr_line' id='line_1_90' title="bbox 1209 1724 2189 1764; baseline 0.005 -9"><span class='ocrx_word' id='word_1_575' title='bbox 1209 1724 1268 1756; x_wconf 91' lang='lat' dir='ltr'><strong>illa</strong></span> <span class='ocrx_word' id='word_1_576' title='bbox 1301 1724 1476 1757; x_wconf 84' lang='lat' dir='ltr'><strong>multitudo</strong></span> <span class='ocrx_word' id='word_1_577' title='bbox 1499 1731 1603 1764; x_wconf 89' lang='lat' dir='ltr'><strong>tanta,</strong></span> <span class='ocrx_word' id='word_1_578' title='bbox 1621 1727 1730 1758; x_wconf 90' lang='lat' dir='ltr'><strong>subito</strong></span> <span class='ocrx_word' id='word_1_579' title='bbox 1753 1728 1895 1758; x_wconf 85' lang='lat' dir='ltr'><strong>transire</strong></span> <span class='ocrx_word' id='word_1_580' title='bbox 1923 1737 2014 1759; x_wconf 87' lang='lat' dir='ltr'><strong>mare</strong></span> <span class='ocrx_word' id='word_1_581' title='bbox 2043 1729 2189 1760; x_wconf 87' lang='lat' dir='ltr'><strong>rubrum.</strong></span> 
     </span>
     <span class='ocr_line' id='line_1_91' title="bbox 1211 1767 2191 1811; baseline 0.004 -12"><span class='ocrx_word' id='word_1_582' title='bbox 1211 1769 1305 1809; x_wconf 85' lang='lat' dir='ltr'><strong>Opus</strong></span> <span class='ocrx_word' id='word_1_583' title='bbox 1328 1767 1388 1800; x_wconf 86' lang='lat' dir='ltr'><strong>fuit</strong></span> <span class='ocrx_word' id='word_1_584' title='bbox 1411 1769 1454 1799; x_wconf 89' lang='lat' dir='ltr'><strong>ad</strong></span> <span class='ocrx_word' id='word_1_585' title='bbox 1477 1769 1642 1801; x_wconf 88' lang='lat' dir='ltr'><strong>minimum</strong></span> <span class='ocrx_word' id='word_1_586' title='bbox 1666 1770 1784 1801; x_wconf 92' lang='lat' dir='ltr'><strong>‹liebus</strong></span> <span class='ocrx_word' id='word_1_587' title='bbox 1812 1770 2073 1811; x_wconf 76' lang='lat' dir='ltr'><strong>quatuordecim.</strong></span> <span class='ocrx_word' id='word_1_588' title='bbox 2139 1771 2191 1803; x_wconf 80' lang='lat' dir='ltr'><strong>ln-</strong></span> 
     </span>
     <span class='ocr_line' id='line_1_92' title="bbox 1209 1811 2192 1854; baseline 0.005 -12"><span class='ocrx_word' id='word_1_589' title='bbox 1209 1818 1301 1843; x_wconf 84' lang='lat' dir='ltr'><strong>terea</strong></span> <span class='ocrx_word' id='word_1_590' title='bbox 1324 1818 1487 1843; x_wconf 86' lang='lat' dir='ltr'><strong>steterunt</strong></span> <span class='ocrx_word' id='word_1_591' title='bbox 1506 1811 1552 1843; x_wconf 92' lang='lat' dir='ltr'><strong>illi</strong></span> <span class='ocrx_word' id='word_1_592' title='bbox 1575 1819 1706 1844; x_wconf 88' lang='lat' dir='ltr'><strong>montes</strong></span> <span class='ocrx_word' id='word_1_593' title='bbox 1734 1823 1905 1854; x_wconf 86' lang='lat' dir='ltr'><strong>aquarum.</strong></span> <span class='ocrx_word' id='word_1_594' title='bbox 1972 1813 2045 1845; x_wconf 82' lang='lat' dir='ltr'><strong>Fuit</strong></span> <span class='ocrx_word' id='word_1_595' title='bbox 2062 1815 2192 1851; x_wconf 3' lang='lat' dir='ltr'><strong>inuran-</strong></span> 
     </span>
     <span class='ocr_line' id='line_1_93' title="bbox 1211 1853 2191 1896; baseline 0.003 -9"><span class='ocrx_word' id='word_1_596' title='bbox 1211 1856 1287 1887; x_wconf 88' lang='lat' dir='ltr'><strong>dum</strong></span> <span class='ocrx_word' id='word_1_597' title='bbox 1306 1853 1540 1896; x_wconf 85' lang='lat' dir='ltr'><strong>spectaculum.</strong></span> <span class='ocrx_word' id='word_1_598' title='bbox 1599 1854 1731 1888; x_wconf 84' lang='lat' dir='ltr'><strong>Pharao</strong></span> <span class='ocrx_word' id='word_1_599' title='bbox 1755 1863 1787 1887; x_wconf 90' lang='lat' dir='ltr'><strong>et</strong></span> <span class='ocrx_word' id='word_1_600' title='bbox 1816 1862 1906 1887; x_wconf 87' lang='lat' dir='ltr'><strong>totus</strong></span> <span class='ocrx_word' id='word_1_601' title='bbox 1930 1858 2095 1889; x_wconf 82' lang='lat' dir='ltr'><strong>exereitus</strong></span> <span class='ocrx_word' id='word_1_602' title='bbox 2118 1858 2191 1890; x_wconf 84' lang='lat' dir='ltr'><strong>eius</strong></span> 
     </span>
     <span class='ocr_line' id='line_1_94' title="bbox 1210 1897 1790 1939; baseline 0 -10"><span class='ocrx_word' id='word_1_603' title='bbox 1210 1897 1440 1930; x_wconf 85' lang='lat' dir='ltr'><strong>miserabiliter</strong></span> <span class='ocrx_word' id='word_1_604' title='bbox 1463 1899 1557 1939; x_wconf 86' lang='lat' dir='ltr'><strong>periit</strong></span> <span class='ocrx_word' id='word_1_605' title='bbox 1579 1899 1611 1930; x_wconf 89' lang='lat' dir='ltr'><strong>in</strong></span> <span class='ocrx_word' id='word_1_606' title='bbox 1635 1909 1675 1930; x_wconf 90' lang='lat' dir='ltr'><strong>eo</strong></span> <span class='ocrx_word' id='word_1_607' title='bbox 1699 1900 1790 1931; x_wconf 82' lang='lat' dir='ltr'><strong>mari.</strong></span> 
     </span>
    </p>

    <p class='ocr_par' dir='ltr' id='par_1_16' title="bbox 1210 1941 2192 2415">
     <span class='ocr_line' id='line_1_95' title="bbox 1297 1941 2191 1985; baseline 0.003 -13"><span class='ocrx_word' id='word_1_608' title='bbox 1297 1941 1466 1973; x_wconf 90' lang='lat' dir='ltr'><strong>lntuemini</strong></span> <span class='ocrx_word' id='word_1_609' title='bbox 1501 1943 1597 1973; x_wconf 83' lang='lat' dir='ltr'><strong>etiam</strong></span> <span class='ocrx_word' id='word_1_610' title='bbox 1632 1943 1805 1985; x_wconf 81' lang='lat' dir='ltr'><strong>imaginem</strong></span> <span class='ocrx_word' id='word_1_611' title='bbox 1839 1941 1928 1974; x_wconf 86' lang='lat' dir='ltr'><strong>illam</strong></span> <span class='ocrx_word' id='word_1_612' title='bbox 1947 1942 2135 1981; x_wconf 85' lang='lat' dir='ltr'><strong>Ecclesiae,</strong></span> <span class='ocrx_word' id='word_1_613' title='bbox 2157 1943 2191 1975; x_wconf 88' lang='lat' dir='ltr'><strong>in</strong></span> 
     </span>
     <span class='ocr_line' id='line_1_96' title="bbox 1212 1983 2192 2029; baseline 0.002 -14"><span class='ocrx_word' id='word_1_614' title='bbox 1212 1986 1467 2016; x_wconf 87' lang='lat' dir='ltr'><strong>conservatione</strong></span> <span class='ocrx_word' id='word_1_615' title='bbox 1490 1983 1627 2019; x_wconf 82' lang='lat' dir='ltr'><strong>Mariae,</strong></span> <span class='ocrx_word' id='word_1_616' title='bbox 1663 1993 1693 2017; x_wconf 89' lang='lat' dir='ltr'><strong>et</strong></span> <span class='ocrx_word' id='word_1_617' title='bbox 1724 1984 1868 2017; x_wconf 80' lang='lat' dir='ltr'><strong>familiae</strong></span> <span class='ocrx_word' id='word_1_618' title='bbox 1891 1987 2007 2027; x_wconf 65' lang='lat' dir='ltr'><strong>ipsius,</strong></span> <span class='ocrx_word' id='word_1_619' title='bbox 2043 1993 2192 2029; x_wconf 81' lang='lat' dir='ltr'><strong>tempore</strong></span> 
     </span>
     <span class='ocr_line' id='line_1_97' title="bbox 1211 2027 2190 2070; baseline 0.002 -11"><span class='ocrx_word' id='word_1_620' title='bbox 1211 2028 1364 2060; x_wconf 84' lang='lat' dir='ltr'><strong>Herodis.</strong></span> <span class='ocrx_word' id='word_1_621' title='bbox 1430 2027 1501 2059; x_wconf 90' lang='lat' dir='ltr'><strong>Nos</strong></span> <span class='ocrx_word' id='word_1_622' title='bbox 1525 2029 1726 2070; x_wconf 66' lang='lat' dir='ltr'><strong>cogitatum,</strong></span> <span class='ocrx_word' id='word_1_623' title='bbox 1761 2028 1827 2060; x_wconf 80' lang='lat' dir='ltr'><strong>lam</strong></span> <span class='ocrx_word' id='word_1_624' title='bbox 1851 2036 1945 2061; x_wconf 90' lang='lat' dir='ltr'><strong>erunt</strong></span> <span class='ocrx_word' id='word_1_625' title='bbox 1976 2040 2063 2061; x_wconf 80' lang='lat' dir='ltr'><strong>nova</strong></span> <span class='ocrx_word' id='word_1_626' title='bbox 2090 2028 2190 2068; x_wconf 88' lang='lat' dir='ltr'><strong>bella,</strong></span> 
     </span>
     <span class='ocr_line' id='line_1_98' title="bbox 1211 2069 2191 2105; baseline 0.003 -3"><span class='ocrx_word' id='word_1_627' title='bbox 1211 2071 1289 2102; x_wconf 83' lang='lat' dir='ltr'><strong>novi</strong></span> <span class='ocrx_word' id='word_1_628' title='bbox 1307 2069 1475 2103; x_wconf 86' lang='lat' dir='ltr'><strong>tumultus.</strong></span> <span class='ocrx_word' id='word_1_629' title='bbox 1503 2070 1679 2104; x_wconf 89' lang='lat' dir='ltr'><strong>Delebitur</strong></span> <span class='ocrx_word' id='word_1_630' title='bbox 1702 2071 1864 2104; x_wconf 84' lang='lat' dir='ltr'><strong>Ecclesia.</strong></span> <span class='ocrx_word' id='word_1_631' title='bbox 1896 2072 1963 2104; x_wconf 84' lang='lat' dir='ltr'><strong>Sed</strong></span> <span class='ocrx_word' id='word_1_632' title='bbox 1977 2072 2191 2105; x_wconf 81' lang='lat' dir='ltr'><strong>consolemur</strong></span> 
     </span>
     <span class='ocr_line' id='line_1_99' title="bbox 1210 2113 2192 2156; baseline 0.001 -10"><span class='ocrx_word' id='word_1_633' title='bbox 1210 2124 1273 2146; x_wconf 91' lang='lat' dir='ltr'><strong>nos</strong></span> <span class='ocrx_word' id='word_1_634' title='bbox 1297 2113 1362 2146; x_wconf 83' lang='lat' dir='ltr'><strong>hoc</strong></span> <span class='ocrx_word' id='word_1_635' title='bbox 1386 2120 1475 2156; x_wconf 62' lang='lat' dir='ltr'><strong>typo.</strong></span> <span class='ocrx_word' id='word_1_636' title='bbox 1543 2115 1636 2147; x_wconf 86' lang='lat' dir='ltr'><strong>Sicut</strong></span> <span class='ocrx_word' id='word_1_637' title='bbox 1659 2115 1802 2147; x_wconf 85' lang='lat' dir='ltr'><strong>defendit</strong></span> <span class='ocrx_word' id='word_1_638' title='bbox 1821 2121 1900 2148; x_wconf 86' lang='lat' dir='ltr'><strong>tune</strong></span> <span class='ocrx_word' id='word_1_639' title='bbox 1923 2115 2016 2148; x_wconf 82' lang='lat' dir='ltr'><strong>Deus</strong></span> <span class='ocrx_word' id='word_1_640' title='bbox 2041 2115 2192 2154; x_wconf 70' lang='lat' dir='ltr'><strong>Mariam,</strong></span> 
     </span>
     <span class='ocr_line' id='line_1_100' title="bbox 1213 2156 2191 2200; baseline 0.002 -12"><span class='ocrx_word' id='word_1_641' title='bbox 1213 2167 1363 2190; x_wconf 81' lang='lat' dir='ltr'><strong>sororem</strong></span> <span class='ocrx_word' id='word_1_642' title='bbox 1386 2159 1470 2195; x_wconf 82' lang='lat' dir='ltr'><strong>eius,</strong></span> <span class='ocrx_word' id='word_1_643' title='bbox 1492 2164 1524 2189; x_wconf 91' lang='lat' dir='ltr'><strong>et</strong></span> <span class='ocrx_word' id='word_1_644' title='bbox 1547 2156 1630 2189; x_wconf 86' lang='lat' dir='ltr'><strong>alias</strong></span> <span class='ocrx_word' id='word_1_645' title='bbox 1654 2166 1823 2191; x_wconf 82' lang='lat' dir='ltr'><strong>matronas</strong></span> <span class='ocrx_word' id='word_1_646' title='bbox 1847 2165 1997 2197; x_wconf 70' lang='lat' dir='ltr'><strong>sanetas,</strong></span> <span class='ocrx_word' id='word_1_647' title='bbox 2020 2166 2191 2200; x_wconf 78' lang='lat' dir='ltr'><strong>praestan-</strong></span> 
     </span>
     <span class='ocr_line' id='line_1_101' title="bbox 1211 2199 2191 2244; baseline 0.001 -12"><span class='ocrx_word' id='word_1_648' title='bbox 1211 2207 1262 2232; x_wconf 82' lang='lat' dir='ltr'><strong>tes</strong></span> <span class='ocrx_word' id='word_1_649' title='bbox 1296 2199 1419 2239; x_wconf 79' lang='lat' dir='ltr'><strong>sonna,</strong></span> <span class='ocrx_word' id='word_1_650' title='bbox 1458 2202 1607 2243; x_wconf 77' lang='lat' dir='ltr'><strong>ingenio,</strong></span> <span class='ocrx_word' id='word_1_651' title='bbox 1640 2203 1819 2244; x_wconf 84' lang='lat' dir='ltr'><strong>sapientia,</strong></span> <span class='ocrx_word' id='word_1_652' title='bbox 1861 2203 2071 2244; x_wconf 75' lang='lat' dir='ltr'><strong>quantumvis</strong></span> <span class='ocrx_word' id='word_1_653' title='bbox 2104 2201 2191 2234; x_wconf 82' lang='lat' dir='ltr'><strong>tales</strong></span> 
     </span>
     <span class='ocr_line' id='line_1_102' title="bbox 1211 2244 2191 2287; baseline 0.002 -12"><span class='ocrx_word' id='word_1_654' title='bbox 1211 2245 1352 2276; x_wconf 73' lang='lat' dir='ltr'><strong>ninxime</strong></span> <span class='ocrx_word' id='word_1_655' title='bbox 1385 2251 1599 2286; x_wconf 66' lang='lat' dir='ltr'><strong>appetantur:</strong></span> <span class='ocrx_word' id='word_1_656' title='bbox 1633 2244 1674 2276; x_wconf 86' lang='lat' dir='ltr'><strong>Et</strong></span> <span class='ocrx_word' id='word_1_657' title='bbox 1709 2246 1854 2287; x_wconf 85' lang='lat' dir='ltr'><strong>quitum</strong></span> <span class='ocrx_word' id='word_1_658' title='bbox 1889 2246 1921 2276; x_wconf 93' lang='lat' dir='ltr'><strong>in</strong></span> <span class='ocrx_word' id='word_1_659' title='bbox 1946 2245 2066 2277; x_wconf 79' lang='lat' dir='ltr'><strong>ludaea</strong></span> <span class='ocrx_word' id='word_1_660' title='bbox 2089 2255 2191 2287; x_wconf 71' lang='lat' dir='ltr'><strong>vaga-</strong></span> 
     </span>
     <span class='ocr_line' id='line_1_103' title="bbox 1212 2288 2191 2330; baseline 0 -11"><span class='ocrx_word' id='word_1_661' title='bbox 1212 2288 1330 2319; x_wconf 82' lang='lat' dir='ltr'><strong>bantur</strong></span> <span class='ocrx_word' id='word_1_662' title='bbox 1348 2289 1524 2325; x_wconf 78' lang='lat' dir='ltr'><strong>exercitus,</strong></span> <span class='ocrx_word' id='word_1_663' title='bbox 1547 2294 1640 2320; x_wconf 86' lang='lat' dir='ltr'><strong>erant</strong></span> <span class='ocrx_word' id='word_1_664' title='bbox 1664 2288 1932 2329; x_wconf 74' lang='lat' dir='ltr'><strong>petulantissimi:</strong></span> <span class='ocrx_word' id='word_1_665' title='bbox 1956 2289 2002 2319; x_wconf 80' lang='lat' dir='ltr'><strong>lta</strong></span> <span class='ocrx_word' id='word_1_666' title='bbox 2026 2298 2087 2320; x_wconf 87' lang='lat' dir='ltr'><strong>nos</strong></span> <span class='ocrx_word' id='word_1_667' title='bbox 2111 2299 2191 2330; x_wconf 89' lang='lat' dir='ltr'><strong>quo·</strong></span> 
     </span>
     <span class='ocr_line' id='line_1_104' title="bbox 1212 2331 2190 2373; baseline 0.001 -11"><span class='ocrx_word' id='word_1_668' title='bbox 1212 2341 1277 2372; x_wconf 86' lang='lat' dir='ltr'><strong>que</strong></span> <span class='ocrx_word' id='word_1_669' title='bbox 1300 2337 1333 2362; x_wconf 86' lang='lat' dir='ltr'><strong>et</strong></span> <span class='ocrx_word' id='word_1_670' title='bbox 1356 2337 1490 2362; x_wconf 78' lang='lat' dir='ltr'><strong>nostros</strong></span> <span class='ocrx_word' id='word_1_671' title='bbox 1515 2332 1679 2363; x_wconf 74' lang='lat' dir='ltr'><strong>custodiet</strong></span> <span class='ocrx_word' id='word_1_672' title='bbox 1704 2331 1808 2369; x_wconf 76' lang='lat' dir='ltr'><strong>Deus,</strong></span> <span class='ocrx_word' id='word_1_673' title='bbox 1831 2332 1916 2368; x_wconf 76' lang='lat' dir='ltr'><strong>Quia</strong></span> <span class='ocrx_word' id='word_1_674' title='bbox 1935 2333 2094 2373; x_wconf 85' lang='lat' dir='ltr'><strong>scriptum</strong></span> <span class='ocrx_word' id='word_1_675' title='bbox 2118 2338 2190 2363; x_wconf 83' lang='lat' dir='ltr'><strong>est:</strong></span> 
     </span>
     <span class='ocr_line' id='line_1_105' title="bbox 1215 2376 1996 2415; baseline 0.003 -10"><span class='ocrx_word' id='word_1_676' title='bbox 1215 2376 1332 2406; x_wconf 71' lang='lat' dir='ltr'><strong>Omnes</strong></span> <span class='ocrx_word' id='word_1_677' title='bbox 1353 2377 1462 2415; x_wconf 71' lang='lat' dir='ltr'><strong>capilli</strong></span> <span class='ocrx_word' id='word_1_678' title='bbox 1482 2379 1599 2415; x_wconf 69' lang='lat' dir='ltr'><strong>capitis</strong></span> <span class='ocrx_word' id='word_1_679' title='bbox 1617 2379 1718 2407; x_wconf 71' lang='lat' dir='ltr'><strong>restra·</strong></span> <span class='ocrx_word' id='word_1_680' title='bbox 1738 2380 1899 2407; x_wconf 73' lang='lat' dir='ltr'><strong>utamerati</strong></span> <span class='ocrx_word' id='word_1_681' title='bbox 1913 2381 1996 2407; x_wconf 69' lang='lat' dir='ltr'><strong>mut.</strong></span> 
     </span>
    </p>

    <p class='ocr_par' dir='ltr' id='par_1_17' title="bbox 1211 2417 2191 2579">
     <span class='ocr_line' id='line_1_106' title="bbox 1299 2417 2191 2460; baseline -0.001 -11"><span class='ocrx_word' id='word_1_682' title='bbox 1299 2418 1379 2449; x_wconf 88' lang='lat' dir='ltr'><strong>Post</strong></span> <span class='ocrx_word' id='word_1_683' title='bbox 1413 2417 1594 2457; x_wconf 78' lang='lat' dir='ltr'><strong>exordium,</strong></span> <span class='ocrx_word' id='word_1_684' title='bbox 1635 2418 1712 2450; x_wconf 74' lang='lat' dir='ltr'><strong>»uod</strong></span> <span class='ocrx_word' id='word_1_685' title='bbox 1736 2425 1865 2450; x_wconf 76' lang='lat' dir='ltr'><strong>constat</strong></span> <span class='ocrx_word' id='word_1_686' title='bbox 1890 2417 1974 2450; x_wconf 85' lang='lat' dir='ltr'><strong>locis</strong></span> <span class='ocrx_word' id='word_1_687' title='bbox 2004 2417 2191 2460; x_wconf 76' lang='lat' dir='ltr'><strong>patheticis,</strong></span> 
     </span>
     <span class='ocr_line' id='line_1_107' title="bbox 1212 2428 2190 2504; baseline 0.002 -13"><span class='ocrx_word' id='word_1_688' title='bbox 1212 2461 1444 2504; x_wconf 72' lang='lat' dir='ltr'><strong>obiurgatione</strong></span> <span class='ocrx_word' id='word_1_689' title='bbox 1467 2461 1609 2493; x_wconf 79' lang='lat' dir='ltr'><strong>hostium</strong></span> <span class='ocrx_word' id='word_1_690' title='bbox 1624 2428 1811 2504; x_wconf 60' lang='lat' dir='ltr'><strong>lix-angelii,</strong></span> <span class='ocrx_word' id='word_1_691' title='bbox 1836 2462 2089 2493; x_wconf 71' lang='lat' dir='ltr'><strong>commin-tione</strong></span> <span class='ocrx_word' id='word_1_692' title='bbox 2113 2471 2190 2502; x_wconf 82' lang='lat' dir='ltr'><strong>poe-</strong></span> 
     </span>
     <span class='ocr_line' id='line_1_108' title="bbox 1211 2503 2190 2547; baseline 0 -12"><span class='ocrx_word' id='word_1_693' title='bbox 1211 2514 1339 2541; x_wconf 82' lang='lat' dir='ltr'><strong>narum,</strong></span> <span class='ocrx_word' id='word_1_694' title='bbox 1373 2511 1403 2536; x_wconf 87' lang='lat' dir='ltr'><strong>et</strong></span> <span class='ocrx_word' id='word_1_695' title='bbox 1438 2504 1668 2537; x_wconf 80' lang='lat' dir='ltr'><strong>consolatione</strong></span> <span class='ocrx_word' id='word_1_696' title='bbox 1708 2503 1900 2537; x_wconf 77' lang='lat' dir='ltr'><strong>Ecclesiae:</strong></span> <span class='ocrx_word' id='word_1_697' title='bbox 1933 2506 2082 2547; x_wconf 85' lang='lat' dir='ltr'><strong>sequitur</strong></span> <span class='ocrx_word' id='word_1_698' title='bbox 2115 2513 2190 2536; x_wconf 85' lang='lat' dir='ltr'><strong>nar·</strong></span> 
     </span>
     <span class='ocr_line' id='line_1_109' title="bbox 1212 2547 1312 2579; baseline 0.01 -1"><span class='ocrx_word' id='word_1_699' title='bbox 1212 2547 1312 2579; x_wconf 83' lang='lat' dir='ltr'><strong>ratio:</strong></span> 
     </span>
    </p>

    <p class='ocr_par' dir='ltr' id='par_1_18' title="bbox 1256 2608 2190 2649">
     <span class='ocr_line' id='line_1_110' title="bbox 1256 2608 2190 2649; baseline 0.001 -11"><span class='ocrx_word' id='word_1_700' title='bbox 1256 2608 1320 2647; x_wconf 67' lang='lat'><strong>390</strong></span> <span class='ocrx_word' id='word_1_701' title='bbox 1353 2612 1543 2639; x_wconf 70' lang='lat' dir='ltr'><strong>cmisrae&#39;tums</strong></span> <span class='ocrx_word' id='word_1_702' title='bbox 1577 2619 1644 2640; x_wconf 77' lang='lat' dir='ltr'><strong>sum</strong></span> <span class='ocrx_word' id='word_1_703' title='bbox 1678 2610 1718 2640; x_wconf 80' lang='lat' dir='ltr'><strong>ab</strong></span> <span class='ocrx_word' id='word_1_704' title='bbox 1740 2619 1777 2641; x_wconf 76' lang='lat' dir='ltr'><strong>eo</strong></span> <span class='ocrx_word' id='word_1_705' title='bbox 1800 2618 1859 2641; x_wconf 72' lang='lat' dir='ltr'><strong>rex</strong></span> <span class='ocrx_word' id='word_1_706' title='bbox 1880 2619 1979 2649; x_wconf 70' lang='lat' dir='ltr'><strong>super</strong></span> <span class='ocrx_word' id='word_1_707' title='bbox 2002 2609 2080 2640; x_wconf 62' lang='lat' dir='ltr'><strong>Sion</strong></span> <span class='ocrx_word' id='word_1_708' title='bbox 2104 2617 2190 2639; x_wconf 78' lang='lat' dir='ltr'><strong>mon-</strong></span> 
     </span>
    </p>

    <p class='ocr_par' dir='ltr' id='par_1_19' title="bbox 1297 2655 1628 2684">
     <span class='ocr_line' id='line_1_111' title="bbox 1297 2655 1628 2684; baseline 0.006 -2"><span class='ocrx_word' id='word_1_709' title='bbox 1297 2656 1357 2682; x_wconf 77' lang='lat' dir='ltr'><strong>!cm</strong></span> <span class='ocrx_word' id='word_1_710' title='bbox 1381 2655 1526 2683; x_wconf 75' lang='lat' dir='ltr'><strong>sanctum</strong></span> <span class='ocrx_word' id='word_1_711' title='bbox 1550 2656 1628 2684; x_wconf 78' lang='lat' dir='ltr'><strong>e‘t&#39;us-</strong></span> 
     </span>
    </p>
   </div>
   <div class='ocr_carea' id='block_1_12' title="bbox 2311 1044 2324 1100">
    <p class='ocr_par' dir='ltr' id='par_1_20' title="bbox 2311 1044 2324 1100">
     <span class='ocr_line' id='line_1_112' title="bbox 2311 1044 2324 1100; textangle 90"><span class='ocrx_word' id='word_1_712' title='bbox 2311 1044 2324 1100; x_wconf 63' lang='grc' dir='ltr'><strong>-ί-Δ</strong></span> 
     </span>
    </p>
   </div>
  </div>
 </body>
</html>
