2324 2958
172 162 314 196 XXXIX
813 152 922 184 PHIL.
946 150 1050 183 MEL.
1078 147 1266 182 SCRIPTA
1288 145 1554 179 EXEGETICA.
2108 147 2171 180 XL

166 256 325 295 Philippus
345 253 478 283 tradidit.
499 251 538 280 ibi
558 259 634 279 nunc
658 247 837 286 Ubiquitarii
861 248 999 284 regnant,
1025 243 1075 282 qui
1099 243 1230 271 extincta
1250 239 1345 269 veteri
1365 239 1501 270 doctrina
1523 250 1559 270 ac
1585 240 1671 275 luce,
1699 249 1782 270 mera
1808 240 2000 280 sophismata
2030 245 2062 271 et
2083 245 2167 272 tene-

166 299 236 327 bras
258 297 417 327 Ecclesiae
441 284 604 323 obtrudunt
627 291 664 320 de
687 299 818 328 persona
840 287 969 318 Christi:
994 286 1033 315 de
1056 289 1224 314 naturarum
1248 282 1442 312 distinctione
1465 286 1496 313 et
1514 283 1765 322 proprietatibus:
1795 282 1834 312 de
1861 293 1934 313 vera
1960 287 2052 323 atque
2080 285 2169 315 unica

167 350 278 370 caussa
301 337 496 368 invocationis
516 334 645 363 Christi:
670 333 707 362 de
730 331 864 370 legitimo
878 330 1135 359 sacramentorum
1159 335 1232 356 usu:
1256 325 1388 364 receptis
1406 325 1568 365 paradoxis
1587 325 1821 355 absurdissimis
1839 325 1878 355 de
1898 327 2169 357 communicatione

166 363 251 412 realix
262 382 473 421 proprietatum
493 379 521 406 in
545 376 674 405 naturis:
697 375 736 403 de
760 371 1034 411 omni-praesentia
1056 380 1113 399 seu
1137 368 1304 406 ubiquitate
1328 369 1427 397 carnis
1451 366 1582 399 Christi:
1611 368 1649 397 de
1671 367 1846 397 adoratione
1868 368 1907 398 ad
1930 368 2045 399 Christi
2066 370 2169 400 huma·

165 425 285 454 nitatem
310 409 472 452 dirivenda.
496 422 615 458 propter
637 417 928 446 omni-maiestatem
949 413 1077 442 divinam
1101 412 1128 440 iu
1154 420 1219 439 eam
1242 410 1434 445 translatam,
1458 411 1525 440 sive
1547 410 1668 440 realiter
1691 411 1836 440 effusam:
1867 411 1905 440 de
1928 412 1957 440 vi
1981 415 2013 441 et
2031 412 2169 442 efficacia

165 447 422 496 sacramentorum
446 472 483 492 ex
506 471 596 500 opere
615 463 755 498 operato:
779 458 818 487 de
840 458 882 486 rei
906 458 935 485 in
959 454 1163 484 Sacramentis
1186 454 1359 492 promissae
1385 454 1616 492 participatione
1639 454 1699 493 piis
1722 463 1757 483 ac
1781 453 1894 493 impiis,
1916 453 1976 483 fide
1995 463 2067 484 vera
2084 465 2168 494 prae-

166 509 255 548 ditis,
279 512 309 537 et
333 517 368 535 ea
386 506 505 535 omnino
525 502 716 535 carentibus,
740 500 898 529 communi.

371 589 418 618 De
442 589 490 618 his
514 587 688 617 falsissimis
711 583 961 625 persuasionibus
990 591 1056 610 cum
1080 590 1197 610 errores
1219 590 1296 609 suos
1319 580 1473 609 mordicus
1496 580 1644 610 retineant
1666 580 1837 611 harmostae
1861 579 1905 609 illi
1929 581 2016 616 novi,
2040 585 2072 611 et
2093 582 2168 611 veri-

164 639 253 664 tatem
277 632 469 661 orthodoxam
493 632 711 669 persequantur
734 627 893 656 Vatiniano
913 624 999 658 odio,
1023 621 1272 662 comprehensam
1297 624 1325 651 in
1345 623 1468 661 scriptis
1487 621 1621 663 Philippi
1633 624 1684 663 .(in
1709 624 1819 663 quibus
1843 624 1936 653 toties
1959 623 2018 654 hoc
2037 623 2168 654 inculca-

164 682 240 713 tnr),
266 674 448 711 Plnnsicam,
470 683 525 703 seu
547 672 666 703 realem
689 668 998 701 communicationem
1020 666 1205 697 idiomatum
1228 675 1265 696 re
1287 667 1362 706 ipsa
1384 665 1617 706 Eutychianam
1639 670 1833 710 naturarum
1850 663 2070 705 confusionem
2087 677 2167 705 esse,

163 723 192 750 et
215 709 425 749 Sacramenta
449 719 568 745 tantum
591 715 623 743 in
646 713 707 750 lais,
730 713 786 753 qui
806 720 886 741 vera
907 709 970 751 fide
990 711 1127 745 sumum,
1150 709 1309 739 rationem
1331 708 1546 742 Sam-amenti,
1567 709 1604 739 id
1626 712 1683 743 est,
1708 708 1873 750 σφραγῖδος
1890 713 2019 744 πίστεως
2037 709 2167 748 habere,

164 771 221 791 mc
243 761 339 791 aliter
359 759 432 800 fieri
452 757 698 798 applicationem
721 754 846 785 Christi
865 756 896 783 et
919 750 1139 792 beneficiorum
1161 751 1246 788 eius,
1269 760 1362 791 quam
1385 751 1457 781 sola
1476 749 1549 792 fide.
1594 751 1704 781 Mirum
1728 762 1786 781 non
1810 756 1875 786 est,
1907 751 1970 781 iilis
1994 753 2084 782 etiam
2109 763 2166 783 eos

166 804 282 833 invisos
306 806 396 841 atque
420 801 544 829 odiosos
568 808 658 832 esse,
683 798 732 836 qui
756 797 867 835 scripta
889 794 1023 833 Philippi
1047 797 1129 823 sarta
1151 798 1232 824 tecta
1250 794 1422 823 conservari
1445 793 1474 822 in
1497 792 1644 824 Ecclesia
1665 795 1799 834 cupiunt.

365 885 429 915 Sed
452 889 483 914 ut
507 883 621 923 Orphei
645 882 709 922 lyra
733 881 841 911 dicitur
859 880 977 909 abiecta
999 879 1028 922 in
1052 879 1190 913 fluvium,
1221 878 1406 918 aliquamdiu
1425 878 1565 908 edidisse
1587 887 1713 908 sonum:
1737 879 1784 909 sic
1808 889 1897 919 quam
1921 879 1973 909 diu
1997 879 2080 910 volet
2101 879 2167 911 Do-

164 931 261 959 minus
286 931 313 957 in
337 928 488 966 aliquibus
511 926 680 959 Ecclesiis‚
699 928 760 954 tum
785 925 813 952 in
838 922 1013 955 Germania,
1037 925 1098 950 tum
1123 925 1205 951 extra
1229 921 1419 951 Germaniam
1443 922 1572 951 retinere
1595 920 1709 960 aliquid
1732 923 1881 960 puritatis,
1904 922 2038 953 sen-abit
2056 933 2165 953 sonum

163 974 248 1002 vocis
273 969 575 1001 Melanchthonianae
598 978 634 997 ex
658 967 780 1006 scriptis
803 967 870 995 eius
893 965 992 994 adhuc
1014 963 1220 994 resultantem.

365 1055 417 1084 lsti
441 1058 539 1083 autem
559 1053 627 1082 novi
650 1053 819 1082 harmostae
838 1061 876 1079 ne
893 1049 1007 1079 vultum
1031 1049 1153 1088 quidem
1175 1048 1422 1079 Melanchthonis
1446 1049 1522 1079 serre
1544 1050 1727 1088 potuissent,
1750 1050 1810 1078 etsi
1833 1051 2000 1088 superstite
2018 1049 2165 1085 Luthero‚

163 1099 250 1127 euius
274 1099 331 1136 ipsi
354 1098 472 1127 nomine
496 1097 618 1135 turpiter
637 1096 812 1127 abutuntur,
843 1093 1070 1122 dissensionem
1100 1093 1260 1121 commenti
1287 1092 1418 1121 fuissent
1438 1093 1514 1122 inter
1535 1093 1614 1122 duos
1638 1092 1709 1121 illos
1732 1101 1870 1121 summos
1891 1092 2019 1126 heroas,
2039 1102 2167 1131 quorum

162 1151 252 1180 opera
275 1140 359 1169 Deus
383 1149 459 1169 usus
482 1144 530 1168 est
554 1140 581 1167 in
606 1137 798 1167 instauranda
827 1136 962 1165 doctrina
988 1133 1166 1174 Evangelii,
1195 1135 1386 1164 audivissent
1407 1135 1444 1165 ab
1469 1136 1536 1174 ipso
1559 1134 1695 1165 Luthero
1719 1134 1800 1164 haud
1823 1135 1932 1164 dubie:
1957 1135 2025 1173 Qui
2044 1134 2168 1174 Philip-

161 1193 236 1223 pum
260 1192 320 1213 uon
346 1183 490 1223 nynosm't
511 1185 764 1221 yn·aecepem·em‚
785 1189 852 1209 eum
875 1178 1008 1209 bennum
1030 1187 1100 1209 esse
1122 1181 1262 1218 oportet,
1277 1181 1307 1208 et
1329 1178 1581 1218 stupidissimum
1603 1188 1702 1218 pecus
1714 1178 1924 1209 Arcadicum.
1957 1177 2107 1208 Eiusdem
2126 1177 2166 1207 D.

164 1225 287 1255 Lutheri
312 1226 453 1254 iudicium
476 1234 626 1263 opponere
649 1224 675 1251 si
706 1222 836 1257 vellent,
859 1222 1021 1251 etiamnum
1044 1224 1190 1260 possent,
1219 1230 1298 1259 quae
1329 1219 1380 1250 ille
1410 1231 1488 1250 anno
1511 1221 1647 1260 proximo
1675 1224 1745 1250 ante
1776 1224 1902 1250 mortem
1925 1230 2029 1255 suam,
2052 1221 2169 1260 scripta

160 1268 295 1306 reliquit,
330 1269 357 1297 in
392 1267 575 1306 praefatione
602 1267 686 1305 primi
717 1265 802 1295 Tomi
831 1274 954 1293 suorum
989 1273 1130 1302 operum:
1177 1263 1266 1302 Quid
1292 1268 1450 1303 operatus
1477 1265 1520 1295 sit
1549 1263 1709 1296 Dominus
1735 1273 1796 1304 per
1823 1263 2010 1304 Philippum
2038 1263 2167 1294 Aleten·

161 1310 321 1341 chthonem
346 1315 504 1351 tamquam
527 1318 681 1350 organum
703 1317 809 1345 snum,
841 1316 903 1337 non
924 1307 959 1337 in
988 1306 1094 1337 literis
1122 1310 1262 1344 tantum,
1295 1306 1355 1337 sed
1384 1307 1417 1337 in
1448 1305 1638 1347 Theoloqia,
1667 1307 1753 1338 satis
1776 1310 1937 1338 testantur
1959 1307 2028 1338 eius
2051 1315 2167 1346 opera,

160 1354 288 1384 etiamsi
308 1354 474 1384 irascatur·
496 1352 619 1389 Satan,
650 1355 680 1382 et
703 1360 808 1382 omnes
829 1359 981 1390 squamae
1002 1349 1078 1380 eius.
1124 1347 1217 1384 Item,
1247 1351 1339 1380 Inter
1367 1349 1469 1381 libros
1496 1349 1693 1381 methodicos
1714 1349 1798 1380 Loci
1817 1359 1996 1381 communes
2018 1349 2171 1390 Philippi

160 1396 332 1433 arcellam,
355 1396 466 1436 quibus
492 1395 666 1435 Tbeoloyus
688 1399 719 1426 ec
740 1393 917 1435 Episcopus
940 1393 1054 1433 pulcre
1075 1395 1106 1423 et
1128 1391 1255 1424 abunde
1272 1389 1421 1431 formari
1440 1395 1558 1433 potest,
1593 1396 1629 1424 ut
1657 1395 1701 1424 sit
1727 1396 1842 1433 potens
1871 1393 1905 1422 in
1934 1401 2079 1423 sermone
2109 1392 2166 1423 do-

159 1439 285 1469 ctrinae
305 1439 449 1479 pietatis.

363 1522 426 1551 Sed
457 1533 514 1552 non
545 1527 603 1551 tam
633 1521 779 1551 refutandi
807 1521 923 1554 verbis,
958 1530 1046 1559 quam
1069 1519 1249 1549 cohercendi
1273 1519 1414 1549 severius
1439 1523 1522 1549 erant
1545 1518 1654 1549 hostes
1683 1519 1726 1549 illi
1750 1519 1937 1559 Scriptorum
1960 1524 1991 1550 et
2013 1520 2166 1550 doctrinae

159 1565 477 1596 Melanchthonianae:
503 1569 532 1595 et
555 1565 715 1604 petendum
739 1575 756 1593 a
778 1564 864 1598 Deo,
893 1567 925 1593 ut
949 1563 1025 1592 istos
1049 1573 1138 1602 apros
1161 1563 1318 1592 turbantes
1346 1562 1446 1591 fontes
1476 1562 1709 1602 limpidissimos
1737 1564 1873 1593 veritatis
1902 1563 2105 1597 orthodoxae,
2136 1566 2168 1593 et

158 1618 262 1647 pacem
287 1618 322 1637 ac
345 1608 588 1647 tranquillitatem
607 1607 814 1637 Ecclesiarum
837 1606 1087 1645 Evangelicarum
1111 1605 1292 1636 horribiliter
1314 1605 1524 1645 proculcantes
1548 1610 1735 1646 compescat,
1751 1609 1782 1636 et
1804 1605 1959 1637 Ecclesiis
1983 1605 2167 1647 ὀρθοδοξίαν

159 1652 284 1690 pariter,
307 1655 398 1690 atque
422 1650 561 1689 ὁμόνοιαν
584 1652 723 1680 restituat
744 1654 834 1689 atque
858 1653 1027 1679 conservet.

363 1733 399 1764 ll.
444 1735 523 1765 Sunt
544 1739 643 1764 autem
667 1739 698 1764 et
720 1734 785 1775 alii,
805 1736 854 1774 qui
878 1733 1075 1764 Confessioni
1098 1744 1134 1764 ac
1158 1734 1227 1764 fidei
1245 1733 1494 1764 Melanchthonis
1519 1734 1675 1776 ὁμόψηφοι
1698 1745 1772 1765 esse
1795 1745 1830 1765 ac
1850 1735 1945 1765 videri
1963 1734 2084 1767 volunt:
2108 1735 2168 1766 sed

158 1778 358 1817 persuasione
381 1777 559 1807 excellentis
588 1778 739 1807 doctrinae
768 1782 799 1808 et
822 1779 948 1807 eximiae
972 1778 1130 1807 cuiusdam
1159 1778 1329 1816 sapientiae
1352 1787 1430 1807 suae
1453 1779 1611 1818 opinione,
1635 1780 1747 1818 scripta
1770 1777 1943 1818 Philippica
1961 1782 2166 1815 contemnunt,

159 1821 229 1858 quia
252 1821 340 1849 nimis
369 1822 429 1849 sint
459 1821 613 1860 popularia
640 1825 670 1849 et
694 1821 806 1853 facilia,
836 1831 902 1849 cum
930 1822 988 1860 ipsi
1017 1825 1154 1859 argutum
1177 1824 1208 1850 et
1229 1820 1343 1849 subtile
1366 1821 1479 1860 aliquid
1504 1823 1665 1860 requirant.
1722 1821 1828 1860 ltaque
1850 1822 1987 1851 tenuiora
2017 1831 2091 1851 esse
2114 1821 2168 1851 illa

158 1863 346 1895 existimant.
371 1873 458 1902 quam
483 1868 514 1893 ut
537 1865 582 1893 eis
605 1863 743 1902 legendis
768 1867 887 1903 tempus
911 1863 1033 1903 aliquod
1056 1863 1246 1893 tribuendum
1266 1873 1341 1893 esse
1366 1863 1512 1894 videatur.
1565 1865 1603 1894 Hi
1628 1863 1784 1894 delicatuli
1808 1868 1839 1895 et
1862 1864 2033 1899 fastidiosi,
2058 1865 2166 1904 partim

159 1907 301 1948 φιλαινιίᾳ
323 1911 463 1944 peccant,
488 1907 653 1935 tribuentes
676 1907 735 1935 sibi
755 1907 832 1945 ipsis
857 1906 1111 1938 antecellentiam:
1136 1910 1168 1936 ut
1190 1917 1257 1936 cum
1280 1905 1392 1936 Darius
1412 1912 1482 1937 ante
1505 1907 1664 1937 Sesostris
1688 1912 1819 1938 statuam
1843 1907 1985 1937 collocari
2005 1908 2165 1947 imaginem

160 1957 244 1976 suam
265 1948 398 1985 iubebat,
422 1950 508 1977 cuius
533 1959 628 1978 rernm
651 1953 800 1987 gestarum
825 1950 1057 1987 magnitudinem
1082 1954 1114 1979 ut
1133 1953 1214 1979 recte
1233 1949 1338 1989 templi
1362 1949 1445 1980 illius
1469 1951 1615 1980 sacerdos
1639 1952 1770 1985 monuit,
1800 1952 1975 1990 neutiquam
1998 1950 2165 1990 adaequas-

159 1994 224 2023 set.
255 1990 348 2019 multo
378 1996 476 2020 autem
505 1993 603 2020 minus
632 1996 827 2031 superasset:
862 1994 965 2031 partim
997 1994 1130 2031 ignavia,
1166 2003 1203 2022 ne
1235 1993 1356 2032 quidem
1387 1993 1528 2032 legentes
1557 1999 1697 2023 accurato
1717 2005 1784 2024 cum
1808 1993 1939 2031 iudicio,
1963 1994 2077 2033 scripta
2099 1992 2165 2023 Me-

158 2031 406 2073 lanchtboniana‚
430 2035 457 2063 in
482 2036 592 2073 quibus
618 2045 666 2063 res
690 2036 861 2064 necessario
886 2036 1058 2065 retinendae
1088 2037 1116 2065 in
1147 2035 1290 2065 Ecclesia
1318 2036 1464 2075 singulari
1495 2037 1597 2066 studio
1626 2037 1781 2074 delectae,
1812 2041 1843 2067 et
1869 2037 1988 2077 proprio
2011 2037 2163 2067 sermonis

155 2084 286 2114 genere.
310 2086 345 2105 ac
364 2078 492 2106 maxime
515 2078 675 2117 perspicuo
700 2079 857 2117 expositae
880 2083 968 2114 sunt,
991 2079 1030 2107 de
1053 2089 1112 2118 quo
1131 2078 1325 2110 Horatianum
1346 2079 1420 2109 illud
1444 2081 1581 2120 usurpari
1605 2081 1766 2110 verissime
1784 2084 1902 2121 potest:

774 2188 890 2228 Speret
913 2189 1007 2225 idem,
1030 2190 1122 2221 sudet
1144 2148 1284 2229 mlviii-iiiii,
1297 2157 1500 2233 {melier-nque
1522 2191 1658 2224 laboret.

774 2232 880 2261 Aucus
902 2232 999 2270 idem,
1024 2237 1081 2262 etc.

156 2286 275 2322 Taceo,
308 2288 388 2327 quod
417 2293 536 2328 propter
562 2289 636 2319 hau(-
660 2290 756 2329 ipsam
785 2301 923 2321 caussam
956 2293 1098 2322 iuventuti
1119 2293 1289 2334 Philippica
1312 2295 1440 2324 maxime
1463 2299 1603 2335 prosunt,
1627 2296 1696 2334 quia
1715 2299 1785 2325 sunt
1807 2294 1991 2335 populariter
2014 2295 2162 2334 exposita.

156 2329 221 2358 Nec
244 2331 321 2360 enim
347 2331 454 2360 tumim
477 2333 505 2361 in
530 2331 693 2372 Epitaphio
717 2332 886 2372 Epicharmi
918 2336 1059 2375 scriptum
1092 2341 1155 2367 est:
1187 2337 1319 2377 χρήσιμα
1348 2336 1413 2368 εἷπε
1437 2343 1535 2369 παισί·
1559 2339 1676 2378 μεγάλα
1705 2338 1788 2381 (nitigi
1805 2338 1902 2380 χόρος.
1958 2336 1998 2367 Et
2022 2337 2103 2377 quod
2130 2338 2161 2367 in

155 2372 279 2402 Scholia
304 2374 393 2413 vulgo
414 2374 517 2405 fertur:
539 2376 605 2414 Qui
624 2385 757 2417 puerum
781 2378 846 2408 rull
870 2378 996 2414 dom-c,
1020 2389 1087 2410 eum
1110 2390 1242 2420 mmmm
1263 2381 1338 2422 sieri
1357 2390 1484 2413 necesse
1506 2385 1564 2413 est.

359 2458 406 2487 lll.
451 2459 565 2490 vorum
591 2461 822 2500 indignabuntur
851 2462 916 2496 alii.
952 2463 1068 2493 obtrudi
1092 2464 1258 2494 lectoribus
1290 2476 1348 2496 non
1373 2466 1463 2496 modo
1486 2468 1601 2506 scripta
1626 2471 1657 2497 et
1679 2467 1790 2496 dietata
1813 2465 2080 2504 Melanchthonta,
2103 2466 2163 2496 sed

153 2500 244 2529 etiam
267 2510 424 2530 sermonen
449 2502 628 2539 familiares,
652 2509 682 2533 et
705 2504 857 2543 colloquia
880 2507 954 2535 inter
973 2506 1127 2535 auditori-s
1151 2507 1260 2539 habita.
1312 2508 1343 2539 ld
1368 2512 1446 2539 enim
1470 2510 1595 2549 perinde
1618 2520 1692 2539 esse
1716 2510 1833 2543 dicunt.
1863 2519 1899 2539 ac
1922 2511 1950 2539 si
1974 2510 2045 2549 quis
2069 2509 2162 2539 eollo-

154 2543 225 2580 quia
247 2545 344 2573 omnin
368 2545 592 2584 patrisfamilias
617 2557 683 2576 cum
708 2547 811 2578 liberis
835 2552 865 2578 et
888 2550 1016 2578 caeteris
1040 2549 1218 2579 domesticis
1242 2553 1310 2580 suis
1334 2553 1440 2582 efferre
1463 2557 1555 2592 atque
1578 2552 1721 2594 evulgare
1740 2552 1821 2582 velit.
1874 2551 1936 2582 lmo
1959 2562 2031 2583 vero
2055 2551 2162 2583 liberi·

151 2587 313 2623 genero-in
333 2589 421 2618 etiam
446 2589 592 2619 dictorum
616 2590 819 2629 singulorum,
838 2601 917 2630 quae
939 2601 977 2622 ex
1002 2593 1191 2632 parentibus,
1225 2596 1401 2633 praesertim
1427 2597 1511 2626 morti
1531 2597 1656 2632 vicinis,
1684 2595 1878 2630 audiverunt.
1902 2596 2047 2626 memoria
2068 2599 2162 2635 atque
