2324 2958
136 197 201 232 845

139 293 200 324 tis:
224 290 257 322 id
277 295 340 328 est,
361 294 478 331 regnet
488 287 580 320 Deus
597 285 769 319 visibiliter
792 287 825 318 in
848 286 945 319 nobis
968 295 1028 328 per
1049 285 1106 316 mi-

139 333 308 366 nisterium
328 330 512 375 Evangelii.

199 403 203 406 .
223 373 282 405 ille
304 375 395 415 prior
417 374 534 405 modus
557 372 659 415 regni,
681 377 731 403 est
753 371 872 403 modus
893 380 954 412 per
964 371 1108 403 ministe-

138 419 220 449 rium
242 415 425 457 Evangelii,
449 422 480 448 et
501 416 649 457 potentia
672 413 793 446 Christi
815 412 1015 455 colligentis,
1039 423 1108 444 ser·

138 460 258 497 vantis,
280 459 488 497 vivificantis,
512 457 728 495 defendentis,
750 462 782 488 et
803 457 1032 488 resuscitantis
1044 455 1107 487 Ec-

140 501 296 533 clesiam:
331 502 454 532 Postea
487 501 572 532 idem
594 501 666 542 ipse
689 504 805 540 regnat
826 499 857 530 in
881 505 949 530 tota
970 498 1108 530 aeterni-

139 550 217 582 tate,
241 544 302 575 sed
325 551 480 576 cessante
503 543 691 574 ministerio.
737 540 843 576 Quale
865 541 929 573 hoc
960 542 1001 573 sit
1022 539 1108 572 futu-

138 597 208 618 rum
232 596 383 627 regnum,
406 586 586 617 videbimus
610 591 687 616 tum.
718 583 784 615 lam
797 590 905 615 mente
927 585 1109 615 intueamur

138 628 204 660 hoc
225 638 387 668 praesens
411 639 548 670 regnum
572 627 712 663 Christi3
735 627 811 668 quia
833 637 986 668 magnum
1010 626 1108 666 impe-

139 671 315 703 dimentum
338 677 388 702 est
412 671 571 712 cogitare,
593 668 714 701 Christi
726 679 863 711 regnum
887 679 963 700 esse
985 674 1109 699 tantum

138 719 215 755 post
245 712 332 744 hanc
364 714 482 744 vitam:
518 712 707 754 Cogitemus
727 722 800 743 eum
823 712 885 743 iam
909 721 1040 753 quoque
1058 720 1108 741 re—

139 767 214 798 gem
238 766 325 794 esse,
358 757 444 787 sicut
465 765 545 786 vere
567 761 637 786 erat
661 765 735 792 rex,
768 755 899 795 quando
922 754 1110 785 vivificabat

138 799 247 830 Adam
271 804 303 830 et
324 798 440 835 Evam,
460 798 619 838 eripiebat
642 806 702 828 eos
727 807 768 827 ex
790 795 940 828 faucibus
964 793 1107 827 Diaboli.

138 841 188 872 lta
209 840 334 872 Paulus
358 841 449 872 dicitt
473 841 660 872 Ascendens
681 843 836 880 captivam
863 841 957 871 duxit
979 841 1108 879 captu-i-

139 888 258 921 tatew,·
280 883 312 914 id
335 889 396 918 est,
419 888 558 914 testatus
583 888 646 919 est,
670 892 708 913 se
730 883 881 923 accipere
893 892 1028 923 regnum
1051 879 1107 911 illa

141 924 259 957 visibili
289 926 498 957 ascensione.
567 926 732 965 Captivam
765 925 859 956 clusit
891 925 1108 965 capnt-itatem,

139 969 171 1000 id
195 975 257 1006 est,
290 967 421 1000 sustulit
444 968 634 999 servitutem
657 974 688 998 et
712 978 847 1003 causas3
870 966 997 998 scilicet
1023 975 1108 996 mor-

139 1018 216 1049 tem,
249 1018 435 1052 peccatum‚
471 1011 552 1042 iram
575 1009 650 1048 Dei,
671 1010 848 1051 potentiam
877 1008 1106 1046 Diabolorum,

139 1063 182 1085 ne
203 1060 343 1085 noceant
366 1054 587 1085 credentibus.

227 1095 322 1131 Quod
340 1095 464 1127 Paulus
477 1097 576 1133 dicit,
599 1097 682 1127 (lans
703 1096 789 1126 dona
810 1094 998 1131 hominibus,
1022 1094 1108 1124 idem

141 1145 193 1170 est
227 1149 301 1170 cum
333 1138 413 1170 hoc:
448 1140 576 1179 Accepit
604 1139 688 1170 dona
710 1147 773 1177 pro
795 1136 979 1169 hominibus.
1024 1134 1109 1166 Sunt

141 1179 362 1213 correlativae
384 1181 578 1218 sententiae,
601 1189 799 1222 quocunque
820 1179 919 1211 modo
953 1179 1110 1219 interpre-

137 1223 226 1254 teris.

224 1264 359 1306 cogites
383 1266 424 1296 de
447 1264 590 1296 Domino
613 1263 687 1296 lesu
710 1263 863 1302 Christo,
887 1263 1014 1295 Sedere
1037 1273 1109 1295 eum

138 1308 179 1339 ad
203 1308 349 1339 dextram
386 1309 502 1348 patris,
534 1313 570 1338 ut
593 1312 624 1338 te
648 1307 820 1344 exaudiat,
854 1307 908 1337 det
931 1307 988 1337 tibi
1012 1306 1109 1343 dona,

137 1350 236 1388 adsit,
258 1356 370 1381 servet
392 1357 436 1388 te,
460 1348 603 1390 depellat
615 1348 790 1387 Diabolos,
814 1354 974 1390 protegat,
997 1356 1030 1379 et
1053 1348 1109 1378 do-

139 1399 212 1424 ceat
234 1399 279 1430 te,
312 1392 465 1423 ostendat
497 1392 755 1423 misericordiam
779 1391 902 1422 aeterni
926 1390 1044 1428 Patris,
1078 1396 1110 1421 et

137 1440 234 1466 sanet
255 1440 371 1465 nostra
393 1432 546 1465 vulnera:
570 1434 655 1465 sicut
677 1432 828 1464 Ecclesia
851 1443 981 1474 semper
1009 1432 1109 1463 habet

138 1476 247 1518 aliqua
270 1476 417 1508 vulnera.
463 1477 537 1507 Non
561 1477 744 1517 cogitemus
766 1485 828 1506 nos
856 1486 932 1506 esse
955 1475 1108 1512 mundos,

138 1520 182 1551 ita
204 1525 239 1550 ut
262 1518 340 1550 nihil
362 1516 544 1550 habeamus
568 1529 732 1556 errorum,
757 1525 791 1549 ut
816 1517 1025 1550 blandiuntur
1046 1518 1108 1548 sibi

137 1560 242 1594 multi:
277 1561 344 1593 lmo
367 1562 526 1593 habemus
550 1560 686 1593 multum
707 1561 859 1592 vitiorum
894 1571 1020 1601 omnes,
1053 1559 1107 1591 alii

135 1603 222 1646 plus,
245 1603 299 1634 alii
322 1604 441 1635 minus.
485 1602 637 1635 Ecclesia
660 1610 709 1634 est
729 1614 864 1646 aegrum
889 1613 1028 1644 corpus:
1052 1613 1108 1644 pe·

135 1654 254 1685 tamuS,
286 1653 321 1678 ut
345 1647 416 1687 ipse
439 1647 481 1677 sit
504 1647 750 1684 Samaritanus,
785 1647 839 1687 qui
863 1646 1033 1677 medeatur
1055 1646 1108 1676 isti

137 1690 278 1731 corpori.
361 1691 369 1700 '

222 1731 351 1762 Deinde
385 1731 462 1763 dicit
496 1730 637 1763 Paulus:
678 1733 775 1763 Dedit
807 1734 888 1763 elios
921 1732 1108 1771 Prophetas,

140 1776 221 1805 alios
232 1775 410 1814 Apostolos,
433 1775 513 1806 alios
528 1779 689 1815 pastores,
708 1775 789 1805 alios
816 1773 1000 1813 Doctores]
1045 1773 1107 1804 Lo·

140 1817 247 1857 quitur
281 1816 323 1847 de
355 1817 553 1853 ministeri03
582 1817 641 1847 sed
665 1827 730 1847 non
754 1823 878 1847 tantum
898 1815 1027 1856 publice
1050 1815 1105 1847 illa

140 1860 226 1891 (lona
249 1859 316 1896 dat,
339 1859 396 1889 sed
424 1858 563 1901 singulis
592 1859 688 1890 etiam
718 1860 773 1890 dat
795 1860 882 1889 dona
905 1859 1106 1889 necessaria.

138 1901 240 1944 Igitur
262 1902 446 1944 cogitemus
469 1911 542 1932 eum
553 1902 734 1933 ascendere
751 1902 794 1933 ad
812 1900 939 1939 coelos,
962 1908 997 1933 ut
1019 1902 1108 1932 dein-

138 1954 219 1985 ceps
252 1945 293 1975 sit
323 1945 355 1975 in
379 1944 616 1975 consuetudine
634 1943 842 1976 inenarrabili
865 1945 952 1986 apud
976 1944 1106 1975 Patrem

138 1995 319 2025 aeternum,
343 1997 409 2018 non
434 1993 465 2017 ut
489 1996 627 2026 prorsus
640 1988 726 2018 absit
749 1997 769 2018 a
792 1987 902 2025 nobis,
925 1987 983 2018 sed
1007 1994 1042 2017 ut
1065 1988 1107 2018 sit

136 2030 322 2067 nobiscum,
347 2030 435 2061 adsit
456 2027 643 2067 Ecclesiae,
665 2035 769 2070 regat,
804 2035 926 2068 servet,
955 2035 1107 2072 protegat

136 2082 218 2104 eam.

222 2114 289 2146 Ista
312 2120 389 2146 sunt
411 2114 521 2155 magni
543 2114 708 2152 momenti,
741 2113 831 2146 utilia
863 2115 904 2146 ad
927 2115 1107 2147 invocatio-

135 2167 226 2189 nem:
249 2157 322 2189 ideo
347 2156 519 2197 diligenter
542 2157 782 2188 consideranda
803 2163 890 2189 sunt.
919 2157 1029 2199 Saepe
1052 2168 1106 2189 co-

136 2200 237 2242 gitate
260 2201 365 2231 -istam
399 2199 639 2237 definitionem,
674 2206 706 2230 et
730 2200 846 2231 discite
869 2198 935 2232 tale
968 2211 1105 2243 regnum

135 2252 223 2281 esse,
256 2243 344 2284 quod
366 2243 407 2273 sit
431 2244 463 2274 in
492 2243 679 2283 praesentia
701 2241 839 2278 efficax;
871 2252 938 2274 non
961 2244 1103 2275 otiosum

134 2291 166 2316 et
187 2285 285 2317 inane
306 2295 436 2323 nomen,
459 2286 546 2326 quod
570 2295 635 2316 non
660 2285 702 2315 sit
724 2285 914 2325 phantasia,
946 2291 980 2317 ut
1002 2286 1103 2317 homi-

134 2327 238 2359 mines
260 2328 368 2368 impii,
391 2334 422 2359 et
446 2338 511 2359 non
534 2333 624 2359 recte
647 2328 783 2359 instituti
807 2328 962 2370 cogitant.
1027 2328 1102 2360 Non

133 2370 346 2412 imaginemur
378 2380 515 2412 regnum
548 2370 670 2402 Christi
705 2370 888 2411 posthanc
911 2371 1008 2402 vitam
1032 2377 1101 2402 tan-

132 2418 200 2444 tum
223 2422 308 2444 esse.

217 2455 270 2487 De
303 2454 367 2486 hac
400 2455 547 2486 doctrina
583 2454 725 2497 loquitur
760 2454 930 2493 Psalmus,
964 2456 1017 2497 qui
1051 2463 1101 2488 est

132 2498 242 2540 imago
266 2497 416 2539 triumphi
441 2497 571 2530 Christi.

812 191 1029 225 POSTILLA
1050 190 1444 223 MELANTHONIANA.

2061 192 2125 224 846

1278 320 1544 361 Enarratio
1573 322 1753 362 Psalmi
1784 322 2005 363 LXVIII.

1244 410 1306 443 Hie
1328 409 1493 448 Psalmus,
1517 421 1590 443 cum
1613 413 1654 443 sit
1677 412 1877 450 dulcissime,
1900 419 1933 444 et
1955 412 2125 454 simplicis-

1159 455 1241 485 sime
1264 453 1420 494 scriptus,
1443 459 1551 485 tamen
1564 455 1596 485 in
1609 456 1818 486 versionibus
1831 454 1926 486 valde
1939 462 1988 487 est
2009 457 2127 487 obscu-

1159 503 1261 527 ratus.
1307 496 1428 527 Postea
1451 502 1501 527 est
1525 497 1722 538 depravatus
1745 496 1890 528 sutilibus
1914 498 2127 529 enarrationi—

1161 540 1234 570 bus.
1299 537 1427 569 Videtis
1450 539 1558 580 igitur,
1581 550 1678 581 quam
1701 538 1779 570 utile
1802 540 1843 570 sit
1860 550 1962 571 nosse
1985 539 2127 581 linguas.

1161 579 1317 623 Stigelius
1340 580 1590 622 paraphrastice
1613 583 1655 613 ita
1679 582 1828 619 reddidit,
1850 588 1885 613 ut
1909 583 2029 623 optime
2051 592 2126 622 pos-

1162 624 1203 654 sit
1227 622 1372 665 intelligi.
1439 623 1547 655 Prima
1570 634 1648 665 pars
1672 630 1722 655 est
1745 624 1942 662 Exordium,
1966 625 2053 666 quod
2077 632 2127 656 est

1160 665 1296 697 affectus
1320 664 1560 708 gratulationiS‚
1583 672 1617 698 ut
1640 667 1774 698 exordia
1786 677 1887 707 saepe
1910 666 2031 698 habent
2054 677 2127 708 gra—

1160 708 1360 740 tulationem.
1427 708 1573 740 Exordia
1617 708 1783 750 pathetica
1827 715 1903 740 sunt
1928 708 2023 740 valde
2053 720 2129 740 con—

1162 752 1269 789 cinna,
1303 752 1335 782 in
1370 751 1489 792 quibus
1524 758 1600 783 sunt
1622 752 1795 793 petitiones
1818 758 1851 783 et
1873 750 2126 794 gratulationes:

1160 795 1203 824 ita
1227 793 1279 824 hic
1302 799 1353 825 est
1375 793 1562 836 gratulatio.
1608 794 1697 825 Laus
1719 793 1806 832 Deo,
1835 795 1921 836 quod
1944 794 2059 826 hostes
2084 796 2127 825 vi-

1162 837 1205 867 cti
1228 844 1318 867 sunt:
1342 843 1373 868 et
1396 835 1493 868 simul
1515 838 1614 868 mixta
1636 843 1687 868 est
1710 838 1873 878 precatio:
1908 836 1993 872 Quia
2015 837 2045 867 in
2070 836 2128 868 Ec-

1161 877 1263 910 clesia
1286 886 1336 910 est
1357 878 1466 911 adhuc
1489 880 1656 912 assiduum
1680 886 1855 911 certamen.

1245 923 1389 962 Eaeuryac
1411 923 1498 954 Deus
1520 927 1553 954 et
1571 924 1770 963 dissipentur
1791 923 1909 954 inimici
1928 925 2005 961 eius,
2028 927 2059 954 el
2077 926 2130 962 s'u-

1156 969 1263 1003 ymni,
1297 968 1352 1004 qui
1382 966 1517 997 oderunt
1543 975 1615 997 eum
1637 976 1657 996 a
1676 968 1765 1005 facie
1787 969 1872 996 eius:
1906 967 1993 997 Sicut
2025 966 2131 1004 deficit

1155 1006 1283 1046 fmmcs,
1317 1007 1483 1049 deficiant:
1514 1011 1598 1040 siml
1617 1018 1694 1040 cera
1714 1011 1787 1049 fluit
1806 1019 1827 1040 a
1846 1011 1933 1048 facie
1951 1010 2052 1047 iynis;
2085 1012 2132 1039 sic

1156 1055 1293 1089 pereant
1310 1056 1494 1089 peccatores
1515 1061 1536 1082 a
1550 1052 1638 1090 facie
1660 1053 1729 1090 Dei,
1762 1056 1795 1083 et
1825 1054 1902 1082 iusti
1922 1053 2080 1082 laetentur
2102 1055 2131 1081 et

1161 1093 1298 1123 exaltent
1319 1093 1351 1123 e'n
1375 1098 1543 1133 conspectu
1565 1096 1635 1132 Det,
1658 1098 1690 1125 et
1711 1094 1908 1126 delectentur
1931 1097 1963 1125 in
1985 1094 2131 1131 laetitia!

1162 1136 1284 1165 Omnes
1306 1135 1361 1166 isti
1384 1146 1514 1173 versus,
1548 1142 1626 1167 sunt
1658 1137 1775 1177 partim
1803 1136 1992 1177 imprecatio
2016 1144 2131 1167 contra

1161 1178 1296 1218 impios;
1318 1178 1437 1219 partim
1456 1177 1632 1219 gratulatio
1655 1180 1696 1210 ad
1719 1180 1802 1220 pios.
1848 1179 1906 1217 Pii,
1931 1179 2045 1220 inquit,
2068 1178 2131 1210 lae-

1162 1226 1280 1258 tentur,
1302 1226 1439 1261 pereant
1460 1221 1592 1252 inimici.
1646 1221 1705 1252 Est
1722 1221 1835 1260 πάθος,
1864 1222 2012 1252 indicans
2036 1222 2131 1253 bene—

1162 1263 1286 1300 ficium,
1321 1263 1408 1304 quod
1441 1264 1640 1305 accepimus
1706 1266 1739 1295 ln
1763 1265 1936 1305 triumphis
1959 1271 2131 1295 cantantur

1162 1305 1322 1336 beneficia
1345 1307 1517 1344 victorum,
1543 1313 1575 1337 et
1597 1306 1713 1338 hostes
1737 1307 1957 1344 devoventur,
1986 1307 2040 1348 qui
2063 1307 2130 1337 irri-

1161 1354 1270 1379 tarunt
1302 1349 1472 1380 victorem.
1538 1348 1585 1380 lta
1619 1349 1682 1380 hoc
1705 1349 1876 1380 exordium
1899 1350 1996 1380 habet
2017 1351 2130 1387 πάθος,

1162 1391 1249 1432 quod
1273 1396 1323 1421 est
1347 1392 1613 1423 commemoratio
1637 1391 1891 1430 beneficiorum,
1925 1402 2010 1433 quae
2038 1402 2130 1423 acce-

1160 1440 1278 1474 perunt
1310 1434 1430 1464 sancti:
1460 1440 1492 1465 et
1527 1435 1745 1473 comminatio,
1768 1445 1834 1477 qua
1856 1435 2053 1476 imprecatur
2077 1435 2130 1465 im-

1160 1476 1220 1517 piis
1244 1476 1412 1507 excidium.

1247 1518 1281 1548 ln
1315 1518 1462 1549 historiis
1495 1519 1617 1550 usitata
1650 1526 1701 1551 est
1729 1518 1785 1550 illa
1807 1518 2017 1551 acclamatio:
2049 1521 2129 1551 Vicat

1160 1562 1240 1598 Rex,
1264 1565 1296 1592 et
1314 1565 1452 1600 pereant
1475 1562 1593 1593 inituim·
1613 1563 1688 1594 eius.
1718 1562 1766 1594 lta
1779 1562 1932 1593 Psalmus
1956 1562 2009 1593 hic
2033 1563 2130 1594 dicit:

1168 1605 1251 1634 Vicat
1273 1603 1428 1641 (Ἰινιείιιε,
1452 1608 1482 1635 et
1504 1610 1633 1636 manea!
1654 1606 1794 1637 Ecclesia
1816 1608 1904 1637 eiras-.-
1922 1611 2038 1636 contra
2049 1616 2129 1637 vero

1160 1653 1296 1686 pereant
1319 1647 1446 1678 hostes.
1491 1646 1596 1678 Paulo
1625 1648 1853 1689 superioribus
1880 1648 1976 1679 annis
1996 1645 2056 1679 fuit
2079 1658 2130 1679 ce-

1160 1688 1262 1719 lebris
1293 1687 1435 1720 Carolus
1467 1689 1678 1731 Burgundus.
1745 1689 1817 1721 Fuit
1841 1688 2130 1728 bellicosissimus,

1160 1730 1272 1763 habuit
1294 1732 1396 1762 iustas
1421 1731 1498 1763 belli
1520 1742 1640 1764 causas
1662 1733 1823 1764 adversus
1846 1732 2050 1764 Ludovicum
2074 1732 2128 1763 Xl.

1161 1773 1284 1815 Regem
1298 1773 1436 1813 Galliae,
1461 1776 1535 1816 quia
1547 1775 1736 1807 Ludovicus
1758 1774 1849 1806 illum
1872 1776 2037 1806 irritabat:
2062 1783 2128 1807 tau-

1159 1817 1232 1847 dem
1264 1817 1305 1848 ad
1340 1828 1412 1848 eum
1446 1819 1534 1849 venit
1559 1817 1702 1849 Carolus
1726 1819 1796 1849 sine
1819 1817 1952 1859 publica
1975 1817 2050 1856 fide,
2074 1829 2128 1859 po-

1160 1858 1287 1891 stulans
1323 1859 1534 1902 colloquium,
1568 1867 1600 1891 et
1634 1859 1711 1892 fecit
1739 1872 1812 1893 cum
1837 1871 1876 1891 eo
1899 1871 2014 1902 pacem
2040 1863 2130 1892 brevi

1159 1912 1320 1933 sermone.
1388 1903 1523 1934 indutus
1551 1902 1610 1934 fuit
1640 1914 1723 1946 saga
1745 1902 1891 1942 militari,
1917 1905 1948 1935 in
1973 1914 2035 1945 qua
2059 1911 2128 1935 erat

1159 1946 1267 1976 aureis
1280 1943 1381 1977 literis
1393 1947 1568 1986 scriptum:
1592 1945 1720 1978 Vivat
1741 1946 1829 1978 Dux
1852 1946 2128 1987 Burgundiae.

1160 1987 1374 2029 Significavit,
1398 1989 1486 2030 quod
1508 1987 1609 2020 vellet
1631 1989 1736 2020 victor
1758 1998 1850 2021 esse:
1878 1990 1938 2020 sed
1961 1988 2017 2020 suit
2041 1990 2127 2020 dein-

1160 2031 1201 2062 de
1220 2037 1413 2069 contentus,
1447 2037 1479 2062 et
1501 2031 1706 2063 Ludovicum
1728 2038 1844 2063 contra
1867 2031 1950 2063 alios
1974 2029 2126 2063 defendit.

1162 2073 1283 2105 Postea
1317 2075 1389 2105 sine
1418 2074 1515 2105 iustis
1539 2075 1649 2105 causis
1672 2075 1704 2105 in
1727 2073 1973 2116 Lotharingiam
1998 2076 2124 2116 expedi-

1160 2117 1279 2147 tionem
1302 2115 1388 2148 fecit.
1433 2117 1480 2148 lbi
1502 2115 1674 2148 infeliciter
1692 2117 1866 2159 pugnavit,
1890 2122 1920 2148 et
1942 2123 2050 2147 tamen
2074 2118 2126 2148 de-

1158 2170 1224 2191 nuo
1258 2158 1394 2202 collegit
1426 2158 1581 2201 reliquias
1605 2160 1767 2191 exercitus
1791 2169 1931 2201 sperans
1959 2158 2125 2190 meliorem

1157 2212 1368 2240 successum3
1396 2203 1456 2233 sed
1480 2203 1541 2234 sibi
1571 2209 1719 2234 metuens
1738 2202 1836 2243 paulo
1858 2208 1933 2234 ante
1954 2201 2124 2243 proelium.

1157 2243 1308 2276 fortunae
1332 2246 1585 2277 inconstantiam
1608 2244 1801 2287 deploravit.
1868 2245 1986 2276 Denuo
2018 2251 2124 2276 autem

1155 2286 1325 2319 infeliciter
1347 2289 1524 2325 dimicans;
1547 2288 1652 2328 periit.

1241 2330 1394 2372 Sequitur
1405 2331 1603 2372 propositio:
1629 2331 1763 2362 Canlute
1775 2331 1849 2369 Deo,
1865 2332 2018 2369 psalmum
2031 2331 2125 2361 dicim

1155 2377 1270 2404 nomini
1280 2375 1364 2405 eius:
1385 2375 1452 2405 Iter
1459 2376 1560 2413 facile
1571 2377 1610 2411 ei,
1623 2377 1678 2412 qui
1687 2373 1833 2404 ascendit
1841 2382 1942 2412 supra
1959 2377 2122 2411 occasion}

1154 2415 1324 2447 Sententia
1346 2422 1415 2447 est:
1451 2416 1622 2447 Celebrate
1651 2414 1741 2446 illum
1765 2413 1884 2453 Deum,
1919 2416 1972 2457 qui
1996 2421 2046 2447 est
2070 2426 2122 2446 ve·

1152 2468 1209 2490 rus
1231 2458 1336 2497 Deus,
1358 2466 1387 2489 et
1412 2457 1507 2489 simul
1530 2458 1681 2489 intexitur
1704 2458 1845 2489 narratio
1865 2458 1905 2489 de
1927 2459 2123 2490 ascensione

1153 2511 1254 2541 supra
1275 2501 1426 2532 Arabos:
1450 2501 1481 2531 id
1505 2506 1567 2538 esi,
1590 2499 1750 2531 Dominus
1774 2506 1888 2531 noster
1918 2501 2011 2532 lesus
2031 2500 2122 2532 Chri-

1154 2550 1225 2574 stus
1249 2550 1299 2574 est
1322 2544 1443 2580 victor,
1478 2543 1626 2574 ascendit
1656 2543 1687 2573 in
1709 2541 1816 2574 lucem
1839 2544 2043 2575 inaccessam
2068 2554 2121 2574 su—

1153 2596 1212 2626 pra
1235 2585 1349 2617 coelos
1374 2584 1553 2623 coelorum,
1577 2586 1607 2616 in
1632 2584 1721 2617 illum
1734 2586 1839 2627 ipsum
1852 2592 1983 2624 statum,
2006 2587 2037 2617 in
2056 2596 2120 2628 quo

1155 2627 1324 2659 visibiliter
1348 2627 1464 2659 fruitur
1488 2634 1669 2668 conspectu
1704 2635 1735 2659 et
1770 2626 1893 2660 laetitia
1914 2628 1987 2660 Dei.
2057 2628 2120 2660 Alii
