2324 2958
196 223 259 258 231

199 317 400 360 patefactum
435 317 466 348 in
504 315 623 355 lsrael,
658 317 713 358 qui
737 322 846 348 tamen
868 327 935 349 000
959 315 1089 348 suerunt
1114 315 1175 345 cir-

200 361 356 398 cumcisi,
379 369 441 391 nec
464 360 645 390 servabant
671 359 754 390 alias
778 360 981 391 ceremonias
1013 358 1175 393 ludaicas,

199 404 261 435 etsi
284 413 385 443 saepe
408 403 540 440 accidit,
563 408 598 433 ut
620 401 718 444 aliqui
743 412 783 433 ex
797 401 945 432 Etlmicis
968 401 1063 431 etiam
1077 409 1172 439 spon·

199 453 232 478 te
255 447 443 485 acciperent
466 445 760 483 circumcisionem,
785 445 841 485 qui
864 444 1070 474 nominantur
1090 440 1176 481 apud

198 488 398 520 Mattheum.
422 494 453 518 et
476 488 508 518 in
532 487 645 525 Actis,
667 486 844 528 Proselyti.

284 531 351 562 Sed
375 541 442 561 non
465 529 525 562 suit
554 529 620 561 hoc
649 540 809 567 neccsse,
838 538 958 569 urgere
985 526 1072 566 apud
1097 525 1176 557 Eth-

197 575 310 611 nicos,
339 580 372 604 ut
400 574 550 604 videmus
580 571 752 604 Danielem
782 571 974 603 concionari
1005 569 1087 610 Regi
1111 568 1176 600 Na·

199 616 454 654 buchdonomr,
481 614 575 647 nulla
598 614 685 647 sacta
715 615 878 646 mentione
901 612 1174 651 circumcisionis,

196 668 251 691 aut
276 659 538 690 ceremoniarum
561 658 776 689 Iudaicarum.
822 656 862 687 Et
885 655 956 687 Rex
980 656 1068 697 ipse,
1099 665 1173 687 cnm

196 701 396 744 aliquamdiu
424 700 542 732 suisset
572 700 686 732 furens
722 706 768 733 (ut
805 698 986 737 Hercules,
1023 703 1056 729 et
1084 696 1175 729 multi

196 744 250 777 alii
275 743 517 777 excellentibus
541 744 668 775 natun's
694 742 833 783 praediti
862 746 948 773 tetro
973 748 1006 772 et
1025 739 1173 773 horribili

196 786 309 820 surore
332 797 434 829 saepe
457 787 683 828 opprimuntur
705 783 862 826 singulari
894 784 1036 825 quadam
1065 793 1174 825 poena

195 831 321 864 divina)
345 830 469 862 Postea
492 839 572 860 vero
597 839 669 860 cum
692 833 850 868 precante
872 837 932 868 pro
957 837 997 858 eo
1009 826 1173 864 Ecclesia,

195 872 346 907 Daniele,
370 879 399 904 et
423 871 496 904 aliis
519 872 593 912 piis,
616 881 733 902 rursus
756 868 998 901 convaluisset:
1022 869 1173 901 Edictum

194 917 361 958 proponit,
384 917 416 947 in
430 926 494 956 quo
508 921 537 945 et
551 913 802 944 conversionem
816 922 912 944 suam
934 913 978 944 ad
990 912 1099 944 Deum
1121 920 1173 943 re-

146 993 149 997 ,
195 959 287 996 citat,
312 966 342 990 01
366 959 455 990 iubet
479 957 631 988 subditos
645 965 831 997 agnoscere
854 955 943 987 hunc
966 965 1044 987 esse
1056 965 1171 986 verum

193 1000 314 1039 Deum,
338 1001 392 1043 qui
406 1000 612 1041 praedicetur
634 996 788 1039 apopulo
801 996 916 1036 lsrael,
934 999 1060 1030 omissa
1081 1007 1172 1029 men·

194 1044 283 1075 tione
306 1043 578 1079 ceremoniarum,
603 1041 687 1076 Quia
710 1041 838 1073 sciebat
859 1040 946 1072 hanc
960 1041 1171 1083 sapientiam:

194 1093 312 1130 gentes
336 1096 403 1118 non
432 1095 508 1116 esse
539 1083 707 1126 obligatas
739 1082 1016 1115 ceremonialibus
1039 1083 1170 1121 Moisis,

193 1130 294 1161 modo
318 1130 495 1160 retinerent
519 1128 704 1159 doctrinam
727 1125 815 1169 legis
837 1125 993 1165 Moralis,
1023 1132 1055 1158 et
1078 1125 1171 1157 intel-

192 1171 314 1204 lectum
337 1170 584 1213 promissionis,
612 1171 710 1201 datae
738 1170 792 1201 isti
815 1168 941 1212 populo
965 1170 1007 1201 de
1031 1175 1170 1201 venturo

192 1213 354 1253 Domino,
382 1219 518 1255 propter
546 1222 644 1255 quem
667 1211 762 1244 Deus
791 1213 955 1253 reciperet
978 1222 1084 1255 genus
1114 1211 1172 1243 hu-

191 1269 332 1289 manum.
384 1257 441 1288 Sic
472 1257 574 1288 credo
603 1253 726 1287 multos
763 1266 804 1287 ex
833 1256 959 1287 nostris
989 1255 1170 1287 maioribus

191 1310 375 1331 conversos
399 1309 476 1330 esse
499 1299 542 1330 ad
559 1297 679 1331 Deum.

275 1343 360 1374 Hinc
382 1352 464 1373 vero
494 1342 662 1373 discamus
691 1351 879 1383 agnoscere
911 1351 964 1373 ma
992 1341 1170 1372 nitudinem

190 1387 370 1417 immensae
398 1385 648 1416 misericordiae
675 1382 756 1423 Dei,
793 1385 882 1426 quod
918 1394 958 1416 co
987 1385 1045 1427 igit
1076 1383 1171 1415 Deus

189 1427 374 1460 Ecclesiam
398 1438 439 1459 ex
457 1434 528 1459 toto
551 1437 676 1470 genere
693 1428 848 1465 humano,
870 1426 1074 1459 Praesertim
1096 1437 1171 1458 cum

189 1478 306 1513 gentes
330 1469 478 1512 pollutae
501 1470 623 1502 suerint
646 1469 860 1502 horribilibus
889 1468 988 1501 idolis
1019 1476 1050 1501 et
1074 1469 1117 1500 ssa
1145 1470 1168 1500 i·

834 222 948 255 PHIL.
970 221 1071 255 MEL.
1096 219 1284 254 SCRIPTA
1304 217 1568 252 EJOEGETICA.

2142 221 2206 254 232

1227 311 1306 345 velit
1336 313 1493 344 exaudire
1521 319 1554 345 et
1578 312 1711 346 salvare
1739 313 1913 352 homines,
1942 319 1976 346 et
2003 324 2072 346 non
2100 314 2208 354 aliter,

1227 355 1371 394 scilicet,
1407 356 1436 387 si
1467 356 1605 388 credant
1632 358 1665 388 in
1694 356 1874 389 Christum.
1927 356 2009 389 Cum
2039 364 2148 390 autem
2175 365 2208 390 et

1227 408 1290 429 nos
1312 399 1423 429 vocati
1447 399 1550 429 simus
1568 410 1610 429 ex
1628 401 1796 440 gentibuS,
1819 410 1960 440 agamus
1972 399 2049 430 huic
2071 411 2152 431 vero
2175 407 2209 433 et

1227 441 1304 472 vivo
1327 440 1401 473 Deo
1431 441 1556 483 gratias
1590 447 1621 472 et
1653 439 1862 472 celebremus
1897 440 1983 471 hane
2016 442 2208 473 immensam

1229 484 1388 525 gratiam,
1413 490 1445 515 et
1467 484 1532 515 hac
1553 484 1618 515 fide
1641 484 1774 515 excitati
1798 484 1992 515 invocemus
2010 494 2095 515 01101.
2125 484 2207 516 Lae-

1229 534 1352 565 temur,
1391 527 1479 568 quod
1520 537 1582 558 nos
1624 537 1757 568 quoque
1790 527 1948 558 immensa
1981 527 2209 559 misericordia

1229 569 1292 601 Dei
1316 570 1512 610 recipiamur
1534 576 1670 611 propter
1693 568 1815 607 tilium,
1839 576 1872 600 et
1894 569 2058 608 sciamus,
2088 571 2120 600 in
2144 569 2208 601 bac

1228 612 1294 643 fide
1318 612 1424 644 Deum
1449 611 1535 644 velle
1554 613 1604 644 sic
1628 611 1713 649 coli,
1744 618 1777 644 et
1809 612 1841 643 in
1873 612 2026 644 omnibus
2054 613 2208 644 adversis

1229 655 1315 687 hanc
1337 654 1600 688 consolationem
1624 656 1759 687 firmiter
1782 656 1992 687 retineamus.

1531 821 1595 860 De
1627 828 1770 874 quarto
1803 821 1900 861 loco.

1313 910 1459 946 Quartus
1497 910 1594 943 locus
1635 917 1685 942 est
1723 912 1765 942 de
1800 912 1990 943 conditione
2024 910 2208 951 Ecclesiae,

1225 964 1309 996 quae
1332 960 1364 985 et
1387 954 1442 986 ubi
1467 959 1498 985 et
1521 952 1628 995 qualis
1651 955 1693 985 sit
1713 955 1745 985 in
1764 955 1897 986 mundo.
1944 955 2024 986 Erat
2044 955 2109 986 hoc
2129 961 2206 987 tem-

1224 1007 1323 1038 pore,
1358 1007 1423 1037 quo
1448 995 1601 1028 Christus
1624 1003 1722 1027 uatus
1744 1004 1814 1034 est,
1843 997 1998 1029 Ecclesia
2027 999 2059 1029 in
2082 996 2208 1039 populo

1224 1038 1341 1077 lsrael,
1362 1039 1478 1075 Maria,
1503 1038 1634 1081 loseph,
1656 1039 1841 1077 Elizabeth‚
1866 1040 2057 1079 Zachariae,
2075 1041 2206 1079 113003,

1224 1084 1372 1121 Simeon,
1402 1090 1433 1114 et
1464 1082 1520 1114 alii
1547 1081 1683 1114 similes.
1727 1081 1823 1114 Multi
1851 1089 1960 1115 autem
1989 1085 2097 1115 sancti
2128 1082 2207 1115 alibi

1223 1124 1372 1164 fuerunt,
1396 1127 1513 1167 partim
1536 1127 1598 1157 sub
1622 1125 1799 1164 Romanis,
1830 1126 1948 1167 partim
1971 1127 2033 1158 sub
2057 1125 2208 1169 Regibus

1223 1169 1380 1206 Persicis,
1403 1170 1457 1210 qui
1475 1175 1554 1200 tunc
1573 1179 1638 1200 non
1657 1167 1790 1200 suerunt
1804 1169 1927 1200 subditi
1940 1169 2090 1201 Romano
2103 1169 2207 1210 impe-

1223 1213 1289 1251 rio,
1318 1212 1435 1253 partim
1459 1213 1555 1243 etiam
1579 1213 1611 1242 in
1636 1212 1831 1249 Germania,
1860 1213 1977 1252 partim
1999 1211 2112 1244 multis
2134 1211 2208 1244 aliis

1222 1255 1256 1286 in
1289 1254 1382 1286 locis.
1429 1254 1470 1286 Et
1499 1265 1688 1296 quanquam
1721 1265 1788 1285 0011
1817 1262 1909 1285 01301
1940 1265 2056 1287 010005
2087 1257 2119 1287 10
2149 1254 2207 1288 1110

1222 1296 1346 1340 angulo
1374 1297 1601 1336 Palaestinae,
1629 1303 1738 1328 tamen
1766 1298 1989 1338 respiciebant
2017 1299 2061 1329 ad
2090 1308 2208 1331 vocem

1222 1339 1481 1382 Prophetarum,
1523 1347 1554 1372 et
1594 1341 1779 1372 doctrinam
1815 1341 1848 1371 in
1883 1339 1948 1372 hoc
1983 1339 2108 1382 populo
2143 1349 2208 1374 tra-

1223 1384 1333 1415 ditam.

1308 1425 1357 1457 lta
1378 1424 1530 1457 Ecclesia
1553 1435 1685 1466 semper
1707 1432 1760 1456 est
1782 1426 1933 1466 dispersa
1956 1427 1990 1457 in
2013 1425 2133 1457 multas
2156 1437 2207 1458 re-

1222 1469 1342 1510 giones
1363 1470 1425 1500 sub
1449 1469 1589 1500 diversis
1613 1468 1779 1509 Imperiis:
1815 1469 1887 1500 Nec
1909 1469 2121 1510 cogitandum
2144 1474 2209 1506 est,

188 1515 252 1545 tiis.
297 1513 381 1546 Cum
403 1512 557 1555 Apostoli
581 1520 746 1545 venerunt
768 1512 923 1551 Rumam,
946 1518 980 1544 ut
1002 1513 1046 1544 ibi
1077 1512 1169 1544 coli-
1195 1521 1198 1538 ι
1222 1511 1410 1543 Ecclesiam
1429 1521 1507 1543 esse
1526 1521 1648 1552 corpus
1667 1509 1837 1552 politicum
1856 1510 2029 1553 alligatum
2050 1511 2093 1543 ad
2111 1513 2210 1543 unius

187 1563 303 1598 gerent
324 1556 523 1594 Ecclesiam,
547 1557 625 1598 quid
649 1554 708 1588 suit
731 1556 859 1629 turpius
873 1555 991 1590 Roma,
1015 1555 1067 1586 cui
1091 1561 1169 1586 tunc
1195 1543 1198 1579 Ῐ

1222 1555 1332 1593 gentis
1364 1553 1458 1595 leges
1494 1561 1525 1585 et
1559 1555 1693 1585 iudicia:
1730 1553 1869 1589 Qualem
1901 1553 2086 1586 Ecclesiam
2118 1553 2210 1595 Papa

187 1606 339 1640 praeerat
362 1599 465 1637 Nero,
495 1600 590 1631 cuius
614 1599 743 1631 scelera
766 1610 786 1640 p
803 1599 927 1631 urimos
949 1597 1035 1630 alios
1054 1599 1169 1629 invita-
1195 1590 1198 1643 Ι
1222 1589 1333 1635 finxit,
1356 1596 1524 1639 alligatam
1548 1598 1590 1628 ad
1614 1606 1696 1628 suas
1720 1596 1930 1633 traditiones,
1955 1607 2039 1638 quas
2062 1597 2118 1638 qui
2141 1607 2208 1629 11011

187 1650 262 1675 runt
284 1643 326 1674 ad
350 1642 492 1674 similem
510 1641 705 1674 audaciam?
727 1642 819 1674 iuxta
842 1652 984 1673 versus:

271 1712 400 1744 Scilicet
421 1716 454 1743 in
477 1713 590 1751 vulqus
612 1715 749 1743 manant
767 1713 915 1751 exempla
937 1714 1113 1750 regentum.

275 1755 373 1794 l'tque
384 1756 507 1786 Ducum
530 1755 636 1794 lituos,
655 1758 703 1786 sic
724 1764 831 1786 mores
853 1758 964 1785 castra
982 1757 1168 1793 sequuntur.

271 1799 369 1836 Reyis
387 1799 431 1829 tul
451 1800 630 1838 exemplum
650 1802 736 1830 totus
757 1800 958 1837 componitur
979 1798 1075 1828 orbis.

273 1855 474 1898 Plerumque
498 1857 542 1888 ita
566 1857 617 1888 fit:
643 1856 768 1893 Quales
791 1863 869 1889 sunt
890 1856 1079 1898 Principum
1102 1865 1169 1888 mo·
1194 1847 1197 1877 !

1196 1657 1197 1662 =
1223 1647 1351 1679 teneat,
1380 1650 1446 1671 non
1477 1641 1583 1681 possit
1614 1649 1691 1671 esse
1721 1641 1901 1671 membrum
1930 1638 2103 1671 Ecclesiae
2133 1639 2208 1673 Dei.

1222 1683 1320 1719 Quod
1343 1684 1372 1714 si
1395 1683 1530 1714 omissio
1555 1683 1815 1714 ceremoniarum
1838 1682 1974 1720 Moisis,
2006 1692 2092 1724 quae
2128 1683 2210 1715 divt-

1221 1727 1310 1758 nitus
1344 1726 1484 1758 traditae
1518 1733 1627 1760 erant,
1662 1735 1727 1757 non
1762 1724 1942 1757 attulerunt
1975 1725 2209 1758 necessitatem

1222 1770 1395 1808 omnibus,
1423 1775 1548 1810 quanto
1578 1769 1686 1800 minus
1708 1778 1797 1800 nunc
1820 1767 1974 1801 Ecclesia
1996 1767 2133 1811 alligata
2156 1775 2209 1802 ωε

1221 1813 1264 1844 ad
1288 1812 1423 1844 easdem
1447 1812 1641 1843 traditiones
1665 1811 1851 1843 humanas?

1309 1855 1463 1888 Ostendit
1485 1855 1583 1887 etiam
1607 1853 1792 1896 exemplum
1816 1853 1905 1886 illius
1936 1855 2114 1896 temporis,
2143 1853 2208 1888 Ec·

186 1909 259 1938 res,
294 1899 379 1931 tales
409 1906 485 1931 sunt
508 1910 618 1931 mores
652 1899 782 1942 populi,
809 1906 841 1931 et
871 1899 949 1941 plus
977 1906 1046 1938 est,
1079 1900 1168 1941 quod
1194 1910 1197 1927 ι
1223 1898 1358 1931 01051310
1388 1908 1479 1930 esse:
1508 1899 1635 1929 etiamsi
1662 1897 1712 1935 hi,
1743 1898 1797 1939 qui
1825 1905 1902 1929 sunt
1930 1898 1962 1929 in
1988 1899 2209 1930 successione

186 1943 374 1985 Prophetae
403 1943 536 1974 dicunt:
572 1945 683 1981 Quam
717 1944 888 1975 sacerdos.
923 1945 998 1975 talis
1022 1945 1169 1983 populus.
1194 1935 1198 1970 1
1222 1942 1407 1980 ordinaria,
1437 1948 1469 1972 et
1501 1939 1626 1972 titulum
1656 1939 1833 1973 Ecclesiae
1862 1941 2006 1979 habent,
2033 1951 2100 1973 non
2130 1947 2209 1974 sunt

185 1987 263 2028 quia
287 1987 484 2017 sacerdotes
510 1987 614 2028 magis
638 1996 714 2018 esse
738 1987 902 2017 debebant
932 1984 1083 2026 exempla
1106 1987 1169 2017 vir-

186 2036 302 2061 tutum.
349 2028 462 2060 facile
485 2029 584 2071 igitur
608 2030 746 2071 cogitari
771 2035 900 2070 potest,
923 2035 1080 2070 quantum
1103 2035 1170 2060 tur·
1196 2049 1197 2052 =

186 2072 344 2113 pitudinis
369 2071 495 2104 Romae
519 2080 585 2103 tum
610 2072 724 2111 suerit,
754 2073 818 2103 imo
850 2073 880 2102 in
911 2073 1054 2103 maxima
1077 2078 1170 2112 parte

188 2116 321 2158 generis
351 2114 507 2151 humani,
545 2115 678 2156 quando
714 2114 869 2156 Apostoli
898 2122 975 2146 sunt
1005 2115 1096 2146 missi
1128 2115 1170 2146 ad

187 2164 314 2199 genteS.
355 2157 506 2194 Quantae
530 2159 626 2198 igitur
650 2158 896 2189 misericordiae
918 2165 986 2194 est,
1016 2158 1104 2199 quod
1129 2168 1170 2189 ex

187 2202 250 2233 hac
273 2201 456 2233 miserrima
480 2211 593 2232 massa
620 2202 843 2232 contaminata
879 2200 1098 2238 horribiliter,
1139 2208 1171 2233 et
1198 2236 1199 2240 ,

188 2255 228 2277 ex
253 2244 442 2286 turpissima
467 2250 497 2275 et
524 2244 784 2285 inquinatissima
815 2249 910 2284 parte
948 2245 1081 2286 generis
1112 2244 1170 2276 hu-

186 2288 272 2319 mani
296 2287 390 2319 Deus
417 2288 479 2318 sihi
503 2285 692 2321 Ecclesiam
717 2286 865 2328 colligit?

275 2329 379 2362 Simul
403 2337 511 2362 autem
535 2341 609 2362 cum
633 2331 674 2361 de
688 2331 833 2371 gentium
853 2330 1171 2369 vocationedieitur,

189 2374 491 2415 comprehendatur
516 2375 612 2405 etiam
638 2372 720 2405 llaec
744 2374 914 2404 doctrina.
943 2374 1030 2414 quod
1056 2374 1171 2414 rccipi-

188 2428 291 2457 amur,
315 2428 380 2448 non
405 2426 540 2458 propter
564 2415 683 2457 legem,
707 2427 772 2447 non
787 2423 921 2458 propter
945 2423 1060 2447 nostra
1084 2417 1171 2447 110113

188 2470 291 2501 opera
320 2467 374 2490 aut
408 2461 541 2494 11101110,
573 2461 631 2491 sed
668 2466 804 2501 propter
843 2458 943 2490 11111101
976 2458 1056 2497 Dei,
1094 2460 1170 2493 11110.

189 2503 306 2543 gratis.
360 2502 450 2534 llact-
480 2509 530 2534 cst
567 2502 664 2535 valde
701 2503 893 2535 necessaria
931 2503 1101 2536 doctrina.
1138 2508 1169 2533 ct

190 2545 393 2577 consolatio.
441 2547 527 2587 quod
566 2545 659 2580 Deus
699 2546 804 2588 gratis
850 2546 985 2586 recipiat
1021 2545 1170 2577 homines

188 2595 324 2629 propter
348 2587 446 2619 11110111
472 2590 706 2627 mediatorem,
730 2596 761 2620 et
786 2588 919 2620 inchoet
942 2589 973 2619 in
998 2590 1046 2619 eis
1072 2589 1170 2620 vitam

189 2639 369 2668 aeternam,
394 2633 471 2663 dato
485 2633 608 2674 Spiritu
621 2639 752 2670 sancto,
770 2638 801 2664 et
824 2632 914 2673 quod
939 2630 1017 2663 velit
1029 2631 1169 2674 agnosci

191 2686 226 2707 se
251 2685 328 2706 esse
352 2673 439 2706 bunc
463 2685 576 2707 verum
603 2675 720 2709 Deum.
744 2675 798 2717 qui
822 2675 904 2707 1011111
931 2673 1043 2713 filium,
1067 2681 1097 2707 et
1121 2675 1172 2706 sio

1196 1987 1197 1993 ¹
1223 1996 1300 2017 vera

1335 1983 1498 2016 Ecclesia.
1544 1983 1587 2016 Ut
1621 1991 1700 2016 tunc
1735 1983 1932 2022 Pontifices,
1967 1990 2000 2015 et
2035 1983 2207 2017 Pharisaei

1222 2038 1288 2060 non
1313 2033 1408 2060 erant
1430 2025 1596 2059 Ecclesia.
1643 2027 1690 2058 lta
1719 2027 1795 2058 licet
1826 2028 1922 2058 nobis
1953 2026 2051 2058 hodie
2082 2027 2208 2059 dissen-

1223 2072 1284 2103 tire
1306 2082 1324 2102 a
1351 2071 1509 2112 Papisfis,
1540 2070 1595 2111 qui
1619 2070 1728 2111 palam
1752 2069 1921 2102 stabiliunt
1945 2069 2053 2108 idola,
2077 2077 2109 2102 et
2131 2076 2208 2103 sunt

1223 2120 1458 2157 persecutores
1482 2124 1582 2145 verae
1605 2115 1787 2145 doctrinae.

1311 2157 1385 2188 Non
1418 2167 1625 2196 moveamur,
1660 2157 1750 2198 quod
1783 2162 1900 2189 contra
1931 2167 1993 2187 nos
2027 2155 2207 2195 clamitant,

1223 2211 1261 2232 se
1291 2209 1367 2231 esse
1396 2198 1598 2237 Ecclesiam,
1628 2210 1665 2232 se
1695 2209 1773 2231 esse
1802 2199 1997 2231 audiendos.
2044 2198 2111 2231 11110
2145 2200 2206 2241 ipsi

1223 2254 1288 2275 non
1317 2249 1395 2274 sunt
1425 2253 1503 2274 vera
1534 2242 1704 2275 Ecclesia.
1739 2243 1813 2284 qnia
1844 2253 1982 2273 crassos
2012 2252 2145 2274 errores
2174 2250 2207 2274 et

1223 2285 1441 2318 idololatriam
1477 2285 1682 2317 manifestam
1717 2285 1908 2317 defendunt.
1956 2285 2032 2317 ideo
2066 2295 2207 2317 necesse

1224 2335 1290 2368 est,
1320 2340 1382 2361 nos
1411 2330 1453 2360 ab
1484 2330 1522 2360 iis
1554 2329 1744 2366 discedere,
1775 2334 1807 2361 et
1834 2328 1933 2360 edere
1961 2328 2206 2360 consessionem

1224 2373 1438 2405 contrariam.
1463 2373 1552 2403 iuxta
1575 2372 1637 2403 has
1660 2371 1811 2415 regulas:
1843 2373 1953 2411 Fulm‘te·
1976 2373 2070 2403 idola.
2118 2371 2208 2409 item,

1223 2418 1326 2448 ,vome
1341 2420 1576 2447 conmmm'mre
1588 2418 1704 2447 alienis
1717 2418 1870 2456 peccatis.
1909 2414 1998 2450 111-111,
2023 2416 2104 2446 om·
2117 2424 2208 2446 meae

1223 2469 1327 2490 nocem
1347 2469 1449 2490 meam
1469 2461 1612 2495 1011111131,
1631 2460 1770 2490 ah'emmi
1789 2469 1862 2489 ro’ro
1881 2468 1942 2489 non
1962 2463 2147 2497 sequanmur.

1310 2502 1379 2533 Nec
1409 2513 1488 2533 vcro
1519 2503 1639 2543 pendet
1670 2501 1821 2532 Ecclesia
1855 2511 1895 2532 ex
1930 2501 2097 2531 ordinaria
2131 2510 2206 2532 suc-

1224 2546 1394 2578 cessione.
1423 2556 1519 2586 qnam
1550 2545 1681 2586 quidem
1710 2551 1741 2576 et
1768 2543 1853 2575 salso
1878 2544 1940 2575 sibi
1964 2550 2121 2585 arrogant
2147 2542 2206 2575 Pn-

1222 2588 1339 2629 pistae.
1387 2587 1501 2623 Qualis
1531 2589 1615 2619 enim
1644 2594 1695 2618 est
1730 2586 1787 2619 illa
1820 2589 1993 2619 successio
2028 2587 2207 2624 ordinaria,

1223 2632 1355 2673 quando
1370 2630 1591 2673 Episcopatus
1606 2631 1804 2667 venduntur,
1824 2637 1986 2664 emuntur.
2003 2640 2065 2661 000
2084 2629 2205 2661 doctri-

1223 2684 1301 2711 nae,
1330 2675 1389 2706 sed
1414 2675 1580 2706 ambitioni
1606 2680 1730 2705 tantum
1753 2674 1925 2706 serviunt?
1960 2671 2206 2705 Granvellanua
