2324 2958
89 163 148 195 121

84 259 216 299 ⁴qestabo
238 263 292 287 vos
313 256 410 286 etiam
433 254 467 284 in
491 258 636 293 senecta,
659 253 755 294 quasi
778 253 883 290 dicat,
908 251 1061 284 Ecclesia

87 302 151 333 erit
174 300 294 341 exigua
316 302 348 328 et
371 295 529 338 languida
557 296 590 326 in
616 302 785 337 postrema
807 301 915 326 aetate
937 296 1060 334 mundi,

87 344 175 376 sicut
207 341 354 373 videmus
387 339 558 370 maximam
597 344 723 379 partem
763 339 894 380 generis
928 337 1061 370 humani

88 395 164 418 esse
198 383 330 416 caecam
363 379 534 413 diabolicis
556 380 736 419 furoribus,
769 387 804 411 ut
832 387 934 412 totam
958 380 1061 412 collu-

88 429 173 461 viem
194 427 375 463 Tunicam,
397 430 430 456 et
451 424 537 455 inter
560 433 619 455 eos
631 424 686 465 qui
698 424 851 455 dicuntur
869 422 1059 462 Christiani,

87 473 206 514 ingens
228 467 399 501 multitudo
421 473 474 498 est
495 465 643 504 illorum,
678 467 732 508 qui
765 472 840 497 sunt
873 465 1059 507 Epicuraei,

88 522 121 546 et
143 520 248 545 tetros
271 519 403 543 errores
425 508 560 541 habent.
604 509 675 540 Nos
699 510 760 549 ipsi
790 519 856 540 non
879 518 992 540 sumus
1015 515 1061 540 ta—

87 557 149 591 les,
171 554 279 597 qualis
301 553 360 585 fuit
382 553 465 591 Noe,
492 551 673 590 Abraham,
706 552 826 584 David.
872 551 992 583 Servat
1014 558 1061 582 ta-

85 609 160 632 men
183 597 269 629 filius
293 597 356 628 Dei
380 605 485 638 genus
506 595 701 633 humanum,
735 601 767 626 et
799 595 933 626 assidue
966 594 1060 625 adest

85 640 270 673 Ecclesiae.
336 639 413 670 ideo
437 638 554 669 dicitur
577 637 649 669 Rex
672 644 802 670 noster:
837 638 921 669 sicut
950 638 1060 679 priora

86 683 258 721 beneficia,
291 692 375 724 quae
408 680 495 713 filius
531 679 593 712 Dei
627 687 777 721 praestat
804 679 979 712 Ecclesiae
1003 681 1060 711 do-

86 728 211 764 cendo,
246 725 452 762 redimendo,
488 721 745 764 interpellando,
787 723 995 755 iustificando
1030 729 1060 754 et

85 768 324 802 sanctificando
344 767 529 804 credenteS,
551 765 763 808 plaeruanque
777 766 1059 807 coinprehendun-

84 819 138 845 tur
160 810 378 853 appellatione
401 810 519 841 summi
541 810 736 840 sacerdotis.
781 808 834 840 De
857 810 921 841 hac
944 818 1058 850 perpe-

85 862 140 888 tua
162 853 347 896 praesentia
367 851 424 883 filii
446 851 510 883 Dei
532 852 565 882 in
578 852 783 890 defensione,
807 851 1058 893 gubernatione,

85 909 126 930 ac
149 896 403 929 conservatione
426 894 610 932 Ecclesiae,
634 894 772 926 historia
785 900 925 936 patrum,
949 901 981 925 et
1005 904 1058 925 ex-

83 941 244 982 perientia
266 944 381 970 nostra
404 948 538 970 monere
556 947 619 968 nos
642 938 784 979 quotidie
808 937 921 975 debet,
949 942 980 967 et
1003 947 1058 968 ex-

81 983 226 1015 uscitare
249 983 290 1013 ad
337 982 548 1019 recationem,
567 986 602 1011 ut
625 991 713 1012 nunc
736 990 868 1022 quoque
891 979 976 1010 adsit
999 990 1057 1011 no-

81 1027 133 1058 bis
156 1027 320 1058 Immanue
354 1030 480 1061 noster,
503 1024 587 1055 sicut
599 1023 694 1054 dixit:
715 1023 784 1062 Eyo
807 1023 964 1055 tobi-ccum
987 1033 1058 1054 sum

82 1079 181 1109 usque
202 1069 247 1099 ad
266 1070 567 1099 consummationem
588 1066 695 1098 seculi.

169 1110 340 1142 Postremo
360 1108 502 1140 salvabit
523 1107 610 1140 filius
633 1108 697 1139 Dei
720 1106 916 1146 Ecclesiam,
938 1108 971 1138 id
994 1113 1057 1145 est,

82 1153 226 1185 finaliter
248 1163 320 1184 eam
341 1151 504 1189 liberavit,
539 1151 630 1182 dabit
658 1150 773 1182 electis
797 1151 950 1182 iustitiam
975 1151 1057 1182 inte-

83 1206 194 1238 gram,
228 1202 259 1226 et
291 1195 539 1235 possessionem
572 1194 659 1225 vitae
692 1201 862 1233 aeternae,
896 1192 992 1225 tollet
1023 1194 1056 1224 in

81 1239 282 1276 universum,
317 1237 470 1278 quicquid
503 1237 632 1277 peccati
666 1237 698 1267 in
733 1237 779 1268 eis
802 1235 876 1274 suit,
910 1235 1057 1268 abolebit

80 1286 232 1318 mortem,
254 1286 287 1312 et
310 1279 515 1311 calamitates
539 1289 665 1317 onmeS,
697 1291 772 1311 cum
795 1280 915 1321 quibus
938 1280 971 1310 in
993 1279 1056 1310 hac

80 1325 148 1355 vita
169 1323 267 1355 nobis
291 1322 545 1354 conflictandum
568 1328 630 1354 est.
674 1322 753 1354 ldeo
776 1322 964 1354 nominatur
987 1323 1056 1354 Sal-

80 1371 182 1398 vator.
225 1365 295 1397 Erit
316 1365 439 1397 tamdiu
461 1366 526 1396 ista
549 1366 720 1407 generatio
743 1364 922 1403 homiuum,
947 1371 980 1396 et
991 1363 1057 1397 for-

81 1419 135 1440 ma
157 1408 289 1446 mundi‘,
324 1408 430 1439 donec
453 1414 632 1448 supersunt
654 1406 829 1449 colligendi
851 1409 895 1439 ad
917 1408 1058 1439 societa-

82 1457 149 1483 tem
170 1449 353 1482 Ecclesiae.
383 1449 452 1481 Sed
475 1450 619 1481 cessabit
641 1449 727 1481 hacc
749 1451 860 1482 mundi
883 1450 1000 1488 forma,
1025 1457 1058 1482 et

82 1494 211 1525 desinet
230 1494 402 1535 generatio
425 1493 603 1531 hominum,
627 1503 702 1524 cum
730 1491 818 1524 filius
841 1493 904 1524 Dei
924 1491 1058 1535 collegit

83 1534 210 1567 electos
229 1545 321 1567 suos.
388 1535 510 1566 Postea
534 1534 590 1566 flet
607 1536 818 1567 resuscitatio
841 1542 1058 1573 mortuorum,

81 1583 114 1611 et
135 1579 243 1610 tradet
259 1580 348 1618 filius
369 1587 503 1617 reynum
522 1582 623 1618 patri,
641 1578 672 1609 id
696 1585 760 1616 est,
781 1584 850 1610 tum
864 1578 979 1610 electis
1003 1589 1059 1620 pa-

81 1619 216 1653 tefaciet
238 1631 276 1652 se
298 1619 392 1652 Deus
417 1619 603 1658 visibiliter,
619 1627 652 1651 et
675 1621 736 1651 erit
764 1622 873 1652 onmia
902 1622 934 1652 in
958 1622 1059 1653 omni-

81 1664 157 1702 buS,
178 1664 212 1695 id
234 1669 297 1701 est,
318 1663 501 1695 immediate
514 1664 767 1695 communicabit
788 1662 908 1701 lucem,
930 1665 1059 1705 sapien-

82 1707 172 1745 tiam,
194 1707 361 1745 iustitiam,
385 1706 496 1744 sitam,
520 1704 688 1745 laetitiam,
717 1712 748 1738 et
777 1705 917 1748 gloriam
941 1707 1059 1748 sempi-

82 1755 219 1782 ternam.

80 1914 144 1954 De
176 1914 284 1954 dicto
322 1917 354 1953 1.
386 1912 512 1953 Paral.
547 1912 621 1967 [vs.
661 1913 742 1968 12]
792 1911 967 1970 adspicis
997 1926 1058 1958 me

315 1989 353 2032 in
385 1989 516 2041 forma
545 1987 718 2041 ltonn'nis,
751 1995 819 2034 ete.

166 2089 356 2127 [Inchoante
369 2091 458 2121 Anno
476 2090 596 2122 Christi
616 2094 709 2123 1560.
733 2101 794 2131 quo
809 2094 924 2131 postea
946 2101 1056 2124 mense

209 2132 315 2171 Aprili
335 2133 418 2163 diem
441 2142 532 2163 sumn
553 2134 630 2165 obiit
651 2136 688 2166 D.
712 2134 1055 2173 Pl1il.111elanclecl10u.)

167 2215 267 2247 Scitis
302 2217 420 2248 usitate
453 2217 600 2249 inchoari
632 2220 891 2255 numerationem
913 2220 989 2251 anni
1012 2221 1054 2252 ab

80 2258 144 2290 hoc
168 2258 237 2295 die,
272 2270 337 2300 quo
362 2258 550 2291 celebratur
571 2260 702 2302 publice
723 2262 912 2293 recordatio
936 2263 1055 2294 miran-

79 2301 140 2332 dae
159 2301 338 2332 nativitatis
363 2301 418 2333 filii
442 2301 504 2333 Dei
529 2313 570 2333 ex
592 2310 695 2335 matre
717 2305 855 2347 virgine.
883 2305 954 2336 Nec
977 2305 1054 2337 mihi

79 2343 233 2385 displicet
268 2344 350 2376 hacc
385 2346 610 2382 consuetudo,
651 2358 747 2388 quam
791 2349 899 2378 iudico
935 2349 1052 2380 bonam

79 2396 168 2424 esse,
192 2394 225 2418 et
247 2387 288 2418 ad
313 2387 661 2420 commonefiactionem
684 2391 812 2431 piorum
831 2389 953 2421 utilem.
977 2391 1053 2423 idco

79 2430 216 2470 primum
241 2431 382 2461 onmium
405 2441 543 2471 agamus
567 2431 641 2463 Deo
665 2433 800 2474 gratias,
830 2434 917 2474 quod
942 2433 1053 2465 hacte-

78 2482 142 2503 nus
165 2471 343 2504 clementer
367 2484 427 2504 nos
452 2475 608 2511 servavit,
643 2482 675 2505 et
699 2475 796 2513 dedit,
830 2482 865 2507 ut
888 2482 978 2508 esset
997 2476 1054 2508 ali-

79 2515 151 2555 quis
185 2515 359 2547 mediocris
394 2523 500 2547 status
534 2516 787 2549 Ecclesiasticus
822 2524 855 2550 et
887 2518 1079 2560 politicus,-

79 2557 261 2589 studiomm
291 2566 320 2589 ct
357 2558 567 2599 disciplinae,
607 2561 691 2595 Quia
729 2560 1052 2603 quantulumcunque

78 2599 144 2630 hoc
168 2608 230 2637 est,
265 2606 371 2632 tamen
405 2612 591 2643 agnoscere
611 2603 767 2635 debemus
791 2604 955 2645 ingentem
975 2615 1051 2636 e³se
1076 2616 1077 2619 ¹

770 158 986 191 POSTILLA
1008 158 1407 191 MELANTHONIANA.

1076 2554 1078 2614 ῐ

2028 162 2090 194 122

1113 252 1177 284 Dei
1199 253 1389 291 bonitatem,
1413 254 1501 294 quod
1523 253 1646 296 aliquid
1669 260 1721 286 est
1742 253 1913 296 reliquum.
1958 254 2090 290 Deinde

1113 305 1303 337 precemur,
1337 302 1371 327 ut
1394 295 1488 328 Dens
1518 303 1670 328 aeternus
1705 303 1798 338 pater
1827 297 1959 330 Domini
1989 308 2029 330 ac
2052 297 2089 330 li-

1115 339 1276 370 beratoris
1299 339 1406 370 nostri
1430 338 1505 370 lesu
1524 337 1659 378 Christi,
1683 341 1836 372 conditor
1863 347 2088 373 creaturarum

1114 381 1256 412 omnium
1274 391 1428 413 unacum
1450 381 1517 413 filio
1542 388 1575 413 et
1598 381 1719 424 Spiritu
1732 390 1848 414 sancto
1871 393 1944 422 suo,
1966 384 2089 415 tribuat

1113 423 1299 462 Ecclesiae,
1321 423 1454 465 politiis,
1473 431 1505 456 et
1527 425 1624 456 nobis
1648 426 1799 457 omnibus
1823 424 1967 458 faustum
1990 433 2023 458 et
2041 425 2088 458 fe-

1112 465 1209 498 licem
1231 477 1369 498 annum:
1392 466 1535 507 Efficiat,
1558 474 1593 499 ut
1616 468 1657 499 sit
1669 478 1732 508 pax
1755 469 1787 499 in
1800 467 1955 501 Ecclesia
1977 475 2009 500 et
2032 480 2089 511 po·

1113 508 1200 548 litiis,
1233 515 1268 541 ut
1291 517 1532 542 conserventur
1554 511 1730 542 mediocria
1753 512 1871 550 studia,
1905 511 2089 553 disciplina,

1114 558 1146 583 et
1170 551 1256 584 aliae
1277 562 1331 583 res
1353 553 1476 584 bonae:
1500 560 1531 585 et
1555 559 1589 584 ut
1612 552 1835 585 oeconomiae
1866 554 2010 586 habeant
2032 553 2089 586 ali-

1114 601 1233 634 menta,
1266 601 1299 626 et
1322 594 1406 627 alias
1429 606 1484 627 res
1503 597 1544 627 ad
1566 597 1654 627 vitae
1686 595 1784 628 huius
1818 598 2090 628 sustentationem

1112 639 1334 676 necessarias,
1359 648 1442 680 quas
1465 638 1535 670 vult
1560 649 1579 670 a
1602 649 1640 670 se
1662 640 1740 680 peti,
1764 644 1796 670 et
1808 640 1963 679 promittit
1976 650 2013 672 se
2023 639 2088 671 lar·

1113 681 1254 723 giturum
1278 690 1355 712 esse
1376 682 1573 722 petentibus.

1198 723 1293 755 Hanc
1326 725 1552 765 precationem
1587 725 1727 755 subinde
1760 731 1945 766 repetamus
1968 725 2001 756 in
2023 725 2088 757 hoc

1111 765 1217 804 festo,
1253 772 1285 798 et
1308 767 1490 808 cogitemus
1513 765 1676 808 pericula,
1713 777 1797 808 quae
1816 768 2000 808 impendent
2023 778 2089 799 non

1112 819 1226 849 parva.
1285 808 1485 850 Accepimus
1519 810 1591 841 heri
1625 810 1733 842 adhuc
1755 810 1881 848 literas,
1915 811 1946 841 in
1971 811 2088 852 quibus

1112 853 1268 883 scribitur
1306 851 1445 883 interfici
1484 853 1666 884 miserrime
1700 854 1840 894 optimos
1874 852 2023 884 homines
2056 853 2090 884 in

1113 893 1232 933 Gallia,
1261 893 1340 936 pelli
1363 905 1404 926 ex
1427 895 1497 926 suis
1520 894 1641 927 nidulis
1670 896 1792 928 multos
1816 895 1946 927 nobiles
1970 902 2001 927 et
2020 894 2088 937 ple-

1112 938 1216 969 beios.

1196 981 1247 1011 Ac
1280 979 1434 1012 Basileae
1467 987 1499 1012 et
1531 981 1757 1023 Argentorati‚
1791 988 1823 1013 et
1846 980 1930 1013 locis
1953 981 2081 1019 vicinis,

1111 1024 1224 1064 quaeri
1257 1023 1400 1064 hospitia
1432 1034 1492 1066 pro
1526 1023 1677 1066 pluribus
1711 1034 1808 1066 quam
1837 1025 2084 1066 quadringentis

1110 1065 1252 1097 familiis-
1308 1065 1403 1097 Deus
1431 1073 1586 1098 aeternus
1609 1074 1703 1108 pater
1725 1067 1858 1098 Domini
1881 1068 1988 1099 nostri
2010 1067 2085 1099 lesu

1111 1108 1233 1140 Christi
1258 1116 1434 1140 conservet
1456 1110 1488 1140 in
1507 1109 1558 1140 his
1580 1111 1773 1152 regionibus
1797 1108 1974 1141 salutarem
1997 1117 2085 1142 tran-

1111 1151 1313 1193 quillitatem,
1348 1158 1380 1183 et
1411 1150 1514 1183 leniat
1537 1154 1634 1184 etiam
1657 1152 1730 1184 aliis
1753 1153 1786 1183 in
1809 1152 1893 1184 locis
1918 1152 2086 1184 calamita—

1110 1201 1163 1226 tes
1181 1195 1321 1236 piorum,
1346 1205 1484 1236 quorum
1506 1195 1664 1236 periculis
1687 1202 1778 1227 cene
1801 1194 1889 1227 affici
1918 1197 2087 1233 debemuS,

1110 1243 1143 1269 et
1165 1236 1261 1269 simul
1284 1238 1434 1280 cogitare
1457 1238 1499 1269 de
1521 1239 1662 1271 nostris:
1685 1239 1770 1275 Quia
1782 1249 1898 1271 verum
1911 1245 1973 1277 est,
1995 1239 2086 1281 quod

1110 1281 1247 1312 dicitur:

1227 1342 1359 1373 Intrant
1379 1345 1413 1372 in
1436 1341 1593 1373 thalamos
1610 1342 1740 1382 publica
1762 1343 1882 1373 damna
1901 1347 1979 1374 tuos.

1196 1407 1350 1440 Pericula
1377 1409 1553 1441 Ecclesiae
1583 1410 1834 1452 quibuscunque
1855 1411 1887 1442 in
1910 1409 1992 1442 locis
2015 1420 2088 1452 per-

1110 1451 1214 1482 tinent
1235 1452 1278 1482 ad
1301 1451 1452 1494 singulos
1474 1453 1558 1494 pios.
1625 1452 1702 1485 Ideo
1725 1463 1846 1494 preces
1870 1453 1991 1485 debent
2013 1462 2090 1485 esse

1113 1504 1314 1526 communes.

1197 1536 1268 1568 Erit
1299 1542 1410 1569 autem
1442 1537 1497 1569 hic
1529 1548 1636 1569 annus
1659 1549 1679 1569 a
1701 1539 1823 1570 mundo
1847 1539 1997 1574 condito,
2034 1539 2090 1580 qui

1111 1579 1321 1611 inchoabitur
1353 1580 1387 1611 in
1418 1581 1629 1622 aequinoctio
1653 1591 1756 1612 verno
1780 1581 1876 1612 5522.
1938 1581 2001 1613 Tot
2023 1583 2088 1613 iam

1112 1622 1208 1654 annis
1230 1629 1311 1653 nota
1332 1621 1394 1654 fuit
1416 1623 1447 1654 iu
1467 1624 1589 1655 mundo
1613 1625 1763 1656 doctrina
1787 1624 1884 1656 huius
1904 1624 1991 1656 sesti.
2036 1624 2091 1656 De

1113 1675 1178 1706 quo
1202 1666 1330 1706 quoties
1355 1667 1551 1707 cogitamus,
1573 1667 1740 1698 ordiamur
1762 1677 1781 1698 a
1805 1668 1910 1707 prima
1940 1666 1997 1699 illa
2017 1678 2093 1710 pro-

1112 1708 1270 1739 missione
1292 1707 1478 1750 Evangelii,
1501 1709 1533 1740 id
1557 1716 1619 1748 est,
1643 1720 1663 1741 a
1686 1709 1890 1741 revelatione
1908 1711 2013 1751 prima
2035 1708 2092 1741 filii

1112 1749 1188 1787 Dei,
1211 1760 1284 1782 cum
1308 1751 1430 1782 dictum
1453 1758 1522 1783 est:
1554 1754 1670 1784 Semen
1705 1754 1853 1784 mulieris
1879 1758 2021 1785 conteret
2041 1763 2093 1784 ca·

1109 1798 1172 1832 put
1191 1797 1364 1834 serpentes,
1390 1793 1475 1829 Quia
1498 1795 1629 1836 quando
1651 1795 1747 1836 primi
1769 1802 1925 1836 parentes
1947 1801 2024 1837 post
2047 1794 2093 1826 la·

1112 1846 1208 1877 psum
1230 1835 1429 1868 audiverunt
1452 1836 1542 1868 hanc
1564 1848 1692 1877 vocem,
1721 1837 1955 1870 intellexerunt
1978 1844 2092 1870 ventu-

1111 1889 1184 1910 rum
1207 1888 1284 1910 esse
1306 1878 1484 1911 Dominum
1507 1881 1550 1911 ad
1561 1881 1795 1912 assumendam
1813 1888 1962 1913 naturam
1981 1880 2093 1913 huma-

1110 1931 1199 1960 nam,
1221 1922 1264 1952 ad
1288 1920 1463 1954 delendum
1475 1930 1651 1963 peccatum
1673 1931 1704 1955 et
1726 1931 1876 1962 mortem,
1899 1924 1941 1955 ad
1954 1925 2092 1956 redden-

1111 1965 1186 1995 dam
1208 1965 1364 1996 iustitiam
1384 1970 1417 1996 et
1438 1966 1539 1997 vitam
1561 1972 1738 1998 aeternam.
1770 1966 1842 1998 Hac
1865 1977 1950 1999 voce
1973 1977 2091 1998 rursus

1110 2005 1266 2038 vivificati
1300 2013 1388 2046 sunt,
1419 2019 1493 2039 cum
1526 2007 1701 2040 haererent
1734 2010 1766 2041 in
1789 2008 1941 2041 faucibus
1965 2010 2090 2041 mortis.

1110 2049 1203 2081 Tunc
1225 2049 1324 2091 igitur
1347 2051 1437 2082 initia
1460 2050 1592 2083 suerunt
1613 2051 1710 2084 huius
1733 2051 1819 2084 festi.

1197 2092 1274 2124 Dixi
1299 2100 1407 2125 autem
1430 2093 1515 2125 alias
1539 2095 1580 2126 de
1603 2095 1656 2126 his
1676 2095 1781 2127 tribus
1805 2094 1890 2127 locis
1918 2095 2090 2127 doctrinae

1112 2135 1140 2166 l.
1187 2134 1268 2170 Quis
1303 2137 1346 2167 sit
1379 2135 1433 2167 ille
1457 2136 1630 2172 Dominus,
1661 2137 1702 2169 de
1735 2149 1800 2179 quo
1824 2138 1910 2169 edita
1932 2136 1992 2168 suit
2013 2147 2089 2180 pro-

1109 2178 1242 2209 missio:
1278 2179 1398 2211 Semen
1432 2179 1580 2211 mulieris
1616 2187 1765 2212 conteret
1789 2187 1888 2221 caput
1911 2181 2088 2221 serpentis.

1108 2222 1139 2251 2.
1164 2221 1217 2252 Ad
1237 2232 1321 2262 quae
1343 2222 1505 2254 beneficia
1528 2224 1729 2264 praestanda
1746 2224 1900 2255 mittatur.
1947 2223 1977 2254 3.
2002 2223 2089 2259 Quo-

1109 2264 1206 2295 modo
1231 2264 1287 2296 fiat
1309 2264 1500 2307 applicatio,
1523 2272 1584 2297 etc.
2018 2301 2023 2306 p

1195 2306 1276 2338 Post
1309 2306 1426 2339 horum
1460 2307 1609 2339 locorum
1632 2309 1855 2349 repetitionem
1888 2309 2089 2347 brevem,‚et

1108 2348 1319 2381 collationem
1354 2361 1427 2382 cum
1461 2357 1553 2382 textu
1587 2351 1719 2382 loannis
1755 2362 1826 2391 cap.
1856 2352 1881 2381 l.
1914 2352 2086 2393 digressus

1107 2398 1157 2423 est
1182 2392 1224 2423 D.
1249 2392 1420 2434 Philippus
1444 2395 1484 2424 ad
1510 2395 1750 2425 enarrationem
1786 2395 1862 2425 dicti
1893 2393 2031 2426 Davidis
2059 2395 2086 2428 l.

1106 2433 1214 2466 Paral.
1242 2436 1291 2466 17.
1326 2438 1501 2476 Aspecisti.
1527 2440 1576 2468 rel
1596 2438 1716 2477 aspicis
1738 2448 1786 2468 me
1808 2436 1909 2477 (Quia
1932 2438 2087 2469 usitatum

1106 2484 1157 2508 est
1182 2477 1356 2517 Hebraeis„
1380 2479 1425 2510 uti
1449 2480 1560 2510 verbis
1585 2480 1788 2519 praeteritis,
1824 2486 1977 2521 tanquam
2003 2481 2086 2511 aori—

1106 2521 1180 2551 stis')
1204 2522 1236 2551 ιή
1258 2524 1368 2561 forma
1390 2524 1535 2557 hominis,
1555 2526 1609 2561 qni
1628 2533 1663 2553 es
1686 2522 1777 2554 Deus
1800 2528 1831 2554 1'11
1856 2523 1999 2555 eoecelsis.

1191 2563 1226 2594 ld
1269 2563 1375 2595 Latini
1415 2565 1610 2606 interpretes
1645 2564 1866 2607 negligentius
1901 2572 2084 2598 verterunt:

1104 2607 1224 2637 Fecisti
1244 2617 1294 2638 me
1316 2608 1515 2647 speclabilem
1539 2618 1637 2648 snper
1660 2618 1769 2640 omnes
1792 2608 1932 2640 homines
1952 2610 2086 2642 Domita?
