2324 2958
55 199 120 232 505

59 291 171 326 Gallia
192 292 280 334 pium
302 291 386 322 inter
408 299 446 322 se
468 297 665 321 consensum
687 285 799 318 fovent
822 288 854 318 in
880 287 1029 319 doctrina

58 335 272 372 fundamenti,
292 333 418 365 etiamsi
440 341 560 374 magna
589 331 699 361 rabies
729 335 780 360 est
809 329 1028 373 Diabolorum

59 385 93 411 et
113 377 358 421 hypocritarum
381 373 646 417 persequentium
670 373 852 404 veritatem.

114 455 118 459 ,
145 421 266 452 Postea
300 419 446 460 sequitur
472 417 680 458 Amplificatio
708 418 939 456 propositionis
970 424 1029 456 per

61 463 268 497 eollattonem
292 471 400 492 rerum
428 460 526 491 valde
548 457 691 490 dulcium
714 464 746 489 et
769 456 911 489 utilium:
942 458 1033 489 Sicut

59 509 253 545 Balsanmm,
275 505 359 545 quod
374 505 515 535 destillat
541 512 581 534 ez
602 505 707 542 capite
735 502 874 533 Aarom‘s
903 504 935 532 ἑτι
957 502 1029 532 bar-

60 551 131 582 bam
153 552 237 588 eius,
270 548 354 587 quod
384 548 523 578 destillat
553 548 587 576 in
620 554 707 576 oram
739 544 918 576 vestimenti
948 544 1027 575 eius.

61 593 151 624 Sicut
179 600 235 622 roa¹
268 591 422 621 Hermon.
456 591 510 628 qm·
529 588 694 619 descendit
725 590 757 618 in
780 591 917 618 montem
941 587 1026 618 Sion-

58 633 153 677 quasi
176 633 277 664 dicat:
310 631 390 663 Tam
413 631 526 662 suavis
549 640 603 661 res
627 636 679 660 est
702 629 897 667 concordia,
932 639 1028 671 quam

59 676 173 708 suavis
196 683 247 707 est
270 675 354 706 odor
376 673 556 716 fragrantis
570 671 727 710 Balsami,
751 672 838 714 quod
862 682 903 703 ex
925 671 1029 703 Aaro-

58 719 117 750 nis*>
143 719 267 750 vertice
299 718 331 748 in
367 723 465 748 totam
501 722 627 746 vestem
662 716 859 756 pontificiam
894 714 1030 756 largiter

60 761 180 794 defluit.
227 761 318 799 lt'em,
338 759 420 791 Tam
442 752 529 790 utilis
559 765 589 789 et
613 756 767 789 salutaris
801 768 855 789 res
879 763 929 788 est
953 766 1029 787 con-

64 804 194 841 cordia,
227 814 322 845 quam
356 811 412 833 ros
436 811 496 833 seu
526 799 636 842 pluvia
671 807 855 842 opportune
889 800 1029 841 irrigans

61 856 163 890 agros
186 852 216 877 et
239 852 334 887 prata
355 845 388 875 in
424 843 567 876 confinio
593 845 760 881 montium,
796 853 854 875 seu
883 844 913 874 in
937 840 1029 873 valli-

60 890 134 928 bus,
158 898 242 930 quae
263 894 338 919 sunt
362 887 532 918 subiectae
556 888 730 918 montibus.

142 929 331 962 Balsamum
360 937 408 961 est
437 929 546 971 liquor
574 928 865 971 fragrantissimus.
912 928 1028 958 Sacer-

57 974 153 1006 dotes
169 975 380 1016 ungebantur
402 972 556 1014 peculiari
581 971 654 1003 oleo
678 982 787 1009 sacro,
811 971 897 1013 quod
918 971 1029 1011 singu-

56 1015 118 1048 lari
140 1017 237 1049 modo
260 1017 495 1058 apparabatur.
536 1015 607 1046 Fuit
631 1014 815 1057 significata
839 1013 949 1045 unctio
973 1011 1029 1044 filii

57 1059 131 1098 Dei,
153 1060 195 1090 de
217 1069 282 1101 quo
301 1059 434 1090 dicitur:
461 1059 564 1090 Lim!
592 1063 622 1089 te
644 1061 712 1090 oleo
738 1060 876 1089 laetitiae
896 1061 1030 1097 propter

57 1106 222 1135 consortes
245 1107 325 1134 tuos.
370 1102 494 1133 Noster
518 1108 624 1132 textus
654 1100 768 1131 hahet:
798 1109 879 1140 prae
900 1109 1029 1131 consor-

57 1146 150 1177 tibus·
195 1143 292 1180 Quod
326 1155 391 1176 non
426 1143 511 1175 male
545 1144 675 1175 dicitur:
710 1145 757 1175 lst
777 1143 866 1174 nicht
884 1143 1028 1182 unreclzt,

58 1186 210 1220 Christus
233 1193 283 1218 est
311 1194 431 1218 unctus
455 1186 637 1217 divinitate:
668 1187 742 1227 quia
774 1185 925 1216 divinitas
956 1194 1029 1226 per-

59 1228 215 1262 sonaliter
242 1236 293 1261 est
323 1230 354 1260 in
393 1240 443 1260 eo.
498 1228 538 1260 Et
574 1236 728 1269 respectu
762 1228 947 1266 missionis,
979 1233 1029 1258 est

57 1278 177 1305 unctus
211 1271 333 1313 Spiritu
356 1279 491 1310 sancto,
525 1282 591 1303 non
621 1273 801 1303 secuudum
824 1281 1030 1302 mensuram:

57 1315 91 1347 id
114 1320 181 1353 est,
213 1314 289 1356 lpse
310 1320 360 1346 est
382 1313 499 1356 plenus
524 1315 619 1346 donis
642 1315 780 1356 Spiritus
804 1314 922 1352 sancti,
956 1324 1030 1355 per-

58 1358 235 1390 tinentibus
255 1358 298 1388 ad
316 1358 541 1398 exequendum
560 1356 715 1395 cilicium,
739 1358 779 1389 ad
799 1357 886 1398 quod
909 1356 1031 1388 missus

60 1407 122 1437 est,
146 1406 178 1432 et
200 1406 335 1441 propter
357 1401 444 1441 quod
468 1400 646 1440 assumpsit
674 1399 847 1431 humanam
871 1405 1030 1430 naturam.

145 1443 216 1474 Nos
238 1443 397 1484 primitias
421 1442 562 1483 Spiritus
591 1443 786 1484 accipimuS,
817 1448 847 1473 et
876 1443 921 1473 ita
943 1442 1032 1473 uncti

60 1495 186 1524 SumuS,
218 1491 253 1517 ut
287 1495 327 1516 ex
360 1485 462 1526 ipsius
496 1483 694 1526 plenitudine
727 1495 914 1523 sumamus,
949 1484 1032 1520 Quia

60 1535 196 1569 propter
219 1538 281 1559 nos
305 1528 387 1569 ipse,
411 1528 442 1558 in
466 1533 622 1568 quantum
645 1535 693 1559 est
713 1528 884 1566 mediator,
907 1528 1033 1559 redem-

59 1577 147 1612 ptor,
175 1577 207 1601 et
228 1569 378 1601 salvator
395 1576 526 1609 noster,
560 1577 678 1602 unctus
703 1577 753 1602 est
783 1573 849 1603 oleo
881 1572 1031 1608 laelllt'oe,

58 1612 92 1645 id
115 1618 177 1651 est,
201 1611 276 1644 oleo
300 1611 507 1644 laetificante.

145 1671 206 1703 Est
228 1678 338 1704 autem
361 1673 489 1712 pictura
511 1671 750 1713 pulcherrima,
777 1674 806 1704 si
829 1660 1033 1714 quasi-posi-

60 1722 129 1747 mm
146 1725 179 1747 m
203 1721 385 1756 conspeetu
402 1714 593 1746 Ponnhcem
616 1723 723 1746 meme
745 1722 916 1753 mtueans’
939 1725 1034 1746 orna·
1059 1730 1062 1771 i
1087 1741 1184 1777 tanis,
1210 1750 1293 1781 quae
1317 1746 1393 1771 sunt
1417 1741 1571 1772 distincta
1593 1739 1745 1778 vallibus,
1769 1751 1868 1782 quam
1891 1741 1922 1771 in
1946 1741 2057 1782 parvis

62 1764 130 1790 tum
153 1767 214 1789 sua
237 1763 348 1795 veste,
382 1763 414 1789 et
436 1759 702 1799 generosissimis
726 1758 902 1799 unguentis
925 1756 1034 1799 perfu-

61 1811 148 1833 sum.
192 1801 285 1832 Facit
308 1801 392 1831 enim
416 1802 614 1832 mentionem
639 1801 826 1839 pontificis,
860 1801 934 1843 quia
959 1811 1034 1832 con-

63 1843 199 1875 cordiae
231 1843 353 1874 initium
387 1848 418 1874 et
452 1843 617 1875 vinculum
651 1854 727 1875 esse
761 1843 925 1885 significat
959 1854 1035 1875 con-

62 1895 196 1918 sensum
220 1886 261 1917 de
283 1896 363 1917 vera
386 1887 543 1917 doctrina.
589 1888 696 1919 Oleum
718 1888 861 1920 destillat
881 1897 901 1918 a
922 1891 1035 1928 capite,

63 1929 98 1960 id
120 1936 182 1967 est,
205 1940 223 1959 a
248 1928 382 1960 Christo
405 1938 530 1959 summo
556 1929 727 1968 Pontifice‚
750 1931 783 1961 in
806 1931 946 1969 barbani,
977 1940 1036 1961 seu

62 1982 116 2012 os,
150 1972 182 2003 id
206 1978 276 2009 est,
309 1971 341 2002 in
366 1971 532 2003 docentes.
589 1972 619 2003 A
654 1973 848 2004 docentibus
881 1974 915 2004 in
948 1983 1036 2004 oram

63 2017 251 2055 vestimenti,
273 2014 305 2045 id
329 2021 392 2052 est,
415 2015 445 2045 in
470 2022 570 2046 totam
593 2014 787 2047 Ecclesiam.

150 2073 185 2105 ln
219 2072 325 2105 altera
358 2073 568 2105 similitudine
610 2074 643 2105 iit
681 2076 802 2107 mentio
836 2078 948 2116 Roris,
983 2074 1065 2117 qui¹

66 2117 274 2156 gratissimus
299 2123 349 2148 est
380 2116 551 2157 pullulanti
575 2118 700 2159 segeti,
732 2125 764 2149 et
798 2118 1037 2159 pullulantibus

68 2160 231 2193 fructibus
265 2160 428 2191 arborum.
485 2159 634 2201 Indigent
665 2161 750 2192 enim
783 2162 963 2204 rigatione,
998 2172 1039 2193 ne

69 2204 216 2236 siccitate
249 2208 282 2233 et
314 2208 410 2234 aestu
443 2210 589 2243 pereant.
646 2202 730 2238 Quid
759 2211 849 2236 esset
870 2204 936 2236 hoc
959 2211 1039 2235 tem·

68 2256 149 2289 pore
173 2246 329 2287 optimum
352 2246 457 2277 satis?
509 2244 627 2276 Dulcis
656 2245 767 2287 pluvia
799 2246 853 2279 vel
875 2258 951 2286 ros,
985 2248 1039 2289 qui

68 2295 246 2324 recrearet.
303 2288 371 2320 Sed
396 2289 513 2319 videtis
547 2289 612 2319 duo
634 2289 697 2319 iam
720 2298 797 2321 esse
815 2291 1038 2322 incommoda:

68 2333 253 2365 siccitatem
277 2332 374 2369 aeris,
400 2337 430 2361 et
455 2337 572 2362 ventos
595 2329 764 2370 hon-idos,
793 2333 849 2374 qui
871 2334 1040 2365 desiccant

69 2381 104 2406 et
123 2372 353 2416 frigefaciunt,
385 2381 415 2405 et
445 2373 583 2405 afferunt
606 2373 816 2406 sterilitatem.
861 2375 918 2407 Sic
939 2376 1041 2407 mani-

70 2415 190 2449 sestum
213 2422 282 2454 est,
316 2417 491 2448 discordiis
526 2417 677 2458 dissipari
711 2428 825 2449 omnes
859 2425 987 2457 coetuS,
1009 2425 1041 2450 et

71 2460 200 2491 anirnos
232 2459 398 2491 hominum
433 2470 512 2491 vere
542 2459 716 2498 torrefieri,
749 2466 781 2491 et
814 2462 908 2502 sequi
941 2463 1041 2493 vasti-

73 2508 169 2533 tates.

159 2552 271 2585 Potest
284 2560 392 2585 autem
409 2552 618 2595 peculiariter
629 2553 712 2585 haec
725 2554 899 2585 similitudo
912 2565 1042 2587 accom-

72 2596 198 2628 modari
221 2596 262 2627 ad
285 2598 496 2629 concordiam
520 2595 700 2638 politicamt
724 2597 808 2632 Quia
824 2598 898 2628 ideo
917 2598 1044 2630 videtur

73 2639 240 2670 nominare
272 2638 364 2677 loca,
398 2647 482 2681 quae
515 2639 751 2681 propemodum
773 2639 891 2671 limites
914 2639 1043 2672 fuerunt

733 191 953 226 Pos'mLLA
969 190 1365 225 MELANTHONIANA.

1081 1099 1112 1129 in
1137 1109 1202 1140 quo
1225 1096 1284 1129 fuit
1306 1108 1365 1129 arx
1388 1098 1538 1128 Davidis.

1986 191 2049 224 506

1080 286 1231 324 Iudaeae,
1254 291 1289 317 ut
1309 284 1472 328 significet
1489 295 1527 317 se
1545 286 1586 317 de
1605 286 1668 318 hac
1687 284 1798 328 politia
1815 285 1906 328 loqui
1923 285 2050 318 inclusa

1079 330 1163 360 inter
1184 328 1255 359 hos
1271 327 1400 359 limites.

1166 371 1313 403 Libanus
1336 370 1395 402 suit
1417 369 1510 402 limes
1533 380 1649 411 versus
1671 372 1937 413 septentrionem.
1971 372 1997 403 F
2000 383 2049 404 or-

1080 414 1180 445 tassis
1216 424 1334 445 nomen
1368 419 1420 444 est
1447 414 1489 444 ab
1529 412 1692 445 albedine.
1749 414 1852 446 Huius
1885 425 1963 455 pars
1999 422 2049 446 est

1080 456 1235 495 Hermon,
1259 457 1300 488 ab
1324 455 1492 487 altitudine
1507 456 1556 487 sic
1575 455 1814 495 denominatus,
1835 457 1918 492 Quia
1936 458 2049 489 iisdem

1080 500 1245 531 montibus
1279 509 1382 541 saepe
1409 499 1597 530 tribuuntur
1618 497 1729 539 plures
1753 500 1994 541 appellationes
2018 501 2049 531 in

1080 543 1220 573 diversis
1242 543 1414 583 partibus:
1447 547 1498 579 ut,
1529 552 1625 583 quam
1659 539 1779 572 multae
1809 549 1883 573 sunt
1907 541 2050 584 appella-

1079 586 1185 617 tiones
1209 585 1356 626 Alpium!
1413 584 1470 615 Sic
1504 593 1598 615 mons
1621 583 1766 622 Taurus,
1800 584 1969 617 Caucasus
1992 585 2049 617 ha-

1081 629 1156 659 bent
1180 628 1329 659 diversas
1348 625 1600 668 appellationes,
1624 637 1684 667 pro
1697 627 1888 659 diversitate
1901 627 2050 659 brachio-

1081 681 1150 702 rum
1196 670 1328 702 Montes
1342 669 1453 710 Caspii
1477 675 1553 701 sunt
1577 668 1711 701 brachia
1734 669 1885 701 Caucasi.
1926 670 2050 702 Dicun-

1081 719 1133 744 tur
1152 720 1280 745 montes
1305 712 1417 754 Caspii
1439 722 1458 743 a
1481 713 1574 744 venis
1598 713 1737 753 argenti.

1167 756 1320 787 Nominat
1354 762 1461 787 autem
1495 761 1525 786 et
1558 754 1708 786 psalmus
1734 756 1784 785 4‘2.
1807 754 1889 786 haec
1912 754 1996 790 loca,
2019 756 2050 786 in

1082 799 1200 840 quibus
1223 799 1383 830 habitaxdt
1415 799 1477 828 iste
1511 797 1670 839 populus,
1704 805 1824 829 terram
1849 798 1996 830 Iordanis
2021 804 2052 829 et

1081 841 1280 873 Hermonim.
1321 839 1497 872 Ierusalem
1520 838 1578 871 suit
1602 850 1720 872 versun>
1741 840 1920 872 Meridiem.
1960 840 2052 872 llanc

1081 885 1239 922 nominat,
1274 884 1350 926 quia
1383 882 1443 914 fuit
1477 884 1568 924 regia
1591 884 1701 919 sedes,
1737 884 1862 915 etiamsi
1895 894 1960 915 non
1985 890 2052 915 erat

1081 934 1263 958 extremum
1297 927 1461 968 oppidum.
1524 925 1755 968 Hierosolyma
1789 925 1961 967 complexa
1995 924 2054 957 fuit

1081 971 1165 1001 duos
1195 975 1323 1001 montes
1361 970 1503 1007 arduos,
1537 979 1676 1010 quorum
1714 968 1808 1007 alteri
1842 979 1961 1000 nomen
1994 969 2053 1001 fuit

1081 1015 1215 1044 Mortale.
1271 1012 1306 1043 ln
1340 1013 1405 1043 hoc
1437 1010 1594 1053 templum
1629 1012 1794 1043 conditum
1829 1019 1879 1043 est
1912 1023 1932 1043 a
1961 1010 2054 1043 Salo-

1080 1066 1191 1087 mone:
1215 1054 1320 1086 Alteri
1344 1056 1430 1094 Sion,
1452 1055 1483 1085 id
1507 1061 1570 1093 est,
1594 1053 1743 1096 specula,
1767 1065 1827 1086 seu
1850 1054 2053 1096 trophaeum,

1167 1141 1265 1181 Optat
1294 1150 1375 1182 ergo
1399 1139 1552 1171 Psalmus
1581 1139 1658 1171 huic
1687 1138 1809 1182 populo
1833 1140 2053 1178 concordiam,

1081 1193 1146 1215 tam
1170 1182 1300 1215 dulcem
1322 1184 1418 1215 bonis
1441 1183 1617 1220 mentibus,
1641 1189 1672 1214 et
1695 1189 1759 1214 tam
1778 1182 1887 1215 ufflem
1907 1194 1946 1215 ac
1968 1181 2053 1214 salu-

1081 1232 1195 1264 tarem,
1219 1237 1316 1268 quam
1338 1232 1389 1257 est
1401 1232 1490 1257 terra
1507 1227 1732 1264 nascentibus,
1754 1236 1810 1257 ros
1830 1227 2052 1267 tempestivus,

1169 1269 1236 1300 Sed
1260 1279 1318 1301 cur
1341 1269 1432 1300 dicit:
1469 1269 1587 1301 Rorem
1620 1271 1815 1301 descendere
1850 1271 1889 1301 ab
1919 1271 2055 1301 Hermon

1083 1316 1115 1344 z'n
1150 1313 1243 1352 Sion,
1276 1322 1349 1344 cum
1383 1318 1494 1343 tamen
1528 1322 1647 1354 magna
1687 1313 1729 1343 sit
1763 1311 1901 1344 altitudo
1936 1311 2055 1343 montis

1084 1355 1187 1387 Sion?
1231 1355 1446 1396 Respondeo:
1470 1354 1631 1397 Congruit
1650 1354 1713 1386 hoc
1731 1355 1772 1386 ad
1791 1356 1888 1387 totius
1910 1354 2055 1397 regionis

1084 1399 1192 1429 situm.
1237 1397 1395 1436 Libanus,
1417 1403 1451 1429 ut
1475 1398 1552 1435 dixi,
1582 1404 1631 1428 est
1660 1397 1754 1429 limes
1779 1408 1896 1429 versus
1921 1400 2054 1439 Septen-

1084 1441 1223 1472 trionem
1250 1447 1287 1472 ·et
1311 1441 1446 1478 Ortum,
1479 1447 1510 1471 et
1538 1450 1598 1481 per
1632 1450 1707 1472 sese
1739 1440 1826 1472 altus
1855 1447 1921 1478 est,
1962 1450 2055 1482 prae-

1085 1485 1196 1515 sertim
1227 1484 1316 1515 circa
1338 1483 1558 1521 Damascum,
1594 1484 1649 1514 ubi
1683 1484 1816 1525 proprie
1849 1485 1993 1515 tribuunt
2027 1483 2055 1514 ei

1084 1536 1204 1557 nomen
1238 1526 1391 1557 Hermon.
1447 1525 1552 1558 Recte
1583 1527 1682 1568 igitur
1715 1527 1790 1558 inde
1823 1537 1863 1557 ex
1892 1527 2057 1557 montibus

1086 1570 1218 1607 arduis,
1251 1575 1282 1600 et
1304 1579 1344 1600 ex
1366 1569 1503 1610 regione
1526 1568 1792 1610 septentrionali,
1825 1570 1857 1601 in
1879 1569 1955 1601 loca
1977 1568 2057 1599 inse-

1086 1613 1193 1650 riora,
1227 1618 1294 1643 tum
1326 1613 1359 1643 in
1390 1611 1511 1654 plana,
1545 1618 1613 1643 tum
1647 1611 1751 1643 colles
1786 1613 1932 1644 consitos
1963 1610 2057 1649 oleis,

1086 1655 1198 1696 spargi
1222 1665 1329 1685 rorem
1352 1655 1466 1696 inquit,
1489 1654 1574 1689 Quia
1596 1652 1774 1696 Physicum
1796 1654 1862 1686 hoc
1885 1662 1946 1693 est,
1969 1655 2057 1697 quod

1086 1696 1160 1738 plus
1185 1704 1235 1728 est
1260 1707 1420 1738 vaporum
1442 1698 1474 1728 in
1499 1696 1759 1738 Septemtrione,
1794 1704 1825 1729 et
1860 1697 1943 1730 locis
1967 1707 2057 1728 mon-

1088 1782 1239 1814 collibus.
1301 1783 1419 1814 Videte
1458 1784 1604 1824 picturas
1650 1784 1805 1814 montium
1851 1784 1882 1814 iu
1920 1782 2056 1815 tabulis:

1088 1826 1171 1861 Quia
1195 1825 1467 1868 Chorographica
1487 1825 1654 1857 illustrant
1677 1827 1778 1857 verba
1798 1825 1930 1858 thni.

1175 1869 1208 1899 ln
1243 1868 1306 1900 fine
1341 1869 1471 1900 additur
1503 1871 1597 1901 Ratio
1616 1873 1851 1909 proposition&
1881 1880 1977 1911 quam
2001 1868 2059 1900 ha-

1090 1919 1203 1943 etcnus
1227 1912 1356 1943 duabus
1381 1910 1658 1949 similitudinibus,
1682 1918 1832 1953 tanquam
1859 1912 2058 1943 ornamentis

1089 1955 1283 1997 quibusdam
1307 1953 1498 1985 illustravit:
1518 1955 1591 1986 ideo
1616 1955 1728 1996 inquit,
1756 1954 1942 1986 Concordia
1973 1956 2058 1986 bona

1089 2005 1155 2029 est:
1182 1999 1261 2035 Quia
1284 1999 1327 2029 ibi
1348 1999 1512 2029 mandarit
1527 2000 1614 2030 Deus
1637 1999 1884 2030 benecliclionem
1912 2002 1941 2029 et
1966 2002 2059 2029 tilam

1090 2044 1123 2072 in
1153 2045 1351 2081 perpetuum.
1416 2041 1553 2082 Sumpta
1593 2048 1642 2072 est
1678 2047 1785 2072 autem
1820 2040 1900 2072 haec
1935 2042 2017 2072 ratio
2041 2051 2059 2071 a

1089 2084 1309 2125 promissione
1334 2084 1452 2115 divina.

1177 2125 1418 2158 Adolesceutes
1453 2127 1583 2158 discant
1616 2125 1767 2168 phrasin:
1806 2126 1893 2158 Deus
1926 2128 2059 2158 dicendo

1090 2171 1198 2210 efficit,
1221 2170 1310 2200 iuxta
1332 2168 1426 2200 illud:
1449 2169 1555 2207 Dixit,
1578 2174 1611 2201 et
1627 2173 1720 2209 faeta
1742 2174 1823 2200 sunt.
1867 2168 1944 2200 Ideo
1967 2170 2058 2201 bene-

1063 2210 1067 2251 Ι
1090 2215 1186 2245 dictio
1210 2211 1370 2251 significat
1394 2211 1569 2254 aliquando
1584 2213 1763 2244 ubertatem
1783 2212 1935 2243 divinitus
1959 2213 2059 2243 dona—

1063 2255 1067 2300 }
1090 2262 1167 2287 tam.
1213 2255 1273 2286 Hic
1296 2254 1460 2296 significat
1482 2256 1579 2286 etiam
1608 2254 1723 2286 felices
1746 2264 1941 2292 successus,
1976 2264 2060 2296 quos

1091 2298 1185 2330 Deus
1211 2299 1285 2339 ipse
1313 2299 1456 2329 adiuvat.
1502 2298 1558 2329 Sic
1580 2304 1611 2329 et
1634 2299 1737 2328 verbo
1760 2298 1933 2329 mandandi
1960 2298 2061 2339 utitur

1092 2341 1256 2372 Psalmus.
1302 2343 1391 2373 Deus
1412 2343 1551 2377 mandat,
1573 2341 1606 2371 id
1629 2346 1690 2377 est,
1715 2350 1775 2371 suo
1793 2341 1925 2371 decreto
1949 2339 2061 2378 efficit,

1092 2391 1126 2415 ut
1151 2384 1193 2415 ibi
1217 2384 1282 2415 sint
1305 2384 1412 2415 bonus
1435 2393 1613 2415 successus
1635 2390 1665 2414 et
1691 2384 1768 2421 vita,
1802 2382 1865 2414 hoc
1887 2389 1952 2420 est,
1986 2393 2059 2414 sua—

1093 2428 1143 2458 vis
1167 2428 1233 2458 vita
1256 2433 1286 2457 et
1310 2425 1445 2464 laetitia,
1475 2427 1505 2457 in
1533 2436 1597 2467 qua
1627 2426 1775 2456 invocari
1798 2425 1891 2458 Deus
1919 2433 1951 2457 et
1975 2425 2058 2457 cele-

1094 2471 1182 2501 brari
1206 2475 1332 2511 potest,
1367 2475 1397 2500 et
1420 2468 1552 2500 labores
1576 2467 1789 2499 conseruntur
1810 2470 1971 2510 promptis
1993 2469 2060 2500 ani-

1094 2513 1165 2544 mis.
1213 2512 1304 2543 Deus
1327 2518 1359 2543 et
1383 2512 1458 2542 dixi!
1482 2521 1542 2542 seu
1564 2511 1713 2552 promisit
1741 2521 1778 2542 se
1801 2509 1888 2543 velle
1911 2510 2060 2553 opitulari

1094 2554 1148 2587 tali
1173 2555 1291 2591 coetui,
1318 2555 1370 2585 ubi
1394 2561 1442 2585 est
1465 2554 1519 2595 pia
1553 2554 1749 2591 concordia,
1784 2561 1816 2586 et
1846 2564 1880 2585 re
1902 2555 1975 2595 ipsa
1997 2553 2061 2586 hoc

1094 2603 1250 2640 praestat.
1299 2597 1429 2628 Habitat
1452 2597 1507 2634 ibi,
1531 2597 1586 2627 dat
1608 2595 1709 2628 multa
1732 2597 1829 2628 bona.

1067 2658 1071 2670 .
1181 2640 1242 2671 Hic
1277 2641 1473 2670 observetur
1506 2639 1680 2670 discrimen
1710 2638 1869 2671 humanae
1892 2640 2061 2672 doctrinae
