2324 2958
159 182 219 215 751
790 178 897 212 Ptin..
919 178 1024 211 MEL.
1046 177 1230 211 SCRIPTA
1252 175 1514 210 EXEGETICA.
2095 180 2159 212 752

159 276 263 308 tinent
286 276 389 306 dicta:
434 273 653 312 Evanqelium,
687 276 732 303 est
761 274 960 302 ministerium
981 271 1128 311 Spiritus.

158 318 256 357 ltem,
291 318 361 348 Hoc
389 321 435 347 est
454 317 569 355 foedus
591 326 684 346 meum
707 326 773 346 cmn
795 317 855 345 eis:
889 316 1028 355 Spiritus
1050 324 1131 343 meus

157 363 212 402 qui
244 365 289 391 ost
322 362 354 389 in
385 364 430 395 te,
463 363 492 389 et
522 359 641 388 verbum
671 358 755 398 qnod
777 359 876 388 estin
901 368 953 388 ore
975 362 1046 391 tuo,
1069 366 1131 386 non

157 404 302 434 recedent
324 403 379 432 abs
401 406 445 436 tc.
469 411 564 442 neque
586 412 605 431 α
627 403 739 432 eemine
761 405 823 431 tuo.

244 445 477 488 Exprimuntur
499 450 606 476 nutem
629 443 682 475 hic
704 445 806 476 verba
829 441 980 475 formalia
1003 441 1130 473 institu-

158 490 256 521 tionis
285 488 471 520 ministeriit
504 487 593 517 Sic-ut
622 489 704 517 mixit
732 497 776 516 me
806 486 919 519 Pater,
953 487 1000 514 ita
1022 487 1051 513 et
1074 493 1132 522 eqo

157 534 246 562 nn'tto
268 542 340 568 vos3
373 537 422 569 et,
452 530 586 564 Quorum
608 531 788 560 remiseritis
807 531 956 568 peccata,
980 528 1132 556 remitten-

159 579 208 604 tur
241 576 295 605 eis.
357 572 478 605 Nullus
513 571 769 604 lurisconsultus
803 576 913 612 potest
945 569 1132 600 mandatum

159 617 420 660 procuratorium
444 615 570 647 meliori
594 615 699 647 forma
723 613 901 650 conficere,
923 622 1020 654 quam
1038 610 1132 642 Chri-

158 666 231 692 stus
254 669 381 691 summo
410 658 549 690 artificio
573 658 671 689 tradit
696 656 748 688 hic
771 655 920 687 formalia
943 654 1132 696 legationis.

159 703 195 734 ln
218 702 450 739 instructione,
474 701 605 743 quando
629 699 788 740 Princeps
811 704 867 730 aut
890 697 1052 729 Dominus
1076 695 1133 727 ali-

159 746 234 788 quis
256 745 353 776 mittit
381 743 526 787 legatum
556 753 628 775 cum
653 743 752 774 certis
782 741 960 778 mandatis,
994 739 1132 780 primum

160 788 346 820 nominatur
368 789 412 825 is,
435 797 454 818 a
478 797 542 828 quo
566 786 700 817 mittitur
723 784 871 826 legatus:
894 788 1012 824 postea
1035 782 1134 813 subii—

160 831 260 869 citur,
289 831 364 872 quid
389 837 558 871 praestare
583 829 699 860 debeat
722 826 863 868 legatus.
908 825 955 856 lta
979 823 1133 856 Christus

161 873 230 912 hic,
261 880 294 904 ut
325 874 458 915 sapiens
488 870 766 908 Iurisconsultus,
796 869 924 900 orditur
951 868 993 899 ab
1017 873 1133 899 autore

160 917 342 948 ministerii.

247 958 339 991 Sicut
371 956 520 989 Ecclesia
549 966 613 987 non
644 961 695 987 est
725 955 858 986 condita
879 952 1033 985 humanis
1056 962 1134 984 con-

162 1002 262 1039 siliis,
295 1002 354 1033 sed
382 1000 475 1032 Deus
506 1001 663 1030 immensa
692 998 837 1029 bonitate
866 996 944 1028 fecit
967 995 1135 1027 decretum

162 1044 376 1077 deliberando
406 1053 527 1086 genere
556 1042 697 1073 humano
725 1050 785 1082 per
809 1038 939 1071 Filium:
973 1038 1021 1070 lta
1044 1038 1135 1070 mini-

163 1088 315 1125 sterium,
338 1097 396 1128 per
420 1086 506 1127 quod
531 1083 695 1126 colligitur
718 1081 883 1121 Ecclesia,
902 1092 968 1113 non
992 1081 1135 1113 humano

163 1129 304 1163 consilio
338 1129 501 1161 conditum
541 1133 601 1158 est.
665 1127 732 1158 Sed
766 1124 868 1157 Filius
902 1124 965 1156 Dei
997 1125 1136 1165 primum

163 1174 285 1205 missus
309 1179 358 1204 est
381 1173 413 1203 in
438 1171 616 1206 paradiso,
647 1175 681 1200 ut
704 1167 868 1211 proferret
891 1177 1006 1198 vocem
1028 1166 1136 1197 Evan-

164 1215 240 1259 gelii
264 1226 303 1247 ex
327 1215 401 1246 sinu
419 1214 541 1245 aeterni
563 1212 681 1243 Patris.
726 1211 819 1242 Hanc
838 1220 954 1242 vocem
973 1219 1138 1241 commen·

164 1260 251 1291 davit
276 1257 446 1294 Patribus,
476 1254 694 1292 patriarchis,
726 1253 919 1295 Prophetis,
953 1258 985 1283 et
1013 1252 1138 1283 addidit

163 1301 308 1343 ingentia
329 1299 532 1335 testimonia,
557 1303 591 1328 ut
615 1303 782 1328 constaret
806 1296 1018 1327 ministerium
1042 1295 1137 1325 huius

163 1345 273 1381 vocis,
304 1343 514 1375 constitutum
545 1350 621 1371 esse
648 1341 825 1371 autoritate
856 1348 983 1369 summa
1012 1336 1137 1368 aeterni

164 1387 289 1418 Patris:
313 1392 365 1423 ut,
389 1385 494 1415 Adam
518 1383 653 1424 eripitur
676 1394 716 1413 ex
740 1386 862 1413 morte:
893 1379 1008 1411 Enoch
1031 1385 1137 1410 trans·

164 1430 266 1461 fertur
294 1429 325 1460 in
356 1426 499 1463 coelum3
534 1426 606 1456 Noe
636 1432 787 1456 servatur
814 1425 845 1454 in
876 1421 1014 1459 diluvi03
1048 1422 1136 1463 ignis

164 1474 206 1504 dc
229 1470 323 1503 coelo
347 1471 496 1503 accendit
524 1469 690 1499 victimas:
720 1467 823 1508 (quod
847 1466 1019 1506 Scriptura
1042 1465 1137 1495 dicit:

165 1516 326 1545 Odorem-t
347 1518 392 1543 cst
412 1513 562 1542 Dominm
581 1511 708 1541 odorem
729 1510 908 1547 suavitatis)
930 1508 1039 1540 factae
1061 1514 1138 1538 sunt

163 1558 437 1591 resuscitationes
459 1562 672 1586 mortuorum.

251 1600 340 1632 Haec
375 1606 407 1631 et
441 1597 558 1629 similia
590 1594 746 1628 miracula
777 1594 906 1626 suerunt
941 1593 1137 1627 testimonia,

165 1644 254 1687 quod
288 1642 499 1674 ministerium
534 1641 576 1671 sit
610 1640 764 1670 divinitus
798 1639 990 1668 institutum.
1048 1635 1137 1676 nlius

164 1687 333 1719 ministerii
361 1687 484 1726 ἔξαρχος
514 1682 571 1714 suit
602 1683 672 1724 ipse
696 1681 797 1712 Filius
821 1680 902 1718 Dei,
931 1686 963 1711 et
986 1679 1040 1711 hic
1061 1680 1138 1710 sub-

164 1731 240 1762 inde
270 1729 422 1761 excitavit
452 1728 624 1761 doctores,
658 1733 823 1766 tamquam
852 1723 1021 1754 ministros
1044 1732 1137 1753 suos:

166 1773 243 1805 ltleo
274 1772 350 1803 dicit
380 1771 442 1802 hoc
472 1769 547 1800 loco
578 1770 619 1799 ad
644 1766 843 1809 Apostolos:
877 1766 966 1795 Sicut
990 1767 1072 1794 misit
1095 1775 1139 1794 me

167 1816 281 1845 Pater.-
309 1816 354 1844 {tn
378 1825 435 1852 eqo
459 1815 547 1841 millo
571 1822 642 1841 vos:
674 1812 703 1841 ἰιΙ
733 1818 801 1847 est,
830 1820 893 1851 ego
916 1809 1025 1840 habeo
1049 1808 1139 1839 testi·

167 1859 276 1891 monia
299 1859 360 1889 mei
383 1855 562 1891 ministerii,
582 1855 629 1886 sie
649 1860 794 1885 vestrum
819 1852 1032 1883 ministerium
1054 1851 1139 1882 scia·

167 1903 208 1932 tis
232 1911 318 1941 opus
346 1910 421 1931 esse
449 1899 601 1929 divinum.

168 1945 208 1976 de
231 1943 364 1975 Christo
388 1942 535 1983 gloriose
560 1947 732 1979 regnante:
768 1938 866 1967 Dedit
895 1937 975 1966 altos
1005 1936 1140 1975 Prophe-

170 1992 235 2022 tas,
261 1986 339 2015 nlius
364 1986 544 2024 Apostolus,
569 1983 649 2011 ulios
672 1981 898 2020 lirwhyelistns.
923 1979 1005 2009 alias
1027 1979 1140 2008 Pasto-

168 2041 231 2063 ηε,
256 2030 335 2059 alios
359 2029 522 2057 Doctores.

169 2117 293 2147 tutione
322 2114 504 2149 ministerii,
539 2112 626 2152 quod
660 2109 809 2141 videliet-t
833 2108 998 2150 allegatur
1021 2108 1141 2138 autori-

169 2167 221 2190 tas
253 2167 399 2189 summae
433 2164 614 2196 person-ie,
649 2163 733 2195 qnae
762 2160 808 2182 est
835 2159 930 2181 autor
954 2150 1142 2184 ministerii:

170 2204 253 2233 sicut
277 2201 308 2232 in
333 2199 494 2230 mandatis
518 2203 647 2237 oportet
671 2194 806 2235 allegari
832 2204 1025 2235 personam,
1056 2203 1140 2233 qua-3
1167 2220 1169 2222 .

171 2245 287 2275 lrabeat
323 2242 563 2273 anctoritatem:
598 2240 671 2280 quia
708 2249 772 2269 non
803 2245 936 2278 paretur
967 2236 1140 2276 peregrino
1166 2235 1168 2258 ι’

170 2286 312 2318 Domino
337 2287 385 2316 ius
409 2279 538 2314 dicenti.

256 2328 338 2360 Hinc
363 2337 442 2358 vero
471 2326 617 2367 sequitur
641 2322 826 2355 con-nlntio
850 2323 890 2352 ‹le
915 2320 1062 2352 efficacia
1086 2321 1143 2351 mi-

172 2373 297 2404 nisterii
324 2369 509 2409 Evangelii.-
539 2368 679 2399 assirmat
714 2365 811 2397 Filius
837 2364 897 2396 Dei
922 2376 959 2395 se
983 2363 1053 2394 sore
1076 2362 1142 2393 vni-

172 2425 284 2446 cacem
309 2415 338 2444 in
364 2412 554 2446 ministr-rio,
576 2412 655 2441 sicut
684 2409 780 2440 Pater
803 2419 862 2450 per
885 2409 990 2449 ipsum
1015 2407 1071 2437 suit
1098 2405 1143 2436 cs-

174 2459 272 2489 flcax:
307 2459 394 2485 Sir-nt
419 2457 499 2484 misit
523 2465 568 2482 mo·
592 2453 702 2485 l’ntrr.
734 2450 858 2482 scilicet
884 2462 955 2482 cum
980 2450 1142 2480 efficacia:

172 2504 218 2529 itu
253 2511 308 2538 eqo
343 2501 430 2527 nu'uo
465 2509 531 2526 rm:
565 2497 595 2527 id
630 2504 696 2533 cet,
733 2494 809 2525 volo
839 2505 914 2525 esse
944 2492 1061 2524 effic-ax
1087 2490 1170 2532 pcr'

175 2545 309 2574 terbum
345 2550 373 2570 ct
411 2541 621 2571 ministerium
658 2546 818 2569 vestrum:
859 2537 955 2569 ltu-m.
994 2537 1143 2567 Servabo

175 2586 385 2617 ministerium
418 2590 581 2616 vostrum,
615 2583 719 2612 donc-v
751 2587 896 2611 revertar
919 2580 959 2610 ad
984 2579 1133 2609 iudicium

1169 2575 1171 2581 ’
1197 2587 1244 2609 onst
1272 2581 1430 2607 ‘'omnm-e
1454 2579 1607 2607 (Vn-istum
1637 2579 1745 2617 spinis.

174 2628 298 2660 Tribuit
319 2628 380 2658 sibi
401 2628 541 2657 divinam
561 2625 737 2667 potentiam
759 2635 831 2656 cum
851 2623 966 2657 l’atre;
985 2629 1015 2653 ct
1035 2628 1145 2652 osten-
1169 2600 1173 2655 i

1184 271 1231 302 dit
1261 270 1472 302 ministerium
1501 281 1568 303 non
1596 279 1676 302 esse
1701 271 1798 304 inane
1825 280 1990 311 murmur,
2022 278 2055 304 et
2078 281 2158 305 nun-

1183 322 1281 354 quam
1304 312 1433 353 penitus
1455 323 1609 345 eversum
1631 314 1671 345 iri
1693 314 1725 345 in
1747 314 1880 346 mundo.

1269 354 1416 388 Pertinet
1447 362 1556 388 autern
1593 356 1678 389 haec
1712 356 1899 389 consolatio
1932 367 1997 389 non
2031 364 2158 390 tantum

1183 398 1225 429 ad
1249 397 1437 437 Doctores,
1459 399 1519 430 sed
1543 399 1641 430 etiam
1663 399 1706 430 ad
1730 399 1906 432 auditores.
1951 399 2092 436 Quando
2111 400 2158 433 le·

1183 441 1255 514 {is-3
1277 439 1331 472 vel
1353 441 1462 480 audis,
1484 440 1538 473 vel
1561 442 1661 474 discis
1683 440 1910 485 Evangelium,
1932 444 2020 474 scias
2042 442 2158 475 Filium

1218 493 1247 515 ei
1269 493 1349 515 vere
1371 483 1459 516 velle
1481 483 1653 517 efficacem
1676 494 1753 516 esse
1770 486 1802 517 in
1822 486 1924 518 corde
1942 491 2009 517 tuo.
2054 486 2158 518 Ames

1183 526 1283 568 igitur
1304 527 1535 565 ministerium,
1558 528 1745 566 venereris,
1773 534 1805 559 et
1827 529 1943 560 audias
1966 537 2082 560 vocem
2103 538 2159 560 so·

1184 574 1317 600 nantem
1339 569 1372 600 in
1394 570 1586 601 ministerio.
1632 570 1722 602 Haec
1744 571 1890 602 sciamus
1911 572 1961 602 sin
2011 570 2051 610 li,
2079 580 2159 603 vere

1184 611 1271 642 hanc
1304 620 1383 642 esse
1409 611 1611 644 voluntatem
1641 612 1722 653 Dei,
1755 611 1915 656 colligere
1937 614 1972 646 Fi
1988 614 2018 645 io
2043 613 2158 646 Eccle-

1184 654 1266 685 siam
1289 662 1350 694 per
1371 655 1602 693 ministerium,
1637 662 1669 687 et
1692 654 1780 688 velle
1802 655 1927 694 Deum,
1956 663 1992 688 ut
2014 657 2158 688 ministe-

1184 696 1267 727 rium
1301 702 1452 728 servetur
1479 698 1512 729 in
1542 708 1666 740 genere
1688 698 1848 737 humano,
1883 705 1915 730 et
1937 705 1973 730 ut
1994 700 2157 738 audiatur,

1185 743 1218 770 et
1239 737 1361 781 singuli
1384 739 1449 770 fide
1471 747 1656 773 sustentent
1680 742 1783 773 corda
1812 741 1900 773 iuxta
1927 751 2045 773 vocem
2067 742 2158 773 mini-

1185 781 1285 812 sterii.
1331 781 1478 814 Sciamus
1501 783 1551 814 sic
1574 793 1654 815 vere
1675 784 1783 816 Deum
1804 785 1962 826 agnosci,
1987 791 2018 815 et
2042 793 2158 826 appre-

1185 824 1303 862 hendi,
1326 824 1457 865 quando
1480 825 1629 857 audimus
1652 836 1770 858 vocem
1793 827 1980 864 ministerii,
2016 832 2048 858 et
2069 826 2158 868 quod

1185 866 1279 898 Deus
1302 866 1478 898 instituerit
1498 867 1587 900 hunc
1609 870 1761 907 modum,
1784 879 1850 912 quo
1873 870 1928 901 det
1950 870 2047 901 nobis
2071 870 2159 901 bona

1186 915 1321 941 aeterna
1343 919 1404 950 per
1426 909 1650 942 ministerium.

1274 952 1395 983 Postea
1416 953 1703 985 accommodemus
1725 953 1809 986 haec
1833 955 1948 986 verba:
1970 954 2059 984 Sicut
2077 956 2159 984 reuisit

1187 1005 1233 1024 me
1254 994 1354 1024 Pater
1375 1004 1473 1029 meus,
1502 997 1549 1025 ita
1571 1006 1628 1035 eyo
1651 997 1739 1026 mitto
1761 1007 1829 1026 vos:
1863 997 1962 1028 etiam
1985 998 2028 1028 ad
2050 995 2159 1028 decla·

1187 1038 1348 1069 rationem
1375 1039 1455 1070 certi
1484 1038 1640 1069 mandati.
1695 1038 1865 1071 Discernit
1893 1038 2046 1070 Christus
2069 1039 2161 1070 mini·

1187 1081 1322 1112 sterium
1346 1091 1365 1112 a
1389 1090 1491 1122 regno
1513 1079 1661 1122 politico.
1712 1081 1807 1113 Sicut
1828 1082 1900 1123 ipse
1921 1091 1989 1112 nou
2012 1088 2063 1112 est
2085 1082 2162 1112 mis-

1189 1133 1248 1155 sus
1277 1123 1319 1154 ad
1348 1133 1486 1165 regnum
1509 1123 1696 1164 politicum,
1725 1125 1770 1155 ita
1791 1134 1857 1155 non
1881 1123 1951 1156 vult
1976 1122 2159 1165 Apostolos

1188 1172 1362 1207 praetextu
1395 1166 1561 1197 ministerii
1595 1166 1741 1207 arripere
1773 1176 1886 1209 regna.
1943 1165 1984 1197 Et
2017 1165 2162 1208 loquitur

1190 1209 1243 1240 hic
1258 1207 1411 1240 Christus
1430 1209 1471 1239 de
1490 1217 1540 1246 se,
1563 1215 1728 1250 tamquam
1751 1210 1792 1241 de
1816 1209 2061 1241 concionatore.
2106 1209 2162 1241 Ait

1189 1252 1274 1283 enim
1298 1251 1351 1282 hic
1373 1251 1414 1282 de
1433 1252 1589 1282 missione
1605 1253 1646 1282 ad
1665 1252 1920 1292 praedicandum
1933 1251 2161 1283 Emnoeenum.

1275 1293 1408 1335 Alioqui
1427 1294 1527 1325 habet
1542 1293 1646 1325 Pilius
1663 1295 1826 1336 propriam
1843 1295 2007 1336 quandam
2038 1295 2162 1326 unctio-

1190 1346 1264 1368 nem
1287 1337 1328 1368 de
1350 1347 1416 1378 qua
1436 1336 1492 1368 hic
1515 1346 1591 1367 non-
1603 1335 1757 1378 loquitur.
1802 1337 1885 1368 Nam
1903 1336 2005 1368 Filius
2023 1336 2085 1368 Dei
2108 1347 2162 1367 so·

1189 1377 1242 1410 lus
1266 1385 1317 1410 est
1342 1379 1473 1410 victima
1496 1384 1528 1409 et
1549 1377 1722 1417 Salvator,
1751 1379 1780 1410 A
1807 1378 1906 1410 ostoli
1929 1389 1995 1410 non
2017 1385 2095 1410 sunt
2116 1379 2163 1410 vi·

1191 1422 1287 1453 etima
1311 1427 1343 1453 et
1365 1419 1564 1453 salvatores.
1609 1420 1661 1452 De
1680 1421 1752 1452 solo
1803 1420 1907 1453 liriato
1927 1422 2059 1453 dicitur:
2081 1421 2164 1451 Ecce

1191 1474 1289 1504 aquus
1310 1464 1388 1497 Dei,
1410 1465 1464 1504 qui
1486 1463 1571 1494 tollit
1590 1469 1724 1503 peccata
1746 1465 1862 1495 mundi.
1907 1464 2005 1502 ltem,
2027 1463 2081 1494 Ea·
2098 1464 2164 1504 ph*

1190 1507 1331 1537 nittuline
1352 1509 1418 1537 eius
1441 1518 1541 1537 onmes
1558 1509 1740 1546 accepimus.
1785 1507 1857 1540 Hoc
1876 1508 2051 1539 discrimen
2068 1517 2164 1549 prae-

1191 1551 1331 1592 supponi
1354 1551 1470 1588 debet,
1498 1557 1532 1581 ut
1556 1558 1708 1582 servetur
1731 1549 1813 1582 Filio
1836 1560 1898 1582 sua
1919 1550 2165 1592 praerogativa,

1192 1595 1279 1635 quod
1302 1594 1373 1635 ipse
1396 1592 1489 1624 solus
1512 1594 1554 1624 sit
1577 1594 1789 1635 propitiator,
1819 1592 2018 1630 vivificator,
2042 1600 2073 1624 et
2097 1591 2164 1624 sal·

1190 1643 1294 1668 vator.
1342 1636 1503 1678 Loquitur
1526 1643 1631 1667 autem
1657 1635 1709 1667 hic
1731 1636 1773 1668 de
1795 1636 1952 1667 missione
1975 1636 2018 1666 ad
2041 1636 2165 1676 praedi-

1191 1680 1343 1718 candum,
1367 1680 1407 1711 de
1430 1689 1495 1721 qua
1519 1679 1637 1710 dicitur
1659 1679 1746 1721 apud
1766 1678 1914 1710 Esaiam:
1937 1679 2076 1717 Spiritus
2099 1677 2164 1708 Do-

1191 1724 1265 1752 mini
1287 1733 1379 1761 super
1401 1733 1456 1755 me,
1480 1726 1512 1751 ut
1531 1723 1704 1751 annuntiem
1723 1722 1852 1759 afflictis
1869 1721 2081 1759 Eccmyelitem,
2100 1727 2164 1752 etc.

1278 1765 1375 1800 Quod
1409 1775 1491 1807 ergo
1524 1765 1568 1795 ad
1597 1763 1663 1795 hoc
1685 1765 1898 1795 ministerium
1921 1765 2051 1801 attinet,
2086 1764 2165 1795 dicit

1191 1818 1228 1839 se
1263 1809 1390 1839 mittere
1426 1805 1608 1848 Apostolos
1641 1806 1791 1838 similiter
1823 1807 1865 1837 ad
1899 1807 2164 1847 praedicandum.

1192 1851 1257 1882 Dat
1287 1851 1384 1892 igitur
1417 1851 1465 1881 eis
1497 1850 1704 1887 mandatum,
1738 1855 1771 1880 ut
1794 1857 1912 1880 sonent
1936 1848 2165 1891 Evangelium,

661 1897 747 1927 idem
779 1893 900 1926 Paulus
924 1900 1038 1935 postea
1064 1894 1140 1924 dicit
1165 1890 1168 1938 ι
1192 1894 1278 1924 sicut
1301 1892 1383 1924 alias
1406 1893 1500 1923 dicit:
1528 1895 1574 1924 la·
1601 1896 1630 1922 et
1658 1892 1844 1931 praedicate
1866 1891 2067 1931 Ewnydimn
2084 1902 2163 1921 mm

1166 1944 1168 1979 ξ
1193 1940 1362 1965 creaturae.

1166 1994 1168 2013 ι
1193 1981 1289 2010 εῖτ-ηις
1314 1986 1347 2010 ut
1371 1980 1534 2015 sciamus,
1559 1977 1740 2019 Apostolos
1770 1984 1801 2009 et
1824 1985 1975 2009 caeteros
1999 1977 2164 2008 Doctores

1167 2025 1260 2053 {non
1295 2022 1374 2052 mitti
1409 2022 1450 2052 ad
1481 2021 1712 2052 constituenda
1741 2021 1892 2061 imperia,
1926 2031 1991 2051 non
2022 2021 2102 2051 mitti
2130 2026 2164 2051 ut

255 2072 325 2104 Hoc
357 2072 454 2110 igitur
483 2070 619 2111 prinnini
644 2067 870 2099 cont-idet‘ctur
894 2065 962 2102 hic,
998 2066 1028 2095 it:
1054 2064 1140 2095 insti-
1167 2069 1169 2075 ¹

1418 1935 1603 1978 Diligenter
1633 1945 1713 1977 ergo
1745 1935 1975 1966 consideretur
2005 1933 2165 1976 particula

1195 2065 1317 2106 Rege&
1341 2075 1404 2095 non
1430 2071 1462 2095 ut
1487 2064 1596 2094 mnndi
1621 2063 1803 2104 Principes,
1828 2064 1887 2094 sed
1911 2070 1943 2094 ut
1967 2070 2086 2093 sonent
2108 2073 2166 2094 vo-

1167 2108 1169 2113 '
1194 2118 1265 2139 cem
1289 2106 1479 2149 Evangelii,
1509 2114 1538 2137 ct
1567 2108 1732 2147 patiantur
1762 2113 1896 2148 propter
1919 2105 2165 2137 consessionem

1194 2151 1374 2182 doctrinae.
2142 2172 2144 2174 ,

1281 2193 1352 2223 Non
1387 2193 1569 2224 debuerunt
1596 2203 1679 2234 ergo
1710 2190 1863 2233 Apostoli
1894 2191 2016 2222 habere
2039 2191 2166 2222 exerei-

1193 2244 1263 2267 tusz
1287 2246 1352 2267 non
1377 2242 1544 2277 praetextu
1573 2236 1760 2268 doctrinae.
1791 2235 1974 2265 debuerunt
1999 2243 2167 2274 occupare

1194 2290 1315 2320 regna,
1350 2280 1434 2310 siem
1469 2285 1698 2309 assentatores
1735 2277 1930 2308 Pontificum
1951 2277 2166 2318 scripserunt,

1196 2322 1326 2353 Petrum
1351 2329 1381 2352 ct
1406 2323 1501 2353 innius
1520 2331 1737 2352 succe-osores
1757 2321 1878 2351 habere
1898 2330 2056 2350 sunnnum
2075 2329 2166 2349 man-

1196 2366 1304 2396 datnm
1329 2365 1485 2401 «incendi,
1514 2371 1545 2395 et
1567 2374 1725 2395 sumniam
1749 2363 1974 2394 auctoritatem
1995 2361 2166 2393 ordinandi

1195 2419 1311 2449 regnat
1344 2408 1482 2449 ideoque
1518 2418 1589 2437 cnm
1621 2417 1755 2447 regnum
1785 2405 1915 2447 aliquod
1940 2413 1989 2435 est
2015 2414 2168 2441 vacuum.

1196 2452 1305 2482 dicunt
1331 2461 1490 2482 suanorum
1511 2449 1702 2481 Pontificem
1727 2448 1851 2480 habere
1873 2449 1922 2479 ius
1947 2447 2167 2479 constituendi

1197 2493 1338 2533 Regu-m.
1363 2505 1459 2535 quem
1483 2494 1554 2535 ipse
1580 2491 1667 2523 velit.
1719 2491 1778 2522 nic
1802 2498 1852 2522 est
1875 2501 2015 2532 magnus
2040 2497 2071 2521 et
2095 2499 2168 2531 per·

1197 2539 1341 2567 nicio-ms
1365 2547 1477 2568 error.
1506 2543 1537 2567 ct
1561 2542 1678 2566 tetrum
1702 2534 1923 2568 menducium:
1946 2540 1977 2563 et
2001 2532 2065 2564 hoc
2088 2542 2168 2563 vere

1803 2577 1840 2607 Et
1865 2584 1970 2607 tamen
1995 2585 2097 2616 saepe
2113 2585 2167 2606 au-

1198 2623 1380 2663 perioribus
1405 2621 1548 2653 saeculis
1573 2622 1645 2653 ausi
1670 2627 1745 2652 sunt
1766 2619 1945 2651 Pontifices
1968 2619 2112 2649 adimere
2135 2624 2169 2647 et
