2324 2958
60 174 118 206 361

60 267 138 303 κίδες
156 270 405 306 categoria-repas.
451 265 561 296 Utitur
589 263 653 295 hoc
680 264 768 296 dicto
791 265 1034 303 Nazianzenus.

61 311 114 354 qui
135 314 167 340 et
187 308 260 349 ipse
281 318 446 339 excussus
469 313 521 338 est
543 318 583 338 ex
606 307 821 348 Episcopatu.

141 350 217 382 Fuit
238 351 370 392 quidam
393 350 574 386 Maximus,
599 349 749 387 stoicus,
773 360 870 391 quem
894 351 1034 382 Nazian-

60 403 158 428 zenus
187 393 275 425 flexit
309 394 351 424 ad
386 394 608 434 recipiendam
637 393 819 424 doctrinam
851 392 1033 425 Ecclesiae.

61 437 179 469 Postea
213 447 287 467 eum
317 437 443 474 evexit,
478 443 513 468 ut
542 436 635 467 fieret
664 435 771 467 lector
799 435 1032 478 Theologicus.

57 479 122 512 Sed
146 489 219 510 cum
244 478 299 510 ille
322 480 496 517 crevisset,
521 477 690 520 profectus
714 484 765 510 est
783 477 1031 517 Alexandriam,

57 528 89 554 et
111 522 205 563 periit
228 522 464 563 Episcopatum
490 528 521 553 et
544 523 736 563 impetravit.
784 522 894 553 Lectis
919 521 1034 560 literis,

54 563 157 597 voluit
187 565 305 596 cedere
332 565 571 596 Nazianzenus.
617 565 799 605 Imperator
824 564 1033 597 Theodosius

53 617 90 639 re
113 609 245 649 cognita
268 618 368 650 aegre
388 607 474 639 tulit:
499 607 601 640 voluit
619 608 761 639 retinere
775 608 1033 640 Nazianzenum.

52 651 118 681 Sed
141 649 245 682 noluit
267 651 498 682 Nazianzenus
528 661 678 689 manere,
706 658 739 682 et
767 652 861 682 dixit:
899 651 939 683 Si
967 653 1032 683 rita

51 704 121 725 mea
143 698 329 731 acmtsatnr,
354 704 437 735 quae
459 698 505 725 est
529 694 671 725 omnibus
689 699 780 731 nota,
804 694 882 725 niln'l
900 704 1032 735 respon-

51 737 138 768 debo.
185 736 244 767 Sin
267 747 404 768 accusor
425 738 465 768 de
488 738 657 774 doctrina,
683 738 892 778 respondebo.
940 737 1030 768 Haec

52 778 201 820 exempla
225 781 493 817 consideremus,
522 787 552 811 et
577 780 628 811 his
652 780 904 812 commonefacti
930 781 1032 821 repri-

50 832 178 853 mamus
202 833 280 861 nos,
309 834 371 854 nec
401 824 509 854 statim
539 833 715 865 sequamur
743 834 860 855 omnes
891 825 1030 864 impetus

50 865 242 897 animorum.
277 866 390 907 Scipio
413 865 528 897 solitus
554 873 603 898 est
626 867 752 897 dicere:
788 866 959 907 Nunquam
982 866 1030 896 da·-

50 909 228 939 mirandum
258 919 342 946 esse,
373 910 438 940 nisi
465 920 532 939 cum
561 911 603 940 sit
633 911 856 940 necessarium.
902 909 942 939 Et
970 909 1029 940 fuit

50 956 159 982 tamen
182 951 360 992 praeliator
384 952 485 983 multo
510 951 627 983 melior
647 959 677 983 ct
699 951 826 989 fortior,
850 963 948 995 quam
967 962 1029 983 nos

50 1003 127 1025 esse
150 1004 339 1035 possumus.

136 1037 305 1079 Episcopo
341 1048 422 1069 sene
456 1045 586 1069 mortuo
620 1038 764 1069 Basilius
799 1038 963 1070 successit
997 1038 1030 1068 in

48 1079 263 1122 Episcopatu.
309 1082 375 1112 Sed
395 1080 450 1112 fuit
472 1087 600 1121 tempus
617 1080 695 1112 illud
717 1082 822 1119 triste,
841 1091 881 1112 ac
899 1081 1030 1111 minime

48 1123 270 1164 tranquillum.
316 1124 417 1155 Erant
451 1130 517 1154 tum
549 1124 765 1165 Imperatores
801 1125 865 1155 duo
894 1122 1028 1161 fratres,

49 1165 303 1198 Valentinianus
327 1174 360 1198 et
384 1166 520 1198 Valens.
564 1166 817 1198 Valentinianus
845 1177 912 1197 non
941 1165 1030 1198 defe-

51 1209 93 1239 cit
114 1219 134 1239 a
157 1220 236 1240 vera
260 1210 420 1241 doctrina.
466 1210 533 1241 Sed
557 1208 682 1241 Valens
707 1210 841 1241 ‹lessexit
869 1210 912 1241 ad
935 1210 1029 1241 Aria-

21 1262 25 1263 ’
49 1262 122 1283 nos.
164 1252 194 1283 {s
218 1252 402 1294 Episcopos
426 1259 517 1284 recte
541 1254 722 1284 sentientes
745 1255 869 1294 passim
892 1254 1029 1284 sedibus

50 1296 119 1326 suis
142 1294 299 1337 pellebat,
325 1303 355 1327 et
380 1295 503 1327 Basilio
527 1295 668 1327 infestus
692 1303 772 1328 erat.
820 1296 933 1327 Potest
958 1297 1028 1327 eius

50 1337 228 1370 crudelitas
255 1340 421 1370 aestimari
447 1338 501 1370 vel
530 1349 570 1370 ex
600 1340 664 1370 hoc
693 1350 758 1371 uno
786 1340 886 1371 facto.
932 1338 1029 1379 Cepit

49 1382 220 1423 octoginta
243 1381 449 1413 orthodoxos
472 1383 690 1423 presbyteros
715 1383 854 1413 diversis
880 1392 922 1413 ex
946 1381 1028 1413 locis

49 1424 91 1454 ad
114 1434 188 1454 eum
210 1425 345 1462 missos,
367 1431 401 1455 ut
426 1423 595 1466 supplices
614 1424 744 1456 libellos
764 1425 937 1456 offerrent:
961 1424 1029 1455 Eos

49 1464 203 1508 alligatos
225 1469 383 1504 navibus,
413 1474 443 1498 et
473 1469 505 1498 in
529 1468 670 1499 medium
694 1478 783 1499 mare
807 1467 937 1499 delatos
963 1468 1028 1499 ius-

47 1509 90 1539 sit
114 1511 252 1541 cremari
275 1511 396 1541 iniecto
419 1511 486 1552 igni
509 1520 568 1552 per
592 1518 723 1548 nautas,
748 1512 801 1552 qni
825 1521 865 1541 ex
885 1511 1028 1542 navibus

48 1552 306 1591 descenderant,
341 1554 372 1583 in
403 1555 521 1594 quibus
553 1552 596 1583 illi
628 1561 730 1585 erant.
777 1554 871 1585 Hanc
902 1554 1027 1585 rabiem

47 1593 256 1635 imperatoris
280 1595 374 1626 Deus
397 1595 483 1627 fame
507 1603 538 1627 et
564 1595 660 1627 bellis
684 1597 826 1638 punivit:
858 1597 891 1627 ln
912 1595 1027 1627 Eccle-

46 1637 105 1668 siis
129 1648 210 1669 vero
234 1638 440 1669 miserabiles
466 1638 718 1670 dilacerationes
743 1639 884 1671 suerunt.

133 1680 203 1711 Has
225 1681 377 1722 publicas
401 1683 552 1713 miserias
577 1682 720 1713 Basilius
750 1682 893 1714 leniebat
917 1684 1027 1713 dome-

46 1724 129 1754 stica
153 1725 331 1755 concordia
352 1735 432 1756 suae
448 1724 635 1763 Ecclesiae,
658 1736 756 1767 quam
776 1726 1027 1767 quibuscunque

45 1773 172 1807 poterat
196 1767 315 1798 officiis
338 1770 500 1799 tuebatur.
547 1768 710 1800 Annonae
734 1770 856 1800 caritas
880 1775 914 1799 ut
937 1767 1027 1799 laxa·

46 1816 138 1841 retur
167 1810 254 1851 apud
285 1820 366 1841 suos
399 1809 553 1852 perfecit.
588 1814 707 1852 partim
741 1812 818 1853 quia
851 1812 1026 1843 autoritate

47 1862 108 1884 sua
141 1851 326 1894 locupletes
355 1855 535 1895 permovit,
570 1862 604 1886 ut
638 1854 836 1886 frumentum
869 1855 1027 1889 mediocri

46 1896 150 1936 pretio
175 1896 366 1935 venderent,
389 1898 505 1937 partim
529 1898 604 1939 quia
627 1909 666 1929 ex
691 1899 820 1929 aerario
840 1897 1026 1935 Ecclesiae,

46 1945 78 1969 et
103 1940 244 1970 venditis
269 1940 409 1980 propriis
433 1940 592 1980 praediis,
624 1951 719 1981 opem
743 1940 816 1973 tulit
840 1942 1026 1983 egentibus·

133 1981 216 2013 Cum
240 1981 382 2013 Valente
410 1991 517 2014 autem
547 1983 746 2024 imperatore
773 1992 802 2015 et
834 1985 906 2015 eius
936 1985 1026 2015 mini·

45 2025 124 2056 stris
147 2023 279 2056 fuerunt
302 2024 428 2057 Basilio
452 2024 574 2057 multae
602 2033 633 2058 et
661 2037 758 2058 acres
783 2027 1025 2064 contentiones,

46 2067 77 2097 in
102 2069 220 2109 quibus
245 2075 463 2110 conspectum
487 2069 549 2100 fuit
578 2071 680 2101 robur
706 2071 802 2101 animi
833 2071 864 2101 in
890 2069 1025 2101 Basilio.

47 2117 79 2141 et
103 2112 290 2143 constantia
313 2112 346 2142 in
369 2112 497 2142 edenda
521 2111 741 2144 confessione.

134 2154 267 2185 lubebat
297 2165 370 2186 euin
396 2153 539 2193 Valens,
567 2156 622 2197 qni
650 2157 722 2197 ipse
746 2156 946 2188 Caesaream
970 2166 1025 2186 ve·

46 2203 150 2235 nerat,
175 2198 327 2229 assentiri
348 2198 493 2235 Arianis,
516 2204 547 2229 et
566 2199 627 2230 nisi
647 2200 902 2241 obtemperaret,
927 2199 1024 2230 exilia

45 2245 76 2270 et
99 2238 262 2281 supplicia
294 2241 321 2271 ei
349 2250 408 2280 per
430 2241 619 2281 praefectos
642 2243 837 2275 minabatur.
883 2242 949 2273 Sed
973 2252 1024 2273 re-

43 2284 176 2324 spondit
198 2282 361 2314 Basilius:
398 2283 517 2315 meris
538 2285 597 2316 illa
618 2286 883 2317 terwczdmnema
901 2295 1024 2326 propo-

42 2327 149 2358 amula
172 2336 249 2357 esse.
295 2326 368 2358 Sibi
386 2328 486 2358 ritum
514 2329 601 2368 eripi
623 2338 737 2368 posse,
765 2330 822 2360 sed
849 2328 1022 2368 confeci-io-

41 2377 112 2400 nem
132 2370 284 2401 veritatis
305 2371 393 2411 eripi
412 2380 474 2401 ποπ
494 2380 600 2411 posse.

129 2411 224 2444 Deus
243 2414 341 2444 etiam
359 2411 469 2445 multis
488 2412 656 2446 miraculis
675 2424 748 2446 eum
767 2414 924 2446 defendit.
958 2413 1024 2446 Ali-

43 2455 98 2496 qui
122 2465 163 2487 ex
186 2455 394 2497 imperatoris
417 2455 596 2497 praefectis
623 2458 729 2489 mirati
758 2457 846 2490 illius
870 2464 1024 2490 constan-

43 2498 138 2535 tiam,
173 2500 348 2540 aequiores
383 2500 446 2540 ipsi
481 2498 559 2531 facti
594 2506 680 2532 sunt.
725 2500 907 2543 Imperator
940 2501 1022 2543 ipse,

42 2549 117 2571 cum
139 2541 172 2571 in
196 2541 352 2583 templum
376 2543 523 2574 venisset
546 2544 661 2581 iratus,
685 2553 759 2575 cum
781 2550 907 2576 armato
925 2543 1025 2576 satel-

42 2581 130 2621 litio,
159 2589 194 2615 ut
221 2583 380 2616 Basiliam
408 2585 485 2616 inde
512 2586 711 2625 abduceret,
742 2597 816 2619 cum
842 2587 885 2618 ad
911 2597 1025 2619 sacer-

45 2625 157 2658 dotum
181 2627 280 2659 sedes
303 2629 518 2666 accessisset,
540 2630 650 2661 subita
669 2630 831 2673 vertigine
850 2637 1024 2671 correptus

745 171 960 203 POSTtLLA
984 171 1379 204 MELANTHONIANA.

1046 2025 1055 2672 —————--
1051 1895 1056 2013 -,..-

2003 175 2066 207 362

1089 271 1154 303 est,
1183 266 1228 296 ita
1256 272 1289 296 ut
1320 266 1382 297 nisi
1406 265 1547 298 Diaconi
1569 269 1709 309 proximi
1733 270 1883 300 manibus
1907 276 2065 311 exceptus

1087 314 1120 340 et
1142 314 1350 340 sustentatus
1374 307 1506 347 fuisset,
1535 309 1722 351 collapsus,
1751 311 1825 343 solo
1850 323 1971 354 corpus
1995 312 2064 343 alli-

1087 360 1160 382 sum
1193 350 1302 382 suerit.
1347 351 1506 383 Tremens
1537 354 1636 394 igitur
1665 360 1696 384 et
1726 356 1884 387 attonitus
1916 366 1955 386 ex
1986 363 2065 387 tem-

1086 392 1141 434 plo
1164 395 1196 425 in
1220 395 1401 426 sacrarium
1425 393 1554 426 delatus
1574 402 1637 434 est,
1661 398 1745 428 sicut
1764 397 1964 430 Heliodorus
1984 400 2065 429 sori-

1088 437 1173 468 bitur
1206 438 1315 468 subita
1349 439 1618 469 consternatione
1649 450 1831 480 oppressus
1863 451 1957 479 esse,
1993 453 2065 472 vum

1086 479 1241 520 templum
1266 479 1600 522 Hierosolymitanum
1623 481 1823 523 spoliaturus
1847 490 1946 515 esset.

1172 522 1300 554 Mutato
1323 530 1432 553 autem
1461 525 1557 555 animi
1587 526 1776 566 proposito,
1807 528 1939 558 vocavit
1962 527 2064 569 Impe-

1086 571 1177 596 rator
1199 567 1241 596 ad
1265 576 1302 597 se
1321 564 1492 604 Basilium,
1519 573 1551 598 et
1574 578 1646 598 cum
1671 578 1710 598 eo
1734 567 1931 605 collocutus,
1955 571 2064 602 mitius

1086 618 1123 638 se
1146 618 1227 650 erga
1252 619 1326 640 eum
1349 609 1501 640 affectum
1530 620 1607 641 esse
1635 612 1788 642 ostendit.
1835 613 1897 643 Sed
1921 623 1985 644 non
2011 614 2065 644 diu

1084 657 1162 691 post
1197 652 1350 683 incitatus
1384 653 1499 683 iterum
1528 663 1547 683 a
1581 652 1673 684 furiis
1704 653 1838 692 aulicis,
1873 656 1904 685 in
1935 655 2064 687 exilium

1086 695 1206 724 eiicere
1229 693 1386 726 Basilium
1411 696 1568 726 decrevit.
1614 696 1736 728 Vemm
1761 696 1814 727 hic
1837 708 1968 739 quoque
1991 710 2065 740 pro·
2105 720 2109 724 .

1086 737 1182 779 (ligiis
1213 738 1410 778 quibusdam
1439 739 1651 779 perterrituS,
1687 741 1883 772 sententiam
1917 742 2063 779 mutavit.

1086 781 1279 821 praesertim
1303 791 1376 811 cum
1400 779 1485 812 iilius
1509 782 1541 812 in
1564 780 1695 813 letalem
1714 784 1863 814 morbum
1884 784 2066 823 incidisset,

1086 823 1179 853 cuius
1203 821 1361 855 valetudo
1385 831 1536 855 recreata
1558 825 1629 863 fuit,
1653 827 1817 857 accersito
1842 826 1978 858 Basilio.

1170 865 1224 897 Ad
1248 873 1428 898 extremum
1451 866 1535 898 alius
1559 869 1689 909 quidam
1714 869 1904 909 praefectus
1923 869 2065 912 Impera-

1083 909 1182 946 toris,
1213 919 1280 939 non
1304 910 1412 940 solum
1440 911 1734 951 proscriptionem,
1763 913 1822 943 sed
1853 914 1949 944 etiam
1980 924 2065 945 mor-

1083 957 1147 981 tem
1171 950 1296 983 Basilio
1320 953 1503 984 intentavit.
1549 954 1615 985 Sed
1644 955 1687 985 ibi
1719 962 1901 996 conspecta
1929 962 1980 987 est
2012 957 2065 988 be-

1085 994 1273 1025 nevolentia
1296 994 1472 1027 Ecclesiae
1495 1007 1575 1038 erga
1597 997 1799 1039 Episcopum
1834 1009 1946 1037 suurn,
1980 999 2065 1035 Quia

1083 1037 1224 1068 maxima
1247 1048 1326 1078 pars
1351 1039 1470 1070 civium
1494 1049 1697 1072 concurrens
1721 1041 1883 1083 flagitavit
1907 1042 1969 1073 sibi
1992 1053 2065 1074 eum

1083 1080 1187 1111 reddi.
1234 1080 1346 1115 Quare
1379 1081 1554 1123 Tyrannus
1589 1089 1676 1114 metu
1711 1091 1870 1123 coactuS‚
1905 1084 2065 1117 Basilium

1083 1121 1238 1156 illaesum
1258 1124 1305 1154 eis
1328 1125 1481 1156 restituit.

1169 1165 1300 1197 Interim
1315 1167 1456 1206 Valens,
1481 1179 1554 1199 cum
1579 1168 1754 1201 infeliciter
1777 1171 1968 1202 dimicasset
1992 1182 2065 1202 cum

1083 1208 1215 1247 Gothis,
1238 1215 1271 1240 et
1293 1211 1325 1241 in
1348 1209 1427 1253 suga
1451 1212 1633 1244 abdidisset
1657 1223 1694 1244 se
1712 1214 1745 1244 in
1765 1223 1876 1245 casam
1895 1214 2065 1251 rusticam,

1082 1252 1126 1283 ibi
1150 1253 1345 1285 combustus
1367 1255 1480 1295 periit,
1513 1265 1593 1287 casa
1621 1267 1641 1287 a
1669 1257 1884 1298 sequentibus
1907 1256 2063 1289 militibus

1082 1296 1228 1326 incensa.
1275 1296 1336 1327 Hic
1360 1298 1466 1329 exitus
1490 1297 1551 1330 fuit
1574 1298 1742 1338 Valentis,
1770 1301 1824 1342 qui
1853 1301 1926 1341 pios
1950 1301 2064 1332 docto-

1082 1348 1138 1369 res
1161 1349 1202 1369 ex
1226 1338 1389 1371 Ecclesiis
1412 1342 1537 1381 passim
1568 1342 1727 1381 eiecerat,
1759 1349 1789 1373 ct
1817 1341 1882 1375 late
1905 1343 2064 1375 Arianum

1083 1382 1174 1413 virus
1188 1389 1368 1423 sparserat.
1393 1383 1519 1426 Estque
1539 1385 1671 1427 dignum
1685 1386 1961 1424 consideratione,
1976 1387 2064 1428 quod

1081 1425 1199 1455 modus
1223 1436 1352 1466 poenae
1377 1436 1450 1457 cum
1473 1428 1571 1459 modo
1602 1427 1711 1460 delicti
1742 1430 1873 1460 tandem
1902 1430 2067 1472 congruit.

1083 1466 1157 1507 lpse
1180 1468 1325 1499 iusserat
1349 1471 1495 1501 comburi
1519 1470 1561 1501 80
1588 1473 1805 1513 presbyteros
1830 1473 1967 1503 navibus
1993 1471 2065 1504 alli-

1083 1517 1191 1552 gatos.
1240 1510 1367 1542 Rursus
1391 1513 1490 1554 igitur
1513 1515 1544 1544 in
1571 1524 1668 1552 casa.
1700 1515 1731 1545 in
1762 1525 1858 1556 quani
1889 1525 1927 1547 se
1951 1514 2065 1547 occul-

1082 1559 1223 1593 taverat,
1245 1555 1458 1587 comburitur.

1170 1597 1249 1627 Post
1278 1599 1349 1629 eius
1379 1599 1543 1631 interitum
1578 1602 1609 1631 in
1640 1606 1708 1631 tota
1738 1601 1817 1631 Asia
1848 1602 1958 1642 vagati
1987 1608 2063 1633 sunt

1082 1640 1247 1670 exercitus
1273 1641 1456 1679 barbarici,
1485 1653 1624 1684 quorum
1655 1654 1745 1674 arma
1775 1644 1872 1675 etiam
1897 1643 2063 1676 Ecclesia-

1082 1693 1152 1713 rum
1183 1682 1467 1724 tranquillitatem,
1501 1685 1726 1727 disciplinam,
1755 1692 1786 1717 et
1817 1687 1924 1718 studia
1953 1689 2063 1721 turha—

1082 1732 1167 1756 runt.
1213 1726 1307 1761 Quae
1329 1736 1384 1758 res
1407 1727 1494 1758 haud
1518 1729 1617 1759 dubie
1639 1729 1804 1771 ingentem
1829 1728 1978 1761 dolorem
2000 1731 2064 1762 Ba-

1081 1768 1155 1799 silio
1184 1768 1301 1800 attulit.
1347 1770 1413 1801 Sed
1441 1770 1610 1812 aliquanto
1640 1778 1733 1812 post,
1765 1773 1928 1804 accersito
1956 1773 2063 1805 Theo-

1081 1812 1188 1849 dosio,
1211 1814 1356 1853 repressi
1381 1820 1458 1845 sunt
1482 1815 1625 1853 barbari,
1650 1821 1681 1846 et
1701 1814 1874 1847 Ecclesiae
1892 1817 2062 1848 restitutae

1081 1853 1222 1886 fuerunt.
1269 1854 1364 1887 Bella
1393 1863 1518 1896 tamen,
1552 1858 1766 1890 mutationum
1796 1860 2002 1901 quarundam
2030 1860 2062 1890 in

1080 1898 1298 1938 praefecturis
1321 1901 1532 1932 occasionem
1556 1902 1794 1941 praebuerant,
1822 1903 1890 1941 sic,
1919 1909 1953 1934 ut
1977 1902 2062 1944 Cap-

1081 1941 1219 1981 padocia
1253 1942 1283 1972 in
1318 1943 1401 1974 duas
1431 1944 1640 1985 provinciaS,
1674 1952 1705 1976 et
1741 1946 1823 1976 duas
1858 1945 2062 1987 metropoles

1080 1985 1352 2021 distribueretur,
1374 1992 1406 2017 et
1430 1985 1532 2018 multa
1554 1997 1596 2018 ex
1621 1988 1734 2028 priori,
1758 1998 1865 2019 novae
1888 1987 2062 2030 metropoli

1079 2028 1345 2069 adiungerentur.
1393 2028 1471 2060 lnde
1495 2030 1585 2061 rixae
1608 2030 1733 2062 Basilio
1763 2037 1856 2062 ortae
1885 2037 1963 2062 sunt
1986 2043 2061 2063 cum

1080 2071 1196 2101 vicinis
1224 2070 1418 2113 Episcopis,
1447 2074 1502 2114 qui
1533 2073 1656 2115 alioqui
1686 2075 1714 2105 ei
1745 2075 1945 2105 invidebant.
1993 2075 2060 2106 Sed

1079 2123 1160 2144 usus
1185 2120 1235 2144 est
1258 2124 1295 2145 ea
1319 2115 1546 2148 moderatione
1570 2116 1731 2155 Basilius,
1755 2124 1789 2149 ut
1811 2118 1937 2148 reditus
1961 2118 2058 2149 adimi

1079 2157 1141 2187 sibi
1175 2166 1298 2198 passus
1328 2159 1380 2189 sit.
1425 2158 1564 2191 Tantum
1599 2161 1756 2202 pristinas
1791 2161 1945 2203 regiones
1980 2171 2060 2192 suae²

1078 2200 1292 2241 inspectionis
1315 2202 1458 2240 retinuit,
1481 2212 1523 2234 ne
1545 2203 1590 2234 ibi
1613 2204 1699 2245 impii
1723 2205 1878 2235 doctores
1898 2202 2057 2235 collocari

1076 2249 1226 2283 possent.

1163 2285 1204 2317 Et
1227 2285 1311 2317 haec
1335 2288 1466 2329 quidem
1490 2295 1565 2320 sunt
1588 2291 1784 2331 praecipua,
1811 2300 1895 2331 quae
1918 2291 1962 2321 ad
1987 2301 2058 2321 cur-

1077 2339 1149 2360 sum
1173 2330 1260 2361 vitae
1284 2330 1398 2362 Basilii
1421 2333 1602 2373 pertinent,
1628 2333 1682 2374 qui
1707 2332 1871 2364 eluctatus
1895 2343 1937 2364 ex
1959 2332 2058 2374 pluri-

1076 2374 1138 2404 mis
1163 2371 1414 2406 difficultatibus
1437 2381 1472 2415 et
1491 2375 1664 2416 peniculis,
1688 2376 1753 2407 iam
1776 2386 1897 2415 senex,
1919 2375 2059 2409 feliciter

1077 2415 1219 2448 florente
1247 2415 1417 2456 Ecclesia,
1446 2420 1509 2450 sub
1540 2419 1675 2460 imperio
1698 2418 1894 2458 Theodosii,
1927 2429 1967 2451 ex
1995 2421 2058 2452 bac

1076 2460 1143 2490 vita
1167 2459 1320 2491 decessit.
1367 2460 1502 2492 Moneat
1525 2466 1634 2492 autem
1656 2471 1717 2492 nos
1747 2461 1832 2493 haec
1862 2468 1930 2495 tota
1955 2464 2057 2495 histo-

1075 2503 1135 2541 ria,
1158 2501 1343 2534 Ecclesiam
1365 2514 1431 2535 non
1455 2505 1523 2545 regi
1547 2504 1698 2536 humanis
1720 2506 1905 2546 praesidiis,
1928 2513 1961 2539 et
1982 2508 2055 2549 pios·

1076 2546 1234 2578 doctores
1257 2545 1389 2578 defendi
1413 2545 1604 2579 mirabiliter
1625 2558 1646 2578 a
1669 2547 1751 2580 Deo.

1162 2588 1257 2630 lpsas
1279 2590 1377 2620 etiam
1399 2590 1537 2621 virtutes
1554 2591 1586 2621 in
1605 2590 1732 2623 Basilio
1749 2592 1946 2632 intueamur,
1968 2604 2053 2636 quae

1075 2630 1187 2663 lucent
1209 2632 1242 2663 in
1264 2633 1336 2663 eius
1358 2633 1534 2664 aerumnis.
1572 2633 1682 2667 Fides.
1705 2644 1789 2677 quae
1813 2637 1954 2669 omnium
1978 2636 2054 2669 alia-
