2324 2958
201 167 265 200 619
834 164 942 196 PtllL.
968 163 1071 196 MEL.
1094 162 1280 197 SCRIPTA
1302 161 1563 195 EXEGETICA.
1808 196 1815 199 ,.
2130 165 2196 198 620

200 261 292 294 Haec
314 261 409 292 etiam
433 261 595 302 pertinent
616 259 658 290 ad
680 259 884 297 testimonia,
915 258 1002 300 quod
1026 259 1096 298 ipse
1118 267 1172 288 ex-

201 304 362 336 audiatur.

288 346 360 377 Hac
395 345 514 376 fiducia
544 345 701 376 debemus
728 354 790 375 nos
819 344 965 385 precari,
999 342 1086 383 quod
1108 342 1172 372 sci-

201 399 274 422 mus
295 389 392 420 istum
417 388 624 418 sacerdotem
655 398 714 428 pro
739 387 834 417 nobis
865 386 994 427 precari
1017 391 1047 415 et
1072 394 1171 415 exau-

202 433 273 465 diri.
319 431 487 462 Debemus
511 436 675 467 statuere,
698 430 784 470 quod
807 434 942 470 propter
960 429 1065 468 ipsum
1089 427 1171 457 reci-

200 476 329 517 piamur
357 480 388 505 et
416 473 646 510 exaudiamur,
676 479 708 503 et
737 473 824 513 quod
852 472 894 501 sit
917 471 990 501 ideo
1015 470 1171 500 constitu-

200 525 253 549 tus
275 517 453 553 sacerdos,
483 522 515 546 ut
546 514 679 557 colligat
703 515 765 545 sibi
788 512 971 544 Ecclesiam
993 518 1171 549 aeternam,

201 570 297 602 quam
332 559 462 591 tandem
495 558 635 589 adducet
668 558 709 588 ad
739 563 881 598 patrem,
916 561 951 586 ut
979 555 1021 585 sit
1044 553 1171 596 gloriae

200 603 303 645 ipsius
327 602 504 644 particeps-

287 646 394 686 Saepe
427 643 563 685 relegite
592 643 656 674 hoc
685 646 801 683 caput,
836 647 867 671 et
897 639 1079 671 exuscitate
1107 648 1170 670 vos

200 689 297 720 etiam
320 688 361 720 ad
384 688 623 729 precationem,
653 690 684 716 et
707 685 872 725 cogitare,
900 682 990 723 quod
1018 680 1094 712 illae
1116 691 1171 712 res

200 737 312 763 tantae
334 731 415 768 sint,
443 736 477 760 ut
505 738 644 760 necesse
673 728 731 763 sit,
763 736 864 767 saepe
887 735 1000 756 earum
1024 724 1170 755 conside-

200 775 360 805 rationem
391 772 511 813 repeti,
546 771 643 801 modo
672 768 809 800 velimus
839 767 960 809 aliquid
991 767 1032 798 de
1056 773 1171 797 nostra

200 815 308 848 salute
342 816 498 857 cogitare.
556 812 747 854 Cogitemus
777 817 882 842 autem
917 809 1170 851 magnitudinem

201 859 419 891 communium
446 857 668 892 miseriarum,
697 860 727 885 et
756 855 836 884 istas
862 854 1013 896 ingentes
1042 850 1172 883 calami-

200 908 307 939 tates,
356 901 548 942 quibuscum
588 897 794 929 conflictatur
835 895 987 927 Ecclesia
1027 896 1059 926 in
1106 893 1171 926 hoc

200 945 338 982 mundo,
367 943 398 974 ei
427 949 592 983 petamus,
620 946 655 971 ut
677 939 770 971 Deus
800 937 897 970 leniat
925 947 1117 975 aerumnaS,
1139 943 1172 968 et

200 987 354 1028 respiciat
390 995 450 1016 nos
484 985 622 1015 miseros
656 988 789 1024 propter
823 980 956 1019 filium,
990 990 1056 1011 non
1085 981 1172 1011 sinat

200 1031 308 1061 omnia
331 1027 499 1069 dissipari,
532 1033 565 1058 et
587 1025 706 1064 deleri,
739 1025 800 1057 sed
822 1031 935 1056 servet
957 1033 1037 1061 nOS,
1071 1029 1107 1055 ut
1130 1023 1172 1053 si-

200 1082 273 1104 mus
296 1082 394 1104 unum
417 1072 448 1101 in
472 1071 556 1112 ipso.

200 1232 435 1267 EXCERPTA
451 1231 511 1264 EX
528 1229 796 1263 RHAPSODllS
814 1227 1174 1261 EXPLICATIONUM

232 1292 430 1326 EIUSDEM
453 1289 643 1324 TEXTUS,
667 1289 802 1321 ANNts
824 1286 1140 1324 SEQUENTIBUS.

240 1390 361 1441 Quod
392 1388 613 1430 servandus
645 1387 696 1426 sit
727 1386 825 1426 ordo
859 1392 901 1425 et
933 1384 1134 1425 distinctio

319 1502 321 1505 .
353 1474 582 1520 temporum
614 1463 698 1504 sine
729 1462 1018 1517 superstitione.

287 1557 491 1598 Quamquam
512 1554 579 1586 hoo
600 1559 724 1585 tantum
747 1562 848 1595 opus,
877 1551 1028 1584 videlicet
1050 1552 1175 1583 redem-

200 1601 267 1643 ptio
292 1600 424 1643 generis
447 1598 577 1630 humani
605 1608 664 1638 per
687 1602 824 1628 mortem
848 1594 919 1627 Filii
942 1595 1006 1627 Dei
1029 1596 1174 1636 quotidie

201 1649 253 1676 est
275 1642 550 1676 considerandum
580 1641 731 1672 omnibus
759 1639 948 1677 momentis,
981 1644 1088 1669 tamen
1112 1637 1174 1669 Ec-

201 1685 305 1718 clesia
328 1693 420 1717 certo
443 1691 590 1725 tempore
612 1681 714 1715 voluit
742 1682 882 1724 proponi
904 1680 1035 1722 publice
1058 1681 1174 1712 harum

202 1739 311 1762 rerum
348 1729 562 1759 mentionem:
608 1726 693 1762 Quia
733 1725 957 1756 distinctiones
992 1731 1055 1755 tem
1082 1734 1174 1755 orum

202 1771 431 1804 commendant
464 1769 683 1811 cognitionem
720 1767 931 1799 historiarum
969 1777 1057 1809 popu
1072 1777 1109 1803 o;
1143 1771 1175 1797 et

202 1813 273 1847 vult
300 1813 394 1845 Deus
423 1823 500 1845 esse
529 1813 676 1844 ordinem
704 1812 736 1842 in
760 1811 929 1849 docendo,
957 1817 992 1843 ut
1014 1808 1080 1841 alia
1102 1807 1174 1840 aliis

203 1857 405 1899 temporibus
427 1856 560 1887 uberius
585 1853 800 1896 explicentur.

289 1899 363 1932 Non
393 1899 494 1930 simus
524 1899 568 1929 ita
598 1898 729 1928 barbari
761 1903 793 1928 et
816 1902 985 1938 agresteS,
1021 1901 1053 1926 ut
1077 1895 1174 1925 istum

202 1941 375 1976 Ecclesiae
396 1951 537 1978 morem,
565 1950 649 1982 quae
675 1941 707 1971 in
737 1940 823 1971 omni
846 1939 1038 1970 aeternitate
1061 1936 1175 1968 harum

203 1996 313 2018 rerum
335 1985 523 2016 memoriam
547 1982 740 2020 celebrabit,
759 1989 794 2014 ut
812 1992 898 2013 nunc
918 1980 1075 2017 celebrat,
1098 1990 1175 2011 con-

203 2036 401 2061 temnamus:
425 2028 508 2058 sicut
532 2026 733 2057 meminimus
754 2025 914 2066 quendam
934 2023 1175 2065 phantasticum

203 2071 383 2109 hominem,
412 2069 591 2101 Doctorem
620 2068 774 2099 iacobum
797 2066 952 2098 schenck
974 2076 1101 2097 (minem
1125 2075 1176 2095 or-

205 2115 312 2146 dinem
341 2119 523 2154 temporum
553 2119 751 2152 pervertere.
808 2110 967 2150 Tempore
999 2108 1174 2139 nativitatis

205 2157 328 2189 Christi
353 2156 609 2188 concionabatur
632 2154 672 2184 de
696 2153 862 2194 passione..
883 2159 913 2183 et
937 2159 1083 2193 tempore
1106 2161 1175 2191 pas-

205 2200 310 2232 sionis
329 2199 369 2230 de
387 2198 568 2229 nativitate:
592 2197 724 2238 putabat
743 2197 940 2227 contrarium
960 2193 1083 2232 sticere,
1100 2204 1175 2225 esse

206 2243 483 2285 superstitionem.
528 2239 621 2271 Deus
647 2238 714 2272 vult
738 2250 799 2270 nos
817 2237 868 2269 his
886 2239 1086 2279 temporibus
1104 2247 1176 2267 vum

205 2285 319 2318 maiori
347 2285 524 2316 intentione
552 2284 733 2313 animorum
765 2282 976 2312 considerare
1004 2279 1176 2311 consilium

206 2339 301 2360 suum
324 2328 365 2359 de
386 2327 610 2367 redemptione
633 2326 764 2366 generis
787 2324 935 2360 humani,
958 2330 992 2355 ut
1015 2333 1177 2365 agnos-vn-

206 2381 279 2403 mus
304 2372 405 2412 ipsius
430 2369 706 2404 misericordiam,
735 2368 907 2403 iustitiam,
929 2373 961 2397 et
986 2367 1177 2397 innncnsntn

207 2424 362 2451 amorem,
381 2414 421 2444 de
445 2424 509 2453 quo
534 2413 564 2443 in
589 2411 651 2443 hoc
671 2411 778 2451 capite
797 2410 928 2441 dicitur:
954 2409 1090 2439 Dilectio
1115 2413 1178 2442 tna,

208 2468 268 2498 qua
291 2467 335 2486 me
358 2456 520 2488 dilexisti,
545 2456 584 2484 sit
608 2456 640 2483 in
662 2455 714 2483 eis.

1224 256 1288 297 De
1325 257 1466 312 triplici
1502 259 1768 300 Meditatione
1805 259 1997 314 passionis
2037 260 2193 304 Christi.

1311 348 1452 380 Primum
1474 354 1582 381 autem
1605 349 1693 381 scire
1716 354 1845 390 oportet
1868 359 1930 380 vos
1948 349 2193 391 adolescentes,

1224 389 1383 431 triplicem
1413 401 1489 423 esse
1517 393 1776 429 meditationem,
1799 401 1859 423 seu
1891 393 2126 434 cogitationem
2153 395 2195 427 dn

1222 434 1379 473 passione
1412 432 1467 465 filii
1501 433 1578 465 Dei:
1615 435 1642 465 l.
1667 435 1825 476 cogitatio
1859 443 1920 466 seu
1952 437 2120 468 meditatio
2144 442 2197 469 est

1222 476 1468 518 paedagogica3
1491 477 1521 507 2.
1546 478 1677 518 proprie
1701 485 1750 508 est
1771 476 1985 518 Evangelica,
2003 478 2194 520 spiritualis.

1222 517 1254 548 3.
1277 517 1486 559 exemplaris.
1542 519 1632 551 Haec
1661 527 1712 551 est
1735 518 1822 551 utilis
1844 520 2030 559 distinctio,
2064 527 2097 553 et
2118 523 2194 554 reti*

1223 561 1331 591 nenda
1352 568 1488 602 propter
1511 561 1631 593 multas
1655 572 1786 593 causas.

1308 610 1552 654 Paedagogica,
1573 613 1677 654 primo
1700 612 1776 644 loco
1800 614 1950 654 ponitur3
1972 614 2049 656 quia
2070 612 2195 656 poputo

1223 662 1364 684 necesse
1393 661 1444 685 est
1467 656 1606 695 proponi
1631 656 1810 687 historiam.
1859 655 1911 687 Ac
1935 657 2194 697 persuassimum

1223 705 1301 727 esse
1324 696 1423 727 debet
1445 698 1613 736 omnibus,
1636 705 1666 729 et
1689 698 1822 729 infixum
1845 699 1973 737 animis,
1998 700 2086 741 quod
2108 709 2194 731 sem-

1222 748 1281 779 per
1309 739 1459 770 doctrina
1489 749 1550 770 seu
1581 741 1725 782 cognitio
1753 741 1925 772 antecedat
1955 740 2138 774 efficaciam
2161 743 2194 774 ln

1223 781 1342 818 corde,
1364 787 1396 812 et
1420 782 1506 822 quod
1530 792 1709 820 accessus,
1732 784 1859 821 aditus,
1889 785 2004 822 ianua,
2032 791 2130 826 porta
2152 785 2195 816 stt

1223 821 1279 854 illa
1300 834 1367 855 vox
1395 823 1546 855 docentis
1576 825 1618 856 ad
1646 824 1826 857 efficaciam
1850 827 2004 858 divinam.
2049 826 2130 858 ltem
2151 825 2195 859 lo-

1224 867 1306 904 ctio,
1330 866 1489 904 studium,
1515 867 1688 908 cogitatio,
1711 869 1852 900 auditus.

1309 916 1549 948 Universaliter
1575 917 1639 949 hoc
1669 929 1782 950 verum
1810 926 1878 953 est,
1907 919 2017 959 Ignoti
2037 919 2123 950 nulla
2145 930 2195 950 e*

1218 959 1312 1000 pido.
1356 959 1414 998 Et,
1437 959 1573 998 Affectus
1601 965 1765 1001 sequutum·
1788 963 2008 1000 coynitionem:
2037 969 2068 994 et
2090 963 2195 994 verib-

1223 1003 1340 1033 simum
1363 1008 1425 1039 est,
1443 1001 1551 1034 Deum
1573 1013 1650 1035 esse
1672 1003 1854 1042 efficacem,
1873 1014 1933 1044 per
1951 1015 2068 1036 vocem
2087 1003 2196 1036 Evan-

1224 1043 1311 1086 gelii.
1355 1044 1446 1076 Haec
1475 1051 1528 1076 est
1552 1045 1705 1077 voluntas
1729 1044 1811 1084 Dei,
1844 1052 1879 1077 ut
1908 1045 1960 1078 hic
1983 1047 2015 1078 in
2038 1053 2128 1079 textu
2150 1047 2196 1078 d‘»

1225 1088 1326 1126 citur,
1361 1091 1394 1116 ut
1428 1092 1599 1126 affltoscarzt
1636 1093 1664 1119 te
1693 1088 1790 1118 solnm
1820 1099 1918 1118 verum
1940 1089 2048 1119 Deum.
2103 1089 2197 1128 Item,

1225 1131 1330 1160 Semo
1358 1133 1428 1159 tuus
1456 1134 1501 1159 est
1527 1133 1652 1162 ceritas.
1709 1132 1846 1172 Oportet
1868 1132 1989 1170 audiri,
2024 1133 2195 1174 cognosci,

1226 1173 1429 1204 considerari
1451 1182 1657 1211 sermonem,
1682 1181 1811 1214 oportet
1835 1174 2015 1206 iunioribus
2038 1173 2197 1216 explicari

1225 1213 1398 1247 vocabula.
1443 1214 1516 1246 Huc
1538 1217 1702 1256 pertinent
1724 1223 1755 1247 et
1778 1215 1855 1247 illae
1878 1217 2074 1249 sententiae:
2096 1217 2196 1246 Eva»

1224 1258 1336 1297 yelium
1358 1261 1404 1286 est
1421 1260 1566 1296 potentia
1588 1258 1659 1289 Dei.
1706 1258 1796 1296 Item,
1819 1258 2020 1298 Emnqeliwn
2043 1263 2089 1289 est
2111 1261 2196 1288 mini—

1225 1302 1349 1330 sterium
1370 1300 1518 1338 Spiritus.
1563 1300 1654 1338 Item,
1675 1301 1782 1339 Prope
1799 1305 1844 1331 est
1863 1302 1980 1331 verbum
2002 1304 2035 1331 in
2057 1305 2110 1331 tuo
2132 1311 2194 1332 ore-

1226 1343 1367 1384 Oportet
1394 1351 1471 1372 esse
1500 1343 1637 1373 verbum
1664 1343 1696 1373 in
1719 1353 1795 1379 ore3
1824 1350 1956 1384 oportet
1979 1353 2057 1374 esse
2079 1353 2198 1374 vocem

1225 1385 1397 1421 docentis;
1424 1384 1498 1415 ideo
1526 1383 1610 1415 haec
1640 1385 1805 1416 meditatio
1827 1395 1888 1416 seu
1911 1385 2056 1427 cognitio
2078 1385 2199 1427 paed»

1226 1428 1347 1470 gogica
1375 1427 1480 1468 prima
1509 1434 1559 1458 est
1587 1428 1620 1458 in
1648 1428 1780 1466 ordine,
1812 1433 1844 1459 et
1867 1434 1917 1459 est
1941 1428 2065 1471 gradus
2087 1427 2130 1460 ad
2152 1425 2198 1459 a}-

1225 1477 1328 1502 teram
1350 1470 1635 1511 praestantiorem.

1312 1520 1376 1556 Qui
1403 1522 1566 1560 studium,
1597 1522 1849 1563 cogitationem,
1875 1522 2119 1553 meditationem
2141 1531 2199 1553 no·

1226 1562 1371 1608 gligunt,
1393 1569 1471 1595 sunt
1493 1565 1658 1596 barbarici
1680 1572 1712 1596 et
1734 1563 1794 1596 feri
1818 1571 2062 1605 contemptores
2086 1564 2198 1606 operis

1226 1614 1259 1639 et
1281 1608 1405 1639 ordinis
1434 1607 1544 1638 divini.
1596 1606 1689 1639 Deus
1719 1608 1814 1638 etiam
1844 1608 1936 1648 punit
1960 1605 2045 1639 tales
2068 1605 2199 1638 furores

1225 1652 1365 1682 istorum
1387 1650 1570 1688 hominum,
1597 1651 1652 1691 qui
1682 1657 1892 1681 contemnunt
1916 1649 2074 1687 studium,
2098 1648 2199 1681 mets>

1226 1694 1396 1731 tationem,
1413 1691 1613 1735 diligentiam
1632 1693 1772 1724 docendi
1790 1699 1822 1724 et
1845 1693 2005 1724 discendi.
2050 1691 2126 1723 Nou
2147 1696 2200 1724 es!

1226 1736 1432 1778 superstitio,
1448 1736 1522 1777 ipsa
1546 1736 1701 1777 cogitatio
1725 1742 1757 1766 et
1780 1735 1958 1766 meditatio.
1994 1733 2094 1767 Aliud
2117 1744 2199 1766 vem

1227 1785 1278 1810 cst
1306 1784 1423 1820 postea
1452 1778 1610 1820 affingere
1640 1778 1893 1820 superstitiones
1914 1776 2047 1820 >alienas
2076 1788 2096 1809 a
2123 1787 2199 1819 pro-

1227 1822 1298 1863 prio
1322 1821 1386 1852 fine
1408 1821 1504 1853 liuius
1526 1821 1756 1853 meditationis.
1804 1821 1941 1862 Oportet
1964 1819 2114 1852 homines
2135 1820 2200 1852 dis·

1228 1875 1304 1897 cere
1328 1864 1510 1901 historiam,
1529 1871 1560 1894 et
1583 1871 1634 1895 est
1657 1864 1844 1895 mandatum
1863 1864 2018 1902 divinum,
2028 1868 2069 1900 ,ut
2091 1862 2198 1894 disco-

1228 1919 1316 1945 mus,
1349 1912 1381 1937 et
1409 1913 1545 1948 propter
1573 1905 1662 1937 illam
1691 1907 1931 1948 paedagogiani
1953 1902 2200 1938 suuFinstitun

1229 1951 1418 1982 discrimina
1441 1957 1639 1991 temporum,
1669 1955 1703 1980 ut
1726 1947 1798 1980 aliis
1822 1949 2023 1990 temporibus
2045 1947 2131 1980 aliae
2153 1947 2200 1979 hb-

1228 1995 1350 2024 storiae
1372 2000 1609 2034 proponantur:
1640 1992 1791 2023 Nondum
1820 1998 1929 2022 tamen
1952 1989 2009 2023 illa
2031 1991 2200 2023 meditatio

1228 2043 1280 2069 est
1303 2036 1423 2067 iustitia
1449 2033 1559 2066 coram
1579 2034 1668 2066 Deo:
1692 2041 1820 2076 oportet
1839 2035 2001 2065 accedere
2020 2033 2200 2065 secundum

1229 2081 1383 2122 gradum,
1411 2079 1465 2119 qui
1494 2084 1633 2110 vocatur
1661 2077 1823 2107 ruminatio
1846 2076 2054 2117 Emnyclica.
2082 2083 2114 2109 et
2136 2077 2199 2116 «ιμ’-

1228 2123 1359 2153 rilemlt's.

1314 2173 1404 2205 llaec
1433 2178 1501 2206 est,
1531 2182 1756 2213 expavescere
1786 2172 1952 2213 agnitione
1981 2171 2048 2203 irae
2076 2169 2139 2201 Dei
2167 2171 2201 2201 ln

1230 2217 1494 2249 consideratione
1517 2214 1674 2246 mirabilis
1698 2214 1784 2246 illius
1807 2215 1988 2256 sapientiae
2012 2219 2042 2245 et
2064 2214 2199 2250 decreti,

1230 2261 1316 2303 qnod
1336 2260 1477 2300 oportuit
1496 2257 1610 2289 Filium
1635 2258 1705 2289 steri
1730 2258 1891 2289 victinmm
1915 2267 1975 2298 pro
1999 2266 2122 2297 genere
2144 2255 2201 2287 ht>

1230 2315 1343 2335 mano.
1373 2310 1402 2332 ct
1428 2312 1544 2332 rursus
1572 2302 1652 2342 erigi
1677 2299 1924 2333 consolatione.
1955 2300 2042 2340 quod
2067 2305 2201 2340 propter

1232 2346 1301 2378 Filii
1325 2345 1514 2386 passionem
1537 2345 1696 2375 donemur
1719 2344 1839 2375 iustitia
1869 2350 1898 2373 et
1923 2343 2009 2375 vita.
2037 2348 2068 2373 et
2097 2342 2200 2372 simus

1231 2397 1320 2420 certo
1345 2388 1466 2429 recepti
1489 2398 1508 2417 a
1532 2386 1614 2418 Deo.
1662 2386 1750 2417 tinec
1773 2386 1938 2417 nit-ditatio
1963 2386 2061 2416 trahet
2084 2384 2201 2415 arden·

1232 2441 1281 2463 tes
1305 2439 1411 2463 :notus
1441 2431 1472 2461 in
1504 2430 1623 2462 corde.
1652 2436 1685 2460 ut
1718 2431 1918 2469 experimur:
1943 2427 2018 2469 quin
2041 2434 2072 2458 ct
2097 2436 2203 2468 pavor

1232 2476 1384 2506 sentitur.
1415 2480 1445 2504 ct
1474 2472 1596 2504 laetitia
1626 2474 1656 2503 in
1681 2471 1927 2506 consolantium
1955 2477 1986 2501 ct
2004 2470 2080 2502 ideo
2104 2479 2201 2500 vocn-

1233 2527 1284 2549 tnr
1313 2516 1503 2556 spiritualis,
1537 2516 1624 2557 quod
1654 2516 1804 2546 sentitur.
1862 2515 1935 2545 Non
1965 2518 2016 2544 est
2038 2518 2202 2544 mortuum

1232 2561 1384 2603 ‹ptiddnm
1418 2559 1557 2590 inanime
1585 2557 1785 2595 sttuutmum,
1819 2558 1878 2588 sed
1908 2563 1984 2588 snm
2014 2555 2080 2586 veri
2102 2564 2203 2596 pavo·

1233 2616 1305 2641 res,
1329 2611 1360 2634 et
1385 2612 1484 2634 verae
1507 2600 1764 2633 consolationes.
