2324 2958
200 179 238 211 31
878 169 1091 203 POSTlLLA
1121 163 1517 200 MELANTiloNlANA.
2158 161 2200 194 32

200 281 259 302 nes
283 271 347 301 lioc
370 269 476 299 dicto:
500 267 534 298 Si
548 277 630 306 opus·
655 271 705 295 est
728 265 805 306 pati,
828 265 904 306 quid
918 273 1002 304 opus
1015 268 1066 293 est
1079 270 1172 302 prae·
1197 262 1202 286 Ι
1221 268 1295 289 nem
1318 257 1551 296 indubitatam,
1580 257 1639 289 sed
1662 264 1697 289 ut
1716 257 1959 294 coniecturam,
1982 265 2045 286 nec
2067 254 2144 288 volo
2167 257 2199 287 in

200 314 309 345 scire?
331 309 462 342 Similes
486 315 558 340 sunt
583 309 752 338 irrisiones
782 308 953 349 signorum
976 305 1061 345 apud
1095 300 1170 333 mul-
1219 300 1318 350 aliam
1342 300 1539 331 sententiam
1553 300 1752 341 detorqueri,
1776 304 1809 330 ut
1828 297 1920 330 inulti
1932 308 1992 340 per
2004 297 2200 330 calumniam

200 365 264 393 tos,
287 364 370 396 quae
394 363 457 383 non
482 357 557 382 sunt
581 351 770 392 probandae
801 351 832 380 in
858 347 1015 379 Ecclesia.
1224 341 1359 374 faciunt.
1456 386 1462 393 .
1649 385 1656 392 ·
1680 385 1686 393 ⁸
1825 385 1830 390 .

285 396 416 427 Etiamsi
442 405 506 424 non
529 394 637 424 onmia
657 391 741 424 mala
765 391 920 427 toluiitur‚
944 397 1048 420 tamen
1072 384 1171 417 inulta
1307 385 1342 416 ln
1375 383 1517 417 Daniele
1544 385 1743 426 praedicitur
1766 392 1869 415 series
1892 389 2035 424 quatuor
2066 383 2200 415 Monar-

199 441 385 481 mitigantur
408 437 479 477 piis.
504 442 533 466 et
558 442 647 466 recte
671 436 790 466 dictum
814 439 863 464 est
883 444 902 463 a
925 437 1037 473 poeta:
1220 427 1387 466 cliiarum,
1418 437 1456 459 ex
1485 429 1603 470 quibus
1635 433 1751 468 quarta
1780 436 1840 457 scu
1872 425 1984 457 ultima
2006 426 2114 468 vergit
2135 427 2201 458 iam

1219 471 1260 502 ad
1290 471 1466 502 interitum.
1512 468 1754 502 Adolescentes
1786 469 1997 501 considerent
2026 470 2201 510 picturam,

1219 523 1279 544 seu
1292 519 1432 544 statuam
1445 512 1532 545 illam
1546 514 1763 556 (iigaiitaeaiii
1788 511 1874 552 apud
1890 509 2071 542 Danielem.
2096 511 2201 553 Caput

1219 566 1354 587 aureum
1388 562 1439 586 est
1473 557 1576 597 prima
1600 555 1811 590 Moiiarcliia,
1847 565 1944 595 quani
1974 553 2133 586 Chaldaei
2167 559 2201 586 et

1219 598 1350 640 Assy-ii
1374 604 1558 630 tenuerunt.
1597 598 1718 630 Pectus
1736 604 1931 640 argenteum
1955 603 2006 628 est
2027 597 2201 639 Imperium

1196 334 1201 393 ἔ

1196 402 1201 424 t

201 526 260 562 θυι·
282 526 379 563 sapit.
403 522 458 552 ille
480 522 621 552 animum
649 523 804 559 fortunae
820 520 998 557 praepara!
1023 516 1116 552 omui,
1195 425 1202 639 Ι

196 650 294 682 lulius
318 648 375 680 suit
403 649 508 679 animo
538 646 752 688 gladiatorio,
780 654 844 675 non
880 640 1014 672 multum
1044 641 1170 671 curavit
1220 641 1402 678 Persicum,
1425 640 1550 672 Venter
1573 651 1696 672 aeneus
1720 647 1772 672 est
1785 639 1963 672 Alexandri
1987 649 2122 681 regnum
2146 638 2202 671 vel

1193 1141 1198 1155 Ι

263 565 507 603 Praeri‘sumque
526 567 633 603 potest
653 567 725 593 urle
747 564 854 592 let-are
876 561 1001 589 malum.

197 694 302 723 siu-iia.
360 690 434 721 ideo
470 689 662 729 contempsit
706 686 881 728 periculum
916 683 1116 724 praedictum
1151 693 1171 713 a
1220 683 1397 714 Graecum.
1464 682 1586 715 Postea
1616 682 1740 715 seniora
1794 681 1905 714 ferrea
1939 690 2014 713 sunt
2050 681 2200 714 Romani.

196 719 358 772 Scis-{zeno
393 733 633 764 Matlieiiiatico.
701 729 796 770 Apud
843 727 1017 758 llonieruiii
1063 725 1170 756 rident
1220 726 1326 756 Pedes
1351 726 1466 765 partim
1491 725 1590 757 sei-rei
1604 727 1720 767 partini
1732 724 1810 757 lutei
1835 732 1911 757 sunt
1924 735 2027 767 regna
2041 726 2202 766 postremi

199 769 296 809 Ptol-'i
322 775 513 815 Penelopes.
539 785 610 805 cuin
637 773 775 813 parietes
800 770 917 801 sudant
937 769 1141 809 sanguinein.

285 820 341 850 Est
367 827 474 849 autciii
499 824 528 847 et
554 818 583 846 in
609 815 743 845 alteram
758 821 881 853 partem
895 811 1169 852 praemuniendus

198 864 335 894 animus.
358 869 391 891 ut
418 860 573 891 faciainus
599 858 801 892 neccssaria,
829 861 859 885 et
891 855 1076 884 omittamus
1104 863 1169 884 non

198 905 401 936 necessaria.
425 913 484 933 ncc
509 902 678 931 inciienuw
690 898 800 929 stultis
813 897 1099 938 imaginationibus
1113 902 1168 927 aut

197 947 484 978 observationibus
508 944 548 973 ad
574 942 732 977 facienda,
756 951 841 981 quae
864 950 928 970 non
954 939 1089 979 requirit
1112 949 1168 970 vo-

197 991 295 1022 catio.
315 996 345 1019 et
370 988 570 1019 necessitas.
591 986 673 1015 sicut
701 984 829 1019 dicunt,
862 982 1049 1022 l’onipeiiuii
1074 981 1170 1012 dece-

196 1024 292 1073 ptum
307 1042 382 1062 esse
406 1030 542 1064 somnii»,
566 1037 597 1058 iit
629 1033 775 1057 moveret
809 1023 927 1055 belluni
954 1022 1068 1062 civile,
1093 1024 1168 1065 quia

1219 770 1386 809 temporis.
1432 769 1498 799 Sed
1524 769 1610 800 venit
1635 769 1765 800 tandem
1787 767 1871 810 lapis
1895 767 1951 800 ille
1974 767 2145 806 CliristuS‚
2168 774 2201 799 et

1219 818 1335 842 evertit
1362 817 1462 842 totaiii
1482 817 1636 842 statuam.

1305 853 1399 885 Hanc
1447 854 1567 884 seriem
1609 852 1873 886 Monarchiamm
1918 864 1978 885 seu
2023 863 2201 895 regnorum

1218 897 1329 928 mundi
1353 897 1515 937 praedixit
1538 895 1632 927 Deus
1655 902 1792 937 propter
1820 897 2038 938 gravissimas
2067 905 2200 927 causas.

1219 938 1361 970 Primum
1384 946 1417 970 ut
1441 939 1586 970 sciamus
1610 939 1678 980 regi
1708 939 1819 970 divino
1853 937 1992 971 consilio
2016 948 2122 980 genus
2145 939 2200 970 hii-

1219 992 1360 1019 manum,
1383 989 1414 1012 et
1429 992 1532 1024 regna
1546 992 1611 1012 non
1626 991 1707 1013 casu
1731 982 1808 1012 oriri
1823 988 1854 1012 et
1880 982 2044 1013 occidere.
2068 981 2198 1013 Deinde

1218 1031 1253 1055 ut
1275 1025 1455 1065 praedictio
1480 1026 1555 1062 ista,
1578 1025 1628 1055 cui
1653 1032 1792 1056 eventus
1820 1025 2033 1065 respondent,
2056 1025 2099 1055 sit
2117 1025 2202 1056 testi-

1219 1068 1377 1105 monium,
1402 1068 1489 1109 quod
1514 1067 1661 1099 doctrina
1686 1065 1860 1098 Ecclesiae
1895 1067 1937 1097 sit
1960 1067 2080 1098 divina.
2124 1066 2201 1098 Dia-

1219 1109 1316 1142 bolus
1330 1109 1433 1141 multa
1447 1111 1619 1150 praedicit,
1643 1120 1728 1151 quae
1752 1111 1822 1150 ipse
1836 1107 1904 1141 vult
1924 1108 2048 1146 facere,
2072 1116 2103 1140 et
2116 1119 2202 1151 quae

1219 1162 1258 1184 ex
1283 1153 1382 1184 variis
1414 1153 1541 1184 indiciis
1574 1159 1607 1184 ut
1635 1153 1770 1194 spiritus
1802 1151 1942 1184 callidus
1973 1153 2202 1184 animadvertit

1219 1193 1329 1227 sutura
1359 1205 1453 1233 esse,
1483 1205 1568 1236 quae
1600 1202 1707 1227 tamen
1739 1205 1812 1226 cum
1847 1196 1878 1226 in
1907 1194 1970 1227 Dei
2000 1205 2099 1226 manu
2126 1195 2202 1233 sint,

1218 1239 1382 1280 ambiguis
1407 1237 1551 1269 oraculis
1575 1238 1712 1279 profert.
1760 1238 1826 1269 Sed
1858 1248 1923 1269 non
1947 1244 2058 1279 potest
2081 1237 2203 1276 dicere,

194 1294 279 1318 tates
304 1286 507 1327 quassationi
543 1283 655 1313 orbe-ii
684 1287 863 1317 terrarum,
893 1289 1079 1320 quanquam
1108 1289 1171 1311 vos
1220 1290 1306 1322 quae
1329 1291 1431 1322 regna.
1454 1287 1595 1312 ventura
1618 1281 1696 1319 sint,
1719 1291 1781 1312 nec
1804 1287 1913 1322 potest
1939 1281 2133 1322 praedicere
2162 1280 2203 1312 de

193 1338 323 1370 quoqne
346 1326 400 1358 illa
424 1325 592 1367 affligent:
625 1331 731 1355 tamen
769 1322 913 1364 cogitate
944 1322 1034 1352 brevi
1057 1328 1170 1354 ventu·
1220 1330 1368 1364 tempore
1393 1331 1503 1360 certo,
1534 1324 1619 1355 sicut
1642 1322 1762 1355 Daniel
1797 1324 1956 1364 praedicit
1986 1331 2116 1365 teinpus
2147 1323 2202 1355 de-

192 1383 263 1403 rum
287 1380 361 1401 esse
385 1369 580 1404 Dominum,
611 1374 642 1398 et
674 1372 858 1406 erepturum
886 1374 962 1395 esse
984 1363 1171 1396 Ecclesiam
1221 1367 1441 1404 terminatum,
1465 1366 1498 1397 id
1522 1373 1586 1403 est,
1608 1367 1818 1408 septuaginta
1835 1365 2073 1404 hebdomadas,
2095 1376 2202 1408 usque

192 1424 230 1446 ex
256 1413 306 1443 his
332 1412 470 1443 miseriis
527 1410 685 1440 Erasmus
708 1409 886 1439 moriturus
911 1417 1012 1448 saepe
1035 1408 1182 1449 ingemi-‘
1219 1409 1261 1440 ad
1285 1408 1454 1440 Christum
1479 1415 1663 1440 venturum.

190 1457 278 1487 navit
303 1456 388 1486 lianc
419 1464 550 1484 vocem:
581 1454 715 1483 Domine
735 1455 792 1491 sac
818 1453 931 1488 finem.
955 1452 1093 1482 Domine
1113 1454 1172 1491 fac
1307 1452 1391 1483 Sunt
1414 1457 1447 1482 et
1470 1450 1555 1482 aliae
1578 1461 1720 1489 causae,
1752 1461 1811 1482 cur
1833 1451 2024 1492 praedictae
2046 1452 2112 1483 sint
2135 1450 2203 1483 Mo-

188 1501 292 1538 finem.
335 1496 418 1527 Puto
445 1506 518 1527 euiii
542 1495 710 1536 cogitasse
735 1504 799 1524 iion
825 1499 947 1524 taiituiii
972 1494 1013 1524 de
1037 1493 1102 1525 fine
1125 1495 1171 1525 vi·
1219 1494 1386 1525 narchiae.
1432 1493 1519 1525 lnter
1549 1505 1634 1535 quas
1667 1493 1753 1525 haec
1776 1504 1908 1536 quoque
1931 1500 2002 1531 est,
2031 1494 2121 1536 quod
2143 1505 2204 1536 per

190 1548 241 1572 tae
264 1550 362 1571 suae.
386 1540 445 1570 sed
470 1540 565 1569 etiam
590 1538 629 1568 de
660 1536 723 1567 line
747 1534 934 1576 multiplicis
965 1535 1170 1568 confusionis
1220 1534 1294 1567 illas
1318 1536 1412 1568 Deus
1442 1536 1546 1568 voluit
1576 1537 1781 1580 distinguere
1808 1543 1957 1578 tempora
1987 1537 2098 1569 mundi
2126 1543 2202 1579 post

189 1585 220 1615 in
245 1583 376 1614 mundo.
422 1582 469 1612 lta
493 1588 522 1610 et
547 1590 609 1611 nos
639 1586 809 1620 pe'anius,
836 1585 867 1610 et
897 1585 1110 1620 expectemus
1134 1578 1171 1611 li·
1219 1579 1389 1618 diluvium,
1411 1587 1444 1611 ut
1470 1581 1633 1611 sciremus
1664 1586 1855 1621 perpetuam
1886 1580 2004 1611 seriem
2030 1579 2203 1611 revelatio-

190 1627 410 1661 berationem‚
446 1631 476 1654 et
518 1623 602 1653 inter
636 1621 783 1664 pericula
818 1623 977 1663 postremi
1013 1623 1170 1663 temporis
1220 1633 1295 1654 num
1309 1623 1504 1661 divinarum,
1523 1623 1696 1660 sciremus,
1720 1623 1786 1655 ubi.
1809 1629 1841 1654 et
1864 1623 1983 1665 quibus
2006 1622 2202 1654 testimoniis

190 1670 254 1700 tide
288 1678 350 1699 nos
385 1672 620 1698 sustentemus.
665 1665 705 1696 Et
741 1675 926 1706 quanquam
956 1675 1021 1696 iioii
1052 1676 1170 1707 possu-
1219 1675 1256 1696 se
1287 1664 1485 1707 patefecerit
1509 1664 1621 1704 Deus,
1645 1676 1731 1707 quae
1751 1664 1867 1708 religio
1890 1666 1931 1696 sit
1955 1666 2120 1707 antiquior
2141 1675 2202 1697 seu

190 1722 264 1743 mus
289 1711 487 1741 constituere
512 1715 633 1739 certum
657 1714 786 1749 tempus
811 1709 974 1739 adventus
986 1707 1109 1740 Christi
1127 1710 1169 1740 ad
1218 1709 1321 1749 prior,
1346 1719 1431 1750 quae
1454 1709 1619 1750 posterior
1640 1718 1700 1740 seii
1724 1709 1898 1741 recentior,

196 1075 414 1105 somniaverat
449 1082 485 1102 se
509 1071 625 1101 sedere
658 1070 688 1099 iii
724 1066 987 1107 Amphitheatro.
1021 1067 1091 1097 lieri
1126 1067 1168 1098 ibi

195 1114 395 1158 spectacula,
420 1123 449 1145 et
474 1114 533 1144 silui
558 1111 722 1154 applaudi.

280 1158 430 1189 Christus
455 1156 506 1186 hic
530 1154 740 1196 praedictioni
764 1153 933 1194 signoruni
953 1152 1066 1183 miscet
1093 1162 1170 1183 con-

193 1201 404 1233 solationem:
430 1199 551 1237 Eri’yi‘le
575 1208 628 1228 ros
642 1223 649 1235 ‚
674 1197 796 1236 inquit,
825 1200 857 1226 e!
873 1197 1025 1234 suscipite
1047 1205 1105 1226 seu
1127 1197 1170 1226 Ie-

192 1249 262 1276 τοτε
289 1247 394 1283 capita
418 1247 536 1279 restra,
567 1241 596 1270 id
617 1245 678 1274 est,
708 1238 838 1278 quando
867 1246 1007 1277 magnae
1036 1236 1170 1268 calami-

191 1753 362 1785 iudiciiiiii:
398 1759 504 1783 mincii
535 1756 791 1782 consentancum
818 1759 881 1788 est,
904 1751 990 1793 quod
1005 1762 1070 1783 non
1093 1762 1169 1792 pro·
1304 1751 1384 1783 ltein
1402 1752 1645 1793 praedictiones
1669 1750 1745 1783 illae
1768 1758 1941 1789 testantur,
1964 1751 2052 1793 quod
2071 1751 2202 1782 tandem

191 1794 247 1828 ciil
269 1796 354 1827 absit
379 1793 510 1825 ultio-us
541 1802 570 1825 et
596 1792 798 1824 laetissimus
833 1794 922 1831 dies,
956 1795 1009 1835 qui
1044 1795 1168 1826 utinam
1218 1795 1438 1826 destruendus
1468 1796 1510 1826 sit
1539 1793 1592 1826 hic
1615 1796 1771 1829 niunilUS,
1801 1801 1833 1826 et
1861 1793 2013 1826 Ecclesia
2049 1793 2202 1826 habitura

191 1840 257 1870 cito
282 1837 475 1869 elucescat:
1193 1838 1199 1883 Ι
1219 1838 1261 1869 sit
1279 1836 1508 1870 liberationem
1538 1848 1579 1870 ex
1610 1837 1786 1869 horrendis
1811 1835 2082 1876 confusionibus,
2116 1846 2200 1879 quas

277 1881 436 1911 vetustas
459 1880 577 1910 amavit
603 1879 723 1909 dictuiii
738 1878 867 1910 lleliae:
892 1880 958 1910 Sex
988 1879 1090 1911 millia
1113 1891 1169 1911 an·
1219 1878 1387 1912 habebunt
1410 1887 1579 1922 posti-ema
1601 1887 1761 1922 tempora.

190 1935 306 1956 norum
331 1924 428 1953 stabii
454 1923 605 1958 mundus,
635 1921 693 1951 sed
723 1921 859 1952 deerunt
884 1923 979 1960 anni,
1015 1924 1068 1965 qui
1093 1924 1167 1955 dee·
1305 1923 1397 1955 Haec
1427 1922 1603 1965 diligenter
1637 1924 1904 1961 consideremus,
1935 1930 1965 1954 et
1996 1932 2130 1955 oremus
2160 1932 2201 1954 ac

190 1974 275 1998 runt.
312 1965 387 1997 Duo
411 1964 618 1996 milliainane
634 1987 642 2001 ‚
667 1963 743 1994 Duo
768 1963 943 2003 millialex,
968 1965 1044 1997 Duo
1069 1965 1167 1998 millia
1219 1965 1398 1998 clamemus
1423 1967 1577 2005 assidue,
1613 1973 1646 1998 ut
1671 1966 1765 1998 Deus
1790 1967 1856 1999 cito
1880 1965 1979 1997 saciat
2014 1966 2132 2003 finem,
2167 1972 2200 1997 et

191 2010 260 2041 dies
285 2008 442 2039 Messiae.
1217 2008 1333 2041 liberet
1356 2008 1541 2047 Ecclesiam
1566 2016 1701 2051 propter
1714 2020 1806 2041 suain
1825 2008 1977 2052 gloriani,
2001 2019 2068 2041 non
2092 2007 2201 2040 solum

277 2051 493 2082 Nominat-unt
528 2049 591 2081 hoc
623 2050 743 2080 dit-tuin
778 2048 946 2081 Cabalain.
1001 2052 1169 2094 Significat
1218 2063 1259 2084 ex
1284 2053 1424 2084 miseriis
1448 2052 1689 2089 calamitatum,
1721 2053 1780 2084 sed
1807 2053 1903 2084 etiam
1934 2062 1974 2083 ex
1998 2052 2147 2094 peccatis
2169 2057 2201 2083 et

189 2101 298 2126 autem
312 2093 436 2125 Cabala
461 2093 644 2124 doctrinam
669 2103 727 2133 por
750 2102 866 2123 manus
885 2095 1049 2133 traditam,
1072 2097 1167 2137 quasi
1218 2094 1448 2137 blasphemiis,
1484 2105 1570 2137 quae
1603 2094 1773 2137 aliquanto
1806 2101 1882 2137 post
1917 2094 2020 2127 multo
2054 2094 2198 2127 maiores

189 2138 299 2174 dicas,
335 2135 571 2177 receptionem.
618 2135 690 2165 Non
715 2135 846 2166 dubium
881 2144 930 2166 est
967 2135 1042 2167 illos
1077 2149 1166 2179 prae-
1218 2146 1323 2171 eru-ut.
1368 2138 1454 2170 Veni
1478 2139 1576 2180 igitur
1598 2137 1741 2170 Domine
1765 2138 1850 2177 lesu,
1877 2139 1962 2170 veni.

189 2180 411 2210 stamini-imos
455 2177 604 2209 homines
644 2177 765 2210 Elium.
802 2177 981 2217 hlisaeuni,
1017 2188 1047 2210 et
1083 2179 1167 2213 alios

187 2221 288 2254 multa
311 2222 446 2259 dixisse,
468 2231 553 2262 quae
577 2231 640 2252 non
666 2227 741 2251 sunt
766 2219 869 2251 relata
892 2222 922 2252 in
937 2221 1039 2253 libros
1059 2223 1166 2255 Cano-

187 2266 292 2296 nicos.
344 2264 426 2295 Puto
455 2271 561 2295 autem
593 2265 689 2294 inane
721 2263 804 2301 dici,
827 2265 901 2305 quia
926 2267 1068 2297 nonduin
1098 2267 1166 2298 sue·
1423 2257 1639 2290 ΒΟΜῙΝΙΓᾹ
1666 2260 1711 2291 ΠΙ·
1732 2256 1992 2290 ADVENTUS·

187 2315 261 2339 runt
287 2307 442 2348 imperia,
472 2314 503 2338 et
535 2316 621 2348 quan
648 2316 720 2337 uam
752 2308 892 2337 niundiis
916 2313 992 2338 tum·
1017 2308 1072 2340 suit
1097 2308 1166 2351 pul-

187 2350 313 2382 chrior:
339 2357 444 2380 tunicii
469 2351 613 2381 nundum
624 2317 770 2380 qsuerum
794 2349 944 2381 aedilicia
967 2358 1031 2382 tniii
1055 2353 1165 2383 iniiiia·
1421 2343 1691 2387 EVssngellUffl
1716 2343 1918 2376 matthaei
1940 2344 1994 2376 21-

187 2394 252 2430 nia,
277 2403 339 2424 nec
363 2394 517 2434 regiones
541 2391 658 2433 procul
682 2392 817 2422 dissitai·
843 2392 1007 2424 habitatae
1026 2394 1163 2426 fuerunt-

187 2436 268 2467 lites
292 2435 378 2477 legis
408 2442 481 2466 sunt
513 2441 641 2466 temtus
672 2442 747 2476 post
779 2435 983 2467 vocationem
1012 2437 1165 2469 Abrahae
1304 2432 1380 2463 cnm
1405 2430 1545 2462 Imma&
1563 2432 1740 2463 “murina
1761 2434 1794 2462 ’Ὦ
1815 2440 1957 2469 ΦὯΤΨΓΡ»
1980 2435 2036 2462 ‘⁸oe-

185 2488 291 2520 usque
315 2478 354 2508 nd
379 2478 556 2509 adventum
577 2445 740 2515 hesaiae,
770 2475 852 2509 Dies
876 2477 1018 2511 Messiue
1041 2481 1164 2523 signiti-

186 2527 261 2552 cant
285 2519 470 2551 Ecclesiam
490 2520 574 2551 Novi
598 2519 813 2552 Testamenti.
848 2519 978 2553 Dicitur
1000 2530 1107 2555 autem
1132 2524 1162 2555 iii
1300 2525 1493 2566 Principalis
1517 2526 1670 2562 materia,
1701 2525 1742 2556 ad
1767 2534 1865 2566 quani
1888 2524 2015 2557 dii-ecta
2041 2530 2092 2556 est
2115 2523 2200 2557 llaec

184 2564 249 2595 fine
274 2561 345 2594 sore
369 2564 663 2594 flbbfetflsslissnem·
1213 2569 1343 2606 concio,
1373 2574 1423 2599 est
1454 2569 1614 2607 doctiina,
1637 2574 1669 2600 et
1698 2566 1881 2599 consolatio
1905 2578 1950 2610 op
2015 2567 2060 2599 ita
2088 2568 2199 2610 linegi-

271 2605 345 2637 Non
365 2606 468 2637 recito
493 2605 557 2638 hoc
579 2606 700 2637 dictum
731 2611 884 2648 tanquam
914 2608 1162 2639 demonstratio·
1211 2611 1399 2643 nationibus
1432 2610 1583 2643 humanis
1618 2611 1658 2643 de
1696 2610 1840 2648 Messia,
1883 2616 1915 2642 et
1972 2611 2045 2643 iiius
2078 2620 2194 2653 regno.
