2324 2958
106 176 147 210 37

105 269 237 302 volebat
260 268 361 300 videri
386 267 525 298 maxime
549 264 736 307 religioS11S‚
761 264 820 295 sed
839 264 944 304 magis
963 263 1082 294 abhor-

105 314 198 344 rebat
215 322 235 343 α
259 310 413 351 coniugio
432 308 654 345 sacerdotum,
678 317 777 348 quam
801 307 842 337 ab
866 305 933 336 ulla
952 304 1016 337 alia
1034 315 1081 337 re.

191 353 256 393 Sed
279 353 364 394 apud
381 351 504 383 multos
527 350 612 382 alios
635 360 701 381 non
724 348 907 386 infirmitas,
926 349 986 379 sed
1009 358 1082 389 per-

105 397 223 429 tinacia
256 402 290 426 et
319 393 441 426 malitia
474 394 558 434 parit
594 392 795 424 offensiones
829 401 888 422 seu
922 389 1081 422 scandala

105 439 315 475 pharisaica,
339 444 391 475 ut,
423 447 496 469 cum
518 436 551 467 in
576 435 813 467 controversiis
836 432 1004 475 profertur
1026 444 1080 465 ve-

103 483 201 520 ritas,
230 480 322 512 multi
352 479 510 517 fremunt,
539 479 765 520 indignantur,
794 477 982 517 concipiunt
1006 477 1081 508 odia

103 520 247 557 Gainica.
294 523 434 564 Propter
462 521 541 553 talia
571 519 730 552 scandala
762 530 815 550 res
845 520 933 550 bona
955 529 1022 550 non
1045 518 1081 549 fit

101 566 197 599 mala.
244 567 309 608 lpsi
333 575 373 596 ex
402 575 441 596 se
470 565 609 607 gignunt
640 562 696 594 illa
726 563 876 594 immania
905 562 997 599 odia,
1024 571 1080 592 res
1103 548 1106 606 Ι

100 612 173 651 ipsa
195 616 263 641 non
286 608 389 640 affert.

186 652 236 683 Ex
269 651 387 683 eadem
426 650 635 681 distinctione
666 646 814 680 scandali
842 649 971 680 discant
1003 648 1080 679 ado—

101 695 267 727 lescentes
302 694 505 735 respondere
539 693 634 723 etiam
670 692 712 723 ad
746 692 811 723 hoc
841 698 1080 733 argumentum,

102 738 189 780 quod
214 742 371 779 perpetuo
389 737 486 767 nobis
511 735 665 766 obiiciunt
692 734 862 775 Papistac:

189 797 356 828 ScamlaIa
378 800 451 827 sunt
473 795 620 827 vitanda.
1104 818 1106 841 Ι

194 839 256 871 Vos
285 838 466 870 ΙΛιίΙισι-ιιηί
491 839 658 869 excitastis
691 837 897 873 scandalum,
929 836 1005 877 quia
1025 833 1080 874 fe-
1104 851 1106 862 ·

272 882 363 913 m'stzts·
380 883 585 913 secessionem
604 881 646 913 ab
671 880 814 911 Ecclesia
840 879 997 910 Romana.
1104 868 1107 906 Ῐ

192 924 280 967 Erqo
297 926 379 956 male
397 923 535 964 fecistis.
1104 943 1107 973 ι

187 992 386 1033 Respondeo
417 993 459 1023 ad
488 992 656 1023 Maiorem.
702 990 762 1022 Est
791 990 954 1039 quoddam
985 999 1081 1021 scan-

101 1034 210 1067 dalum
245 1035 429 1073 vitandum,
471 1035 559 1076 quod
599 1044 763 1075 nunquam
797 1033 983 1064 iaciendum
1017 1039 1081 1071 est,

103 1076 253 1110 videlicet
288 1077 422 1109 laedere
447 1076 550 1115 alios,
580 1084 635 1108 aut
658 1076 768 1107 facere
787 1076 1021 1107 distractiones
1046 1085 1082 1106 re
1104 1052 1107 1108 Ι

102 1120 199 1159 mala,
234 1121 266 1152 id
293 1126 356 1158 est,
387 1119 474 1151 mato
505 1121 671 1162 dogmate,
701 1126 756 1150 aut
784 1117 880 1149 malis
911 1117 1107 1159 exemplis!

103 1163 176 1195 Alia
200 1174 280 1195 vero
304 1170 380 1194 simt
411 1162 570 1194 scandala
596 1161 800 1203 pharisaica,
830 1162 887 1192 ubi
910 1161 1081 1192 Pharisaei
1104 1160 1107 1205 Ι

102 1212 133 1238 et
156 1205 273 1238 horum
298 1204 422 1236 similes
446 1205 656 1237 offenduntur
680 1206 780 1236 rebus
792 1205 887 1235 bonis
911 1211 943 1235 et
966 1213 1081 1236 neces·
1104 1207 1107 1247 ξ

101 1250 208 1281 sartis.
255 1248 346 1280 Haec
368 1258 476 1290 neque
499 1254 640 1289 possunt
662 1247 770 1285 vitari,
793 1257 856 1278 nec
880 1247 1000 1278 debent
1024 1247 1082 1277 im·

100 1292 224 1333 pedire,
248 1302 313 1333 quo
336 1292 443 1323 minus
467 1292 534 1328 fiat,
557 1291 646 1332 quod
669 1296 792 1322 rectum
817 1295 849 1321 et
871 1290 994 1321 iustum
1018 1295 1081 1328 est,

101 1336 163 1366 nisi
192 1334 300 1366 Deum
328 1335 454 1375 ipsum,
488 1340 521 1365 et
554 1332 747 1375 religionem
782 1343 910 1364 omnem
939 1333 1083 1364 abiicere

101 1375 252 1408 velimus.
554 1378 557 1380 ’

188 1419 316 1451 Citamr
340 1419 428 1460 apud
452 1418 631 1449 Eusebium
664 1418 828 1459 quoddam
855 1419 977 1449 dictum
1000 1417 1082 1449 Dio·
1105 1414 1108 1453 Ι

102 1463 186 1504 nysii
217 1461 390 1493 Corinthii:
421 1460 496 1492 Non
524 1462 626 1491 minus
658 1464 823 1501 peccatam
849 1465 897 1491 est
924 1461 1080 1498 Schisma,

103 1511 197 1545 quam
220 1504 419 1535 Idololatria.
466 1503 538 1534 Hoc
569 1504 690 1535 dictum
719 1510 768 1534 est
800 1504 931 1545 quidem
954 1513 1081 1540 verum,

103 1549 163 1578 sed
192 1553 298 1578 tamen
334 1552 384 1577 est
414 1546 622 1588 Hyperbole,
658 1547 733 1588 quia
763 1551 893 1587 oportet
929 1546 1081 1577 constitui

103 1590 239 1629 gradus.
297 1588 450 1620 Schisma
480 1587 660 1630 aliquando
692 1589 790 1619 habet
820 1589 1081 1620 excusationem.

102 1630 292 1671 Idololatria
323 1641 489 1672 nunquam
521 1631 620 1662 habet
651 1632 911 1662 excusationem.
960 1597 1108 1674 Loqui-¹

101 1678 154 1707 nir
177 1682 285 1707 autem
309 1673 490 1716 Dionysius
514 1674 556 1705 de
580 1673 779 1712 Schismate,
803 1674 892 1715 quod
915 1674 1019 1705 oritur
1041 1683 1082 1704 ex
1105 1675 1108 1696 ¹

102 1716 187 1749 i'also
222 1728 282 1749 seu
315 1715 402 1749 malo
431 1717 597 1758 dogmate,
631 1722 663 1748 et
694 1717 882 1748 nominatim
913 1716 978 1747 hoc
1001 1717 1077 1747 dicit
1105 1701 1108 1750 ἶ

102 1767 217 1792 contra
252 1759 418 1792 Catharos
453 1769 514 1791 seu
549 1760 773 1797 Novafflanos,
808 1761 864 1801 qui
899 1760 1107 1801 negabant,³

100 1802 204 1845 lapsis
228 1810 303 1845 post
327 1802 529 1845 Baptismum
552 1803 695 1834 reditum
722 1812 800 1834 esse
830 1803 871 1834 ad
895 1801 1082 1833 Ecclesiam

101 1856 161 1888 per
184 1846 427 1889 poenitentiam.

186 1888 362 1921 Novatiani
385 1888 434 1920 sic
457 1888 532 1919 dicti
555 1893 632 1919 sunt
654 1899 674 1919 a
696 1888 840 1926 Novato,
864 1887 993 1919 sedhic
1015 1897 1082 1918 non

103 1934 227 1973 primus
251 1937 348 1963 autor
370 1930 430 1963 fuit
453 1931 523 1962 eius
546 1931 687 1968 erroris,
715 1931 775 1962 sed
806 1929 964 1962 defensor
987 1940 1082 1971 prae-

103 1975 228 2016 cipuuS.
284 1974 366 2005 Nam
401 1972 553 2005 Meletius
592 1974 625 2005 in
666 1972 818 2005 Ecclesia
855 1973 1082 2004 Alexandrina

104 2019 227 2058 primus
261 2017 350 2049 hunc
381 2027 528 2048 errorem
558 2017 699 2058 sparsit,
729 2018 781 2048 cui
809 2017 1008 2048 adversatus
1032 2022 1083 2047 est

105 2060 223 2092 Petrus
246 2059 434 2101 Episcopus
458 2058 712 2091 Alexand-”inus

189 2103 406 2134 Nominarunt
430 2113 468 2133 se
496 2103 549 2133 isti
573 2101 735 2134 Catharos
759 2102 930 2144 καθαροὺς,
962 2102 994 2133 id
1018 2109 1080 2139 est,

103 2155 207 2188 puros
231 2152 263 2177 et
287 2147 444 2184 mundos,
469 2151 499 2176 et
528 2151 662 2186 propter
687 2145 875 2186 opinionem
899 2145 1082 2176 sanctitatis

104 2189 291 2220 habuerunt
349 2198 502 2230 magnam
547 2187 777 2230 frequentiam.
846 2188 1082 2219 Adhaercbant

106 2231 236 2273 plurimi
267 2230 413 2269 Meletio,
448 2231 567 2272 quibus
591 2232 766 2263 videbatur
788 2232 940 2262 doctrina
974 2231 1082 2271 ipsius

105 2273 302 2316 religiosior.
349 2273 388 2304 Et
422 2272 505 2304 haec
529 2283 647 2316 magna
670 2275 782 2316 specie
807 2274 991 2316 occupabat
1016 2273 1082 2304 ani-

105 2327 178 2349 mos
202 2317 523 2358 superstitiosorum,
548 2317 634 2348 sicut
656 2327 786 2358 semper
797 2317 924 2348 stoicae
948 2315 1080 2357 phanta-

106 2361 174 2392 siae
208 2360 395 2391 dementant
427 2358 589 2391 homines.
643 2359 761 2391 Putant
796 2359 978 2402 gloriosum
1008 2369 1084 2391 esse

106 2409 277 2445 praestare
306 2402 403 2434 talem
431 2402 669 2441 constantiam,
700 2409 733 2434 ut
762 2414 827 2434 non
858 2402 995 2441 labaris.
1018 2413 1083 2434 non
1106 2418 1111 2438 ι
1134 2403 1210 2434 mini
1243 2410 1366 2434 mutant
1402 2405 1433 2434 in
1458 2404 1593 2435 idolum.

105 2455 228 2487 pecces
252 2452 328 2488 post
352 2446 558 2487 baptismum.
605 2444 710 2476 Hodie
733 2445 976 2484 Enthusiastae,
996 2448 1084 2479 Ana-

106 2490 287 2530 baptistae,
320 2497 351 2520 et
382 2487 507 2520 similes
537 2489 676 2520 eundem
704 2498 848 2521 errorem
873 2489 1031 2527 retinent,
1054 2494 1084 2520 et

108 2533 293 2563 dementant
314 2531 465 2563 homines
489 2532 602 2573 specie
625 2532 880 2573 superstitionis.
921 2532 1005 2567 Quia
1028 2531 1084 2563 Di-

107 2573 225 2606 abolus
261 2584 392 2616 semper
420 2573 518 2606 babet
553 2575 585 2605 in
620 2575 740 2606 mundo
773 2585 853 2606 suos
887 2573 1085 2613 monachos,

109 2618 166 2648 sed
202 2627 267 2649 non
301 2626 430 2659 semper
459 2618 574 2649 iisdem
606 2616 745 2649 cucullis
774 2627 834 2649 eos
860 2618 974 2650 induit.
1020 2617 1085 2650 ‘Det

787 168 1002 202 PosTlLLA
1031 167 1429 200 MELANTHONI'ANA.

2068 173 2110 206 38

1134 261 1244 301 Zeuffcl
1270 263 1317 293 hut
1342 263 1459 304 allmegr
1493 263 1560 294 feim-
1575 263 1710 302 Ἧῖὀηὼε,
1733 275 1760 295 »fr
1776 265 1863 305 3eudit
1887 266 1935 300 itm
1959 268 2024 297 uber
2035 267 2108 300 nicht

1135 305 1189 336 nne
1231 304 1351 337 einerlen
1385 306 1508 341 stonum
1547 314 1594 337 an.
1651 306 1758 339 Habet
1791 306 1910 339 multos
1946 308 2109 348 cucullo-5

1133 348 1253 390 quibus
1287 348 1409 378 vestire
1443 352 1551 389 potest
1585 358 1665 379 suos
1699 349 1900 388 monachos,
1934 356 1966 382 et
2001 359 2109 383 tamen

1134 391 1273 422 subinde
1296 391 1430 421 eosdem
1452 398 1506 422 aut
1531 390 1654 422 similes
1677 402 1807 424 errores
1827 394 2029 425 admirantur
2050 393 2108 425 ho:

1133 435 1255 468 mines,
1294 443 1434 475 quorum
1475 441 1601 464 mentes
1641 440 1793 466 tenentur
1827 437 1978 478 captivae
2013 435 2108 469 falsis

1133 476 1355 518 opinionibus.

1217 518 1372 550 Meletius
1395 520 1621 561 exaggerabat
1640 517 1759 561 lapsus
1783 527 1813 551 et
1833 528 1970 562 peccata
1982 532 2108 560 eorum,

1133 563 1186 603 qui
1202 561 1403 593 defecissent
1421 572 1440 592 a
1464 562 1687 600 consessione,
1711 566 1742 593 et
1755 565 2029 604 contempsissent
2045 565 2109 596 De-

1131 615 1196 636 um.
1242 604 1383 636 Dicebat
1404 605 1573 647 indignum
1596 612 1674 636 esse
1698 605 1781 637 tales
1804 607 1914 647 recipi.
1960 607 2031 638 Etsi
2055 616 2110 639 au—

1131 653 1197 679 tem
1216 646 1330 690 lapsus
1354 657 1419 678 non
1443 653 1519 679 sunt
1541 648 1757 686 extenuandi,
1792 655 1899 680 tamen
1925 661 1988 681 non
2013 651 2110 681 debet

1132 691 1265 733 negari,
1295 691 1371 732 quin
1401 691 1510 722 redire
1536 691 1668 732 possint
1696 689 1779 731 lapsi
1803 692 1844 722 ad
1867 693 2110 733 poenitentiam,

1132 740 1162 764 et
1192 733 1279 774 quod
1309 734 1516 774 poenitentes
1547 734 1611 764 sint
1651 734 1846 775 recipiendi,
1881 734 1966 770 Quia
1991 736 2110 768 dicitur

1133 775 1326 807 clarissimis
1349 777 1477 807 verbis:
1509 777 1701 818 septuagies
1731 778 1854 817 septies
1880 778 2023 809 remittes
2047 777 2110 809 fra-

1132 819 1173 849 tri
1189 823 1255 850 tuo.
1286 818 1327 849 Et
1340 818 1461 850 Paulus
1485 820 1600 861 recipit
1613 819 1816 851 Corinthium
1831 820 2004 859 incestum,
2017 819 2110 852 Chri-

1133 867 1203 892 stus
1235 862 1351 902 recipit
1373 861 1517 893 Petrum.
1561 860 1653 893 Talia
1676 863 1862 894 testimonia
1897 870 1928 893 et
1960 862 2108 905 exempla

1105 916 1106 919 ¹
1132 903 1232 936 multa
1256 911 1344 942 sunt,
1367 914 1452 946 quae
1477 905 1594 936 Petrus
1608 903 1850 936 Alexandrinus
1876 907 2028 947 opposuit
2041 906 2108 937 Me-

1132 946 1224 985 letio,
1249 946 1401 990 allegatis
1426 948 1522 979 etiam
1547 946 1705 990 exemplis
1728 949 1847 989 prioris
1870 947 2054 987 Ecclesiae,
2077 956 2110 981 ut

1134 1000 1207 1021 cum
1236 989 1377 1021 loannes
1407 989 1590 1031 Apostolus
1627 991 1740 1032 recipi:
1777 991 1973 1033 discipulum
2003 1002 2110 1029 suum,

1133 1033 1187 1074 qui
1211 1031 1316 1064 fuerat
1340 1032 1447 1064 sactus
1472 1034 1538 1065 dux
1556 1032 1732 1065 latronum.

1218 1075 1270 1107 De
1293 1076 1357 1106 hoc
1381 1086 1462 1119 ergo
1487 1075 1683 1114 Schismate,
1707 1077 1795 1118 quod
1815 1075 1967 1108 Meletius
1992 1084 2020 1108 et
2046 1076 2111 1108 No-

1133 1119 1253 1149 tatiani
1287 1116 1452 1150 faciebant
1486 1129 1525 1150 ex
1561 1118 1649 1150 malo
1673 1120 1843 1162 dogmate,
1879 1118 1966 1151 valet
1989 1120 2111 1152 dictum

1134 1161 1286 1203 Dionysii
1305 1161 1477 1193 Corinthii.
1513 1162 1554 1193 Et
1578 1163 1618 1194 de
1640 1162 1705 1194 hoc
1728 1173 1841 1194 verum
1866 1168 1916 1194 est
1940 1172 2111 1205 argumen-

1132 1209 1197 1235 tum
1211 1215 1219 1234 z

1219 1264 1384 1296 Scandala
1407 1270 1483 1295 sunt
1503 1266 1639 1296 cumula.

1219 1309 1364 1338 Jleletius
1382 1309 1461 1346 fecit
1483 1309 1670 1339 scandalum
1693 1311 1832 1340 excitato
1857 1309 2044 1340 Schismate.

1219 1348 1306 1389 Eryo
1328 1352 1473 1381 Melectus
1495 1353 1652 1382 scelerate
1670 1353 1761 1391 fecit.

1219 1416 1341 1448 Paulus
1366 1418 1464 1449 dicit:
1486 1419 1603 1450 Omnia
1623 1419 1664 1450 ad
1688 1417 1825 1461 gloriam
1849 1418 1911 1450 Dei
1936 1417 2053 1456 facite,
2078 1426 2109 1450 et

1133 1470 1198 1491 non
1233 1461 1306 1491 sitis
1342 1460 1502 1492 scandalo
1532 1461 1713 1493 Ecclesiae.
1761 1462 1828 1493 Sed
1859 1472 1923 1493 non
1948 1461 2035 1493 valet
2058 1472 2109 1493 ar-

1134 1509 1321 1576 gumegtum
1345 1503 1550 1544 Papistarum
1575 1505 1737 1536 adversus
1772 1511 1905 1536 nostras
1929 1504 2112 1542 Ecclesias,

1134 1554 1207 1577 cum
1254 1551 1358 1576 {cuntt

1219 1607 1295 1637 Non·
1308 1611 1381 1637 san!
1399 1608 1554 1646 facienda
1576 1609 1737 1638 scandala.

1221 1647 1307 1688 Ergo
1336 1659 1389 1680 ros
1412 1651 1586 1680 Lutlaeerani
1614 1660 1677 1681 non
1699 1650 1852 1681 debuistis
1872 1653 1985 1690 facere
2008 1660 2111 1682 seces—

1305 1695 1426 1722 sionem
1455 1693 1495 1723 ab
1517 1702 1554 1723 eo
1574 1702 1726 1733 corpore,
1748 1694 1832 1732 quod
1852 1698 1983 1724 vocatur
2005 1695 2111 1725 Eccle—

1308 1737 1358 1765 sae'a
1380 1736 1534 1766 Romarm.

1219 1801 1302 1832 Nam
1362 1802 1426 1833 uod
1468 1802 1676 1834 offenduntur
1711 1802 1866 1844 Papistae
1906 1803 2110 1835 seiunctione

1133 1850 1247 1875 nostra
1271 1846 1312 1875 ab
1366 1843 1488 1876 eclesia
1512 1845 1678 1876 Romana:
1712 1847 1743 1876 id
1769 1846 1993 1878 Pharisaicum
2017 1856 2113 1878 scan-

1134 1886 1243 1919 dalum
1268 1895 1336 1918 est:
1359 1887 1483 1919 Verum
1506 1889 1537 1919 in
1557 1887 1726 1920 scandalis
1751 1888 1953 1921 pharisaicis
1982 1895 2112 1930 oportet

1135 1931 1321 1969 diiudicari,
1356 1941 1440 1972 quae
1464 1931 1528 1962 sint
1551 1932 1757 1969 necessaria,
1792 1930 1901 1973 qualia
1925 1938 2000 1964 sunt
2023 1942 2113 1963 man-

1135 1974 1211 2004 data
1234 1973 1308 2011 Dei,
1332 1974 1372 2005 de
1395 1974 1513 2015 quibus
1540 1973 1693 2006 Ezechiel
1716 1975 1833 2016 inquit:
1868 1974 1902 2005 ln
1928 1975 2113 2016 praeceptis

1134 2017 1216 2047 meis
1240 2014 1417 2055 ambulate,
1443 2023 1472 2048 et
1493 2028 1558 2048 non
1582 2018 1613 2048 in
1631 2019 1817 2058 praeceptis
1843 2024 1970 2059 patrum
1984 2024 2112 2050 vestro-

1134 2070 1216 2090 rum.
1262 2059 1330 2090 Sed
1358 2070 1443 2101 quae
1473 2068 1548 2091 sunt
1573 2059 1647 2092 illae
1671 2070 1793 2091 causae
1816 2061 2046 2099 necessariae,
2079 2066 2113 2092 ut

1134 2108 1166 2133 te
1190 2102 1347 2144 seiungas
1371 2113 1389 2133 a
1413 2103 1585 2144 Papistis?
1629 2103 1846 2144 Respondeo:
1869 2102 1905 2134 Si
1928 2105 2000 2144 quis
2025 2102 2112 2134 aliud

1133 2144 1349 2187 Evangelium
1374 2146 1535 2184 docuerit,
1559 2147 1732 2177 anathema
1757 2147 1808 2177 sit.
1854 2145 1985 2177 Docent
2003 2150 2112 2177 autem

1135 2187 1289 2230 Papistae
1323 2187 1430 2219 aliena
1463 2190 1505 2220 ab
1528 2188 1725 2231 Evangelio.
1770 2189 1845 2220 Non
1880 2195 1968 2220 recte
1993 2189 2114 2219 docent

1135 2232 1177 2262 de
1199 2230 1292 2273 lege,
1315 2231 1356 2263 de
1379 2238 1536 2272 peccato,
1561 2233 1601 2263 de
1624 2231 1826 2274 Evangelio,
1852 2232 1891 2262 de
1917 2232 2112 2263 remissione

1134 2280 1358 2314 peccatorum,
1381 2282 1412 2305 et
1437 2274 1614 2306 defendunt
1640 2275 1849 2316 pertinaciter
1871 2272 1948 2305 illos
1966 2283 2111 2306 errores.

1135 2317 1263 2348 Habent
1287 2316 1493 2349 manifestam
1511 2317 1730 2349 idololatriam
1755 2318 1786 2347 in
1818 2317 2046 2354 invocatione,
2081 2323 2112 2348 et

1136 2359 1225 2391 cultu
1248 2366 1449 2398 sanctorum,
1475 2360 1652 2392 Prohibent
1677 2360 1850 2401 coniugia,
1874 2358 2021 2391 Coenam
2045 2359 2112 2390 Do—

1639 2403 1729 2434 Haec
1762 2400 1901 2444 exempli
1936 2413 2039 2434 causa
2062 2412 2113 2434 re-

1135 2456 1271 2484 censeo,
1307 2446 1391 2482 Quia
1415 2448 1445 2478 in
1480 2447 1609 2489 magnis
1645 2447 1755 2477 causis
1788 2450 1919 2486 oportet
1950 2446 2045 2477 nobis
2080 2446 2112 2475 in

1134 2494 1286 2531 promptu
1320 2499 1397 2521 esse
1430 2500 1550 2533 magna
1583 2496 1612 2520 et
1647 2488 1787 2520 illustria
1818 2495 2025 2530 argumenta,
2059 2486 2112 2518 De

1134 2533 1247 2573 parvis
1272 2533 1372 2564 rebus
1395 2543 1459 2563 non
1484 2538 1558 2563 sunt
1582 2533 1764 2563 movendae
1788 2531 2029 2562 contentiones·

1221 2574 1340 2617 Cogita
1367 2582 1485 2613 autem,
1510 2585 1606 2616 quam
1630 2575 1672 2606 sit
1695 2580 1779 2606 tetra
1802 2572 2005 2612 idololatria,
2024 2573 2112 2615 quod

1134 2616 1284 2649 homines
1319 2619 1535 2659 procumbunt
1571 2618 1612 2649 ad
1646 2623 1786 2654 staturs,
1821 2624 1851 2648 et
1887 2617 2041 2648 invocant
2066 2616 2111 2652 id,

1925 2676 1961 2699 a·
