2324 2958
139 163 205 197 855

226 256 289 288 Hic
313 255 500 287 mandatum
523 260 585 288 est,
608 259 644 286 ut
666 252 853 295 Prophetas
875 253 1064 290 audiamus,
1087 257 1121 283 et

140 301 319 336 discamus,
354 304 387 330 et
420 298 672 329 consideremus
705 302 898 338 perpetuam
926 295 1120 337 sapientiam

139 342 291 378 illorumg
325 348 358 373 et
391 347 443 372 est
476 339 663 372 consolatio
698 340 739 371 de
762 339 980 380 perpetuitate
1003 337 1120 369 Eccle*

138 396 219 418 siae.

227 428 414 459 Benedfcste
437 427 469 457 in
493 425 670 463 Ecclesia}
693 425 727 456 id
749 431 812 463 est,
842 423 1010 455 celebrate
1031 422 1120 454 hunc

142 471 251 503 Deum
274 470 504 502 consentiente
532 478 617 500 voce
644 474 676 500 et
710 468 918 499 invocatione
942 476 1015 498 cum
1039 465 1120 496 Pro-

140 513 250 556 phetis
273 519 305 545 et
329 512 497 551 Patribus,
520 512 607 543 sicut
629 520 691 542 nos
713 511 926 542 invocamus:
956 508 1003 539 Te
1026 508 1120 539 invo-

139 567 180 590 co
204 557 424 597 omnipotens,
446 560 479 586 et
501 555 577 586 vive
599 553 706 592 Deus,
728 558 862 585 aeterne
886 551 983 583 Pater
1004 549 1120 582 Domi·

140 600 174 631 ni
198 601 302 631 nostri
321 598 396 631 Iesu
410 597 544 636 Christi,
567 597 720 629 conditor
742 597 886 627 omnium
907 604 1028 632 rerum,
1052 604 1119 625 una

139 653 215 675 cum
238 641 333 680 Filio,
356 647 389 673 et
412 641 537 683 Spiritu
559 646 690 678 sancto,
724 639 870 680 sapiens,
898 638 997 675 bone,
1021 647 1118 678 quem

139 686 338 718 invocarunt
371 690 484 726 patres
519 684 638 722 nostri,
667 681 849 719 Abraham,
874 680 981 718 Isaac,
1004 679 1118 718 Iacob,

138 727 303 760 Iohannes
338 728 502 770 Baptista,
535 725 670 758 Paulus.
715 725 946 766 Adiungamus
968 729 1118 754 nostram

139 772 389 803 invocationem
427 771 469 802 nd
511 770 611 801 totius
645 767 818 800 Ecclesiae
863 766 1117 798 invocationem.

139 814 232 847 Idem
255 815 377 847 dictum
397 812 520 845 Psalmi
543 813 642 844 etiam
665 812 707 843 ad
729 809 902 842 Ecclesiae
924 809 1118 850 descriptio·

139 867 215 890 nem
238 857 484 890 accomodari
506 861 628 898 potest,
651 861 682 886 et
707 854 815 885 debet.

139 1023 284 1065 Posset
314 1023 410 1064 dici:
448 1031 481 1058 tu
509 1026 607 1058 multa
631 1025 785 1056 hactenus
806 1024 923 1055 dareta·
949 1023 989 1054 de
1011 1023 1119 1054 Eccle-

254 1098 318 1135 sia,
341 1096 400 1128 sed
422 1095 478 1128 ubi
496 1099 545 1127 est
567 1094 734 1144 Eodem?
755 1093 817 1132 vel,
838 1092 917 1134 quid
939 1091 1006 1123 est?

226 1199 439 1242 Respondeo.
484 1198 531 1229 Ibi
549 1203 602 1229 est
621 1195 795 1234 Ecclesia,
827 1195 884 1226 ubi
906 1200 983 1226 sunt
1008 1194 1120 1226 sontes

139 1242 252 1276 Israel.
283 1243 375 1274 Haec
398 1248 449 1273 est
472 1239 637 1278 Ecclesia,
661 1249 746 1281 quae
769 1237 976 1280 amplectitur
999 1238 1119 1270 doctri-

139 1298 215 1320 nam
240 1285 482 1327 Prophetarum
504 1290 538 1315 et
559 1281 807 1324 Apostolorum.
831 1280 929 1312 Turci
951 1290 1019 1312 non
1042 1286 1122 1312 sunt

139 1329 306 1366 Ecclesia,
325 1338 386 1359 nec
398 1327 566 1367 Papistae,
588 1331 828 1367 persequentes
842 1323 1025 1355 doctrinam
1038 1323 1120 1354 Pro-

138 1374 305 1415 pheticam
328 1380 360 1402 et
380 1368 621 1411 Apostolicam.
666 1367 735 1400 Sed
758 1366 814 1398 ille
837 1372 954 1399 coetus
982 1372 1034 1397 est
1057 1365 1120 1397 Ec-

139 1416 255 1454 clesia,
279 1415 333 1456 qui
357 1412 567 1454 amplectitur
589 1411 821 1452 Propheticam
844 1416 875 1440 et
890 1407 1119 1449 Apostolicam

139 1460 335 1491 doctrinam.
380 1455 461 1488 Vult
491 1454 676 1486 Ecclesiam
705 1452 873 1495 alligatam
896 1461 974 1483 esse
996 1451 1038 1482 ad
1061 1461 1120 1483 vo-

140 1512 211 1535 cem
234 1501 416 1537 doctrinae,
441 1506 476 1531 ut
499 1500 657 1535 sciamus.
680 1497 735 1528 ubi
758 1496 950 1539 quaerenda
972 1495 1025 1525 sit.

228 1544 276 1576 lbi
298 1543 466 1575 Beniamin
489 1541 757 1577 adolescentulus,
779 1540 814 1570 in
835 1539 949 1570 mentis
966 1541 1120 1577 excessu-J

142 1589 176 1620 In
201 1588 355 1619 Hebraeo
378 1593 449 1617 est:
471 1595 599 1626 parmas
621 1587 651 1615 et
673 1584 861 1614 dominator
883 1591 1002 1613 eoi-um.
1047 1580 1122 1612 Hoc

139 1633 373 1673 interpretatur
396 1630 436 1660 de
456 1627 572 1660 Paulo.
618 1627 667 1657 Sit
691 1636 784 1657 sane.
841 1623 937 1660 Quod
968 1625 1066 1656 etiam
1088 1624 1121 1655 in

140 1675 259 1706 Latina
283 1673 438 1704 versione
461 1672 591 1708 dicitur,
614 1670 654 1700 de
676 1679 807 1701 arces-su
828 1669 954 1705 mentis,
977 1667 1009 1699 id
1029 1665 1123 1699 intel-

140 1716 162 1750 Ii
199 1724 245 1749 mt
280 1717 320 1747 de
355 1722 444 1746 motu
479 1715 603 1751 divine,
638 1714 680 1744 de
703 1712 816 1744 affiatu
842 1711 905 1743 Dei
927 1721 1022 1749 vcro,
1056 1721 1123 1742 non

143 1762 175 1793 ia
191 1759 274 1792 laci:
310 1759 393 1794 Quia
419 1757 542 1789 Paulus
565 1755 726 1787 miraculo
750 1756 792 1786 sit
815 1760 968 1788 vocatus,
1002 1760 1033 1785 et
1056 1764 1123 1785 ma·

143 1814 210 1848 gno
233 1804 342 1834 animo
367 1802 517 1832 docuerit
543 1799 768 1841 Evangelium.

231 1845 400 1886 Principes
425 1844 517 1881 luda,
551 1844 648 1874 duces
670 1852 788 1879 nomem,
824 1841 995 1881 Principes
1018 1839 1124 1871 Zabu-

142 1892 204 1921 lon.
231 1888 401 1928 Principes
426 1887 655 1927 Νο·μ1ιίΙιιιΙι“ιη.Ι
689 1884 767 1916 Vult
790 1885 918 1916 dicere:
936 1882 1126 1915 Ecclesiam

143 1932 255 1974 colligi
279 1942 319 1963 ex
344 1931 497 1962 omnibus
522 1930 683 1961 tribubuS.
718 1928 872 1959 Nominat
896 1934 1004 1958 autem
1028 1925 1124 1957 Prin-

144 1978 244 2018 cipes,
280 1985 355 2006 cum
388 1980 496 2004 tamen
532 1982 647 2003 ornnes
672 1969 850 2013 intelligat.
882 1971 959 2012 quia
981 1968 1125 2011 loquitur

113 2057 117 2061 ¹
144 2021 187 2051 de
211 2019 364 2049 omnibus
388 2016 582 2052 conversis,
611 2015 652 2046 de
675 2015 827 2045 omnibus
851 2012 1126 2054 amplectentibus

144 2061 373 2103 Evangelium.
419 2060 486 2092 Sed
510 2058 634 2091 Paulus
658 2065 690 2089 et
712 2055 868 2099 Apostoli
899 2062 976 2088 sunt
997 2055 1125 2096 praeci-

142 2117 208 2148 pua
232 2105 388 2135 membra.

231 2148 387 2188 Sequitur
411 2145 567 2187 precatio.
614 2142 744 2185 Collige
763 2149 808 2179 tu,
832 2152 942 2179 serva,
965 2151 1045 2183 rege
1064 2137 1124 2172 Ec-

145 2191 278 2223 clesiam
304 2203 324 2221 υ
350 2190 450 2221 Deus.
499 2188 628 2219 Mandu
665 2187 752 2216 Dens
785 2186 899 2217 cirrus!
920 2187 1018 2223 inae-l
1065 2183 1125 2214 Est

143 2235 299 2266 usitatum
333 2242 459 2275 ponere
493 2231 618 2269 δύναμιν
640 2241 701 2271 pro
724 2229 891 2260 exercitut
927 2229 958 2259 id
982 2233 1043 2264 est,
1077 2227 1124 2257 sis

145 2285 180 2309 tu
203 2278 321 2308 doctor
333 2276 500 2307 exercitus
524 2275 584 2311 tui;
607 2274 683 2315 quia
697 2273 799 2304 duces
818 2271 1019 2313 praecedunt
1033 2279 1123 2302 exer-

145 2323 242 2358 citus,
278 2320 363 2351 unde
386 2325 419 2350 et
443 2328 562 2349 nomen
588 2317 718 2348 liabent.
785 2315 910 2346 Noster
944 2314 1125 2355 Imperator

144 2363 209 2395 hoc
238 2363 386 2393 servavit
420 2362 451 2392 in
475 2361 608 2399 castris,
641 2359 826 2401 praecessit
849 2359 856 2389 i
883 2369 939 2395 sc,
974 2364 1005 2388 et
1028 2357 1123 2387 iussit

145 2408 325 2439 verberare
349 2405 479 2443 milites,
498 2404 552 2446 qui
576 2403 809 2434 excurrebant.
887 2407 996 2433 eteres
1020 2401 1123 2432 duces

144 2460 274 2490 semper
299 2449 429 2480 suerunt
453 2449 485 2478 in
511 2448 614 2488 prima
637 2447 718 2478 acie.

233 2493 395 2536 stmfiryua
418 2491 477 2522 hoc
503 2491 606 2528 Πρω,
641 2490 727 2530 quot!
756 2491 911 2530 operatu-q
932 2497 966 2519 es
988 2490 1125 2528 propter·

146 2537 294 2577 templum
328 2539 472 2566 sanctum
507 2539 592 2565 tumn
626 2534 658 2563 in
690 2533 918 2570 'lima-calma!
964 2531 997 2562 In
1022 2530 1124 2561 veteri

146 2578 364 2611 translatione
387 2584 450 2615 est,
474 2589 495 2609 a
519 2577 636 2617 templo
657 2580 772 2607 sancto
794 2580 865 2606 tuo.-
889 2575 965 2617 quia
987 2583 1126 2616 praepo·

147 2624 235 2659 sitio,
257 2622 355 2659 Mem,
378 2620 557 2663 aliquando
580 2619 746 2663 significat
768 2623 906 2660 propter
928 2619 1127 2659 (eetcausa-

778 158 891 191 mu..
913 157 1015 191 MEL.
1039 157 1228 191 SCRIPTA
1249 156 1514 190 EXEGETICA.

2087 159 2153 194 856

1171 250 1244 292 lis),
1268 249 1566 292 aliquando'etiam
1587 250 1755 293 significat
1775 261 1875 292 prae:
1906 261 2153 296 nonnunquam,

1173 305 1204 325 a.
1228 293 1338 334 Saepe
1360 291 1606 325 hallucinantur
1627 294 1837 335 interpretes,
1869 294 1903 325 in
1925 293 2056 328 illarum
2078 307 2153 338 par-

1172 335 1349 368 ticularum
1378 336 1544 368 versione.
1588 334 1742 379 Intelligit
1776 342 1886 369 autem
1909 339 2020 379 templi
2039 337 2153 381 appel-

1172 377 1306 416 latione,
1328 377 1524 411 Ecclesiam.
1591 378 1687 411 Hanc
1708 379 1791 421 petit
1812 381 1940 422 augeri,
1962 387 1995 412 et
2018 391 2154 413 conser—

1171 422 1253 453 vari.
1320 421 1399 455 Item
1422 422 1455 453 in
1473 421 1570 453 nobis
1594 421 1676 463 ipsis
1697 422 1777 463 petit
1800 423 1959 462 accendi,
1993 429 2025 456 et
2046 422 2154 457 foveri

1171 464 1272 495 initia.
1318 463 1490 496 Debemus
1512 465 1611 506 igitur
1633 463 1755 506 singuli
1778 466 1944 506 privatim,
1965 472 1999 498 et
2009 466 2154 508 publice,

1171 507 1258 538 idem
1280 513 1394 548 petere
1416 508 1588 549 quotidie,
1610 506 1789 548 deplorare
1810 514 1960 540 nostram
1983 509 2154 542 imbecilli-

1171 555 1283 588 tatem,
1306 556 1339 582 et
1361 560 1522 592 quaerere
1543 549 1702 582 auxilium
1725 560 1745 581 a
1773 549 1858 582 Filio
1880 550 1966 583 Deo.
2030 551 2153 595 Hippo-

1172 599 1282 624 crates
1305 593 1368 625 ait:
1392 593 1520 626 Malum
1542 597 1602 632 est,
1624 603 1694 625 cum
1716 602 1802 625 mens
1825 594 1978 634 laborat,
2009 596 2078 627 sive
2099 606 2153 628 ue-

1168 640 1293 677 yrotat.
1359 635 1488 670 Initium
1522 637 1703 668 curationis
1737 641 1791 668 est
1823 637 1949 669 sentire
1982 639 2154 677 morbum

1171 680 1259 721 quia,
1292 688 1367 711 cum
1400 677 1522 720 aliquis
1544 679 1644 711 sentit
1666 680 1828 718 morbum,
1864 681 1992 721 quaerit
2014 680 2153 722 opitula-

1170 728 1288 754 torem.
1355 719 1544 754 clamemus
1567 722 1667 765 igitur
1689 722 1842 755 assidue:
1877 722 1986 755 Credo
2007 723 2154 765 Domine,

1169 765 1228 797 sed
1253 774 1346 806 opem
1364 763 1422 803 ser
1444 765 1655 797 imbecillitati
1675 776 1771 797 meae.
1839 764 1893 797 Ah
1922 765 2029 804 Deus,
2051 773 2086 799 tu
2106 768 2153 799 in-

1171 807 1302 840 choasti
1325 806 1486 849 colligere
1519 807 1728 839 Ecclesiam:
1758 818 1826 840 non
1848 809 1940 840 sinas
1963 819 2036 841 eam
2059 810 2154 842 dissi-

1170 851 1241 892 pari
1264 859 1392 882 rursus.
1438 849 1488 882 Tu
1511 850 1630 882 dedisti
1652 861 1807 883 auroram
1823 849 1908 884 lucis
1932 858 2016 884 tuae.
2061 851 2154 885 Illam

1171 894 1356 925 doctrinam
1390 891 1534 931 illustra,
1567 903 1650 935 rege
1682 903 1757 932 nos,
1792 891 1846 925 sac
1869 900 1905 926 ut
1927 896 2155 936 respondeant

1170 935 1299 968 fructus
1322 936 1355 967 in
1378 936 1493 973 nobis;
1515 941 1549 968 et
1560 936 1638 972 xhoc
1655 935 1712 967 fiat
1731 941 1871 977 propter
1883 938 2030 978 templum
2053 942 2155 970 tumn:

1171 979 1203 1010 id
1228 985 1289 1019 est,
1312 985 1349 1011 ut
1371 985 1503 1011 crescat
1520 977 1687 1016 Ecclesia,
1720 985 1756 1010 nt
1778 980 1845 1011 sint
1866 981 2063 1021 pauciores,
2097 981 2154 1023 qui

1172 1028 1204 1054 te
1228 1021 1427 1054 contumelia
1449 1020 1610 1060 afficiant,
1633 1027 1667 1053 et
1688 1020 1782 1053 multi
1809 1027 1842 1054 te
1866 1021 2046 1055 celebrent.

1263 1065 1336 1097 Tibi
1356 1064 1494 1105 offerent
1515 1074 1609 1106 reyes
1630 1067 1788 1103 amnem-J
1834 1065 1902 1097 Fac
1925 1072 1959 1097 ut
1987 1066 2155 1109 peregrini

1171 1109 1269 1140 etiam
1291 1119 1390 1150 teges
1413 1108 1595 1149 adiungunt
1617 1117 1655 1139 se
1677 1105 1862 1139 Ecclesiae.

1259 1150 1383 1182 Postea
1405 1156 1572 1192 precatur.
1596 1156 1630 1182 ut
1654 1150 1874 1190 reprimantur
1903 1149 2060 1192 Tyranni.
2106 1150 2155 1183 In·

1172 1204 1273 1234 crepa
1301 1192 1396 1233 serus
1428 1194 1612 1225 ammiinis.
1679 1193 1898 1234 Congreyatio
1930 1198 2102 1225 taurorum
2123 1195 2158 1225 in

1174 1237 1284 1269 vaccis
1293 1237 1497 1277 populorum,
1523 1236 1741 1267 utardudanc
1765 1245 1830 1273 eos,
1854 1237 1912 1277 qui
1926 1237 2063 1277 probati
2082 1240 2158 1269 sunt

1172 1284 1331 1321 amento-1
1377 1279 1451 1311 Hoc
1473 1279 1570 1311 etiam
1592 1289 1659 1310 non
1682 1285 1733 1310 est
1756 1284 1846 1310 recte
1864 1289 2077 1316 conversum,
2101 1280 2156 1312 de-

1173 1323 1274 1354 bebat
1286 1332 1378 1354 esse:
1404 1322 1529 1362 dissipa
1549 1320 1660 1361 seram
1682 1322 1836 1353 iacentem
1858 1322 1943 1352 inter
1966 1322 2157 1360 anmdines,

1172 1369 1203 1397 et
1226 1369 1346 1396 coetum
1368 1364 1576 1396 robustorum
1599 1367 1800 1395 iuvencorum
1813 1373 1882 1395 cum
1895 1364 2013 1396 vindis.
2050 1364 2158 1398 Vocat

1172 1407 1277 1439 seram
1300 1407 1483 1439 arundinis.
1507 1405 1598 1438 illam
1610 1413 1738 1447 partem
1751 1406 1886 1448 generis
1899 1406 2043 1445 humani,
2074 1416 2160 1448 quae

1173 1457 1226 1483 est
1249 1450 1458 1492 persecutrix
1482 1448 1664 1481 Ecclesiae.
1731 1449 1814 1489 Apri
1837 1449 1947 1480 iacent
1970 1449 2004 1480 in
2026 1450 2160 1482 anmdi-

1173 1493 1274 1532 netis,
1298 1494 1329 1525 in
1355 1492 1490 1535 uligine,
1512 1492 1567 1524 vel
1580 1491 1757 1534 uliginosis
1770 1491 1867 1530 Iocis,
1891 1498 1923 1523 et
1938 1492 2162 1535 pinguescunt

1172 1536 1229 1569 ibi.
1263 1535 1321 1569 Sic
1342 1535 1500 1578 Tyranni,
1523 1535 1724 1573 Pontifices,
1746 1535 1821 1567 sind
1844 1536 1901 1566 tvie
1922 1536 1974 1566 ein
1994 1545 2075 1577 yros
2096 1535 2163 1575 sd!

1175 1579 1271 1618 thier,
1306 1580 1368 1611 das
1403 1580 1444 1611 im
1477 1577 1602 1619 smnpff
1630 1579 1655 1609 ln·
1677 1583 1705 1609 t:
1734 1585 1769 1610 ut
1798 1578 1863 1610 hoc
1887 1584 1950 1610 tem
1976 1588 2034 1610 ore
2056 1579 2161 1620 Papa,

1175 1621 1384 1660 Cardinales,
1407 1621 1577 1664 Episcopi,
1602 1628 1634 1653 et
1675 1621 1818 1659 anonici,
1841 1621 1916 1653 sind
1955 1625 2019 1659 en,
2043 1626 2161 1654 mesten

1175 1667 1244 1699 sich
1264 1676 1326 1698 von
1349 1666 1420 1697 dem
1440 1674 1575 1707 gno-§sen
1597 1664 1807 1706 eyukommen.
1854 1663 1984 1697 Interea
2003 1669 2162 1697 exercent

1176 1710 1388 1752 tyrannidem
1413 1709 1446 1740 in
1468 1707 1629 1740 Ecclesia.

1263 1752 1408 1784 Eosdem
1421 1752 1567 1783 nominat
1590 1757 1620 1782 et
1644 1755 1770 1788 tauros,
1794 1757 1824 1782 et
1846 1751 1983 1785 vindos,-
2002 1750 2079 1792 quia
2092 1749 2163 1783 vult

1178 1795 1358 1838 complecti
1382 1801 1487 1827 totam
1510 1793 1687 1826 factionem
1710 1792 1970 1835 hypocriticam,
1998 1803 2085 1835 quae
2107 1793 2161 1826 sui

1202 1845 1358 1877 uaestus,
1379 1837 1479 1875 lucri,
1502 1847 1620 1878 opum,
1645 1838 1811 1878 potentine
1835 1846 1939 1868 causa
1962 1837 2100 1877 opponit
2122 1846 2162 1869 se

1196 1881 1377 1924 'vangeli0‚
1401 1888 1430 1912 et
1446 1881 1613 1912 mordicus
1629 1887 1737 1911 tuetur
1756 1889 1900 1916 errores,
1923 1886 1957 1910 ut
1971 1879 2062 1920 Papa
2085 1889 2161 1912 cum

1178 1935 1240 1957 suo
1275 1930 1374 1956 coctu
1403 1922 1550 1955 defendit
1585 1922 1673 1954 illam
1708 1921 1899 1953 horribilem
1927 1921 2162 1959 idololatriam.

1204 1969 1269 1999 uod
1292 1968 1324 1999 in
1349 1967 1662 2007 circumgestatione
1685 1966 1780 2007 panis
1804 1966 1994 1997 consecrati
2023 1966 2160 1998 circum-

1179 1979 1287 2043 ?erant
1310 2009 1488 2042 Christum.
1515 2009 1585 2040 Hoc
1609 2010 1749 2040 retinent
1773 2015 1908 2050 propter
1930 2015 2082 2040 sanctum
2105 2009 2160 2040 de-

1178 2055 1323 2085 narium:
1357 2054 1432 2095 quin
1456 2059 1504 2083 est
1531 2053 1611 2093 ipsis
1636 2059 1892 2094 quaestuosum:
1927 2058 1959 2083 et
1993 2052 2072 2093 quia
2092 2061 2159 2083 non

1178 2096 1295 2128 volunt
1317 2097 1461 2127 imminui
1484 2106 1576 2126 snum
1601 2096 1790 2136 potentium.

1264 2139 1336 2171 noe
1359 2150 1446 2170 anno
1470 2138 1579 2170 adbuc
1602 2138 1753 2170 Viennae
1775 2138 2000 2170 discurrerunt
2023 2135 2159 2170 nebulo-

1177 2193 1238 2215 nes
1263 2183 1430 2224 }Iispnnici
1458 2181 1669 2223 flagellantes
1692 2191 1740 2213 se..
1768 2181 1927 2212 Homines
1951 2187 2160 2222 praetereun-

1177 2233 1228 2258 tes
1259 2233 1458 2267 exspuerunt
1486 2227 1516 2256 in
1541 2235 1611 2257 eos.
1657 2223 1705 2256 Illi
1729 2231 1837 2256 tamen
1860 2223 2018 2266 perfectis
2047 2222 2161 2265 flagel-

1176 2269 1355 2301 lationibus
1379 2270 1448 2300 suis
1474 2269 1637 2307 dixerunt,
1659 2278 1697 2300 se
1713 2267 1881 2299 delevisse
1899 2267 2008 2299 omnia
2020 2273 2161 2309 peccata

1177 2323 1248 2343 sua.
1296 2312 1407 2354 Magni
1432 2311 1563 2343 Domini
1589 2322 1627 2344 se
1650 2321 1715 2343 non
1741 2310 1782 2342 ssa
1811 2309 1933 2348 ellam,
1952 2310 2013 2342 sed
2038 2309 2160 2342 condu-

1177 2363 1255 2387 cunt
1292 2356 1332 2387 ad
1369 2356 1399 2387 id
1424 2354 1607 2387 nebulones
1630 2354 1727 2386 alios.
1828 2363 1887 2385 aec
1921 2363 2060 2394 prorsus
2083 2359 2160 2386 sunt

1177 2397 1362 2430 Diabolicn.

1265 2442 1371 2473 Vetus
1395 2440 1569 2473 translatio
1593 2451 1732 2483 pronus
1755 2446 1805 2471 est
1818 2440 1975 2476 obscura,
1998 2442 2031 2470 ut
2054 2437 2159 2470 esch-

1177 2486 1257 2516 dmu
1282 2496 1348 2518 eos.
1372 2486 1428 2526 qm*
1446 2485 1582 2525 probati
1601 2488 1673 2515 sumt
1703 2485 1864 2525 amenta]
1932 2481 2039 2514 Debet
2069 2491 2159 2520 esse.

1178 2530 1401 2559 coriculrnnies
1435 2529 1572 2569 poffmlos
1604 2531 1741 2568 propter
1774 2530 1952 2567 strymonem.
2019 2523 2108 2567 Papa
2127 2529 2159 2556 et

1179 2572 1319 2613 Imperia
1342 2570 1542 2603 conculcant
1556 2569 1757 2607 Ecclesiam,
1782 2579 1864 2601 auae
1875 2568 2047 2604 avaritiae,
2070 2578 2159 2609 po·-

1179 2625 1253 2659 pae,
1287 2622 1317 2646 et
1354 2614 1543 2657 splendoris
1571 2624 1684 2647 causa·
1752 2611 1855 2645 Polus
1888 2613 1921 2644 in
1948 2609 2073 2653 Anguis
2095 2610 2159 2643 ia-
