<?xml version="1.0" encoding="UTF-8"?>
<!DOCTYPE html PUBLIC "-//W3C//DTD XHTML 1.0 Transitional//EN"
    "http://www.w3.org/TR/xhtml1/DTD/xhtml1-transitional.dtd">
<html xmlns="http://www.w3.org/1999/xhtml" xml:lang="en" lang="en">
 <head>
  <title>
</title>
<meta http-equiv="Content-Type" content="text/html;charset=utf-8" />
  <meta name='ocr-system' content='tesseract 3.04.00' />
  <meta name='ocr-capabilities' content='ocr_page ocr_carea ocr_par ocr_line ocrx_word'/>
</head>
<body>
  <div class='ocr_page' id='page_1' title='image "./operaquaesupersu24melauoft/operaquaesupersu24melauoft_0409.png"; bbox 0 0 2324 2958; ppageno 0'>
   <div class='ocr_carea' id='block_1_1' title="bbox 165 251 1136 720">
    <p class='ocr_par' dir='ltr' id='par_1_1' title="bbox 165 251 1136 720">
     <span class='ocr_line' id='line_1_1' title="bbox 253 251 1135 296; baseline -0.001 -11"><span class='ocrx_word' id='word_1_1' title='bbox 253 253 289 285; x_wconf 84' lang='lat' dir='ltr'>ln</span> <span class='ocrx_word' id='word_1_2' title='bbox 311 253 369 286; x_wconf 80' lang='lat' dir='ltr'>tali</span> <span class='ocrx_word' id='word_1_3' title='bbox 387 263 496 296; x_wconf 84' lang='lat' dir='ltr'>agone</span> <span class='ocrx_word' id='word_1_4' title='bbox 517 259 551 285; x_wconf 89' lang='lat' dir='ltr'>et</span> <span class='ocrx_word' id='word_1_5' title='bbox 572 251 663 284; x_wconf 86' lang='lat' dir='ltr'>lucta</span> <span class='ocrx_word' id='word_1_6' title='bbox 685 252 839 291; x_wconf 83' lang='lat' dir='ltr'><strong>discitur,</strong></span> <span class='ocrx_word' id='word_1_7' title='bbox 874 259 996 294; x_wconf 88' lang='lat' dir='ltr'>quanta</span> <span class='ocrx_word' id='word_1_8' title='bbox 1018 254 1069 285; x_wconf 83' lang='lat' dir='ltr'>vis</span> <span class='ocrx_word' id='word_1_9' title='bbox 1093 253 1135 284; x_wconf 87' lang='lat' dir='ltr'>sit</span> 
     </span>
     <span class='ocr_line' id='line_1_2' title="bbox 168 295 1135 336; baseline -0.001 -8"><span class='ocrx_word' id='word_1_10' title='bbox 168 295 264 328; x_wconf 88' lang='lat' dir='ltr'>huius</span> <span class='ocrx_word' id='word_1_11' title='bbox 288 297 374 329; x_wconf 82' lang='lat' dir='ltr'>dicti.</span> <span class='ocrx_word' id='word_1_12' title='bbox 418 298 514 329; x_wconf 71' lang='lat' dir='ltr'>Beati</span> <span class='ocrx_word' id='word_1_13' title='bbox 533 297 587 336; x_wconf 83' lang='lat' dir='ltr'>qui</span> <span class='ocrx_word' id='word_1_14' title='bbox 607 305 670 327; x_wconf 86' lang='lat' dir='ltr'>non</span> <span class='ocrx_word' id='word_1_15' title='bbox 693 297 807 334; x_wconf 79' lang='lat' dir='ltr'>vident,</span> <span class='ocrx_word' id='word_1_16' title='bbox 829 300 861 326; x_wconf 85' lang='lat' dir='ltr'>et</span> <span class='ocrx_word' id='word_1_17' title='bbox 875 298 1135 328; x_wconf 76' lang='lat' dir='ltr'>tamencredunt.</span> 
     </span>
     <span class='ocr_line' id='line_1_3' title="bbox 168 337 1135 380; baseline 0.001 -11"><span class='ocrx_word' id='word_1_18' title='bbox 168 337 243 371; x_wconf 81' lang='lat' dir='ltr'>Non</span> <span class='ocrx_word' id='word_1_19' title='bbox 265 339 354 370; x_wconf 78' lang='lat' dir='ltr'>videt</span> <span class='ocrx_word' id='word_1_20' title='bbox 375 338 483 370; x_wconf 82' lang='lat' dir='ltr'>David</span> <span class='ocrx_word' id='word_1_21' title='bbox 506 349 544 371; x_wconf 90' lang='lat' dir='ltr'>se</span> <span class='ocrx_word' id='word_1_22' title='bbox 567 339 668 379; x_wconf 84' lang='lat' dir='ltr'>recipi</span> <span class='ocrx_word' id='word_1_23' title='bbox 690 338 722 369; x_wconf 91' lang='lat' dir='ltr'>in</span> <span class='ocrx_word' id='word_1_24' title='bbox 745 338 908 380; x_wconf 77' lang='lat' dir='ltr'>gratiam,⁴</span> <span class='ocrx_word' id='word_1_25' title='bbox 924 349 997 369; x_wconf 89' lang='lat' dir='ltr'>cum</span> <span class='ocrx_word' id='word_1_26' title='bbox 1026 337 1135 379; x_wconf 82' lang='lat' dir='ltr'>expe!-</span> 
     </span>
     <span class='ocr_line' id='line_1_4' title="bbox 167 378 1135 415; baseline 0.001 -3"><span class='ocrx_word' id='word_1_27' title='bbox 167 378 245 412; x_wconf 71' lang='lat' dir='ltr'>littu-</span> <span class='ocrx_word' id='word_1_28' title='bbox 266 382 298 412; x_wconf 91' lang='lat' dir='ltr'>in</span> <span class='ocrx_word' id='word_1_29' title='bbox 322 381 468 415; x_wconf 78' lang='lat' dir='ltr'>exilium:</span> <span class='ocrx_word' id='word_1_30' title='bbox 489 392 562 413; x_wconf 88' lang='lat' dir='ltr'>cum</span> <span class='ocrx_word' id='word_1_31' title='bbox 585 380 686 412; x_wconf 75' lang='lat' dir='ltr'>filius</span> <span class='ocrx_word' id='word_1_32' title='bbox 710 381 909 412; x_wconf 86' lang='lat' dir='ltr'>contaminat</span> <span class='ocrx_word' id='word_1_33' title='bbox 932 382 1002 412; x_wconf 91' lang='lat' dir='ltr'>eius</span> <span class='ocrx_word' id='word_1_34' title='bbox 1025 382 1135 413; x_wconf 89' lang='lat' dir='ltr'>coniu-</span> 
     </span>
     <span class='ocr_line' id='line_1_5' title="bbox 166 423 1135 464; baseline 0 -10"><span class='ocrx_word' id='word_1_35' title='bbox 166 433 239 464; x_wconf 81' lang='lat' dir='ltr'>geS,</span> <span class='ocrx_word' id='word_1_36' title='bbox 262 433 335 455; x_wconf 90' lang='lat' dir='ltr'>cum</span> <span class='ocrx_word' id='word_1_37' title='bbox 357 424 518 455; x_wconf 83' lang='lat' dir='ltr'>adversus</span> <span class='ocrx_word' id='word_1_38' title='bbox 541 430 668 464; x_wconf 89' lang='lat' dir='ltr'>patrem</span> <span class='ocrx_word' id='word_1_39' title='bbox 691 423 778 464; x_wconf 81' lang='lat' dir='ltr'>capit</span> <span class='ocrx_word' id='word_1_40' title='bbox 800 433 901 454; x_wconf 88' lang='lat' dir='ltr'>arma.</span> <span class='ocrx_word' id='word_1_41' title='bbox 946 423 1037 455; x_wconf 89' lang='lat' dir='ltr'>Haec</span> <span class='ocrx_word' id='word_1_42' title='bbox 1060 423 1135 455; x_wconf 90' lang='lat' dir='ltr'>hor—</span> 
     </span>
     <span class='ocr_line' id='line_1_6' title="bbox 165 465 1136 508; baseline 0.001 -12"><span class='ocrx_word' id='word_1_43' title='bbox 165 467 269 497; x_wconf 88' lang='lat' dir='ltr'>renda</span> <span class='ocrx_word' id='word_1_44' title='bbox 301 465 493 508; x_wconf 86' lang='lat' dir='ltr'>spectacula</span> <span class='ocrx_word' id='word_1_45' title='bbox 523 466 606 497; x_wconf 81' lang='lat' dir='ltr'>fides</span> <span class='ocrx_word' id='word_1_46' title='bbox 629 472 781 507; x_wconf 86' lang='lat' dir='ltr'>superat,</span> <span class='ocrx_word' id='word_1_47' title='bbox 816 472 847 496; x_wconf 92' lang='lat' dir='ltr'>et</span> <span class='ocrx_word' id='word_1_48' title='bbox 870 467 980 497; x_wconf 82' lang='lat' dir='ltr'>statuit</span> <span class='ocrx_word' id='word_1_49' title='bbox 1002 467 1064 497; x_wconf 87' lang='lat' dir='ltr'>sibi</span> <span class='ocrx_word' id='word_1_50' title='bbox 1086 477 1136 497; x_wconf 90' lang='lat' dir='ltr'>re-</span> 
     </span>
     <span class='ocr_line' id='line_1_7' title="bbox 165 508 1135 550; baseline -0.001 -12"><span class='ocrx_word' id='word_1_51' title='bbox 165 508 246 540; x_wconf 90' lang='lat' dir='ltr'>mitti</span> <span class='ocrx_word' id='word_1_52' title='bbox 268 515 417 550; x_wconf 84' lang='lat' dir='ltr'>peccata,</span> <span class='ocrx_word' id='word_1_53' title='bbox 443 516 473 540; x_wconf 89' lang='lat' dir='ltr'>et</span> <span class='ocrx_word' id='word_1_54' title='bbox 497 515 669 549; x_wconf 78' lang='lat' dir='ltr'><strong>exspectat</strong></span> <span class='ocrx_word' id='word_1_55' title='bbox 691 508 922 549; x_wconf 80' lang='lat' dir='ltr'>mitigationem</span> <span class='ocrx_word' id='word_1_56' title='bbox 943 519 1135 550; x_wconf 83' lang='lat' dir='ltr'>poenarum:</span> 
     </span>
     <span class='ocr_line' id='line_1_8' title="bbox 166 549 1135 593; baseline 0 -11"><span class='ocrx_word' id='word_1_57' title='bbox 166 549 252 585; x_wconf 85' lang='lat' dir='ltr'>Quia</span> <span class='ocrx_word' id='word_1_58' title='bbox 285 553 379 593; x_wconf 88' lang='lat' dir='ltr'>erigit.</span> <span class='ocrx_word' id='word_1_59' title='bbox 413 561 450 583; x_wconf 89' lang='lat' dir='ltr'>se</span> <span class='ocrx_word' id='word_1_60' title='bbox 481 553 601 589; x_wconf 75' lang='lat' dir='ltr'>verbo,</span> <span class='ocrx_word' id='word_1_61' title='bbox 634 556 667 582; x_wconf 90' lang='lat' dir='ltr'>et</span> <span class='ocrx_word' id='word_1_62' title='bbox 689 551 792 582; x_wconf 90' lang='lat' dir='ltr'>credit</span> <span class='ocrx_word' id='word_1_63' title='bbox 816 550 890 582; x_wconf 87' lang='lat' dir='ltr'>huic</span> <span class='ocrx_word' id='word_1_64' title='bbox 913 552 1135 592; x_wconf 82' lang='lat' dir='ltr'>promissioni:</span> 
     </span>
     <span class='ocr_line' id='line_1_9' title="bbox 165 593 1134 635; baseline 0.001 -11"><span class='ocrx_word' id='word_1_65' title='bbox 165 594 318 626; x_wconf 77' lang='lat' dir='ltr'>Dominus</span> <span class='ocrx_word' id='word_1_66' title='bbox 339 597 505 626; x_wconf 71' lang='lat' dir='ltr'>transtuli!</span> <span class='ocrx_word' id='word_1_67' title='bbox 522 598 687 635; x_wconf 77' lang='lat' dir='ltr'>peccatum</span> <span class='ocrx_word' id='word_1_68' title='bbox 709 598 801 625; x_wconf 82' lang='lat' dir='ltr'>tumn.</span> <span class='ocrx_word' id='word_1_69' title='bbox 846 593 885 624; x_wconf 89' lang='lat' dir='ltr'>Et</span> <span class='ocrx_word' id='word_1_70' title='bbox 910 595 961 625; x_wconf 91' lang='lat' dir='ltr'>hic</span> <span class='ocrx_word' id='word_1_71' title='bbox 985 595 1134 625; x_wconf 87' lang='lat' dir='ltr'>conside-</span> 
     </span>
     <span class='ocr_line' id='line_1_10' title="bbox 165 635 1136 678; baseline 0.002 -12"><span class='ocrx_word' id='word_1_72' title='bbox 165 642 278 667; x_wconf 83' lang='lat' dir='ltr'>rentur</span> <span class='ocrx_word' id='word_1_73' title='bbox 300 637 432 668; x_wconf 82' lang='lat' dir='ltr'>diversa</span> <span class='ocrx_word' id='word_1_74' title='bbox 453 637 569 668; x_wconf 84' lang='lat' dir='ltr'>itinera</span> <span class='ocrx_word' id='word_1_75' title='bbox 591 637 794 668; x_wconf 73' lang='lat' dir='ltr'>certitudinis</span> <span class='ocrx_word' id='word_1_76' title='bbox 817 637 848 667; x_wconf 93' lang='lat' dir='ltr'>in</span> <span class='ocrx_word' id='word_1_77' title='bbox 872 635 1082 678; x_wconf 84' lang='lat' dir='ltr'>philosophia</span> <span class='ocrx_word' id='word_1_78' title='bbox 1105 643 1136 668; x_wconf 89' lang='lat' dir='ltr'>et</span> 
     </span>
     <span class='ocr_line' id='line_1_11' title="bbox 165 677 719 720; baseline 0 -11"><span class='ocrx_word' id='word_1_79' title='bbox 165 677 197 709; x_wconf 75' lang='lat' dir='ltr'>ln</span> <span class='ocrx_word' id='word_1_80' title='bbox 221 677 461 717; x_wconf 78' lang='lat' dir='ltr'>consolatione,</span> <span class='ocrx_word' id='word_1_81' title='bbox 480 690 564 720; x_wconf 90' lang='lat' dir='ltr'>quae</span> <span class='ocrx_word' id='word_1_82' title='bbox 587 678 622 709; x_wconf 86' lang='lat' dir='ltr'>fit</span> <span class='ocrx_word' id='word_1_83' title='bbox 645 679 719 710; x_wconf 88' lang='lat' dir='ltr'>fide.</span> 
     </span>
    </p>
   </div>
   <div class='ocr_carea' id='block_1_2' title="bbox 859 158 1494 192">
    <p class='ocr_par' dir='ltr' id='par_1_2' title="bbox 859 158 1494 192">
     <span class='ocr_line' id='line_1_12' title="bbox 859 158 1494 192; baseline 0.002 -1"><span class='ocrx_word' id='word_1_84' title='bbox 859 159 1075 192; x_wconf 79' lang='lat' dir='ltr'><strong>POSTILLA</strong></span> <span class='ocrx_word' id='word_1_85' title='bbox 1097 158 1452 192; x_wconf 82' lang='lat' dir='ltr'><strong>MELANTHONIAN</strong></span> <span class='ocrx_word' id='word_1_86' title='bbox 1454 161 1494 192; x_wconf 83' lang='lat' dir='ltr'>A.</span> 
     </span>
    </p>
   </div>
   <div class='ocr_carea' id='block_1_3' title="bbox 2097 166 2160 199">
    <p class='ocr_par' dir='ltr' id='par_1_3' title="bbox 2097 166 2160 199">
     <span class='ocr_line' id='line_1_13' title="bbox 2097 166 2160 199; baseline 0.016 -1"><span class='ocrx_word' id='word_1_87' title='bbox 2097 166 2160 199; x_wconf 79' lang='lat'>766</span> 
     </span>
    </p>
   </div>
   <div class='ocr_carea' id='block_1_4' title="bbox 1239 255 2115 375">
    <p class='ocr_par' dir='ltr' id='par_1_4' title="bbox 1239 255 2115 375">
     <span class='ocr_line' id='line_1_14' title="bbox 1239 255 2115 314; baseline 0.01 -19"><span class='ocrx_word' id='word_1_88' title='bbox 1239 255 1330 306; x_wconf 87' lang='lat' dir='ltr'>Quo</span> <span class='ocrx_word' id='word_1_89' title='bbox 1369 263 1552 314; x_wconf 77' lang='lat' dir='ltr'>tempore</span> <span class='ocrx_word' id='word_1_90' title='bbox 1591 265 1633 298; x_wconf 85' lang='lat' dir='ltr'>et</span> <span class='ocrx_word' id='word_1_91' title='bbox 1663 259 1750 300; x_wconf 88' lang='lat' dir='ltr'>loco</span> <span class='ocrx_word' id='word_1_92' title='bbox 1790 261 1928 302; x_wconf 82' lang='lat' dir='ltr'>habita</span> <span class='ocrx_word' id='word_1_93' title='bbox 1959 262 2009 303; x_wconf 81' lang='lat' dir='ltr'>sit</span> <span class='ocrx_word' id='word_1_94' title='bbox 2040 263 2115 304; x_wconf 78' lang='lat' dir='ltr'>ista</span> 
     </span>
     <span class='ocr_line' id='line_1_15' title="bbox 1596 349 1744 375; baseline 0.007 -1"><span class='ocrx_word' id='word_1_95' title='bbox 1596 349 1744 375; x_wconf 89' lang='lat' dir='ltr'>conc10.</span> 
     </span>
    </p>
   </div>
   <div class='ocr_carea' id='block_1_5' title="bbox 1186 422 2159 682">
    <p class='ocr_par' dir='ltr' id='par_1_5' title="bbox 1186 422 2159 682">
     <span class='ocr_line' id='line_1_16' title="bbox 1273 422 2158 462; baseline 0.01 -9"><span class='ocrx_word' id='word_1_96' title='bbox 1273 422 1417 454; x_wconf 89' lang='lat' dir='ltr'>Primum</span> <span class='ocrx_word' id='word_1_97' title='bbox 1439 428 1546 454; x_wconf 86' lang='lat' dir='ltr'>autem</span> <span class='ocrx_word' id='word_1_98' title='bbox 1569 423 1727 456; x_wconf 82' lang='lat' dir='ltr'>historica</span> <span class='ocrx_word' id='word_1_99' title='bbox 1750 427 1917 459; x_wconf 89' lang='lat' dir='ltr'>recitanda</span> <span class='ocrx_word' id='word_1_100' title='bbox 1930 435 2006 460; x_wconf 85' lang='lat' dir='ltr'>sunt</span> <span class='ocrx_word' id='word_1_101' title='bbox 2017 430 2058 461; x_wconf 89' lang='lat' dir='ltr'>de</span> <span class='ocrx_word' id='word_1_102' title='bbox 2080 435 2158 462; x_wconf 89' lang='lat' dir='ltr'>tem-</span> 
     </span>
     <span class='ocr_line' id='line_1_17' title="bbox 1187 466 2159 507; baseline 0.01 -12"><span class='ocrx_word' id='word_1_103' title='bbox 1187 475 1280 506; x_wconf 86' lang='lat' dir='ltr'>pore,</span> <span class='ocrx_word' id='word_1_104' title='bbox 1304 466 1337 496; x_wconf 94' lang='lat' dir='ltr'>in</span> <span class='ocrx_word' id='word_1_105' title='bbox 1360 476 1425 507; x_wconf 92' lang='lat' dir='ltr'>quo</span> <span class='ocrx_word' id='word_1_106' title='bbox 1450 466 1513 497; x_wconf 86' lang='lat' dir='ltr'>ista</span> <span class='ocrx_word' id='word_1_107' title='bbox 1536 467 1652 498; x_wconf 90' lang='lat' dir='ltr'>concio</span> <span class='ocrx_word' id='word_1_108' title='bbox 1676 467 1787 499; x_wconf 87' lang='lat' dir='ltr'>habita</span> <span class='ocrx_word' id='word_1_109' title='bbox 1811 471 2049 503; x_wconf 85' lang='lat' dir='ltr'>estaChristo.</span> <span class='ocrx_word' id='word_1_110' title='bbox 2074 472 2159 505; x_wconf 86' lang='lat' dir='ltr'>Nam</span> 
     </span>
     <span class='ocr_line' id='line_1_18' title="bbox 1188 508 2158 550; baseline 0.008 -11"><span class='ocrx_word' id='word_1_111' title='bbox 1188 518 1263 539; x_wconf 80' lang='lat' dir='ltr'>mox</span> <span class='ocrx_word' id='word_1_112' title='bbox 1300 508 1332 539; x_wconf 90' lang='lat' dir='ltr'>in</span> <span class='ocrx_word' id='word_1_113' title='bbox 1365 509 1514 550; x_wconf 84' lang='lat' dir='ltr'>sequenti</span> <span class='ocrx_word' id='word_1_114' title='bbox 1550 515 1638 540; x_wconf 82' lang='lat' dir='ltr'>textu</span> <span class='ocrx_word' id='word_1_115' title='bbox 1662 510 1699 541; x_wconf 84' lang='lat' dir='ltr'>fit</span> <span class='ocrx_word' id='word_1_116' title='bbox 1726 513 1846 542; x_wconf 86' lang='lat' dir='ltr'>mentio</span> <span class='ocrx_word' id='word_1_117' title='bbox 1869 512 1945 545; x_wconf 82' lang='lat' dir='ltr'>sesti</span> <span class='ocrx_word' id='word_1_118' title='bbox 1979 514 2158 547; x_wconf 86' lang='lat' dir='ltr'>Encaenio-</span> 
     </span>
     <span class='ocr_line' id='line_1_19' title="bbox 1187 551 2159 593; baseline 0.008 -12"><span class='ocrx_word' id='word_1_119' title='bbox 1187 561 1269 588; x_wconf 90' lang='lat' dir='ltr'>rum,</span> <span class='ocrx_word' id='word_1_120' title='bbox 1293 551 1382 592; x_wconf 88' lang='lat' dir='ltr'>quod</span> <span class='ocrx_word' id='word_1_121' title='bbox 1404 562 1470 582; x_wconf 92' lang='lat' dir='ltr'>non</span> <span class='ocrx_word' id='word_1_122' title='bbox 1491 551 1550 583; x_wconf 88' lang='lat' dir='ltr'>suit</span> <span class='ocrx_word' id='word_1_123' title='bbox 1574 552 1756 584; x_wconf 83' lang='lat' dir='ltr'>institutum</span> <span class='ocrx_word' id='word_1_124' title='bbox 1779 564 1798 584; x_wconf 93' lang='lat' dir='ltr'>a</span> <span class='ocrx_word' id='word_1_125' title='bbox 1825 554 1932 593; x_wconf 82' lang='lat' dir='ltr'>Mose,</span> <span class='ocrx_word' id='word_1_126' title='bbox 1956 557 2015 587; x_wconf 91' lang='lat' dir='ltr'>sed</span> <span class='ocrx_word' id='word_1_127' title='bbox 2039 567 2059 588; x_wconf 84' lang='lat' dir='ltr'>a</span> <span class='ocrx_word' id='word_1_128' title='bbox 2081 557 2159 590; x_wconf 80' lang='lat' dir='ltr'>luda</span> 
     </span>
     <span class='ocr_line' id='line_1_20' title="bbox 1187 592 2158 638; baseline 0.008 -14"><span class='ocrx_word' id='word_1_129' title='bbox 1187 592 1409 632; x_wconf 84' lang='lat' dir='ltr'>Maccabaeo,</span> <span class='ocrx_word' id='word_1_130' title='bbox 1438 604 1511 625; x_wconf 88' lang='lat' dir='ltr'>eum</span> <span class='ocrx_word' id='word_1_131' title='bbox 1543 594 1658 634; x_wconf 87' lang='lat' dir='ltr'>pulsis</span> <span class='ocrx_word' id='word_1_132' title='bbox 1673 601 1704 626; x_wconf 91' lang='lat' dir='ltr'>et</span> <span class='ocrx_word' id='word_1_133' title='bbox 1729 594 1869 638; x_wconf 80' lang='lat' dir='ltr'>frug-atis</span> <span class='ocrx_word' id='word_1_134' title='bbox 1892 608 1932 628; x_wconf 88' lang='lat' dir='ltr'>ex</span> <span class='ocrx_word' id='word_1_135' title='bbox 1955 598 2081 631; x_wconf 91' lang='lat' dir='ltr'>lerosol</span> <span class='ocrx_word' id='word_1_136' title='bbox 2097 610 2158 632; x_wconf 72' lang='lat' dir='ltr'>&#39;ma</span> 
     </span>
     <span class='ocr_line' id='line_1_21' title="bbox 1186 636 2157 682; baseline 0.008 -16"><span class='ocrx_word' id='word_1_137' title='bbox 1186 636 1360 676; x_wconf 80' lang='lat' dir='ltr'>praesidiis</span> <span class='ocrx_word' id='word_1_138' title='bbox 1373 636 1528 668; x_wconf 88' lang='lat' dir='ltr'>Antiochi</span> <span class='ocrx_word' id='word_1_139' title='bbox 1541 637 1732 678; x_wconf 85' lang='lat' dir='ltr'>Epiphanis,</span> <span class='ocrx_word' id='word_1_140' title='bbox 1749 648 1981 680; x_wconf 83' lang='lat' dir='ltr'>recuperasset</span> <span class='ocrx_word' id='word_1_141' title='bbox 1993 647 2078 682; x_wconf 90' lang='lat' dir='ltr'>temp</span> <span class='ocrx_word' id='word_1_142' title='bbox 2094 654 2157 681; x_wconf 91' lang='lat' dir='ltr'>um,</span> 
     </span>
    </p>
   </div>
   <div class='ocr_carea' id='block_1_6' title="bbox 777 672 2157 720">
    <p class='ocr_par' dir='ltr' id='par_1_6' title="bbox 777 672 2157 720">
     <span class='ocr_line' id='line_1_22' title="bbox 777 672 2157 720; baseline 0.005 -10"><span class='ocrx_word' id='word_1_143' title='bbox 777 678 991 720; x_wconf 77' lang='lat' dir='ltr'>Philosophia</span> <span class='ocrx_word' id='word_1_144' title='bbox 1021 690 1135 712; x_wconf 81' lang='lat' dir='ltr'>proce·</span> <span class='ocrx_word' id='word_1_145' title='bbox 1159 672 1162 713; x_wconf 67' lang='grc' dir='ltr'><strong>ῗ</strong></span> <span class='ocrx_word' id='word_1_146' title='bbox 1187 680 1275 720; x_wconf 90' lang='lat' dir='ltr'>quod</span> <span class='ocrx_word' id='word_1_147' title='bbox 1298 678 1405 710; x_wconf 85' lang='lat' dir='ltr'>suerat</span> <span class='ocrx_word' id='word_1_148' title='bbox 1430 679 1670 720; x_wconf 89' lang='lat' dir='ltr'>prophanatum</span> <span class='ocrx_word' id='word_1_149' title='bbox 1693 679 1807 719; x_wconf 89' lang='lat' dir='ltr'>idolis,</span> <span class='ocrx_word' id='word_1_150' title='bbox 1842 688 1873 713; x_wconf 89' lang='lat' dir='ltr'>et</span> <span class='ocrx_word' id='word_1_151' title='bbox 1903 682 2010 715; x_wconf 90' lang='lat' dir='ltr'>multis</span> <span class='ocrx_word' id='word_1_152' title='bbox 2033 686 2157 717; x_wconf 89' lang='lat' dir='ltr'>teterri-</span> 
     </span>
    </p>
   </div>
   <div class='ocr_carea' id='block_1_7' title="bbox 165 716 2157 763">
    <p class='ocr_par' dir='ltr' id='par_1_7' title="bbox 165 716 2157 763">
     <span class='ocr_line' id='line_1_23' title="bbox 165 716 2157 763; baseline 0.004 -11"><span class='ocrx_word' id='word_1_153' title='bbox 165 720 212 753; x_wconf 81' lang='lat' dir='ltr'>dit</span> <span class='ocrx_word' id='word_1_154' title='bbox 234 723 276 752; x_wconf 85' lang='lat' dir='ltr'>ab</span> <span class='ocrx_word' id='word_1_155' title='bbox 300 723 499 762; x_wconf 77' lang='lat' dir='ltr'>experientia</span> <span class='ocrx_word' id='word_1_156' title='bbox 521 727 553 753; x_wconf 85' lang='lat' dir='ltr'>et</span> <span class='ocrx_word' id='word_1_157' title='bbox 575 731 678 752; x_wconf 91' lang='lat' dir='ltr'>sensu</span> <span class='ocrx_word' id='word_1_158' title='bbox 700 722 742 752; x_wconf 85' lang='lat' dir='ltr'>ad</span> <span class='ocrx_word' id='word_1_159' title='bbox 765 721 988 754; x_wconf 79' lang='lat' dir='ltr'>affensionem.</span> <span class='ocrx_word' id='word_1_160' title='bbox 1021 716 1136 754; x_wconf 75' lang='lat' dir='ltr'>‘Medi-</span> <span class='ocrx_word' id='word_1_161' title='bbox 1159 719 1162 762; x_wconf 91' lang='grc' dir='ltr'>Ι</span> <span class='ocrx_word' id='word_1_162' title='bbox 1186 722 1247 752; x_wconf 87' lang='lat' dir='ltr'>mis</span> <span class='ocrx_word' id='word_1_163' title='bbox 1270 721 1400 763; x_wconf 80' lang='lat' dir='ltr'>flagitiis</span> <span class='ocrx_word' id='word_1_164' title='bbox 1420 729 1451 753; x_wconf 89' lang='lat' dir='ltr'>et</span> <span class='ocrx_word' id='word_1_165' title='bbox 1474 721 1657 754; x_wconf 82' lang='lat' dir='ltr'>sceleribus</span> <span class='ocrx_word' id='word_1_166' title='bbox 1670 723 1892 757; x_wconf 84' lang='lat' dir='ltr'>Ethnicorum.</span> <span class='ocrx_word' id='word_1_167' title='bbox 1938 726 1985 758; x_wconf 67' lang='lat' dir='ltr'>lbi</span> <span class='ocrx_word' id='word_1_168' title='bbox 2005 728 2089 758; x_wconf 90' lang='lat' dir='ltr'>enim</span> <span class='ocrx_word' id='word_1_169' title='bbox 2110 728 2157 759; x_wconf 88' lang='lat' dir='ltr'>in-</span> 
     </span>
    </p>
   </div>
   <div class='ocr_carea' id='block_1_8' title="bbox 167 763 1162 807">
    <p class='ocr_par' dir='ltr' id='par_1_8' title="bbox 167 763 1162 807">
     <span class='ocr_line' id='line_1_24' title="bbox 167 763 1162 807; baseline 0.002 -13"><span class='ocrx_word' id='word_1_170' title='bbox 167 772 227 794; x_wconf 78' lang='lat' dir='ltr'>cus</span> <span class='ocrx_word' id='word_1_171' title='bbox 263 765 338 795; x_wconf 79' lang='lat' dir='ltr'>dicit</span> <span class='ocrx_word' id='word_1_172' title='bbox 373 765 537 796; x_wconf 90' lang='lat' dir='ltr'>zinzibere</span> <span class='ocrx_word' id='word_1_173' title='bbox 573 763 717 796; x_wconf 86' lang='lat' dir='ltr'>calefieri</span> <span class='ocrx_word' id='word_1_174' title='bbox 751 764 984 803; x_wconf 76' lang='lat' dir='ltr'>ventriculum,</span> <span class='ocrx_word' id='word_1_175' title='bbox 1015 763 1162 807; x_wconf 58' lang='lat' dir='ltr'>corrigi*</span> 
     </span>
    </p>
   </div>
   <div class='ocr_carea' id='block_1_9' title="bbox 165 806 1135 892">
    <p class='ocr_par' dir='ltr' id='par_1_9' title="bbox 165 806 1135 892">
     <span class='ocr_line' id='line_1_25' title="bbox 165 806 1135 848; baseline 0 -10"><span class='ocrx_word' id='word_1_176' title='bbox 165 807 357 845; x_wconf 74' lang='lat' dir='ltr'>cruditates,</span> <span class='ocrx_word' id='word_1_177' title='bbox 381 807 510 848; x_wconf 88' lang='lat' dir='ltr'>quando</span> <span class='ocrx_word' id='word_1_178' title='bbox 535 813 689 848; x_wconf 76' lang='lat' dir='ltr'>expertus</span> <span class='ocrx_word' id='word_1_179' title='bbox 712 814 760 838; x_wconf 85' lang='lat' dir='ltr'>est</span> <span class='ocrx_word' id='word_1_180' title='bbox 783 806 870 838; x_wconf 85' lang='lat' dir='ltr'>hane</span> <span class='ocrx_word' id='word_1_181' title='bbox 890 809 952 838; x_wconf 79' lang='lat' dir='ltr'>vim</span> <span class='ocrx_word' id='word_1_182' title='bbox 971 818 1047 839; x_wconf 85' lang='lat' dir='ltr'>esse</span> <span class='ocrx_word' id='word_1_183' title='bbox 1070 809 1135 838; x_wconf 94' lang='lat' dir='ltr'>zin-</span> 
     </span>
     <span class='ocr_line' id='line_1_26' title="bbox 167 849 1135 892; baseline 0.001 -12"><span class='ocrx_word' id='word_1_184' title='bbox 167 849 295 881; x_wconf 74' lang='lat' dir='ltr'>ziberis.</span> <span class='ocrx_word' id='word_1_185' title='bbox 360 850 446 881; x_wconf 87' lang='lat' dir='ltr'>Puer</span> <span class='ocrx_word' id='word_1_186' title='bbox 469 860 533 881; x_wconf 90' lang='lat' dir='ltr'>non</span> <span class='ocrx_word' id='word_1_187' title='bbox 559 850 661 880; x_wconf 83' lang='lat' dir='ltr'>credit</span> <span class='ocrx_word' id='word_1_188' title='bbox 684 851 793 892; x_wconf 85' lang='lat' dir='ltr'>ignem</span> <span class='ocrx_word' id='word_1_189' title='bbox 817 860 926 888; x_wconf 89' lang='lat' dir='ltr'>urere,</span> <span class='ocrx_word' id='word_1_190' title='bbox 951 851 1057 882; x_wconf 86' lang='lat' dir='ltr'>donec</span> <span class='ocrx_word' id='word_1_191' title='bbox 1079 851 1135 881; x_wconf 82' lang='lat' dir='ltr'>ad·</span> 
     </span>
    </p>
   </div>
   <div class='ocr_carea' id='block_1_10' title="bbox 163 878 2158 1024">
    <p class='ocr_par' dir='ltr' id='par_1_10' title="bbox 163 878 2158 1024">
     <span class='ocr_line' id='line_1_27' title="bbox 164 878 1161 930; baseline 0.002 -8"><span class='ocrx_word' id='word_1_192' title='bbox 164 897 253 923; x_wconf 80' lang='lat' dir='ltr'>mota</span> <span class='ocrx_word' id='word_1_193' title='bbox 275 903 372 924; x_wconf 92' lang='lat' dir='ltr'>manu</span> <span class='ocrx_word' id='word_1_194' title='bbox 395 893 513 924; x_wconf 85' lang='lat' dir='ltr'>sentiat</span> <span class='ocrx_word' id='word_1_195' title='bbox 536 893 706 924; x_wconf 84' lang='lat' dir='ltr'>ustionem.</span> <span class='ocrx_word' id='word_1_196' title='bbox 751 892 806 924; x_wconf 87' lang='lat' dir='ltr'>Sic</span> <span class='ocrx_word' id='word_1_197' title='bbox 826 894 858 924; x_wconf 90' lang='lat' dir='ltr'>in</span> <span class='ocrx_word' id='word_1_198' title='bbox 881 894 980 924; x_wconf 91' lang='lat' dir='ltr'>rebus</span> <span class='ocrx_word' id='word_1_199' title='bbox 1004 899 1134 924; x_wconf 84' lang='lat' dir='ltr'>natura·</span> <span class='ocrx_word' id='word_1_200' title='bbox 1158 878 1161 930; x_wconf 60' lang='lat' dir='ltr'>i</span> 
     </span>
     <span class='ocr_line' id='line_1_28' title="bbox 163 931 1240 977; baseline 0 -13"><span class='ocrx_word' id='word_1_201' title='bbox 163 931 250 966; x_wconf 90' lang='lat' dir='ltr'>libus</span> <span class='ocrx_word' id='word_1_202' title='bbox 263 934 493 967; x_wconf 85' lang='lat' dir='ltr'>universaliter</span> <span class='ocrx_word' id='word_1_203' title='bbox 504 936 671 977; x_wconf 87' lang='lat' dir='ltr'>praecedit</span> <span class='ocrx_word' id='word_1_204' title='bbox 684 936 883 976; x_wconf 71' lang='lat' dir='ltr'>experientia</span> <span class='ocrx_word' id='word_1_205' title='bbox 894 937 1133 967; x_wconf 84' lang='lat' dir='ltr'>assensionem.</span> <span class='ocrx_word' id='word_1_206' title='bbox 1158 934 1161 949; x_wconf 84' lang='lat'><strong>¹</strong></span> <span class='ocrx_word' id='word_1_207' title='bbox 1184 934 1240 965; x_wconf 78' lang='lat' dir='ltr'>lia.</span> 
     </span>
     <span class='ocr_line' id='line_1_29' title="bbox 1158 976 2158 1024; baseline 0.011 -18"><span class='ocrx_word' id='word_1_208' title='bbox 1158 980 1160 1024; x_wconf 60' lang='grc' dir='ltr'>ἱ</span> <span class='ocrx_word' id='word_1_209' title='bbox 1186 976 1290 1007; x_wconf 70' lang='grc' dir='ltr'><em>Πολλὰ</em></span> <span class='ocrx_word' id='word_1_210' title='bbox 1313 980 1342 1008; x_wconf 79' lang='grc' dir='ltr'>ἐν</span> <span class='ocrx_word' id='word_1_211' title='bbox 1364 981 1487 1021; x_wconf 82' lang='grc' dir='ltr'><strong><em>πολέμῳ</em></strong></span> <span class='ocrx_word' id='word_1_212' title='bbox 1509 979 1605 1018; x_wconf 73' lang='grc' dir='ltr'><em>καινά,</em></span> <span class='ocrx_word' id='word_1_213' title='bbox 1628 983 1677 1011; x_wconf 73' lang='grc' dir='ltr'>καὶ</span> <span class='ocrx_word' id='word_1_214' title='bbox 1700 980 1778 1011; x_wconf 72' lang='grc' dir='ltr'><em>κενά.</em></span> <span class='ocrx_word' id='word_1_215' title='bbox 1809 981 1851 1013; x_wconf 82' lang='lat' dir='ltr'>In</span> <span class='ocrx_word' id='word_1_216' title='bbox 1873 983 1952 1014; x_wconf 80' lang='lat' dir='ltr'>bello</span> <span class='ocrx_word' id='word_1_217' title='bbox 1974 985 2072 1015; x_wconf 75' lang='lat' dir='ltr'>multa</span> <span class='ocrx_word' id='word_1_218' title='bbox 2082 990 2158 1017; x_wconf 69' lang='lat' dir='ltr'>sun!</span> 
     </span>
    </p>
   </div>
   <div class='ocr_carea' id='block_1_11' title="bbox 159 975 1134 1523">
    <p class='ocr_par' dir='ltr' id='par_1_11' title="bbox 165 975 1134 1020">
     <span class='ocr_line' id='line_1_30' title="bbox 165 975 1134 1020; baseline 0.002 -12"><span class='ocrx_word' id='word_1_219' title='bbox 165 975 357 1010; x_wconf 84' lang='lat' dir='ltr'>Consolatio</span> <span class='ocrx_word' id='word_1_220' title='bbox 386 984 493 1010; x_wconf 86' lang='lat' dir='ltr'>autem</span> <span class='ocrx_word' id='word_1_221' title='bbox 529 983 613 1020; x_wconf 80' lang='lat' dir='ltr'>quae</span> <span class='ocrx_word' id='word_1_222' title='bbox 636 979 700 1009; x_wconf 85' lang='lat' dir='ltr'>fide</span> <span class='ocrx_word' id='word_1_223' title='bbox 723 979 775 1016; x_wconf 87' lang='lat' dir='ltr'>fit,</span> <span class='ocrx_word' id='word_1_224' title='bbox 805 978 905 1010; x_wconf 87' lang='lat' dir='ltr'>habet</span> <span class='ocrx_word' id='word_1_225' title='bbox 935 979 1134 1010; x_wconf 87' lang='lat' dir='ltr'>contrarium</span> 
     </span>
    </p>

    <p class='ocr_par' dir='ltr' id='par_1_12' title="bbox 159 1029 1133 1523">
     <span class='ocr_line' id='line_1_31' title="bbox 188 1030 367 1053; baseline 0.006 -3"><span class='ocrx_word' id='word_1_226' title='bbox 188 1030 367 1053; x_wconf 81' lang='lat' dir='ltr'>recessum.</span> 
     </span>
     <span class='ocr_line' id='line_1_32' title="bbox 164 1029 1133 1102; baseline 0.002 -9"><span class='ocrx_word' id='word_1_227' title='bbox 164 1029 240 1100; x_wconf 60' lang='lat' dir='ltr'>ssei,</span> <span class='ocrx_word' id='word_1_228' title='bbox 264 1071 296 1095; x_wconf 83' lang='lat' dir='ltr'>et</span> <span class='ocrx_word' id='word_1_229' title='bbox 317 1065 470 1095; x_wconf 84' lang='lat' dir='ltr'>assentiri</span> <span class='ocrx_word' id='word_1_230' title='bbox 494 1064 580 1095; x_wconf 83' lang='lat' dir='ltr'>huic.</span> <span class='ocrx_word' id='word_1_231' title='bbox 648 1064 682 1095; x_wconf 90' lang='lat' dir='ltr'>ld</span> <span class='ocrx_word' id='word_1_232' title='bbox 706 1074 779 1095; x_wconf 90' lang='lat' dir='ltr'>cum</span> <span class='ocrx_word' id='word_1_233' title='bbox 798 1063 956 1102; x_wconf 84' lang='lat' dir='ltr'>facimus,</span> <span class='ocrx_word' id='word_1_234' title='bbox 988 1070 1055 1095; x_wconf 88' lang='lat' dir='ltr'>tum</span> <span class='ocrx_word' id='word_1_235' title='bbox 1078 1064 1133 1095; x_wconf 91' lang='lat' dir='ltr'>de-</span> 
     </span>
     <span class='ocr_line' id='line_1_33' title="bbox 164 1105 1131 1141; baseline 0.002 -6"><span class='ocrx_word' id='word_1_236' title='bbox 164 1114 250 1141; x_wconf 77' lang='lat' dir='ltr'>mum</span> <span class='ocrx_word' id='word_1_237' title='bbox 273 1107 430 1138; x_wconf 78' lang='lat' dir='ltr'>sentimus</span> <span class='ocrx_word' id='word_1_238' title='bbox 454 1105 724 1138; x_wconf 75' lang='lat' dir='ltr'>consolationem.</span> <span class='ocrx_word' id='word_1_239' title='bbox 769 1106 867 1137; x_wconf 89' lang='lat' dir='ltr'>Fides</span> <span class='ocrx_word' id='word_1_240' title='bbox 889 1107 1052 1137; x_wconf 85' lang='lat' dir='ltr'>antecedit</span> <span class='ocrx_word' id='word_1_241' title='bbox 1077 1116 1131 1138; x_wconf 84' lang='lat' dir='ltr'>ex-</span> 
     </span>
     <span class='ocr_line' id='line_1_34' title="bbox 163 1148 1132 1190; baseline 0.002 -12"><span class='ocrx_word' id='word_1_242' title='bbox 163 1148 369 1188; x_wconf 84' lang='lat' dir='ltr'>perientiam:</span> <span class='ocrx_word' id='word_1_243' title='bbox 393 1156 425 1180; x_wconf 94' lang='lat' dir='ltr'>et</span> <span class='ocrx_word' id='word_1_244' title='bbox 448 1148 684 1181; x_wconf 77' lang='lat' dir='ltr'>consolationis</span> <span class='ocrx_word' id='word_1_245' title='bbox 707 1158 826 1179; x_wconf 90' lang='lat' dir='ltr'>sensus</span> <span class='ocrx_word' id='word_1_246' title='bbox 849 1150 998 1190; x_wconf 88' lang='lat' dir='ltr'>sequitur</span> <span class='ocrx_word' id='word_1_247' title='bbox 1016 1159 1132 1180; x_wconf 83' lang='lat' dir='ltr'>assen-</span> 
     </span>
     <span class='ocr_line' id='line_1_35' title="bbox 162 1191 1130 1231; baseline 0.003 -11"><span class='ocrx_word' id='word_1_248' title='bbox 162 1191 301 1228; x_wconf 80' lang='lat' dir='ltr'>sionem,</span> <span class='ocrx_word' id='word_1_249' title='bbox 324 1193 414 1222; x_wconf 80' lang='lat' dir='ltr'>iuxta</span> <span class='ocrx_word' id='word_1_250' title='bbox 436 1193 544 1223; x_wconf 87' lang='lat' dir='ltr'>dicta:</span> <span class='ocrx_word' id='word_1_251' title='bbox 568 1193 605 1223; x_wconf 74' lang='lat' dir='ltr'>Sa·</span> <span class='ocrx_word' id='word_1_252' title='bbox 625 1192 696 1231; x_wconf 74' lang='lat' dir='ltr'>quis</span> <span class='ocrx_word' id='word_1_253' title='bbox 718 1194 784 1223; x_wconf 71' lang='lat' dir='ltr'>vult</span> <span class='ocrx_word' id='word_1_254' title='bbox 799 1194 914 1231; x_wconf 83' lang='lat' dir='ltr'>facere</span> <span class='ocrx_word' id='word_1_255' title='bbox 942 1195 1130 1224; x_wconf 69' lang='lat' dir='ltr'>voltmtatem</span> 
     </span>
     <span class='ocr_line' id='line_1_36' title="bbox 162 1233 1130 1274; baseline 0.003 -10"><span class='ocrx_word' id='word_1_256' title='bbox 162 1233 271 1265; x_wconf 72' lang='lat' dir='ltr'>Patris</span> <span class='ocrx_word' id='word_1_257' title='bbox 299 1238 374 1273; x_wconf 84' lang='lat' dir='ltr'>mei,</span> <span class='ocrx_word' id='word_1_258' title='bbox 403 1239 436 1265; x_wconf 81' lang='lat' dir='ltr'>et</span> <span class='ocrx_word' id='word_1_259' title='bbox 461 1234 567 1265; x_wconf 69' lang='lat' dir='ltr'>eredit</span> <span class='ocrx_word' id='word_1_260' title='bbox 591 1237 624 1265; x_wconf 81' lang='lat' dir='ltr'>iu</span> <span class='ocrx_word' id='word_1_261' title='bbox 651 1244 734 1273; x_wconf 81' lang='lat' dir='ltr'>eum,</span> <span class='ocrx_word' id='word_1_262' title='bbox 763 1234 818 1274; x_wconf 83' lang='lat' dir='ltr'>qui</span> <span class='ocrx_word' id='word_1_263' title='bbox 837 1238 924 1266; x_wconf 75' lang='lat' dir='ltr'>misit</span> <span class='ocrx_word' id='word_1_264' title='bbox 944 1244 1002 1273; x_wconf 86' lang='lat' dir='ltr'>me,</span> <span class='ocrx_word' id='word_1_265' title='bbox 1033 1238 1061 1266; x_wconf 76' lang='lat' dir='ltr'>is</span> <span class='ocrx_word' id='word_1_266' title='bbox 1084 1238 1130 1267; x_wconf 81' lang='lat' dir='ltr'>in·</span> 
     </span>
     <span class='ocr_line' id='line_1_37' title="bbox 160 1275 1129 1318; baseline 0.004 -12"><span class='ocrx_word' id='word_1_267' title='bbox 160 1277 273 1314; x_wconf 74' lang='lat' dir='ltr'>telliyit</span> <span class='ocrx_word' id='word_1_268' title='bbox 288 1277 329 1308; x_wconf 85' lang='lat' dir='ltr'>de</span> <span class='ocrx_word' id='word_1_269' title='bbox 350 1278 502 1308; x_wconf 77' lang='lat' dir='ltr'>doctrina.</span> <span class='ocrx_word' id='word_1_270' title='bbox 547 1275 599 1314; x_wconf 89' lang='lat' dir='ltr'>Et,</span> <span class='ocrx_word' id='word_1_271' title='bbox 627 1277 756 1309; x_wconf 81' lang='lat' dir='ltr'>Credite</span> <span class='ocrx_word' id='word_1_272' title='bbox 777 1279 912 1308; x_wconf 78' lang='lat' dir='ltr'>Domino</span> <span class='ocrx_word' id='word_1_273' title='bbox 924 1277 995 1309; x_wconf 87' lang='lat' dir='ltr'>Deo</span> <span class='ocrx_word' id='word_1_274' title='bbox 1017 1282 1129 1318; x_wconf 70' lang='lat' dir='ltr'>cestro,</span> 
     </span>
     <span class='ocr_line' id='line_1_38' title="bbox 161 1318 1130 1360; baseline 0.001 -10"><span class='ocrx_word' id='word_1_275' title='bbox 161 1321 195 1350; x_wconf 79' lang='lat' dir='ltr'>et</span> <span class='ocrx_word' id='word_1_276' title='bbox 213 1323 321 1350; x_wconf 81' lang='lat' dir='ltr'>securi</span> <span class='ocrx_word' id='word_1_277' title='bbox 341 1323 442 1351; x_wconf 74' lang='lat' dir='ltr'>erilis.</span> <span class='ocrx_word' id='word_1_278' title='bbox 487 1319 518 1350; x_wconf 81' lang='lat'>2.</span> <span class='ocrx_word' id='word_1_279' title='bbox 542 1318 648 1350; x_wconf 88' lang='lat' dir='ltr'>Paral.</span> <span class='ocrx_word' id='word_1_280' title='bbox 673 1320 735 1357; x_wconf 56' lang='lat'>20„</span> <span class='ocrx_word' id='word_1_281' title='bbox 759 1319 791 1350; x_wconf 89' lang='lat' dir='ltr'>id</span> <span class='ocrx_word' id='word_1_282' title='bbox 810 1326 875 1352; x_wconf 74' lang='lat' dir='ltr'>est.</span> <span class='ocrx_word' id='word_1_283' title='bbox 899 1321 1036 1360; x_wconf 91' lang='lat' dir='ltr'>primum</span> <span class='ocrx_word' id='word_1_284' title='bbox 1060 1331 1130 1351; x_wconf 88' lang='lat' dir='ltr'>cre-</span> 
     </span>
     <span class='ocr_line' id='line_1_39' title="bbox 161 1360 1130 1404; baseline 0.003 -13"><span class='ocrx_word' id='word_1_285' title='bbox 161 1360 228 1391; x_wconf 84' lang='lat' dir='ltr'>dite</span> <span class='ocrx_word' id='word_1_286' title='bbox 250 1362 341 1392; x_wconf 86' lang='lat' dir='ltr'>iuxta</span> <span class='ocrx_word' id='word_1_287' title='bbox 365 1363 502 1393; x_wconf 81' lang='lat' dir='ltr'>verbum</span> <span class='ocrx_word' id='word_1_288' title='bbox 523 1371 583 1402; x_wconf 85' lang='lat' dir='ltr'>per</span> <span class='ocrx_word' id='word_1_289' title='bbox 605 1362 789 1403; x_wconf 77' lang='lat' dir='ltr'>Prophetas</span> <span class='ocrx_word' id='word_1_290' title='bbox 816 1363 983 1394; x_wconf 88' lang='lat' dir='ltr'>traditum:</span> <span class='ocrx_word' id='word_1_291' title='bbox 1013 1369 1130 1404; x_wconf 83' lang='lat' dir='ltr'>postea</span> 
     </span>
     <span class='ocr_line' id='line_1_40' title="bbox 162 1403 1130 1446; baseline 0.003 -13"><span class='ocrx_word' id='word_1_292' title='bbox 162 1403 313 1434; x_wconf 81' lang='lat' dir='ltr'>videbitis</span> <span class='ocrx_word' id='word_1_293' title='bbox 332 1410 480 1435; x_wconf 80' lang='lat' dir='ltr'>eventus.</span> <span class='ocrx_word' id='word_1_294' title='bbox 526 1404 663 1445; x_wconf 85' lang='lat' dir='ltr'>Oportet</span> <span class='ocrx_word' id='word_1_295' title='bbox 687 1404 751 1435; x_wconf 87' lang='lat' dir='ltr'>fide</span> <span class='ocrx_word' id='word_1_296' title='bbox 773 1404 927 1446; x_wconf 83' lang='lat' dir='ltr'>amplecti</span> <span class='ocrx_word' id='word_1_297' title='bbox 941 1406 1130 1446; x_wconf 79' lang='lat' dir='ltr'>promissio-</span> 
     </span>
     <span class='ocr_line' id='line_1_41' title="bbox 160 1446 1129 1488; baseline 0.003 -12"><span class='ocrx_word' id='word_1_298' title='bbox 160 1454 235 1477; x_wconf 82' lang='lat' dir='ltr'>nem</span> <span class='ocrx_word' id='word_1_299' title='bbox 258 1446 411 1477; x_wconf 82' lang='lat' dir='ltr'>divinam.</span> <span class='ocrx_word' id='word_1_300' title='bbox 476 1446 556 1477; x_wconf 92' lang='lat' dir='ltr'>Tum</span> <span class='ocrx_word' id='word_1_301' title='bbox 581 1454 738 1488; x_wconf 87' lang='lat' dir='ltr'>sequetur</span> <span class='ocrx_word' id='word_1_302' title='bbox 764 1448 979 1488; x_wconf 72' lang='lat' dir='ltr'>experientia,</span> <span class='ocrx_word' id='word_1_303' title='bbox 1010 1455 1043 1479; x_wconf 91' lang='lat' dir='ltr'>et</span> <span class='ocrx_word' id='word_1_304' title='bbox 1065 1449 1129 1479; x_wconf 91' lang='lat' dir='ltr'>ani-</span> 
     </span>
     <span class='ocr_line' id='line_1_42' title="bbox 159 1488 1108 1523; baseline 0.002 -4"><span class='ocrx_word' id='word_1_305' title='bbox 159 1497 232 1520; x_wconf 82' lang='lat' dir='ltr'>mus</span> <span class='ocrx_word' id='word_1_306' title='bbox 255 1489 501 1521; x_wconf 83' lang='lat' dir='ltr'>confirmabitur</span> <span class='ocrx_word' id='word_1_307' title='bbox 523 1499 625 1522; x_wconf 89' lang='lat' dir='ltr'>sensu</span> <span class='ocrx_word' id='word_1_308' title='bbox 647 1488 788 1521; x_wconf 76' lang='lat' dir='ltr'>laetitiae</span> <span class='ocrx_word' id='word_1_309' title='bbox 812 1496 844 1521; x_wconf 90' lang='lat' dir='ltr'>et</span> <span class='ocrx_word' id='word_1_310' title='bbox 865 1489 975 1522; x_wconf 81' lang='lat' dir='ltr'>auxilii</span> <span class='ocrx_word' id='word_1_311' title='bbox 999 1491 1108 1523; x_wconf 87' lang='lat' dir='ltr'>divini.</span> 
     </span>
    </p>
   </div>
   <div class='ocr_carea' id='block_1_12' title="bbox 255 1648 1036 1787">
    <p class='ocr_par' dir='ltr' id='par_1_13' title="bbox 255 1648 1036 1787">
     <span class='ocr_line' id='line_1_43' title="bbox 255 1648 1036 1684; baseline 0.004 -4"><span class='ocrx_word' id='word_1_312' title='bbox 255 1648 476 1683; x_wconf 86' lang='lat' dir='ltr'>DOMlNlCA</span> <span class='ocrx_word' id='word_1_313' title='bbox 499 1650 843 1683; x_wconf 75' lang='lat' dir='ltr'><strong>MISERICORDIAE</strong></span> <span class='ocrx_word' id='word_1_314' title='bbox 867 1651 1036 1684; x_wconf 72' lang='lat' dir='ltr'>DOMsNL</span> 
     </span>
     <span class='ocr_line' id='line_1_44' title="bbox 416 1743 874 1787; baseline 0.004 -12"><span class='ocrx_word' id='word_1_315' title='bbox 416 1743 693 1787; x_wconf 81' lang='lat' dir='ltr'>Evangelium</span> <span class='ocrx_word' id='word_1_316' title='bbox 717 1745 800 1777; x_wconf 86' lang='lat' dir='ltr'>loh.</span> <span class='ocrx_word' id='word_1_317' title='bbox 826 1746 874 1777; x_wconf 84' lang='lat'>10.</span> 
     </span>
    </p>
   </div>
   <div class='ocr_carea' id='block_1_13' title="bbox 157 1836 1128 1992">
    <p class='ocr_par' dir='ltr' id='par_1_14' title="bbox 157 1836 1128 1992">
     <span class='ocr_line' id='line_1_45' title="bbox 396 1836 890 1878; baseline 0.002 -12"><span class='ocrx_word' id='word_1_318' title='bbox 396 1836 466 1877; x_wconf 74' lang='lat'><em>1390</em></span> <span class='ocrx_word' id='word_1_319' title='bbox 487 1847 552 1868; x_wconf 78' lang='lat' dir='ltr'>sum</span> <span class='ocrx_word' id='word_1_320' title='bbox 571 1842 682 1878; x_wconf 76' lang='lat' dir='ltr'>pastor</span> <span class='ocrx_word' id='word_1_321' title='bbox 704 1839 809 1873; x_wconf 81' lang='lat' dir='ltr'>bonus,</span> <span class='ocrx_word' id='word_1_322' title='bbox 833 1843 890 1869; x_wconf 76' lang='lat' dir='ltr'>etc-</span> 
     </span>
     <span class='ocr_line' id='line_1_46' title="bbox 157 1934 1128 1992; baseline 0.003 -17"><span class='ocrx_word' id='word_1_323' title='bbox 157 1934 238 1975; x_wconf 81' lang='lat' dir='ltr'>Ista</span> <span class='ocrx_word' id='word_1_324' title='bbox 270 1934 408 1974; x_wconf 80' lang='lat' dir='ltr'>concio</span> <span class='ocrx_word' id='word_1_325' title='bbox 441 1941 552 1974; x_wconf 81' lang='lat' dir='ltr'>est-ne</span> <span class='ocrx_word' id='word_1_326' title='bbox 584 1935 718 1989; x_wconf 80' lang='lat' dir='ltr'>legalis</span> <span class='ocrx_word' id='word_1_327' title='bbox 755 1936 820 1976; x_wconf 86' lang='lat' dir='ltr'>vel</span> <span class='ocrx_word' id='word_1_328' title='bbox 861 1936 1128 1992; x_wconf 80' lang='lat' dir='ltr'>Evangelica‘?</span> 
     </span>
    </p>
   </div>
   <div class='ocr_carea' id='block_1_14' title="bbox 155 2040 1125 2457">
    <p class='ocr_par' dir='ltr' id='par_1_15' title="bbox 155 2040 1125 2457">
     <span class='ocr_line' id='line_1_47' title="bbox 243 2040 1125 2087; baseline 0.005 -14"><span class='ocrx_word' id='word_1_329' title='bbox 243 2040 455 2082; x_wconf 77' lang='lat' dir='ltr'>Respondeo.</span> <span class='ocrx_word' id='word_1_330' title='bbox 522 2041 596 2073; x_wconf 80' lang='lat' dir='ltr'>Non</span> <span class='ocrx_word' id='word_1_331' title='bbox 619 2050 670 2073; x_wconf 88' lang='lat' dir='ltr'>est</span> <span class='ocrx_word' id='word_1_332' title='bbox 688 2042 817 2085; x_wconf 81' lang='lat' dir='ltr'>legaliS.</span> <span class='ocrx_word' id='word_1_333' title='bbox 883 2044 957 2076; x_wconf 78' lang='lat' dir='ltr'>Non</span> <span class='ocrx_word' id='word_1_334' title='bbox 988 2046 1056 2087; x_wconf 86' lang='lat' dir='ltr'>agit</span> <span class='ocrx_word' id='word_1_335' title='bbox 1085 2046 1125 2077; x_wconf 90' lang='lat' dir='ltr'>de</span> 
     </span>
     <span class='ocr_line' id='line_1_48' title="bbox 156 2083 1123 2128; baseline 0.005 -13"><span class='ocrx_word' id='word_1_336' title='bbox 156 2086 342 2125; x_wconf 70' lang='lat' dir='ltr'>praeceptis</span> <span class='ocrx_word' id='word_1_337' title='bbox 366 2083 562 2116; x_wconf 79' lang='lat' dir='ltr'>moralibus:</span> <span class='ocrx_word' id='word_1_338' title='bbox 598 2085 657 2116; x_wconf 88' lang='lat' dir='ltr'>sed</span> <span class='ocrx_word' id='word_1_339' title='bbox 685 2093 737 2117; x_wconf 88' lang='lat' dir='ltr'>est</span> <span class='ocrx_word' id='word_1_340' title='bbox 764 2086 968 2128; x_wconf 80' lang='lat' dir='ltr'>Evangeliea</span> <span class='ocrx_word' id='word_1_341' title='bbox 990 2089 1123 2128; x_wconf 85' lang='lat' dir='ltr'>concio;</span> 
     </span>
     <span class='ocr_line' id='line_1_49' title="bbox 156 2127 1124 2169; baseline 0.006 -12"><span class='ocrx_word' id='word_1_342' title='bbox 156 2127 232 2168; x_wconf 84' lang='lat' dir='ltr'>quia</span> <span class='ocrx_word' id='word_1_343' title='bbox 255 2134 305 2157; x_wconf 89' lang='lat' dir='ltr'>est</span> <span class='ocrx_word' id='word_1_344' title='bbox 329 2127 489 2165; x_wconf 89' lang='lat' dir='ltr'>doctrina,</span> <span class='ocrx_word' id='word_1_345' title='bbox 511 2137 572 2159; x_wconf 81' lang='lat' dir='ltr'>seu</span> <span class='ocrx_word' id='word_1_346' title='bbox 594 2128 738 2159; x_wconf 85' lang='lat' dir='ltr'>narratio</span> <span class='ocrx_word' id='word_1_347' title='bbox 767 2130 809 2160; x_wconf 85' lang='lat' dir='ltr'>(le</span> <span class='ocrx_word' id='word_1_348' title='bbox 841 2130 923 2161; x_wconf 86' lang='lat' dir='ltr'>Filio</span> <span class='ocrx_word' id='word_1_349' title='bbox 956 2130 1030 2169; x_wconf 88' lang='lat' dir='ltr'>Dei,</span> <span class='ocrx_word' id='word_1_350' title='bbox 1064 2141 1124 2163; x_wconf 82' lang='lat' dir='ltr'>seu</span> 
     </span>
     <span class='ocr_line' id='line_1_50' title="bbox 157 2168 1122 2216; baseline 0.006 -16"><span class='ocrx_word' id='word_1_351' title='bbox 157 2170 198 2200; x_wconf 90' lang='lat' dir='ltr'>de</span> <span class='ocrx_word' id='word_1_352' title='bbox 219 2168 356 2207; x_wconf 84' lang='lat' dir='ltr'>Messia,</span> <span class='ocrx_word' id='word_1_353' title='bbox 380 2170 452 2211; x_wconf 86' lang='lat' dir='ltr'>quis</span> <span class='ocrx_word' id='word_1_354' title='bbox 476 2171 518 2201; x_wconf 88' lang='lat' dir='ltr'>sit</span> <span class='ocrx_word' id='word_1_355' title='bbox 541 2178 569 2201; x_wconf 85' lang='lat' dir='ltr'>et</span> <span class='ocrx_word' id='word_1_356' title='bbox 595 2171 682 2211; x_wconf 85' lang='lat' dir='ltr'>quod</span> <span class='ocrx_word' id='word_1_357' title='bbox 705 2171 746 2202; x_wconf 90' lang='lat' dir='ltr'>sit</span> <span class='ocrx_word' id='word_1_358' title='bbox 769 2172 838 2204; x_wconf 85' lang='lat' dir='ltr'>eius</span> <span class='ocrx_word' id='word_1_359' title='bbox 858 2171 1022 2211; x_wconf 82' lang='lat' dir='ltr'>officium,</span> <span class='ocrx_word' id='word_1_360' title='bbox 1044 2175 1122 2216; x_wconf 90' lang='lat' dir='ltr'>quid</span> 
     </span>
     <span class='ocr_line' id='line_1_51' title="bbox 157 2213 1123 2258; baseline 0.006 -15"><span class='ocrx_word' id='word_1_361' title='bbox 157 2218 246 2253; x_wconf 81' lang='lat' dir='ltr'>agat,</span> <span class='ocrx_word' id='word_1_362' title='bbox 269 2222 354 2254; x_wconf 89' lang='lat' dir='ltr'>quae</span> <span class='ocrx_word' id='word_1_363' title='bbox 377 2213 441 2243; x_wconf 80' lang='lat' dir='ltr'>sint</span> <span class='ocrx_word' id='word_1_364' title='bbox 464 2213 534 2244; x_wconf 84' lang='lat' dir='ltr'>eius</span> <span class='ocrx_word' id='word_1_365' title='bbox 558 2213 728 2245; x_wconf 81' lang='lat' dir='ltr'>beneficia.</span> <span class='ocrx_word' id='word_1_366' title='bbox 771 2214 896 2254; x_wconf 84' lang='lat' dir='ltr'>Docet,</span> <span class='ocrx_word' id='word_1_367' title='bbox 925 2217 1013 2258; x_wconf 86' lang='lat' dir='ltr'>quod</span> <span class='ocrx_word' id='word_1_368' title='bbox 1036 2217 1123 2249; x_wconf 81' lang='lat' dir='ltr'>Mes-</span> 
     </span>
     <span class='ocr_line' id='line_1_52' title="bbox 156 2255 1122 2299; baseline 0.007 -14"><span class='ocrx_word' id='word_1_369' title='bbox 156 2255 224 2285; x_wconf 73' lang='lat' dir='ltr'>sias</span> <span class='ocrx_word' id='word_1_370' title='bbox 257 2255 300 2286; x_wconf 89' lang='lat' dir='ltr'>sit</span> <span class='ocrx_word' id='word_1_371' title='bbox 332 2256 521 2296; x_wconf 87' lang='lat' dir='ltr'>redemptor</span> <span class='ocrx_word' id='word_1_372' title='bbox 553 2262 586 2287; x_wconf 88' lang='lat' dir='ltr'>et</span> <span class='ocrx_word' id='word_1_373' title='bbox 621 2257 790 2288; x_wconf 86' lang='lat' dir='ltr'>restitutor</span> <span class='ocrx_word' id='word_1_374' title='bbox 817 2259 950 2299; x_wconf 88' lang='lat' dir='ltr'>generis</span> <span class='ocrx_word' id='word_1_375' title='bbox 978 2259 1122 2291; x_wconf 86' lang='lat' dir='ltr'>humani.</span> 
     </span>
     <span class='ocr_line' id='line_1_53' title="bbox 156 2295 1123 2343; baseline 0.006 -15"><span class='ocrx_word' id='word_1_376' title='bbox 156 2295 246 2329; x_wconf 84' lang='lat' dir='ltr'>Haec</span> <span class='ocrx_word' id='word_1_377' title='bbox 259 2297 428 2339; x_wconf 87' lang='lat' dir='ltr'>diligentia</span> <span class='ocrx_word' id='word_1_378' title='bbox 446 2300 635 2330; x_wconf 85' lang='lat' dir='ltr'>necessaria</span> <span class='ocrx_word' id='word_1_379' title='bbox 658 2305 708 2330; x_wconf 88' lang='lat' dir='ltr'>est</span> <span class='ocrx_word' id='word_1_380' title='bbox 730 2300 762 2330; x_wconf 86' lang='lat' dir='ltr'>in</span> <span class='ocrx_word' id='word_1_381' title='bbox 779 2300 941 2339; x_wconf 84' lang='lat' dir='ltr'>Ecclesia,</span> <span class='ocrx_word' id='word_1_382' title='bbox 963 2312 1123 2343; x_wconf 84' lang='lat' dir='ltr'>quaerere</span> 
     </span>
     <span class='ocr_line' id='line_1_54' title="bbox 155 2339 1124 2383; baseline 0.007 -13"><span class='ocrx_word' id='word_1_383' title='bbox 155 2339 368 2381; x_wconf 87' lang='lat' dir='ltr'>principalem</span> <span class='ocrx_word' id='word_1_384' title='bbox 390 2344 558 2372; x_wconf 87' lang='lat' dir='ltr'>materiam</span> <span class='ocrx_word' id='word_1_385' title='bbox 583 2343 613 2372; x_wconf 89' lang='lat' dir='ltr'>in</span> <span class='ocrx_word' id='word_1_386' title='bbox 637 2340 781 2383; x_wconf 88' lang='lat' dir='ltr'>qualibet</span> <span class='ocrx_word' id='word_1_387' title='bbox 794 2344 965 2376; x_wconf 85' lang='lat' dir='ltr'>concione.</span> <span class='ocrx_word' id='word_1_388' title='bbox 994 2344 1124 2377; x_wconf 86' lang='lat' dir='ltr'>Deinde</span> 
     </span>
     <span class='ocr_line' id='line_1_55' title="bbox 155 2382 1124 2429; baseline 0.008 -17"><span class='ocrx_word' id='word_1_389' title='bbox 155 2382 345 2414; x_wconf 84' lang='lat' dir='ltr'>discernere</span> <span class='ocrx_word' id='word_1_390' title='bbox 367 2382 488 2424; x_wconf 88' lang='lat' dir='ltr'>legalia</span> <span class='ocrx_word' id='word_1_391' title='bbox 511 2395 530 2415; x_wconf 86' lang='lat' dir='ltr'>a</span> <span class='ocrx_word' id='word_1_392' title='bbox 553 2394 637 2416; x_wconf 80' lang='lat' dir='ltr'>voce</span> <span class='ocrx_word' id='word_1_393' title='bbox 660 2383 841 2426; x_wconf 83' lang='lat' dir='ltr'>Evangelii,</span> <span class='ocrx_word' id='word_1_394' title='bbox 863 2395 924 2418; x_wconf 78' lang='lat' dir='ltr'>seu</span> <span class='ocrx_word' id='word_1_395' title='bbox 945 2397 965 2418; x_wconf 87' lang='lat' dir='ltr'>a</span> <span class='ocrx_word' id='word_1_396' title='bbox 986 2389 1124 2429; x_wconf 83' lang='lat' dir='ltr'>promis-</span> 
     </span>
     <span class='ocr_line' id='line_1_56' title="bbox 155 2425 480 2457; baseline 0.006 -2"><span class='ocrx_word' id='word_1_397' title='bbox 155 2425 248 2456; x_wconf 71' lang='lat' dir='ltr'>sione</span> <span class='ocrx_word' id='word_1_398' title='bbox 271 2425 313 2456; x_wconf 85' lang='lat' dir='ltr'>de</span> <span class='ocrx_word' id='word_1_399' title='bbox 336 2425 480 2457; x_wconf 77' lang='lat' dir='ltr'>Christo.</span> 
     </span>
    </p>
   </div>
   <div class='ocr_carea' id='block_1_15' title="bbox 434 1021 1430 1062">
    <p class='ocr_par' dir='ltr' id='par_1_16' title="bbox 434 1021 1430 1062">
     <span class='ocr_line' id='line_1_57' title="bbox 434 1021 1430 1062; baseline 0.002 -11"><span class='ocrx_word' id='word_1_400' title='bbox 434 1022 576 1052; x_wconf 88' lang='lat' dir='ltr'>Primum</span> <span class='ocrx_word' id='word_1_401' title='bbox 611 1027 740 1062; x_wconf 82' lang='lat' dir='ltr'>oportet</span> <span class='ocrx_word' id='word_1_402' title='bbox 770 1031 832 1052; x_wconf 91' lang='lat' dir='ltr'>nos</span> <span class='ocrx_word' id='word_1_403' title='bbox 861 1021 974 1053; x_wconf 87' lang='lat' dir='ltr'>audire</span> <span class='ocrx_word' id='word_1_404' title='bbox 995 1023 1133 1053; x_wconf 86' lang='lat' dir='ltr'>verbum</span> <span class='ocrx_word' id='word_1_405' title='bbox 1184 1029 1265 1051; x_wconf 71' lang='lat' dir='ltr'>noca</span> <span class='ocrx_word' id='word_1_406' title='bbox 1286 1024 1316 1050; x_wconf 79' lang='lat' dir='ltr'>et</span> <span class='ocrx_word' id='word_1_407' title='bbox 1340 1031 1430 1053; x_wconf 78' lang='lat' dir='ltr'>vanu.</span> 
     </span>
    </p>
   </div>
   <div class='ocr_carea' id='block_1_16' title="bbox 1145 2283 1151 2419">
    <p class='ocr_par' dir='ltr' id='par_1_17' title="bbox 1145 2283 1151 2419">
     <span class='ocr_line' id='line_1_58' title="bbox 1145 2283 1151 2419; baseline 0 539"><span class='ocrx_word' id='word_1_408' title='bbox 1145 2283 1151 2419; x_wconf 95' lang='lat' dir='ltr'> </span> 
     </span>
    </p>
   </div>
   <div class='ocr_carea' id='block_1_17' title="bbox 1173 2344 1403 2385">
    <p class='ocr_par' dir='ltr' id='par_1_18' title="bbox 1173 2344 1403 2385">
     <span class='ocr_line' id='line_1_59' title="bbox 1173 2344 1403 2385; baseline 0.004 -9"><span class='ocrx_word' id='word_1_409' title='bbox 1173 2344 1254 2385; x_wconf 89' lang='lat' dir='ltr'>lare,</span> <span class='ocrx_word' id='word_1_410' title='bbox 1277 2347 1403 2379; x_wconf 68' lang='lat' dir='ltr'>dechen.</span> 
     </span>
    </p>
   </div>
   <div class='ocr_carea' id='block_1_18' title="bbox 1174 2475 1916 2517">
    <p class='ocr_par' dir='ltr' id='par_1_19' title="bbox 1174 2475 1916 2517">
     <span class='ocr_line' id='line_1_60' title="bbox 1174 2475 1916 2517; baseline 0.004 -12"><span class='ocrx_word' id='word_1_411' title='bbox 1174 2475 1321 2516; x_wconf 67' lang='grc' dir='ltr'>μυστήρια</span> <span class='ocrx_word' id='word_1_412' title='bbox 1355 2476 1514 2512; x_wconf 84' lang='lat' dir='ltr'>dicuntur,</span> <span class='ocrx_word' id='word_1_413' title='bbox 1547 2485 1566 2506; x_wconf 82' lang='lat' dir='ltr'>a</span> <span class='ocrx_word' id='word_1_414' title='bbox 1588 2476 1672 2513; x_wconf 72' lang='grc' dir='ltr'><em>μύω,</em></span> <span class='ocrx_word' id='word_1_415' title='bbox 1700 2475 1732 2505; x_wconf 90' lang='lat' dir='ltr'>id</span> <span class='ocrx_word' id='word_1_416' title='bbox 1755 2481 1816 2513; x_wconf 87' lang='lat' dir='ltr'>est,</span> <span class='ocrx_word' id='word_1_417' title='bbox 1835 2481 1916 2517; x_wconf 78' lang='lat' dir='ltr'>teyo.</span> 
     </span>
    </p>
   </div>
   <div class='ocr_carea' id='block_1_19' title="bbox 1147 2422 1154 2636">
    <p class='ocr_par' dir='ltr' id='par_1_20' title="bbox 1147 2422 1154 2636">
     <span class='ocr_line' id='line_1_61' title="bbox 1147 2422 1154 2636; baseline 0 322"><span class='ocrx_word' id='word_1_418' title='bbox 1147 2422 1154 2636; x_wconf 95' lang='lat' dir='ltr'> </span> 
     </span>
    </p>
   </div>
   <div class='ocr_carea' id='block_1_20' title="bbox 1185 763 2158 853">
    <p class='ocr_par' dir='ltr' id='par_1_21' title="bbox 1185 763 2158 853">
     <span class='ocr_line' id='line_1_62' title="bbox 1189 763 2158 811; baseline 0.008 -17"><span class='ocrx_word' id='word_1_419' title='bbox 1189 764 1294 795; x_wconf 84' lang='lat' dir='ltr'>stituit</span> <span class='ocrx_word' id='word_1_420' title='bbox 1317 764 1381 796; x_wconf 85' lang='lat' dir='ltr'>hoc</span> <span class='ocrx_word' id='word_1_421' title='bbox 1404 764 1543 796; x_wconf 88' lang='lat' dir='ltr'>solenne</span> <span class='ocrx_word' id='word_1_422' title='bbox 1566 763 1698 805; x_wconf 82' lang='lat' dir='ltr'>festum,</span> <span class='ocrx_word' id='word_1_423' title='bbox 1734 773 1769 798; x_wconf 91' lang='lat' dir='ltr'>ut</span> <span class='ocrx_word' id='word_1_424' title='bbox 1792 774 1905 809; x_wconf 81' lang='lat' dir='ltr'>ageret</span> <span class='ocrx_word' id='word_1_425' title='bbox 1936 770 2061 811; x_wconf 82' lang='lat' dir='ltr'>gratias</span> <span class='ocrx_word' id='word_1_426' title='bbox 2083 769 2158 803; x_wconf 92' lang='lat' dir='ltr'>Deo</span> 
     </span>
     <span class='ocr_line' id='line_1_63' title="bbox 1185 807 2156 853; baseline 0.008 -16"><span class='ocrx_word' id='word_1_427' title='bbox 1185 816 1245 847; x_wconf 91' lang='lat' dir='ltr'>pro</span> <span class='ocrx_word' id='word_1_428' title='bbox 1275 807 1425 846; x_wconf 86' lang='lat' dir='ltr'>victoria,</span> <span class='ocrx_word' id='word_1_429' title='bbox 1459 814 1491 839; x_wconf 92' lang='lat' dir='ltr'>et</span> <span class='ocrx_word' id='word_1_430' title='bbox 1523 809 1712 840; x_wconf 89' lang='lat' dir='ltr'>memoriam</span> <span class='ocrx_word' id='word_1_431' title='bbox 1745 811 1914 853; x_wconf 84' lang='lat' dir='ltr'>repurgati</span> <span class='ocrx_word' id='word_1_432' title='bbox 1938 811 2050 853; x_wconf 92' lang='lat' dir='ltr'>templi</span> <span class='ocrx_word' id='word_1_433' title='bbox 2069 822 2156 845; x_wconf 90' lang='lat' dir='ltr'>com-</span> 
     </span>
    </p>
   </div>
   <div class='ocr_carea' id='block_1_21' title="bbox 1160 850 1531 891">
    <p class='ocr_par' dir='ltr' id='par_1_22' title="bbox 1160 850 1531 891">
     <span class='ocr_line' id='line_1_64' title="bbox 1160 850 1531 891; baseline 0.008 -12"><span class='ocrx_word' id='word_1_434' title='bbox 1160 855 1161 874; x_wconf 57' lang='lat' dir='ltr'>i</span> <span class='ocrx_word' id='word_1_435' title='bbox 1185 850 1355 881; x_wconf 83' lang='lat' dir='ltr'>mendaret</span> <span class='ocrx_word' id='word_1_436' title='bbox 1375 851 1531 891; x_wconf 66' lang='lat' dir='ltr'>posteris</span> 
     </span>
    </p>
   </div>
   <div class='ocr_carea' id='block_1_22' title="bbox 1269 892 2156 983">
    <p class='ocr_par' dir='ltr' id='par_1_23' title="bbox 1269 892 2156 983">
     <span class='ocr_line' id='line_1_65' title="bbox 1269 892 2156 936; baseline 0.009 -13"><span class='ocrx_word' id='word_1_437' title='bbox 1269 892 1397 924; x_wconf 89' lang='lat' dir='ltr'>Nomen</span> <span class='ocrx_word' id='word_1_438' title='bbox 1420 893 1659 925; x_wconf 88' lang='lat' dir='ltr'>Encaeniorum</span> <span class='ocrx_word' id='word_1_439' title='bbox 1678 900 1740 933; x_wconf 86' lang='lat' dir='ltr'>est,</span> <span class='ocrx_word' id='word_1_440' title='bbox 1763 896 1856 936; x_wconf 87' lang='lat' dir='ltr'>quasi</span> <span class='ocrx_word' id='word_1_441' title='bbox 1885 897 1992 935; x_wconf 81' lang='lat' dir='ltr'>dicaS‚</span> <span class='ocrx_word' id='word_1_442' title='bbox 2020 907 2156 931; x_wconf 77' lang='lat' dir='ltr'>renova-</span> 
     </span>
     <span class='ocr_line' id='line_1_66' title="bbox 1306 935 2156 983; baseline 0.008 -17"><span class='ocrx_word' id='word_1_443' title='bbox 1306 935 1435 967; x_wconf 89' lang='lat' dir='ltr'>Dicitur</span> <span class='ocrx_word' id='word_1_444' title='bbox 1458 947 1477 967; x_wconf 90' lang='lat' dir='ltr'>a</span> <span class='ocrx_word' id='word_1_445' title='bbox 1499 936 1610 975; x_wconf 74' lang='grc' dir='ltr'><em>καινὸν,</em></span> <span class='ocrx_word' id='word_1_446' title='bbox 1633 947 1754 969; x_wconf 74' lang='lat' dir='ltr'>novum.</span> <span class='ocrx_word' id='word_1_447' title='bbox 1821 938 2018 971; x_wconf 82' lang='lat' dir='ltr'>Aristoteles</span> <span class='ocrx_word' id='word_1_448' title='bbox 2042 941 2156 983; x_wconf 91' lang='lat' dir='ltr'>inquit,</span> 
     </span>
    </p>
   </div>
   <div class='ocr_carea' id='block_1_23' title="bbox 1179 1021 2156 2090">
    <p class='ocr_par' dir='ltr' id='par_1_24' title="bbox 1181 1021 2156 1437">
     <span class='ocr_line' id='line_1_67' title="bbox 1496 1021 2155 1068; baseline 0.009 -15"><span class='ocrx_word' id='word_1_449' title='bbox 1496 1021 1659 1054; x_wconf 85' lang='lat' dir='ltr'>Isocrates</span> <span class='ocrx_word' id='word_1_450' title='bbox 1683 1023 1779 1055; x_wconf 86' lang='lat' dir='ltr'>hacet</span> <span class='ocrx_word' id='word_1_451' title='bbox 1802 1024 1866 1056; x_wconf 93' lang='lat' dir='ltr'>hoc</span> <span class='ocrx_word' id='word_1_452' title='bbox 1895 1025 2033 1064; x_wconf 88' lang='lat' dir='ltr'>dictum,</span> <span class='ocrx_word' id='word_1_453' title='bbox 2067 1028 2155 1068; x_wconf 89' lang='lat' dir='ltr'>quod</span> 
     </span>
     <span class='ocr_line' id='line_1_68' title="bbox 1184 1063 2155 1108; baseline 0.008 -16"><span class='ocrx_word' id='word_1_454' title='bbox 1184 1068 1236 1092; x_wconf 90' lang='lat' dir='ltr'>est</span> <span class='ocrx_word' id='word_1_455' title='bbox 1260 1063 1356 1094; x_wconf 86' lang='lat' dir='ltr'>etiam</span> <span class='ocrx_word' id='word_1_456' title='bbox 1378 1070 1573 1104; x_wconf 87' lang='lat' dir='ltr'>usurpatum</span> <span class='ocrx_word' id='word_1_457' title='bbox 1592 1076 1611 1097; x_wconf 87' lang='lat' dir='ltr'>a</span> <span class='ocrx_word' id='word_1_458' title='bbox 1630 1065 1853 1098; x_wconf 82' lang='lat' dir='ltr'>Philostrato:</span> <span class='ocrx_word' id='word_1_459' title='bbox 1876 1067 1911 1098; x_wconf 74' lang='grc' dir='ltr'>τά</span> <span class='ocrx_word' id='word_1_460' title='bbox 1933 1072 2013 1099; x_wconf 74' lang='grc' dir='ltr'><em>κοῖνα</em></span> <span class='ocrx_word' id='word_1_461' title='bbox 2035 1070 2155 1108; x_wconf 72' lang='grc' dir='ltr'><strong><em>καινῶς,</em></strong></span> 
     </span>
     <span class='ocr_line' id='line_1_69' title="bbox 1183 1104 2156 1145; baseline 0.011 -11"><span class='ocrx_word' id='word_1_462' title='bbox 1183 1107 1232 1134; x_wconf 84' lang='grc' dir='ltr'>καὶ</span> <span class='ocrx_word' id='word_1_463' title='bbox 1256 1104 1291 1135; x_wconf 76' lang='grc' dir='ltr'>τὰ</span> <span class='ocrx_word' id='word_1_464' title='bbox 1313 1105 1399 1136; x_wconf 73' lang='grc' dir='ltr'><em>καινὰ</em></span> <span class='ocrx_word' id='word_1_465' title='bbox 1422 1108 1538 1142; x_wconf 77' lang='grc' dir='ltr'>κοινοῖς.</span> <span class='ocrx_word' id='word_1_466' title='bbox 1607 1109 1791 1141; x_wconf 82' lang='lat' dir='ltr'>Communia</span> <span class='ocrx_word' id='word_1_467' title='bbox 1817 1115 1893 1142; x_wconf 70' lang='lat' dir='ltr'>sunt</span> <span class='ocrx_word' id='word_1_468' title='bbox 1912 1112 2049 1143; x_wconf 70' lang='lat' dir='ltr'>(licenda</span> <span class='ocrx_word' id='word_1_469' title='bbox 2076 1122 2156 1145; x_wconf 80' lang='lat' dir='ltr'>novo</span> 
     </span>
     <span class='ocr_line' id='line_1_70' title="bbox 1183 1149 2156 1195; baseline 0.009 -17"><span class='ocrx_word' id='word_1_470' title='bbox 1183 1149 1284 1187; x_wconf 82' lang='lat' dir='ltr'>modo,</span> <span class='ocrx_word' id='word_1_471' title='bbox 1307 1151 1338 1179; x_wconf 76' lang='lat' dir='ltr'>et</span> <span class='ocrx_word' id='word_1_472' title='bbox 1359 1159 1440 1180; x_wconf 78' lang='lat' dir='ltr'>nora</span> <span class='ocrx_word' id='word_1_473' title='bbox 1461 1155 1614 1182; x_wconf 77' lang='lat' dir='ltr'>commum</span> <span class='ocrx_word' id='word_1_474' title='bbox 1636 1153 1737 1183; x_wconf 84' lang='lat' dir='ltr'>modo.</span> <span class='ocrx_word' id='word_1_475' title='bbox 1776 1154 1844 1184; x_wconf 76' lang='lat' dir='ltr'>Was</span> <span class='ocrx_word' id='word_1_476' title='bbox 1865 1157 1989 1193; x_wconf 74' lang='lat' dir='ltr'>yemein</span> <span class='ocrx_word' id='word_1_477' title='bbox 2012 1155 2065 1195; x_wconf 80' lang='lat' dir='ltr'>ist,</span> <span class='ocrx_word' id='word_1_478' title='bbox 2084 1156 2156 1187; x_wconf 82' lang='lat' dir='ltr'>dem</span> 
     </span>
     <span class='ocr_line' id='line_1_71' title="bbox 1183 1192 2155 1236; baseline 0.009 -15"><span class='ocrx_word' id='word_1_479' title='bbox 1183 1192 1243 1222; x_wconf 85' lang='lat' dir='ltr'>soll</span> <span class='ocrx_word' id='word_1_480' title='bbox 1263 1200 1337 1222; x_wconf 84' lang='lat' dir='ltr'>man</span> <span class='ocrx_word' id='word_1_481' title='bbox 1360 1192 1412 1223; x_wconf 78' lang='lat' dir='ltr'>ein</span> <span class='ocrx_word' id='word_1_482' title='bbox 1430 1195 1549 1231; x_wconf 68' lang='lat' dir='ltr'>yestalt</span> <span class='ocrx_word' id='word_1_483' title='bbox 1569 1195 1679 1233; x_wconf 72' lang='lat' dir='ltr'>yeben,</span> <span class='ocrx_word' id='word_1_484' title='bbox 1702 1195 1752 1226; x_wconf 78' lang='lat' dir='ltr'>als</span> <span class='ocrx_word' id='word_1_485' title='bbox 1773 1205 1829 1236; x_wconf 66' lang='lat' dir='ltr'>seg]</span> <span class='ocrx_word' id='word_1_486' title='bbox 1852 1206 1887 1227; x_wconf 78' lang='lat' dir='ltr'>es</span> <span class='ocrx_word' id='word_1_487' title='bbox 1909 1207 1987 1228; x_wconf 80' lang='lat' dir='ltr'>new.</span> <span class='ocrx_word' id='word_1_488' title='bbox 2053 1196 2097 1229; x_wconf 89' lang='lat' dir='ltr'>Ut</span> <span class='ocrx_word' id='word_1_489' title='bbox 2119 1198 2155 1230; x_wconf 82' lang='lat' dir='ltr'>fit</span> 
     </span>
     <span class='ocr_line' id='line_1_72' title="bbox 1182 1232 2155 1282; baseline 0.009 -19"><span class='ocrx_word' id='word_1_490' title='bbox 1182 1233 1214 1264; x_wconf 93' lang='lat' dir='ltr'>in</span> <span class='ocrx_word' id='word_1_491' title='bbox 1238 1232 1475 1274; x_wconf 86' lang='lat' dir='ltr'>Epithalamiis,</span> <span class='ocrx_word' id='word_1_492' title='bbox 1497 1236 1529 1266; x_wconf 79' lang='lat' dir='ltr'>in</span> <span class='ocrx_word' id='word_1_493' title='bbox 1551 1237 1670 1277; x_wconf 87' lang='lat' dir='ltr'>quibus</span> <span class='ocrx_word' id='word_1_494' title='bbox 1694 1237 1843 1269; x_wconf 77' lang='lat' dir='ltr'>doctrina</span> <span class='ocrx_word' id='word_1_495' title='bbox 1866 1239 1906 1270; x_wconf 90' lang='lat' dir='ltr'>de</span> <span class='ocrx_word' id='word_1_496' title='bbox 1929 1239 2082 1282; x_wconf 87' lang='lat' dir='ltr'>coniugio</span> <span class='ocrx_word' id='word_1_497' title='bbox 2103 1250 2155 1272; x_wconf 84' lang='lat' dir='ltr'>re·</span> 
     </span>
     <span class='ocr_line' id='line_1_73' title="bbox 1183 1277 2155 1323; baseline 0.009 -17"><span class='ocrx_word' id='word_1_498' title='bbox 1183 1277 1302 1317; x_wconf 84' lang='lat' dir='ltr'>petitur</span> <span class='ocrx_word' id='word_1_499' title='bbox 1320 1287 1407 1308; x_wconf 88' lang='lat' dir='ltr'>nova</span> <span class='ocrx_word' id='word_1_500' title='bbox 1429 1277 1541 1319; x_wconf 85' lang='lat' dir='ltr'>aliqua</span> <span class='ocrx_word' id='word_1_501' title='bbox 1564 1277 1685 1311; x_wconf 87' lang='lat' dir='ltr'>forma:</span> <span class='ocrx_word' id='word_1_502' title='bbox 1710 1287 1836 1319; x_wconf 87' lang='lat' dir='ltr'>contra,</span> <span class='ocrx_word' id='word_1_503' title='bbox 1860 1292 1945 1323; x_wconf 88' lang='lat' dir='ltr'>quae</span> <span class='ocrx_word' id='word_1_504' title='bbox 1967 1289 2043 1314; x_wconf 89' lang='lat' dir='ltr'>sunt</span> <span class='ocrx_word' id='word_1_505' title='bbox 2057 1293 2155 1315; x_wconf 81' lang='lat' dir='ltr'>nova</span> 
     </span>
     <span class='ocr_line' id='line_1_74' title="bbox 1183 1318 2154 1364; baseline 0.008 -15"><span class='ocrx_word' id='word_1_506' title='bbox 1183 1325 1214 1350; x_wconf 91' lang='lat' dir='ltr'>et</span> <span class='ocrx_word' id='word_1_507' title='bbox 1237 1318 1392 1357; x_wconf 84' lang='lat' dir='ltr'>difficilia,</span> <span class='ocrx_word' id='word_1_508' title='bbox 1426 1327 1503 1352; x_wconf 88' lang='lat' dir='ltr'>sunt</span> <span class='ocrx_word' id='word_1_509' title='bbox 1526 1321 1684 1360; x_wconf 88' lang='lat' dir='ltr'>dicenda,</span> <span class='ocrx_word' id='word_1_510' title='bbox 1716 1324 1810 1364; x_wconf 91' lang='lat' dir='ltr'>quasi</span> <span class='ocrx_word' id='word_1_511' title='bbox 1834 1325 1899 1355; x_wconf 90' lang='lat' dir='ltr'>sint</span> <span class='ocrx_word' id='word_1_512' title='bbox 1922 1331 2011 1362; x_wconf 87' lang='lat' dir='ltr'>nota,</span> <span class='ocrx_word' id='word_1_513' title='bbox 2035 1330 2067 1357; x_wconf 90' lang='lat' dir='ltr'>et</span> <span class='ocrx_word' id='word_1_514' title='bbox 2089 1326 2154 1358; x_wconf 88' lang='lat' dir='ltr'>usi-</span> 
     </span>
     <span class='ocr_line' id='line_1_75' title="bbox 1181 1361 2153 1408; baseline 0.009 -16"><span class='ocrx_word' id='word_1_515' title='bbox 1181 1367 1260 1400; x_wconf 87' lang='lat' dir='ltr'>tata,</span> <span class='ocrx_word' id='word_1_516' title='bbox 1284 1369 1315 1393; x_wconf 90' lang='lat' dir='ltr'>et</span> <span class='ocrx_word' id='word_1_517' title='bbox 1337 1361 1455 1394; x_wconf 78' lang='lat' dir='ltr'>facilia.</span> <span class='ocrx_word' id='word_1_518' title='bbox 1509 1365 1578 1396; x_wconf 81' lang='lat' dir='ltr'>Was</span> <span class='ocrx_word' id='word_1_519' title='bbox 1600 1366 1725 1397; x_wconf 74' lang='lat' dir='ltr'>schwer</span> <span class='ocrx_word' id='word_1_520' title='bbox 1747 1370 1798 1401; x_wconf 69' lang='lat' dir='ltr'>tsi,</span> <span class='ocrx_word' id='word_1_521' title='bbox 1821 1369 1872 1398; x_wconf 76' lang='lat' dir='ltr'>eol</span> <span class='ocrx_word' id='word_1_522' title='bbox 1893 1377 1965 1399; x_wconf 84' lang='lat' dir='ltr'>man</span> <span class='ocrx_word' id='word_1_523' title='bbox 1984 1368 2153 1408; x_wconf 72' lang='lat' dir='ltr'>furyehen,</span> 
     </span>
     <span class='ocr_line' id='line_1_76' title="bbox 1181 1406 1478 1437; baseline 0.003 -1"><span class='ocrx_word' id='word_1_524' title='bbox 1181 1407 1230 1436; x_wconf 77' lang='lat' dir='ltr'>als</span> <span class='ocrx_word' id='word_1_525' title='bbox 1251 1406 1302 1436; x_wconf 77' lang='lat' dir='ltr'>sei</span> <span class='ocrx_word' id='word_1_526' title='bbox 1321 1415 1355 1437; x_wconf 74' lang='lat' dir='ltr'>es</span> <span class='ocrx_word' id='word_1_527' title='bbox 1375 1407 1478 1437; x_wconf 77' lang='lat' dir='ltr'>Ieicltt.</span> 
     </span>
    </p>

    <p class='ocr_par' dir='ltr' id='par_1_25' title="bbox 1182 1447 2153 1665">
     <span class='ocr_line' id='line_1_77' title="bbox 1268 1447 2153 1496; baseline 0.01 -18"><span class='ocrx_word' id='word_1_528' title='bbox 1268 1447 1359 1479; x_wconf 89' lang='lat' dir='ltr'>Haec</span> <span class='ocrx_word' id='word_1_529' title='bbox 1377 1458 1442 1479; x_wconf 93' lang='lat' dir='ltr'>non</span> <span class='ocrx_word' id='word_1_530' title='bbox 1456 1454 1506 1479; x_wconf 87' lang='lat' dir='ltr'>est</span> <span class='ocrx_word' id='word_1_531' title='bbox 1517 1459 1620 1490; x_wconf 89' lang='lat' dir='ltr'>parva</span> <span class='ocrx_word' id='word_1_532' title='bbox 1632 1450 1821 1490; x_wconf 65' lang='lat' dir='ltr'>dexteritas»,</span> <span class='ocrx_word' id='word_1_533' title='bbox 1845 1463 2040 1496; x_wconf 87' lang='lat' dir='ltr'>quamquam</span> <span class='ocrx_word' id='word_1_534' title='bbox 2056 1454 2153 1487; x_wconf 87' lang='lat' dir='ltr'>etiam</span> 
     </span>
     <span class='ocr_line' id='line_1_78' title="bbox 1182 1489 2152 1538; baseline 0.01 -18"><span class='ocrx_word' id='word_1_535' title='bbox 1182 1489 1214 1520; x_wconf 91' lang='lat' dir='ltr'>in</span> <span class='ocrx_word' id='word_1_536' title='bbox 1250 1491 1349 1521; x_wconf 90' lang='lat' dir='ltr'>rebus</span> <span class='ocrx_word' id='word_1_537' title='bbox 1383 1492 1490 1523; x_wconf 85' lang='lat' dir='ltr'>sacris</span> <span class='ocrx_word' id='word_1_538' title='bbox 1523 1498 1555 1523; x_wconf 86' lang='lat' dir='ltr'>et</span> <span class='ocrx_word' id='word_1_539' title='bbox 1589 1492 1787 1536; x_wconf 86' lang='lat' dir='ltr'>theologicis</span> <span class='ocrx_word' id='word_1_540' title='bbox 1815 1505 1935 1538; x_wconf 86' lang='lat' dir='ltr'>magna</span> <span class='ocrx_word' id='word_1_541' title='bbox 1969 1502 2020 1528; x_wconf 90' lang='lat' dir='ltr'>est</span> <span class='ocrx_word' id='word_1_542' title='bbox 2047 1496 2152 1530; x_wconf 76' lang='lat' dir='ltr'>virtus</span> 
     </span>
     <span class='ocr_line' id='line_1_79' title="bbox 1183 1533 2152 1576; baseline 0.009 -13"><span class='ocrx_word' id='word_1_543' title='bbox 1183 1542 1284 1574; x_wconf 88' lang='lat' dir='ltr'>posse</span> <span class='ocrx_word' id='word_1_544' title='bbox 1307 1533 1427 1572; x_wconf 85' lang='lat' dir='ltr'>dicere,</span> <span class='ocrx_word' id='word_1_545' title='bbox 1449 1538 1531 1565; x_wconf 83' lang='grc' dir='ltr'><em>κοῖνα</em></span> <span class='ocrx_word' id='word_1_546' title='bbox 1553 1536 1669 1574; x_wconf 77' lang='grc' dir='ltr'>κοιναῖς,</span> <span class='ocrx_word' id='word_1_547' title='bbox 1692 1537 1724 1567; x_wconf 87' lang='lat' dir='ltr'>id</span> <span class='ocrx_word' id='word_1_548' title='bbox 1747 1543 1810 1576; x_wconf 90' lang='lat' dir='ltr'>est,</span> <span class='ocrx_word' id='word_1_549' title='bbox 1832 1537 2000 1571; x_wconf 88' lang='lat' dir='ltr'>inculcare</span> <span class='ocrx_word' id='word_1_550' title='bbox 2018 1540 2152 1572; x_wconf 86' lang='lat' dir='ltr'>easdem</span> 
     </span>
     <span class='ocr_line' id='line_1_80' title="bbox 1183 1576 2152 1615; baseline 0.009 -9"><span class='ocrx_word' id='word_1_551' title='bbox 1183 1576 1349 1613; x_wconf 87' lang='lat' dir='ltr'>materias,</span> <span class='ocrx_word' id='word_1_552' title='bbox 1370 1583 1406 1608; x_wconf 88' lang='lat' dir='ltr'>ut</span> <span class='ocrx_word' id='word_1_553' title='bbox 1428 1577 1494 1608; x_wconf 85' lang='lat' dir='ltr'>sint</span> <span class='ocrx_word' id='word_1_554' title='bbox 1517 1583 1549 1609; x_wconf 90' lang='lat' dir='ltr'>et</span> <span class='ocrx_word' id='word_1_555' title='bbox 1571 1586 1725 1611; x_wconf 86' lang='lat' dir='ltr'>maneant</span> <span class='ocrx_word' id='word_1_556' title='bbox 1745 1590 1937 1613; x_wconf 85' lang='lat' dir='ltr'>communes</span> <span class='ocrx_word' id='word_1_557' title='bbox 1961 1588 1993 1613; x_wconf 90' lang='lat' dir='ltr'>et</span> <span class='ocrx_word' id='word_1_558' title='bbox 2014 1581 2152 1615; x_wconf 82' lang='lat' dir='ltr'>familia·</span> 
     </span>
     <span class='ocr_line' id='line_1_81' title="bbox 1182 1619 2150 1665; baseline 0.008 -16"><span class='ocrx_word' id='word_1_559' title='bbox 1182 1628 1236 1649; x_wconf 88' lang='lat' dir='ltr'>res</span> <span class='ocrx_word' id='word_1_560' title='bbox 1250 1619 1416 1650; x_wconf 91' lang='lat' dir='ltr'>omnibus:</span> <span class='ocrx_word' id='word_1_561' title='bbox 1440 1620 1516 1651; x_wconf 88' lang='lat' dir='ltr'>inde</span> <span class='ocrx_word' id='word_1_562' title='bbox 1529 1627 1579 1651; x_wconf 89' lang='lat' dir='ltr'>est</span> <span class='ocrx_word' id='word_1_563' title='bbox 1592 1631 1710 1654; x_wconf 90' lang='lat' dir='ltr'>nomen</span> <span class='ocrx_word' id='word_1_564' title='bbox 1729 1625 1868 1665; x_wconf 74' lang='grc' dir='ltr'><strong><em>ἐγκαίνια,</em></strong></span> <span class='ocrx_word' id='word_1_565' title='bbox 1890 1634 1910 1656; x_wconf 83' lang='lat' dir='ltr'>a</span> <span class='ocrx_word' id='word_1_566' title='bbox 1926 1625 2150 1658; x_wconf 81' lang='lat' dir='ltr'>renovatione.</span> 
     </span>
    </p>

    <p class='ocr_par' dir='ltr' id='par_1_26' title="bbox 1179 1661 2152 2090">
     <span class='ocr_line' id='line_1_82' title="bbox 1267 1661 2152 1702; baseline 0.009 -10"><span class='ocrx_word' id='word_1_567' title='bbox 1267 1661 1365 1702; x_wconf 84' lang='lat' dir='ltr'>Apud</span> <span class='ocrx_word' id='word_1_568' title='bbox 1389 1662 1572 1694; x_wconf 89' lang='lat' dir='ltr'>Germanos</span> <span class='ocrx_word' id='word_1_569' title='bbox 1596 1670 1646 1695; x_wconf 91' lang='lat' dir='ltr'>est</span> <span class='ocrx_word' id='word_1_570' title='bbox 1659 1666 1812 1697; x_wconf 89' lang='lat' dir='ltr'>usitatum</span> <span class='ocrx_word' id='word_1_571' title='bbox 1825 1666 2022 1699; x_wconf 81' lang='lat' dir='ltr'>vocabulum</span> <span class='ocrx_word' id='word_1_572' title='bbox 2034 1667 2152 1700; x_wconf 72' lang='lat' dir='ltr'>Kircb·</span> 
     </span>
     <span class='ocr_line' id='line_1_83' title="bbox 1181 1703 2152 1745; baseline 0.009 -11"><span class='ocrx_word' id='word_1_573' title='bbox 1181 1703 1285 1735; x_wconf 78' lang='lat' dir='ltr'>weilze.</span> <span class='ocrx_word' id='word_1_574' title='bbox 1351 1703 1479 1736; x_wconf 86' lang='lat' dir='ltr'>Rustici</span> <span class='ocrx_word' id='word_1_575' title='bbox 1501 1706 1680 1745; x_wconf 86' lang='lat' dir='ltr'>nominant,</span> <span class='ocrx_word' id='word_1_576' title='bbox 1701 1707 1934 1741; x_wconf 78' lang='lat' dir='ltr'>Kirchnaessen.</span> <span class='ocrx_word' id='word_1_577' title='bbox 1995 1710 2071 1742; x_wconf 83' lang='lat' dir='ltr'>Fuit</span> <span class='ocrx_word' id='word_1_578' title='bbox 2098 1710 2152 1743; x_wconf 85' lang='lat' dir='ltr'>hic</span> 
     </span>
     <span class='ocr_line' id='line_1_84' title="bbox 1181 1744 2151 1795; baseline 0.008 -18"><span class='ocrx_word' id='word_1_579' title='bbox 1181 1757 1253 1778; x_wconf 81' lang='lat' dir='ltr'>mos</span> <span class='ocrx_word' id='word_1_580' title='bbox 1287 1744 1376 1784; x_wconf 89' lang='lat' dir='ltr'>olim,</span> <span class='ocrx_word' id='word_1_581' title='bbox 1410 1754 1441 1779; x_wconf 83' lang='lat' dir='ltr'>et</span> <span class='ocrx_word' id='word_1_582' title='bbox 1474 1748 1581 1780; x_wconf 80' lang='lat' dir='ltr'>adhuc</span> <span class='ocrx_word' id='word_1_583' title='bbox 1615 1755 1684 1788; x_wconf 91' lang='lat' dir='ltr'>est,</span> <span class='ocrx_word' id='word_1_584' title='bbox 1716 1751 1771 1782; x_wconf 88' lang='lat' dir='ltr'>ubi</span> <span class='ocrx_word' id='word_1_585' title='bbox 1805 1759 1944 1793; x_wconf 88' lang='lat' dir='ltr'>regnant</span> <span class='ocrx_word' id='word_1_586' title='bbox 1976 1752 2151 1795; x_wconf 85' lang='lat' dir='ltr'>Episcopi:</span> 
     </span>
     <span class='ocr_line' id='line_1_85' title="bbox 1182 1790 2151 1838; baseline 0.008 -18"><span class='ocrx_word' id='word_1_587' title='bbox 1182 1790 1313 1830; x_wconf 87' lang='lat' dir='ltr'>quando</span> <span class='ocrx_word' id='word_1_588' title='bbox 1341 1790 1497 1831; x_wconf 90' lang='lat' dir='ltr'>templum</span> <span class='ocrx_word' id='word_1_589' title='bbox 1527 1801 1649 1824; x_wconf 76' lang='lat' dir='ltr'>nomm</span> <span class='ocrx_word' id='word_1_590' title='bbox 1677 1799 1729 1824; x_wconf 91' lang='lat' dir='ltr'>est</span> <span class='ocrx_word' id='word_1_591' title='bbox 1751 1795 1933 1832; x_wconf 78' lang='lat' dir='ltr'>conditum,</span> <span class='ocrx_word' id='word_1_592' title='bbox 1967 1794 2151 1838; x_wconf 77' lang='lat' dir='ltr'>Episcopus</span> 
     </span>
     <span class='ocr_line' id='line_1_86' title="bbox 1182 1834 2150 1879; baseline 0.007 -16"><span class='ocrx_word' id='word_1_593' title='bbox 1182 1839 1320 1864; x_wconf 80' lang='lat' dir='ltr'>vocatus</span> <span class='ocrx_word' id='word_1_594' title='bbox 1353 1834 1443 1865; x_wconf 82' lang='lat' dir='ltr'>unxit</span> <span class='ocrx_word' id='word_1_595' title='bbox 1472 1835 1628 1874; x_wconf 83' lang='lat' dir='ltr'>parieteS,</span> <span class='ocrx_word' id='word_1_596' title='bbox 1663 1841 1696 1866; x_wconf 89' lang='lat' dir='ltr'>et</span> <span class='ocrx_word' id='word_1_597' title='bbox 1729 1838 1873 1877; x_wconf 78' lang='lat' dir='ltr'>aspersit</span> <span class='ocrx_word' id='word_1_598' title='bbox 1901 1847 1988 1879; x_wconf 87' lang='lat' dir='ltr'>aqua</span> <span class='ocrx_word' id='word_1_599' title='bbox 2010 1837 2150 1871; x_wconf 84' lang='lat' dir='ltr'>lustrali.</span> 
     </span>
     <span class='ocr_line' id='line_1_87' title="bbox 1182 1875 2151 1914; baseline 0.007 -8"><span class='ocrx_word' id='word_1_600' title='bbox 1182 1875 1217 1906; x_wconf 92' lang='lat' dir='ltr'>ld</span> <span class='ocrx_word' id='word_1_601' title='bbox 1241 1876 1448 1908; x_wconf 86' lang='lat' dir='ltr'>nominarunt</span> <span class='ocrx_word' id='word_1_602' title='bbox 1479 1877 1616 1908; x_wconf 71' lang='lat' dir='ltr'>lt‘eihen.</span> <span class='ocrx_word' id='word_1_603' title='bbox 1682 1878 1775 1913; x_wconf 83' lang='lat' dir='ltr'>Quae</span> <span class='ocrx_word' id='word_1_604' title='bbox 1797 1890 1864 1911; x_wconf 86' lang='lat' dir='ltr'>vox</span> <span class='ocrx_word' id='word_1_605' title='bbox 1885 1881 1956 1912; x_wconf 89' lang='lat' dir='ltr'>sine</span> <span class='ocrx_word' id='word_1_606' title='bbox 1980 1880 2077 1913; x_wconf 89' lang='lat' dir='ltr'>dubio</span> <span class='ocrx_word' id='word_1_607' title='bbox 2101 1889 2151 1914; x_wconf 89' lang='lat' dir='ltr'>est</span> 
     </span>
     <span class='ocr_line' id='line_1_88' title="bbox 1182 1918 2152 1965; baseline 0.007 -16"><span class='ocrx_word' id='word_1_608' title='bbox 1182 1928 1201 1949; x_wconf 87' lang='lat' dir='ltr'>a</span> <span class='ocrx_word' id='word_1_609' title='bbox 1222 1918 1317 1957; x_wconf 76' lang='grc' dir='ltr'>μύειν,</span> <span class='ocrx_word' id='word_1_610' title='bbox 1346 1919 1378 1950; x_wconf 86' lang='lat' dir='ltr'>id</span> <span class='ocrx_word' id='word_1_611' title='bbox 1401 1927 1470 1957; x_wconf 87' lang='lat' dir='ltr'>est,</span> <span class='ocrx_word' id='word_1_612' title='bbox 1502 1920 1639 1952; x_wconf 79' lang='lat' dir='ltr'>initiare.</span> <span class='ocrx_word' id='word_1_613' title='bbox 1704 1921 1765 1952; x_wconf 85' lang='lat' dir='ltr'>Est</span> <span class='ocrx_word' id='word_1_614' title='bbox 1787 1923 1872 1953; x_wconf 88' lang='lat' dir='ltr'>enim</span> <span class='ocrx_word' id='word_1_615' title='bbox 1896 1924 2048 1965; x_wconf 83' lang='lat' dir='ltr'>cognatio</span> <span class='ocrx_word' id='word_1_616' title='bbox 2067 1925 2152 1957; x_wconf 88' lang='lat' dir='ltr'>inter</span> 
     </span>
     <span class='ocr_line' id='line_1_89' title="bbox 1181 1960 2148 2006; baseline 0.007 -15"><span class='ocrx_word' id='word_1_617' title='bbox 1181 1960 1241 1992; x_wconf 83' lang='lat' dir='ltr'>has</span> <span class='ocrx_word' id='word_1_618' title='bbox 1270 1960 1383 1993; x_wconf 83' lang='lat' dir='ltr'>literas</span> <span class='ocrx_word' id='word_1_619' title='bbox 1405 1973 1433 1993; x_wconf 86' lang='lat' dir='ltr'>m</span> <span class='ocrx_word' id='word_1_620' title='bbox 1456 1970 1488 1993; x_wconf 89' lang='lat' dir='ltr'>et</span> <span class='ocrx_word' id='word_1_621' title='bbox 1510 1973 1544 1994; x_wconf 71' lang='lat' dir='ltr'>w.</span> <span class='ocrx_word' id='word_1_622' title='bbox 1590 1963 1631 1994; x_wconf 89' lang='lat' dir='ltr'>Et</span> <span class='ocrx_word' id='word_1_623' title='bbox 1659 1970 1710 1994; x_wconf 90' lang='lat' dir='ltr'>est</span> <span class='ocrx_word' id='word_1_624' title='bbox 1738 1965 1824 2006; x_wconf 84' lang='lat' dir='ltr'>apud</span> <span class='ocrx_word' id='word_1_625' title='bbox 1843 1964 1982 1997; x_wconf 90' lang='lat' dir='ltr'>Paulum</span> <span class='ocrx_word' id='word_1_626' title='bbox 2008 1966 2148 2006; x_wconf 70' lang='grc' dir='ltr'>ἀμύητος,</span> 
     </span>
     <span class='ocr_line' id='line_1_90' title="bbox 1179 2006 2148 2051; baseline 0.007 -17"><span class='ocrx_word' id='word_1_627' title='bbox 1179 2013 1241 2035; x_wconf 77' lang='lat' dir='ltr'>non</span> <span class='ocrx_word' id='word_1_628' title='bbox 1264 2006 1419 2036; x_wconf 71' lang='lat' dir='ltr'>initiatus.</span> <span class='ocrx_word' id='word_1_629' title='bbox 1464 2006 1587 2044; x_wconf 71' lang='grc' dir='ltr'><strong><em>Μύητος</em></strong></span> <span class='ocrx_word' id='word_1_630' title='bbox 1610 2006 1694 2038; x_wconf 89' lang='lat' dir='ltr'>idem</span> <span class='ocrx_word' id='word_1_631' title='bbox 1717 2013 1780 2045; x_wconf 84' lang='lat' dir='ltr'>est,</span> <span class='ocrx_word' id='word_1_632' title='bbox 1803 2009 1892 2049; x_wconf 88' lang='lat' dir='ltr'>quod</span> <span class='ocrx_word' id='word_1_633' title='bbox 1911 2008 2041 2040; x_wconf 64' lang='lat' dir='ltr'>Henocla</span> <span class='ocrx_word' id='word_1_634' title='bbox 2062 2010 2148 2051; x_wconf 84' lang='lat' dir='ltr'>apud</span> 
     </span>
     <span class='ocr_line' id='line_1_91' title="bbox 1180 2047 2029 2090; baseline 0.005 -12"><span class='ocrx_word' id='word_1_635' title='bbox 1180 2047 1358 2080; x_wconf 85' lang='lat' dir='ltr'>Hebraeos.</span> <span class='ocrx_word' id='word_1_636' title='bbox 1405 2047 1465 2079; x_wconf 84' lang='grc' dir='ltr'>Ειή</span> <span class='ocrx_word' id='word_1_637' title='bbox 1486 2048 1682 2090; x_wconf 73' lang='lat' dir='ltr'>yewee&#39;lzetm·,</span> <span class='ocrx_word' id='word_1_638' title='bbox 1706 2058 1922 2082; x_wconf 81' lang='lat' dir='ltr'>consecratus</span> <span class='ocrx_word' id='word_1_639' title='bbox 1946 2051 2029 2083; x_wconf 90' lang='lat' dir='ltr'>Deo.</span> 
     </span>
    </p>
   </div>
   <div class='ocr_carea' id='block_1_24' title="bbox 1381 2212 1942 2266">
    <p class='ocr_par' dir='ltr' id='par_1_27' title="bbox 1381 2212 1942 2266">
     <span class='ocr_line' id='line_1_92' title="bbox 1381 2212 1942 2266; baseline 0.002 -12"><span class='ocrx_word' id='word_1_640' title='bbox 1381 2212 1514 2264; x_wconf 81' lang='lat' dir='ltr'>Quare</span> <span class='ocrx_word' id='word_1_641' title='bbox 1541 2219 1642 2266; x_wconf 79' lang='grc' dir='ltr'><em>μύειν</em></span> <span class='ocrx_word' id='word_1_642' title='bbox 1673 2221 1734 2255; x_wconf 81' lang='lat' dir='ltr'>est</span> <span class='ocrx_word' id='word_1_643' title='bbox 1764 2215 1942 2255; x_wconf 83' lang='lat' dir='ltr'>initiare?</span> 
     </span>
    </p>
   </div>
   <div class='ocr_carea' id='block_1_25' title="bbox 1175 2303 2173 2604">
    <p class='ocr_par' dir='ltr' id='par_1_28' title="bbox 1175 2303 2173 2604">
     <span class='ocr_line' id='line_1_93' title="bbox 1262 2303 2144 2347; baseline 0.006 -12"><span class='ocrx_word' id='word_1_644' title='bbox 1262 2303 1334 2336; x_wconf 83' lang='lat' dir='ltr'>Hoc</span> <span class='ocrx_word' id='word_1_645' title='bbox 1366 2304 1402 2336; x_wconf 88' lang='lat' dir='ltr'>fit</span> <span class='ocrx_word' id='word_1_646' title='bbox 1431 2316 1491 2346; x_wconf 90' lang='lat' dir='ltr'>per</span> <span class='ocrx_word' id='word_1_647' title='bbox 1518 2304 1765 2347; x_wconf 78' lang='lat' dir='ltr'>Metonymiam:</span> <span class='ocrx_word' id='word_1_648' title='bbox 1800 2306 1875 2347; x_wconf 87' lang='lat' dir='ltr'>quia</span> <span class='ocrx_word' id='word_1_649' title='bbox 1896 2307 1980 2344; x_wconf 71' lang='grc' dir='ltr'><strong><em>μύειν</em></strong></span> <span class='ocrx_word' id='word_1_650' title='bbox 2009 2312 2060 2339; x_wconf 85' lang='lat' dir='ltr'>est</span> <span class='ocrx_word' id='word_1_651' title='bbox 2089 2319 2144 2340; x_wconf 82' lang='lat' dir='ltr'>ve·</span> 
     </span>
     <span class='ocr_line' id='line_1_94' title="bbox 1470 2348 2142 2389; baseline 0.006 -10"><span class='ocrx_word' id='word_1_652' title='bbox 1470 2348 1688 2385; x_wconf 76' lang='lat' dir='ltr'>Sacerdotes,</span> <span class='ocrx_word' id='word_1_653' title='bbox 1721 2349 1851 2389; x_wconf 83' lang='lat' dir='ltr'>quando</span> <span class='ocrx_word' id='word_1_654' title='bbox 1881 2350 2013 2381; x_wconf 82' lang='lat' dir='ltr'>stabant</span> <span class='ocrx_word' id='word_1_655' title='bbox 2034 2350 2067 2381; x_wconf 88' lang='lat' dir='ltr'>in</span> <span class='ocrx_word' id='word_1_656' title='bbox 2089 2361 2142 2383; x_wconf 77' lang='lat' dir='ltr'>sa-</span> 
     </span>
     <span class='ocr_line' id='line_1_95' title="bbox 1176 2389 2143 2432; baseline 0.007 -13"><span class='ocrx_word' id='word_1_657' title='bbox 1176 2389 1253 2427; x_wconf 83' lang='lat' dir='ltr'>cris,</span> <span class='ocrx_word' id='word_1_658' title='bbox 1285 2391 1418 2421; x_wconf 84' lang='lat' dir='ltr'>stabant</span> <span class='ocrx_word' id='word_1_659' title='bbox 1451 2390 1551 2422; x_wconf 82' lang='lat' dir='ltr'>velati</span> <span class='ocrx_word' id='word_1_660' title='bbox 1588 2401 1661 2422; x_wconf 90' lang='lat' dir='ltr'>cum</span> <span class='ocrx_word' id='word_1_661' title='bbox 1695 2400 1813 2432; x_wconf 89' lang='lat' dir='ltr'>magna</span> <span class='ocrx_word' id='word_1_662' title='bbox 1836 2393 2034 2423; x_wconf 86' lang='lat' dir='ltr'>reverentia:</span> <span class='ocrx_word' id='word_1_663' title='bbox 2057 2393 2143 2426; x_wconf 87' lang='lat' dir='ltr'>sicut</span> 
     </span>
     <span class='ocr_line' id='line_1_96' title="bbox 1175 2431 2141 2474; baseline 0.005 -11"><span class='ocrx_word' id='word_1_664' title='bbox 1175 2433 1262 2473; x_wconf 86' lang='lat' dir='ltr'>apud</span> <span class='ocrx_word' id='word_1_665' title='bbox 1285 2431 1458 2474; x_wconf 73' lang='lat' dir='ltr'>Virgilium</span> <span class='ocrx_word' id='word_1_666' title='bbox 1481 2433 1639 2464; x_wconf 86' lang='lat' dir='ltr'>sacerdos</span> <span class='ocrx_word' id='word_1_667' title='bbox 1673 2439 1725 2464; x_wconf 86' lang='lat' dir='ltr'>est</span> <span class='ocrx_word' id='word_1_668' title='bbox 1757 2431 1904 2473; x_wconf 80' lang='lat' dir='ltr'>velatus,</span> <span class='ocrx_word' id='word_1_669' title='bbox 1935 2435 2023 2467; x_wconf 88' lang='lat' dir='ltr'>unde</span> <span class='ocrx_word' id='word_1_670' title='bbox 2045 2436 2141 2469; x_wconf 91' lang='lat' dir='ltr'>etiam</span> 
     </span>
     <span class='ocr_line' id='line_1_97' title="bbox 1981 2477 2140 2520; baseline 0.019 -12"><span class='ocrx_word' id='word_1_671' title='bbox 1981 2477 2140 2520; x_wconf 74' lang='lat' dir='ltr'>Mysteria</span> 
     </span>
     <span class='ocr_line' id='line_1_98' title="bbox 1175 2517 2138 2562; baseline 0.005 -14"><span class='ocrx_word' id='word_1_672' title='bbox 1175 2524 1252 2549; x_wconf 92' lang='lat' dir='ltr'>sunt</span> <span class='ocrx_word' id='word_1_673' title='bbox 1285 2524 1482 2559; x_wconf 86' lang='lat' dir='ltr'>tegumenta,</span> <span class='ocrx_word' id='word_1_674' title='bbox 1516 2527 1575 2549; x_wconf 85' lang='lat' dir='ltr'>seu</span> <span class='ocrx_word' id='word_1_675' title='bbox 1609 2517 1809 2555; x_wconf 82' lang='lat' dir='ltr'>velamenta;</span> <span class='ocrx_word' id='word_1_676' title='bbox 1843 2519 1919 2551; x_wconf 89' lang='lat' dir='ltr'>item</span> <span class='ocrx_word' id='word_1_677' title='bbox 1952 2530 2006 2552; x_wconf 90' lang='lat' dir='ltr'>res</span> <span class='ocrx_word' id='word_1_678' title='bbox 2034 2522 2138 2562; x_wconf 82' lang='lat' dir='ltr'>ipsae,</span> 
     </span>
     <span class='ocr_line' id='line_1_99' title="bbox 1175 2559 2173 2604; baseline 0.006 -13"><span class='ocrx_word' id='word_1_679' title='bbox 1175 2570 1260 2601; x_wconf 86' lang='lat' dir='ltr'>quae</span> <span class='ocrx_word' id='word_1_680' title='bbox 1283 2566 1367 2591; x_wconf 91' lang='lat' dir='ltr'>tecte</span> <span class='ocrx_word' id='word_1_681' title='bbox 1385 2560 1534 2591; x_wconf 89' lang='lat' dir='ltr'>dicuntur</span> <span class='ocrx_word' id='word_1_682' title='bbox 1557 2566 1589 2590; x_wconf 91' lang='lat' dir='ltr'>et</span> <span class='ocrx_word' id='word_1_683' title='bbox 1611 2567 1758 2602; x_wconf 85' lang='lat' dir='ltr'>aguntur.</span> <span class='ocrx_word' id='word_1_684' title='bbox 1791 2559 1900 2593; x_wconf 85' lang='lat' dir='ltr'>ludaei</span> <span class='ocrx_word' id='word_1_685' title='bbox 1923 2569 1999 2604; x_wconf 87' lang='lat' dir='ltr'>post</span> <span class='ocrx_word' id='word_1_686' title='bbox 2026 2563 2137 2596; x_wconf 87' lang='lat' dir='ltr'>ludam</span> <span class='ocrx_word' id='word_1_687' title='bbox 2160 2580 2173 2586; x_wconf 77' lang='lat'>-</span> 
     </span>
    </p>
   </div>
   <div class='ocr_carea' id='block_1_26' title="bbox 1174 2601 2136 2644">
    <p class='ocr_par' dir='ltr' id='par_1_29' title="bbox 1174 2601 2136 2644">
     <span class='ocr_line' id='line_1_100' title="bbox 1174 2601 2136 2644; baseline 0.007 -11"><span class='ocrx_word' id='word_1_688' title='bbox 1174 2601 1409 2635; x_wconf 83' lang='lat' dir='ltr'>Maccabaeum</span> <span class='ocrx_word' id='word_1_689' title='bbox 1442 2603 1615 2644; x_wconf 85' lang='lat' dir='ltr'>quotannis</span> <span class='ocrx_word' id='word_1_690' title='bbox 1646 2601 1851 2636; x_wconf 86' lang='lat' dir='ltr'>celebrarunt</span> <span class='ocrx_word' id='word_1_691' title='bbox 1874 2604 1939 2637; x_wconf 80' lang='lat' dir='ltr'>hoc</span> <span class='ocrx_word' id='word_1_692' title='bbox 1961 2604 2082 2640; x_wconf 80' lang='lat' dir='ltr'>festum</span> <span class='ocrx_word' id='word_1_693' title='bbox 2104 2608 2136 2639; x_wconf 85' lang='lat' dir='ltr'>in</span> 
     </span>
    </p>
   </div>
  </div>
 </body>
</html>
