2324 2958
61 203 125 235 61⁷

65 294 245 330 collocavit
272 304 344 326 eum
371 293 404 324 in
433 301 616 328 carcerem,
645 290 788 332 quotidie
817 290 912 322 iussit
936 290 965 321 ei
987 287 1033 321 af·-

739 195 956 229 POSTILLA
977 196 1373 230 MELANTHONIANA.

1992 200 2056 232 618

1085 290 1136 322 nis
1159 289 1302 328 Christi,
1331 290 1421 321 missi
1445 295 1475 321 et
1499 290 1650 330 exhibiti,
1681 298 1713 323 et
1736 293 1865 334 quidem
1889 291 2000 324 ultima
2024 299 2057 325 et

64 339 144 372 ferri
167 347 285 369 carnes
307 347 422 373 assas,
456 345 522 366 non
543 339 579 365 ut
601 333 839 373 praeberentur
861 333 890 363 ei
913 333 955 364 ad
979 342 1034 363 ve·
1085 331 1276 374 principalis
1306 343 1426 370 causa,
1459 339 1494 363 ut
1523 344 1626 374 genus
1656 334 1831 367 humanum
1854 336 2056 376 redemptum

66 381 235 418 scendum,
255 379 315 410 sed
338 384 461 410 tantum
479 383 514 408 ut
536 376 640 407 odore
661 374 809 406 nonnihil
831 374 1033 412 reficeretur,

1085 376 1127 406 sit
1145 376 1177 406 in
1196 376 1280 407 omni
1301 376 1505 413 aeternitate,
1523 378 1553 406 in
1574 383 1706 408 aeterna
1727 379 1965 409 consuetudine
1982 388 2056 410 cum

66 431 163 466 atque
185 423 230 454 ita
252 422 371 453 diutius
395 421 611 452 cruciareturz
635 418 699 448 imo
722 425 757 448 ut
778 416 884 449 sames
907 418 979 459 ipsa
1001 418 1034 448 in
1086 417 1185 449 Patre
1219 424 1252 449 et
1286 417 1367 449 Filio
1399 423 1430 449 et
1460 418 1582 459 Spiritu
1612 426 1749 458 sancto,
1784 428 1815 452 et
1840 421 2058 453 communicet

65 477 106 500 eo
133 466 237 507 magis
265 465 456 495 irritaretur.
506 461 580 500 1110,
613 460 688 503 quia
712 466 783 491 erat
805 458 944 502 ligatus,
977 470 1033 500 ap-

65 509 235 552 prehendit
257 506 411 538 humeros
434 511 467 537 et
489 503 634 542 brachia,
653 508 809 544 quantum
829 513 887 533 ore
910 508 943 534 et
961 503 1035 533 den-

65 553 151 584 tibus
174 550 331 590 consequi
354 554 494 590 poterat,
519 553 550 578 et
573 546 704 577 voravit
727 555 845 577 carnes
869 546 1033 586 proprias,
1058 559 1064 597 ι

65 601 97 626 et
121 593 197 624 vixit
219 602 323 633 usque
346 592 388 623 ad
411 591 493 621 diem
516 589 734 621 undecimum.
785 588 842 619 Sic
863 587 919 619 ille
942 586 1034 619 adul·

65 643 116 668 ter
138 641 188 668 est
210 640 370 666 mortuus.
414 633 474 664 Est
496 642 575 663 vera
597 631 748 669 historia,
772 641 868 672 quam
891 641 1034 662 memen-

63 684 149 716 tote,
172 684 207 709 ut
231 687 369 718 poenam
393 674 553 707 adulterii.

148 719 243 751 Talia
268 720 368 762 igitur
397 716 545 758 exempla
573 716 718 747 intuetur
741 715 876 754 Esaias,
899 716 1033 757 sapiens

86 763 236 805 ropheta,
254 768 286 793 et
303 762 392 799 dicit,
411 759 584 791 manasses
603 759 741 790 devorat
764 759 919 790 humeros
942 767 1035 796 suos,

59 774 142 846 frist
164 805 232 837 siclt
254 805 366 836 selbst:
388 803 419 834 id
443 808 511 840 est,
535 801 720 839 discordia,
753 801 859 832 civilis
883 801 1035 831 interficit

63 848 194 890 proptia
218 856 368 887 corpora.
414 845 470 877 Sic
494 844 670 876 Germania
694 854 781 875 nunc
800 853 837 875 se
857 844 962 884 ipsam
981 843 1034 874 de·

63 895 177 926 vorat,
205 895 240 921 nt
268 888 403 926 x-idetiS,
432 894 549 929 postea
579 885 658 918 nihil
681 887 740 917 erit
764 887 894 917 roboris
918 886 1034 917 adver—

61 942 120 964 sus
153 931 297 969 Turcas,
331 936 363 962 et
395 931 445 962 sic
477 936 576 962 antea
610 929 730 961 accidit
759 930 791 960 in
821 927 969 971 Ungaria
1001 934 1034 959 et

62 974 213 1006 Graecia.

146 1017 284 1058 Semper
312 1016 477 1047 discordia
505 1013 563 1046 fuit
586 1012 715 1046 exitiale
739 1022 898 1045 venenum
921 1014 953 1044 in
976 1013 1033 1044 im-

60 1059 172 1101 periis.
234 1060 300 1090 Sed
335 1059 501 1090 discordia
534 1059 565 1088 in
601 1055 751 1089 Ecclesia
786 1062 837 1087 est
871 1056 1031 1087 deterior:

61 1103 137 1143 quia
170 1100 266 1133 simul
300 1108 351 1132 est
385 1099 623 1132 contumeliosa
657 1100 818 1130 adversus
845 1099 970 1135 Deum,
1000 1104 1033 1129 et

61 1145 199 1176 destruit
233 1143 428 1176 Ecclesiam.
485 1143 520 1173 ln
551 1142 723 1173 discordiis
753 1142 794 1172 de
825 1141 1033 1182 dogmatibus

61 1197 200 1218 necesse
229 1192 279 1217 est
303 1185 438 1217 alteram
461 1191 585 1225 partem
611 1194 738 1221 errare,
768 1194 844 1214 esse
867 1190 1033 1215 contume—

61 1228 177 1261 liosam
201 1230 361 1260 adversus
385 1227 503 1265 Deum,
527 1238 603 1258 esse
627 1227 807 1257 membrum
830 1225 975 1264 Diaboli,
1001 1232 1033 1258 et

60 1270 257 1303 horribiliter
270 1270 378 1302 furere
397 1276 512 1301 contra
531 1269 647 1301 Deum.
683 1268 811 1300 Deinde
829 1270 1033 1301 distribuitur

59 1313 227 1346 Ecclesia:
258 1314 331 1345 ideo
355 1313 514 1344 Dominus
543 1317 699 1353 precatur
722 1318 812 1343 tanto
835 1312 973 1350 ardore,
996 1318 1032 1343 ut

58 1355 148 1388 nulla
171 1357 212 1388 sit
236 1357 346 1388 audita
368 1367 432 1387 vox
456 1355 638 1386 ardentior:
662 1354 768 1386 Serca
785 1364 839 1386 eos
855 1354 1033 1386 innomine

59 1403 132 1437 luo,
153 1403 187 1430 nt
210 1409 302 1430 mmm
325 1399 387 1429 sin!
412 1399 442 1428 1¹71
465 1398 566 1429 nobis.
621 1397 695 1428 Non
721 1397 785 1427 sint
809 1407 907 1429 unum
929 1398 961 1428 in
984 1397 1031 1429 fa-

59 1442 239 1479 ctionibus,
261 1442 319 1471 sed
343 1442 376 1471 in
400 1447 455 1472 tuo
479 1440 620 1471 nomine.

146 1484 254 1526 Saepe
287 1482 362 1514 mali
392 1481 590 1524 aliquamdiu
620 1482 845 1521 consentiunt,
880 1482 941 1513 sed
962 1491 1030 1513 non

59 1527 112 1558 diu
135 1526 200 1557 hoc
223 1526 271 1557 fit:
301 1526 452 1557 Chris-tus
476 1525 545 1557 vult
568 1533 645 1556 esse
670 1533 869 1556 consensum
892 1525 925 1555 in
947 1526 1030 1556 veri-

58 1574 141 1600 tate:
165 1568 230 1600 hoc
253 1569 349 1606 dicit,
371 1572 407 1599 ut
427 1578 523 1600 unum
545 1568 609 1599 sint
632 1568 664 1597 ιή
686 1568 787 1598 nobis.

144 1610 209 1642 lam
242 1611 426 1652 cogitemus
461 1612 556 1641 etiam
590 1610 687 1642 nobis
720 1609 864 1651 praecipi
893 1619 1031 1641 concor·

57 1653 142 1685 diam
165 1660 197 1685 et
219 1655 362 1685 studium
385 1653 594 1684 concordiae.
647 1651 731 1683 Nam
754 1658 788 1683 ut
812 1659 1031 1684 conservetur

58 1696 253 1734 concordia,
286 1705 428 1728 necesse
458 1702 527 1734 est,
560 1702 594 1727 ut
623 1696 788 1737 patienter
812 1694 954 1727 tolerent
977 1694 1032 1727 3111

57 1736 152 1770 alios.

143 1780 203 1812 Est
225 1781 362 1824 insignis
385 1780 570 1813 adhortatio
599 1781 641 1812 ad
665 1781 864 1813 concordiae
888 1781 1031 1812 studium

58 1824 91 1854 in
113 1822 178 1855 1100
201 1824 298 1855 0113111
321 1825 425 1856 dicto:
448 1824 537 1856 Deus
559 1828 605 1856 est
629 1825 776 1861 ᾱίίνοίιός
798 1828 827 1855 et
850 1825 907 1864 qui
925 1828 1030 1855 manet

57 1867 91 1897 ἰπ
121 1867 305 1905 dilectione,
338 1868 372 1898 in
403 1867 474 1899 Deo
506 1870 622 1899 manet.
679 1866 794 1902 Qualis
823 1873 875 1898 est
902 1867 1030 1908 praedi-

57 1909 159 1940 catio:
190 1909 280 1940 Dens
307 1913 353 1941 est
380 1910 530 1941 dilectio?
572 1909 632 1941 Est
658 1909 813 1952 Figurata
842 1919 904 1951 per
925 1909 1030 1940 Anto-

55 1953 256 1983 nomasiam:
280 1950 372 1984 Deus
397 1959 447 1984 est
465 1953 619 1990 essentia,
639 1953 868 1984 ardentissime
888 1951 1028 1994 diligens

57 2004 149 2026 suam
173 2001 374 2033 creaturam,
397 2001 429 2027 et
452 1996 626 2036 praecipue
649 1994 851 2034 Ecclesiam,
874 2006 972 2038 quam
994 1996 1028 2027 in

56 2036 227 2078 prophetis
251 2038 347 2069 ctiam
370 2039 515 2069 nominat
538 2038 680 2068 dilectam
703 2040 833 2068 animam
850 2049 944 2068 suam.
980 2038 1027 2070 Si-

57 2080 254 2122 gnificantur
288 2091 343 2112 res
377 2082 558 2119 maximae,
591 2091 664 2112 cum
699 2082 816 2113 (1101101
841 2081 1026 2113 Ecclesiam

57 2132 132 2154 esse
155 2122 303 2155 dilectam
328 2123 486 2161 Domino,
516 2131 547 2155 et
577 2123 682 2155 Deum
706 2125 935 2156 ardentissime
958 2124 1026 2156 dili-

56 2175 135 2207 gere
165 2165 360 2197 Ecclesiam.
416 2165 496 2197 Vult
526 2173 633 2198 autem
655 2177 716 2197 nos
741 2177 871 2209 quoque
895 2177 971 2199 0550
994 2169 1026 2199 111

56 2207 234 2240 dilectione
259 2208 450 2250 copulatos:
484 2209 574 2251 Ergo
598 2215 671 2240 orat
689 2209 851 2249 Christus,
874 2216 909 2242 ut
931 2211 1025 2243 Deus

56 2251 99 2281 sit
122 2251 153 2281 in
177 2253 290 2289 nohis,
315 2251 454 2293 diligens
474 2262 547 2289 1105,
571 2259 601 2283 01
627 2260 733 2284 13111011
755 2262 817 2284 1105
840 2253 935 2285 etiam
960 2265 1025 2286 non

56 2293 212 2325 debemus
236 2293 321 2326 ultro
347 2296 527 2326 dilacerare
549 2296 769 2327 concordiam.

141 2336 233 2368 Haec
267 2344 318 2368 est
352 2339 497 2369 secunda
533 2339 692 2379 precatio,
726 2340 758 2370 in
796 2349 861 2381 qua
894 2340 1025 2379 videtis,

54 2388 151 2420 quam
179 2380 335 2411 ardenter
364 2390 480 2421 preces
508 2379 627 2412 fuderit
656 2383 697 2413 de
725 2383 902 2414 concordia
925 2390 958 2414 et
980 2384 1025 2415 di·

55 2419 214 2460 lectione,
250 2429 281 2454 et
310 2423 515 2465 significatur
546 2423 658 2462 simul,
691 2425 778 2467 quod
807 2423 863 2456 illa
893 2424 1024 2459 dilectio

56 2462 110 2494 flat
134 2463 207 2495 Deo
230 2467 433 2497 accendente
455 2472 487 2497 et
510 2469 646 2508 regente
669 2468 770 2499 corda
792 2474 917 2500 nostra.

141 2505 297 2548 Sequitur
326 2510 422 2540 tertia
452 2510 598 2551 precatio
627 2510 668 2542 de
694 2509 825 2549 ultimo,
855 2520 914 2543 seu
937 2513 1024 2554 prin-

55 2547 256 2589 cipalissimo
295 2551 376 2583 fine:
417 2553 448 2582 id
483 2558 553 2590 est,
592 2559 728 2594 propter
761 2564 858 2595 quem
893 2562 1024 2587 caetera
1076 2557 1162 2586 dech.

724 2595 853 2628 atesecit
876 2606 924 2635 se,
947 2599 1022 2640 quia
1044 2611 1052 2648 j

55 2592 163 2622 omnia
187 2599 280 2624 sunt:
304 2593 396 2626 Deus
420 2595 508 2626 dedit
526 2597 678 2634 verbum,

54 2643 116 2665 nos
140 2633 209 2666 vult
232 2634 363 2676 salvos,
393 2645 425 2669 et
452 2637 535 2670 haec
566 2645 617 2670 est
639 2639 703 2670 fina
721 2640 748 2671 is
771 2649 873 2672 causa
895 2641 1023 2681 passio-

1051 1716 1061 2121 i

1085 459 1179 492 Deus
1202 461 1394 502 sapientiam
1418 471 1523 498 suam,
1548 462 1699 493 iustitiam
1722 472 1814 494 suam
1839 465 1896 495 toti
1919 469 2057 496 naturae

1086 502 1254 541 rationali,
1285 502 1411 545 angelis
1442 509 1473 534 et
1501 503 1705 542 hominibus,
1737 506 1789 546 qui
1819 512 1895 537 sunt
1923 507 1955 537 in
1980 516 2056 538 coe·

1085 545 1160 578 lesti
1184 547 1422 577 consuetudine
1445 552 1537 577 extra
1560 556 1730 578 numerum
1754 548 1991 580 damnatorum.

1171 588 1244 620 Hoc
1267 589 1364 619 etiam
1394 594 1446 620 est
1474 588 1584 620 multis
1608 590 1718 620 verbis
1743 591 1914 631 repetitum
1938 593 1969 622 in
1992 591 2057 624 hac

1086 632 1254 669 oratione,
1287 638 1318 662 et
1340 632 1503 672 pertinent
1527 631 1589 662 huc
1610 633 1675 663 ista
1705 643 1837 674 quoque
1867 635 1982 664 verba:
2016 635 2058 665 Ut

1085 674 1211 703 viclmnt
1238 674 1371 713 yloriam
1400 684 1509 707 meam,
1545 685 1633 714 qnam
1662 675 1781 705 dedisti
1803 675 1888 704 mihi:
1923 681 1951 706 et
1973 677 2058 716 qnod

1086 716 1230 746 dilexisti
1250 727 1295 746 me
1318 720 1388 746 unte
1418 718 1665 747 constitutionem
1694 718 1799 747 11111111Ιί
1806 729 1816 746 .·
1850 718 1946 748 Pater
1968 721 2057 754 inste,

1085 759 1214 789 mundus
1235 769 1295 789 non
1317 761 1402 789 novit
1425 763 1470 794 te,
1505 766 1538 790 et
1566 770 1650 801 quae
1679 768 1875 802 sequuntur:
1909 768 1985 793 sunt
2008 772 2057 794 re-

1087 802 1261 842 petitiones
1285 803 1431 833 eiusdem
1454 804 1647 834 sententiae.

1170 843 1315 876 Tandem
1339 843 1517 877 concludit:
1542 850 1575 875 ut
1598 845 1727 875 dilectio
1751 850 1814 881 tua,
1833 857 1892 886 qna
1916 845 2059 877 dilexisti

1085 896 1139 920 me,
1160 888 1192 915 z'n
1209 889 1253 915 eis
1269 889 1320 917 sit.
1367 887 1439 918 Hoc
1462 893 1512 919 est
1535 889 1664 930 insigne
1686 889 1800 926 πάθος,
1823 889 1911 930 quod
1936 889 2058 932 singuli

1085 927 1261 970 diligenter
1285 931 1497 962 considerare
1520 931 1695 969 debemus,
1717 936 1751 961 ut
1774 932 1919 966 dilectio,
1943 933 2058 974 inquit,

1084 981 1144 1010 qua
1172 982 1216 1001 me
1244 973 1401 1008 dilexisti,
1434 975 1466 1002 ἰη
1494 974 1538 1003 eis
1562 976 1619 1004 sit:
1653 975 1685 1005 id
1720 981 1790 1013 est,
1820 982 1853 1006 ut
1889 974 1943 1006 illa
1978 975 2058 1007 dile—

1086 1014 1212 1053 ctione,
1246 1026 1311 1056 qua
1339 1026 1391 1047 me
1419 1015 1545 1058 diligis,
1580 1018 1677 1048 etiam
1702 1018 1793 1058 ipsos
1817 1016 2059 1059 complectaris,

1085 1062 1117 1087 et
1139 1062 1301 1099 tamquam
1325 1060 1471 1090 membra
1494 1069 1579 1098 mea,
1596 1061 1646 1091 sic
1670 1059 1788 1103 diligas
1811 1071 1882 1099 005,
1900 1061 1984 1093 51001
2008 1071 2058 1093 1110

1086 1098 1206 1141 diligis.

1170 1142 1270 1174 Nulla
1299 1150 1450 1175 creatura
1479 1151 1588 1185 potest
1610 1145 1708 1177 huius
1733 1147 1778 1177 rei
1802 1146 2057 1188 magnitudinem

1085 1184 1275 1223 exhaurire,
1298 1187 1385 1227 quod
1411 1186 1562 1218 Christus
1586 1188 1639 1219 hic
1662 1190 1752 1229 petit,
1770 1195 1804 1220 ut
1827 1196 1918 1229 pater
1942 1188 2056 1231 diligat

1085 1237 1144 1258 eos
1168 1229 1282 1260 eadem
1307 1228 1492 1269 dilectione,
1513 1241 1577 1272 qua
1600 1230 1703 1273 diligit
1725 1231 1851 1263 Filium.
1896 1232 2056 1264 Parentes

1084 1271 1191 1301 sciunt
1214 1269 1325 1313 aliquo
1349 1273 1457 1312 modo,
1476 1273 1585 1314 qualis
1605 1275 1645 1305 sit
1669 1274 1805 1306 affectus
1829 1275 1950 1306 amoris
1974 1285 2056 1319 erga

1085 1319 1198 1351 natos,
1233 1316 1293 1345 sed
1323 1313 1422 1346 alium
1451 1315 1605 1358 diligere,
1640 1318 1726 1348 sieut
1761 1326 1886 1356 natum,
1921 1326 1972 1350 est
1999 1328 2054 1350 res

1084 1362 1176 1387 extra
1199 1367 1403 1388 communem
1428 1365 1568 1400 captum.
1616 1359 1826 1401 Significatur
1845 1361 1944 1403 igitur
1962 1371 2055 1392 amor

1084 1398 1262 1440 singularis
1296 1406 1328 1432 et
1362 1401 1469 1442 στοργῇ
1503 1402 1699 1434 inimitabilis
1736 1404 1767 1434 111
1801 1403 1865 1434 alia
1899 1414 2054 1445 persona,

1083 1452 1156 1473 cum
1180 1442 1271 1480 dicit,
1294 1444 1382 1484 quod
1405 1450 1560 1475 aeternus
1585 1446 1683 1476 Pater
1704 1446 1831 1477 ardenti
1855 1457 1968 1478 amore
1991 1456 2053 1477 nos

1082 1483 1315 1525 amplectatur,
1339 1491 1371 1516 et
1394 1487 1528 1528 recipiat
1551 1494 1686 1529 propter
1710 1487 1836 1519 Filium.

1168 1526 1238 1566 Eyo
1261 1538 1312 1557 ero
1335 1529 1367 1557 in
1397 1530 1462 1567 σι’-1.]
1518 1530 1592 1561 Non
1626 1536 1748 1562 tantum
1782 1532 1859 1563 dicit
1887 1533 1928 1563 de
1957 1542 2051 1573 prae·

1083 1570 1207 1607 5011113,
1243 1571 1300 1601 sed
1336 1571 1376 1602 de
1409 1570 1558 1603 efficacia
1580 1574 1802 1614 praesentiae,
1833 1575 1873 1605 de
1895 1584 2051 1615 praesen-

1083 1613 1126 1644 tia
1160 1613 1385 1644 sanctificante
1417 1624 1476 1655 per
1506 1615 1660 1656 Spiritum
1689 1623 1838 1648 sanctum
1871 1624 1902 1648 et
1931 1617 2053 1649 salvifi-

1085 1662 1186 1687 cante.
1234 1655 1401 1688 Personae
1423 1664 1499 1688 sunt
1522 1658 1720 1697 indivulsae,
1744 1659 1859 1697 Pater,
1882 1659 2000 1699 Filius,
2024 1667 2055 1692 et

1084 1698 1224 1740 Spiritus
1248 1706 1402 1736 sanctus;
1426 1700 1486 1731 sed
1500 1706 1608 1732 tamen
1629 1701 1728 1733 homo
1743 1708 1793 1733 est
1806 1703 1966 1735 habitatio
1979 1703 2054 1743 Dei,

1085 1748 1117 1772 et
1146 1742 1263 1772 dicitur
1293 1749 1371 1773 tunc
1398 1742 1553 1784 templum
1581 1743 1664 1782 Dei,
1694 1747 1825 1787 quando
1857 1746 1906 1777 sic
1935 1747 2056 1778 adsunt

1083 1784 1197 1822 Pater,
1220 1783 1321 1816 Filius
1340 1791 1377 1816 et
1400 1785 1541 1826 Spiritus
1565 1794 1720 1825 sanctus,
1750 1789 1828 1819 utsit
1851 1787 1971 1820 efficax
1993 1790 2055 1821 Pa-

1083 1833 1132 1858 ter
1161 1833 1194 1858 et
1222 1826 1325 1858 Filius
1354 1838 1413 1869 per
1436 1829 1587 1870 Spiritum
1609 1837 1775 1869 sanctum,
1804 1831 1893 1863 iuxta
1917 1833 2053 1864 dictum:

1081 1870 1221 1909 Spiritus
1242 1872 1389 1910 uiuificat:
1413 1878 1464 1910 et,
1488 1878 1522 1903 ut
1546 1873 1577 1903 in
1601 1872 1761 1915 Symbolo
1785 1874 1918 1906 dicitur:
1950 1875 2054 1906 Credo

1081 1914 1113 1942 in
1135 1913 1287 1953 Spiritum
1309 1918 1448 1944 sam-tum
1470 1916 1679 1954 vivificantem.
1726 1917 1800 1958 lpse
1819 1918 1959 1959 Spirltus
1978 1928 2052 1950 san-

1083 1963 1155 1988 ctus
1190 1963 1239 1987 est
1274 1967 1436 1998 persona,
1472 1968 1531 1999 per
1560 1969 1658 2000 quam
1689 1961 1878 1992 accenditur
1907 1962 2052 1993 now‘tas:

1081 2010 1276 2041 quamquam
1305 2010 1468 2040 personae
1497 2001 1561 2032 sint
1589 2001 1814 2034 indivisibiles.
1866 2003 2052 2036 Observare

1104 2052 1144 2073 oc
1166 2043 1283 2078 miaogz
1307 2047 1340 2072 1ιί
1363 2043 1507 2079 dileetio,
1531 2055 1591 2084 qna
1610 2056 1654 2074 me
1677 2045 1800 2085 diliyis,
1827 2048 1869 2076 sit
1891 2048 1921 2075 in
1946 2048 1998 2078 εἰς.

1165 2085 1230 2116 13111
1254 2087 1478 2117 accendantur
1501 2088 1601 2118 corda
1625 2094 1738 2119 nostra
1756 2089 1796 2119 ad
1816 2091 2049 2130 precationem.

1080 2128 1229 2159 Sciamus
1253 2139 1413 2160 summum
1442 2129 1633 2162 Pontificem
1663 2132 1790 2172 praeire
1813 2133 1926 2170 nobis,
1956 2143 2049 2174 prae-

1078 2170 1138 2202 fari
1162 2172 1273 2202 nobis:
1297 2182 1398 2213 quare
1422 2183 1486 2204 una
1509 2178 1669 2214 petamus,
1694 2180 1724 2206 01
1748 2175 1875 2215 quidem
1899 2182 2049 2215 petamus

1079 2213 1141 2245 hac
1168 2214 1239 2254 ipsa
1269 2216 1458 2255 precatione
1490 2215 1543 2247 filii
1579 2215 1640 2247 Dei
1670 2227 1729 2258 pro
1753 2217 1848 2248 nobis
1871 2218 2048 2258 precantis.

1164 2257 1336 2288 Postremo
1359 2259 1499 2299 pertinet
1521 2260 1617 2290 etiam
1641 2261 1682 2290 ad
1702 2260 1919 2298 sacerdotem,
1939 2267 1973 2292 ut
1993 2261 2048 2292 ha·

1077 2300 1154 2331 beat
1176 2300 1373 2338 testimonia,
1392 2303 1479 2342 quod
1503 2303 1707 2334 exaudiatur.
1752 2304 1832 2333 Sunt
1855 2312 1936 2345 ergo
1959 2304 2047 2335 testi-

1078 2344 1187 2374 monia
1215 2342 1284 2374 illa.
1316 2345 1453 2385 primum
1483 2346 1589 2376 omnia
1617 2343 1790 2382 miracula,
1819 2345 1935 2377 deinde
1958 2347 2047 2388 quod

1078 2395 1236 2426 expresse
1270 2385 1319 2417 sic
1353 2386 1515 2418 Dominus
1544 2388 1614 2428 ipse
1644 2388 1734 2418 dicit:
1768 2388 1861 2422 Scio,
1891 2390 1975 2428 quod
2003 2400 2047 2419 me

1077 2428 1210 2458 exaudis
1232 2435 1264 2460 et
1287 2428 1375 2460 Psal.
1395 2430 1424 2461 2.
1450 2431 1607 2471 scriptum
1635 2437 1699 2461 est:
1736 2430 1867 2460 Postula
1896 2442 1915 2460 a
1945 2442 1988 2461 me
2017 2437 2046 2462 et

1076 2471 1158 2500 «labo
1181 2471 1238 2501 tibi
1259 2476 1373 2511 ycntes.
1421 2471 1540 2503 Similis
1560 2474 1733 2514 promissio
1756 2480 1807 2504 est
1825 2473 1918 2505 etiam
1938 2475 1969 2506 in
1988 2474 2045 2507 illo

1077 2514 1178 2546 dicto:
1218 2514 1261 2544 Τιι
1291 2525 1322 2543 es
1350 2515 1495 2544 sacerdos
1529 2515 1692 2544 sec-undum
1721 2516 1857 2546 ordinem
1886 2517 2044 2547 Melchise-

1215 2557 1291 2588 ldeo
1323 2558 1490 2589 constituit
1519 2567 1591 2589 eum
1622 2559 1848 2597 sacerdotem,
1877 2561 1952 2602 quia
1976 2560 2045 2593 vult

1075 2609 1149 2631 eum
1178 2600 1344 2631 exaudire.
1401 2599 1479 2631 Item
1507 2601 1538 2631 in
1566 2600 1631 2631 hoc
1654 2606 1743 2633 textu
1768 2602 1898 2633 dicitur:
1933 2603 2043 2633 Omnia

1075 2646 1128 2671 tua
1152 2652 1214 2671 mea
1238 2647 1323 2673 sunt.
1347 2646 1376 2671 et
1399 2653 1477 2682 quae
1500 2643 1561 2673 vult
1583 2643 1698 2678 Filius,
1721 2645 1826 2674 eadem
1851 2645 1912 2675 vult
1935 2646 2041 2676 Pater.
