<?xml version="1.0" encoding="UTF-8"?>
<!DOCTYPE html PUBLIC "-//W3C//DTD XHTML 1.0 Transitional//EN"
    "http://www.w3.org/TR/xhtml1/DTD/xhtml1-transitional.dtd">
<html xmlns="http://www.w3.org/1999/xhtml" xml:lang="en" lang="en">
 <head>
  <title>
</title>
<meta http-equiv="Content-Type" content="text/html;charset=utf-8" />
  <meta name='ocr-system' content='tesseract 3.04.00' />
  <meta name='ocr-capabilities' content='ocr_page ocr_carea ocr_par ocr_line ocrx_word'/>
</head>
<body>
  <div class='ocr_page' id='page_1' title='image "./operaquaesupersu24melauoft/operaquaesupersu24melauoft_0463.png"; bbox 0 0 2324 2958; ppageno 0'>
   <div class='ocr_carea' id='block_1_1' title="bbox 126 168 193 203">
    <p class='ocr_par' dir='ltr' id='par_1_1' title="bbox 126 168 193 203">
     <span class='ocr_line' id='line_1_1' title="bbox 126 168 193 203; baseline 0 -1"><span class='ocrx_word' id='word_1_1' title='bbox 126 169 170 203; x_wconf 84' lang='lat'>8⁷</span> <span class='ocrx_word' id='word_1_2' title='bbox 171 168 193 202; x_wconf 87' lang='lat'><strong>3</strong></span> 
     </span>
    </p>
   </div>
   <div class='ocr_carea' id='block_1_2' title="bbox 809 165 1454 201">
    <p class='ocr_par' dir='ltr' id='par_1_2' title="bbox 809 165 1454 201">
     <span class='ocr_line' id='line_1_2' title="bbox 809 165 1454 201; baseline 0.002 -2"><span class='ocrx_word' id='word_1_3' title='bbox 809 165 1024 201; x_wconf 77' lang='lat' dir='ltr'>POSTILLA</span> <span class='ocrx_word' id='word_1_4' title='bbox 1056 166 1454 200; x_wconf 75' lang='lat' dir='ltr'>MELANTHOMANA.</span> 
     </span>
    </p>
   </div>
   <div class='ocr_carea' id='block_1_3' title="bbox 2067 170 2132 203">
    <p class='ocr_par' dir='ltr' id='par_1_3' title="bbox 2067 170 2132 203">
     <span class='ocr_line' id='line_1_3' title="bbox 2067 170 2132 203; baseline 0 0"><span class='ocrx_word' id='word_1_5' title='bbox 2067 170 2132 203; x_wconf 74' lang='lat'>8⁷4</span> 
     </span>
    </p>
   </div>
   <div class='ocr_carea' id='block_1_4' title="bbox 214 258 2131 305">
    <p class='ocr_par' dir='ltr' id='par_1_4' title="bbox 214 258 2131 305">
     <span class='ocr_line' id='line_1_4' title="bbox 214 258 2131 305; baseline 0.001 -11"><span class='ocrx_word' id='word_1_6' title='bbox 214 262 358 294; x_wconf 86' lang='lat' dir='ltr'>Amissis</span> <span class='ocrx_word' id='word_1_7' title='bbox 382 268 490 294; x_wconf 81' lang='lat' dir='ltr'>nutem</span> <span class='ocrx_word' id='word_1_8' title='bbox 513 262 565 293; x_wconf 89' lang='lat' dir='ltr'>his</span> <span class='ocrx_word' id='word_1_9' title='bbox 590 262 697 299; x_wconf 83' lang='lat' dir='ltr'>bonis,</span> <span class='ocrx_word' id='word_1_10' title='bbox 716 270 802 302; x_wconf 87' lang='lat' dir='ltr'>quae</span> <span class='ocrx_word' id='word_1_11' title='bbox 824 260 956 293; x_wconf 74' lang='lat' dir='ltr'>{uerunt</span> <span class='ocrx_word' id='word_1_12' title='bbox 977 270 1107 292; x_wconf 88' lang='lat' dir='ltr'>summa</span> <span class='ocrx_word' id='word_1_13' title='bbox 1157 258 1227 291; x_wconf 86' lang='lat' dir='ltr'>ulla</span> <span class='ocrx_word' id='word_1_14' title='bbox 1249 259 1452 291; x_wconf 79' lang='lat' dir='ltr'>dubitatione</span> <span class='ocrx_word' id='word_1_15' title='bbox 1479 262 1575 292; x_wconf 89' lang='lat' dir='ltr'>datur</span> <span class='ocrx_word' id='word_1_16' title='bbox 1596 273 1654 303; x_wconf 87' lang='lat' dir='ltr'>per</span> <span class='ocrx_word' id='word_1_17' title='bbox 1678 273 1794 295; x_wconf 84' lang='lat' dir='ltr'>vocem</span> <span class='ocrx_word' id='word_1_18' title='bbox 1817 262 2009 305; x_wconf 72' lang='lat' dir='ltr'>Evangelii,</span> <span class='ocrx_word' id='word_1_19' title='bbox 2039 264 2131 295; x_wconf 80' lang='lat' dir='ltr'>iuxta</span> 
     </span>
    </p>
   </div>
   <div class='ocr_carea' id='block_1_5' title="bbox 129 302 1965 346">
    <p class='ocr_par' dir='ltr' id='par_1_5' title="bbox 129 302 1965 346">
     <span class='ocr_line' id='line_1_5' title="bbox 129 302 1965 346; baseline -0.001 -10"><span class='ocrx_word' id='word_1_20' title='bbox 129 305 315 337; x_wconf 86' lang='lat' dir='ltr'>testimonia</span> <span class='ocrx_word' id='word_1_21' title='bbox 338 306 461 336; x_wconf 86' lang='lat' dir='ltr'>amoris</span> <span class='ocrx_word' id='word_1_22' title='bbox 485 304 549 336; x_wconf 88' lang='lat' dir='ltr'>Dei</span> <span class='ocrx_word' id='word_1_23' title='bbox 571 314 654 346; x_wconf 79' lang='lat' dir='ltr'>erga</span> <span class='ocrx_word' id='word_1_24' title='bbox 670 313 744 342; x_wconf 84' lang='lat' dir='ltr'>n0S,</span> <span class='ocrx_word' id='word_1_25' title='bbox 764 313 879 335; x_wconf 82' lang='lat' dir='ltr'>rursus</span> <span class='ocrx_word' id='word_1_26' title='bbox 897 314 986 335; x_wconf 85' lang='lat' dir='ltr'>novo</span> <span class='ocrx_word' id='word_1_27' title='bbox 1005 304 1104 335; x_wconf 91' lang='lat' dir='ltr'>modo</span> <span class='ocrx_word' id='word_1_28' title='bbox 1157 303 1260 333; x_wconf 87' lang='lat' dir='ltr'>dicta:</span> <span class='ocrx_word' id='word_1_29' title='bbox 1288 302 1489 341; x_wconf 73' lang='lat' dir='ltr'>Evanyelium</span> <span class='ocrx_word' id='word_1_30' title='bbox 1517 308 1561 333; x_wconf 77' lang='lat' dir='ltr'>ese</span> <span class='ocrx_word' id='word_1_31' title='bbox 1590 307 1788 335; x_wconf 81' lang='lat' dir='ltr'>ministerium</span> <span class='ocrx_word' id='word_1_32' title='bbox 1818 306 1965 344; x_wconf 71' lang='lat' dir='ltr'>Spiritus.</span> 
     </span>
    </p>
   </div>
   <div class='ocr_carea' id='block_1_6' title="bbox 122 345 1106 2308">
    <p class='ocr_par' dir='ltr' id='par_1_6' title="bbox 126 345 1104 900">
     <span class='ocr_line' id='line_1_6' title="bbox 128 345 1104 388; baseline -0.003 -8"><span class='ocrx_word' id='word_1_33' title='bbox 128 348 224 380; x_wconf 88' lang='lat' dir='ltr'>Deus</span> <span class='ocrx_word' id='word_1_34' title='bbox 252 345 402 378; x_wconf 84' lang='lat' dir='ltr'>declarat</span> <span class='ocrx_word' id='word_1_35' title='bbox 430 357 527 379; x_wconf 87' lang='lat' dir='ltr'>suam</span> <span class='ocrx_word' id='word_1_36' title='bbox 556 357 637 388; x_wconf 87' lang='lat' dir='ltr'>erga</span> <span class='ocrx_word' id='word_1_37' title='bbox 664 356 728 377; x_wconf 92' lang='lat' dir='ltr'>nos</span> <span class='ocrx_word' id='word_1_38' title='bbox 758 347 948 378; x_wconf 82' lang='lat' dir='ltr'><strong>bonitatem.</strong></span> <span class='ocrx_word' id='word_1_39' title='bbox 1002 346 1104 378; x_wconf 90' lang='lat' dir='ltr'>Filius</span> 
     </span>
     <span class='ocr_line' id='line_1_7' title="bbox 129 388 1103 431; baseline -0.003 -9"><span class='ocrx_word' id='word_1_40' title='bbox 129 389 164 422; x_wconf 86' lang='lat' dir='ltr'>fit</span> <span class='ocrx_word' id='word_1_41' title='bbox 187 388 384 430; x_wconf 77' lang='lat' dir='ltr'>deprecator</span> <span class='ocrx_word' id='word_1_42' title='bbox 405 400 466 431; x_wconf 85' lang='lat' dir='ltr'>pro</span> <span class='ocrx_word' id='word_1_43' title='bbox 490 391 587 421; x_wconf 89' lang='lat' dir='ltr'>nobis</span> <span class='ocrx_word' id='word_1_44' title='bbox 609 390 642 420; x_wconf 95' lang='lat' dir='ltr'>in</span> <span class='ocrx_word' id='word_1_45' title='bbox 660 395 801 420; x_wconf 80' lang='lat' dir='ltr'>‘aeterno</span> <span class='ocrx_word' id='word_1_46' title='bbox 825 388 966 421; x_wconf 88' lang='lat' dir='ltr'>consilio</span> <span class='ocrx_word' id='word_1_47' title='bbox 984 388 1103 421; x_wconf 87' lang='lat' dir='ltr'>Patris.</span> 
     </span>
     <span class='ocr_line' id='line_1_8' title="bbox 127 431 1104 473; baseline 0 -10"><span class='ocrx_word' id='word_1_48' title='bbox 127 431 209 464; x_wconf 89' lang='lat' dir='ltr'>Vult</span> <span class='ocrx_word' id='word_1_49' title='bbox 231 432 371 464; x_wconf 86' lang='lat' dir='ltr'>salutem</span> <span class='ocrx_word' id='word_1_50' title='bbox 394 439 562 470; x_wconf 83' lang='lat' dir='ltr'>nostram,</span> <span class='ocrx_word' id='word_1_51' title='bbox 585 438 619 464; x_wconf 90' lang='lat' dir='ltr'>et</span> <span class='ocrx_word' id='word_1_52' title='bbox 639 432 685 463; x_wconf 88' lang='lat' dir='ltr'>ita</span> <span class='ocrx_word' id='word_1_53' title='bbox 706 431 794 469; x_wconf 86' lang='lat' dir='ltr'>vult,</span> <span class='ocrx_word' id='word_1_54' title='bbox 817 437 851 462; x_wconf 92' lang='lat' dir='ltr'>ut</span> <span class='ocrx_word' id='word_1_55' title='bbox 874 433 946 473; x_wconf 87' lang='lat' dir='ltr'>ipse</span> <span class='ocrx_word' id='word_1_56' title='bbox 968 442 1006 464; x_wconf 91' lang='lat' dir='ltr'>se</span> <span class='ocrx_word' id='word_1_57' title='bbox 1028 433 1104 463; x_wconf 86' lang='lat' dir='ltr'>sub·</span> 
     </span>
     <span class='ocr_line' id='line_1_9' title="bbox 128 474 1104 515; baseline -0.001 -9"><span class='ocrx_word' id='word_1_58' title='bbox 128 475 215 506; x_wconf 87' lang='lat' dir='ltr'>iiciat</span> <span class='ocrx_word' id='word_1_59' title='bbox 241 475 310 506; x_wconf 91' lang='lat' dir='ltr'>irae</span> <span class='ocrx_word' id='word_1_60' title='bbox 338 474 456 507; x_wconf 86' lang='lat' dir='ltr'>Patris.</span> <span class='ocrx_word' id='word_1_61' title='bbox 508 475 615 506; x_wconf 86' lang='lat' dir='ltr'>Offert</span> <span class='ocrx_word' id='word_1_62' title='bbox 644 484 682 505; x_wconf 91' lang='lat' dir='ltr'>se</span> <span class='ocrx_word' id='word_1_63' title='bbox 704 474 746 505; x_wconf 89' lang='lat' dir='ltr'>ad</span> <span class='ocrx_word' id='word_1_64' title='bbox 769 484 920 515; x_wconf 87' lang='lat' dir='ltr'>poenam.</span> <span class='ocrx_word' id='word_1_65' title='bbox 967 475 1104 506; x_wconf 84' lang='lat' dir='ltr'>Derivat</span> 
     </span>
     <span class='ocr_line' id='line_1_10' title="bbox 127 515 1104 560; baseline -0.001 -11"><span class='ocrx_word' id='word_1_66' title='bbox 127 517 161 549; x_wconf 89' lang='lat' dir='ltr'>in</span> <span class='ocrx_word' id='word_1_67' title='bbox 183 527 221 549; x_wconf 91' lang='lat' dir='ltr'>se</span> <span class='ocrx_word' id='word_1_68' title='bbox 243 518 326 549; x_wconf 89' lang='lat' dir='ltr'>iram</span> <span class='ocrx_word' id='word_1_69' title='bbox 345 523 377 548; x_wconf 88' lang='lat' dir='ltr'>et</span> <span class='ocrx_word' id='word_1_70' title='bbox 395 528 545 559; x_wconf 89' lang='lat' dir='ltr'>poenam.</span> <span class='ocrx_word' id='word_1_71' title='bbox 591 515 671 549; x_wconf 81' lang='lat' dir='ltr'>Vult</span> <span class='ocrx_word' id='word_1_72' title='bbox 689 515 884 548; x_wconf 81' lang='lat' dir='ltr'>satisfacere</span> <span class='ocrx_word' id='word_1_73' title='bbox 901 528 962 558; x_wconf 87' lang='lat' dir='ltr'>pro</span> <span class='ocrx_word' id='word_1_74' title='bbox 981 527 1104 560; x_wconf 84' lang='lat' dir='ltr'>genere</span> 
     </span>
     <span class='ocr_line' id='line_1_11' title="bbox 127 559 1103 603; baseline 0 -11"><span class='ocrx_word' id='word_1_75' title='bbox 127 561 283 592; x_wconf 82' lang='lat' dir='ltr'>humano.</span> <span class='ocrx_word' id='word_1_76' title='bbox 334 559 466 603; x_wconf 86' lang='lat' dir='ltr'>Recipit</span> <span class='ocrx_word' id='word_1_77' title='bbox 493 561 527 592; x_wconf 89' lang='lat' dir='ltr'>in</span> <span class='ocrx_word' id='word_1_78' title='bbox 549 570 586 592; x_wconf 90' lang='lat' dir='ltr'>se</span> <span class='ocrx_word' id='word_1_79' title='bbox 609 565 725 591; x_wconf 89' lang='lat' dir='ltr'>nostra</span> <span class='ocrx_word' id='word_1_80' title='bbox 747 559 843 591; x_wconf 86' lang='lat' dir='ltr'>mala.</span> <span class='ocrx_word' id='word_1_81' title='bbox 891 560 942 592; x_wconf 89' lang='lat' dir='ltr'>Fit</span> <span class='ocrx_word' id='word_1_82' title='bbox 964 560 1103 592; x_wconf 87' lang='lat' dir='ltr'>Samari-</span> 
     </span>
     <span class='ocr_line' id='line_1_12' title="bbox 127 603 1104 644; baseline 0 -10"><span class='ocrx_word' id='word_1_83' title='bbox 127 609 226 634; x_wconf 85' lang='lat' dir='ltr'>tanus</span> <span class='ocrx_word' id='word_1_84' title='bbox 259 609 393 635; x_wconf 85' lang='lat' dir='ltr'>noster:</span> <span class='ocrx_word' id='word_1_85' title='bbox 427 603 549 641; x_wconf 87' lang='lat' dir='ltr'>Fovet,</span> <span class='ocrx_word' id='word_1_86' title='bbox 582 603 692 644; x_wconf 85' lang='lat' dir='ltr'>ungit,</span> <span class='ocrx_word' id='word_1_87' title='bbox 727 609 839 640; x_wconf 87' lang='lat' dir='ltr'>curat,</span> <span class='ocrx_word' id='word_1_88' title='bbox 873 604 960 635; x_wconf 77' lang='lat' dir='ltr'>sanit</span> <span class='ocrx_word' id='word_1_89' title='bbox 989 609 1104 634; x_wconf 81' lang='lat' dir='ltr'>nostra</span> 
     </span>
     <span class='ocr_line' id='line_1_13' title="bbox 128 643 1103 688; baseline 0 -11"><span class='ocrx_word' id='word_1_90' title='bbox 128 643 280 677; x_wconf 84' lang='lat' dir='ltr'>vulnera:</span> <span class='ocrx_word' id='word_1_91' title='bbox 313 645 403 688; x_wconf 83' lang='lat' dir='ltr'>Ergo</span> <span class='ocrx_word' id='word_1_92' title='bbox 434 645 533 677; x_wconf 88' lang='lat' dir='ltr'>valde</span> <span class='ocrx_word' id='word_1_93' title='bbox 561 645 666 687; x_wconf 84' lang='lat' dir='ltr'>diligit</span> <span class='ocrx_word' id='word_1_94' title='bbox 693 654 772 676; x_wconf 86' lang='lat' dir='ltr'>nos:</span> <span class='ocrx_word' id='word_1_95' title='bbox 802 645 878 687; x_wconf 88' lang='lat' dir='ltr'>quia</span> <span class='ocrx_word' id='word_1_96' title='bbox 902 645 1022 678; x_wconf 90' lang='lat' dir='ltr'>volens</span> <span class='ocrx_word' id='word_1_97' title='bbox 1045 645 1103 678; x_wconf 86' lang='lat' dir='ltr'>ali-</span> 
     </span>
     <span class='ocr_line' id='line_1_14' title="bbox 127 687 1103 731; baseline 0.001 -12"><span class='ocrx_word' id='word_1_98' title='bbox 127 689 221 720; x_wconf 87' lang='lat' dir='ltr'>cuius</span> <span class='ocrx_word' id='word_1_99' title='bbox 245 687 402 727; x_wconf 82' lang='lat' dir='ltr'>salutem,</span> <span class='ocrx_word' id='word_1_100' title='bbox 431 695 463 720; x_wconf 88' lang='lat' dir='ltr'>et</span> <span class='ocrx_word' id='word_1_101' title='bbox 492 689 538 719; x_wconf 89' lang='lat' dir='ltr'>ita</span> <span class='ocrx_word' id='word_1_102' title='bbox 565 687 703 726; x_wconf 83' lang='lat' dir='ltr'>volens,</span> <span class='ocrx_word' id='word_1_103' title='bbox 729 695 765 719; x_wconf 87' lang='lat' dir='ltr'>ut</span> <span class='ocrx_word' id='word_1_104' title='bbox 787 689 860 729; x_wconf 90' lang='lat' dir='ltr'>ipse</span> <span class='ocrx_word' id='word_1_105' title='bbox 882 690 1024 731; x_wconf 88' lang='lat' dir='ltr'>patiatur</span> <span class='ocrx_word' id='word_1_106' title='bbox 1046 687 1103 720; x_wconf 78' lang='lat' dir='ltr'>ali-</span> 
     </span>
     <span class='ocr_line' id='line_1_15' title="bbox 150 731 1104 773; baseline 0 -11"><span class='ocrx_word' id='word_1_107' title='bbox 150 731 207 762; x_wconf 90' lang='lat' dir='ltr'>uid</span> <span class='ocrx_word' id='word_1_108' title='bbox 235 738 430 773; x_wconf 89' lang='lat' dir='ltr'>propterea,</span> <span class='ocrx_word' id='word_1_109' title='bbox 463 736 553 763; x_wconf 84' lang='lat' dir='ltr'>certe</span> <span class='ocrx_word' id='word_1_110' title='bbox 580 731 696 773; x_wconf 85' lang='lat' dir='ltr'>diligit.</span> <span class='ocrx_word' id='word_1_111' title='bbox 751 731 857 763; x_wconf 82' lang='lat' dir='ltr'>Lucet</span> <span class='ocrx_word' id='word_1_112' title='bbox 885 733 1104 773; x_wconf 83' lang='lat' dir='ltr'>igitur-amor</span> 
     </span>
     <span class='ocr_line' id='line_1_16' title="bbox 126 741 1104 816; baseline -0.001 -11"><span class='ocrx_word' id='word_1_113' title='bbox 126 741 198 805; x_wconf 49' lang='lat' dir='ltr'>ssilii</span> <span class='ocrx_word' id='word_1_114' title='bbox 222 784 304 816; x_wconf 83' lang='lat' dir='ltr'>erga</span> <span class='ocrx_word' id='word_1_115' title='bbox 326 784 405 813; x_wconf 88' lang='lat' dir='ltr'>nos,</span> <span class='ocrx_word' id='word_1_116' title='bbox 427 774 460 805; x_wconf 88' lang='lat' dir='ltr'>in</span> <span class='ocrx_word' id='word_1_117' title='bbox 483 783 585 814; x_wconf 85' lang='lat' dir='ltr'>opere</span> <span class='ocrx_word' id='word_1_118' title='bbox 614 773 860 815; x_wconf 84' lang='lat' dir='ltr'>redemptionis.</span> <span class='ocrx_word' id='word_1_119' title='bbox 911 775 979 806; x_wconf 93' lang='lat' dir='ltr'>lmo</span> <span class='ocrx_word' id='word_1_120' title='bbox 1003 775 1104 805; x_wconf 90' lang='lat' dir='ltr'>totius</span> 
     </span>
     <span class='ocr_line' id='line_1_17' title="bbox 127 816 1103 860; baseline 0 -13"><span class='ocrx_word' id='word_1_121' title='bbox 127 816 306 848; x_wconf 82' lang='lat' dir='ltr'>divinitatis</span> <span class='ocrx_word' id='word_1_122' title='bbox 333 827 426 849; x_wconf 90' lang='lat' dir='ltr'>amor</span> <span class='ocrx_word' id='word_1_123' title='bbox 454 816 544 848; x_wconf 84' lang='lat' dir='ltr'>lucet</span> <span class='ocrx_word' id='word_1_124' title='bbox 571 817 605 847; x_wconf 93' lang='lat' dir='ltr'>in</span> <span class='ocrx_word' id='word_1_125' title='bbox 635 816 701 848; x_wconf 82' lang='lat' dir='ltr'>hoc</span> <span class='ocrx_word' id='word_1_126' title='bbox 729 817 883 856; x_wconf 87' lang='lat' dir='ltr'>decreto,</span> <span class='ocrx_word' id='word_1_127' title='bbox 913 827 979 860; x_wconf 87' lang='lat' dir='ltr'>qno</span> <span class='ocrx_word' id='word_1_128' title='bbox 1001 816 1103 848; x_wconf 89' lang='lat' dir='ltr'>Filius</span> 
     </span>
     <span class='ocr_line' id='line_1_18' title="bbox 126 859 1001 900; baseline -0.001 -9"><span class='ocrx_word' id='word_1_129' title='bbox 126 859 326 891; x_wconf 82' lang='lat' dir='ltr'>constitutus</span> <span class='ocrx_word' id='word_1_130' title='bbox 349 865 401 891; x_wconf 87' lang='lat' dir='ltr'>est</span> <span class='ocrx_word' id='word_1_131' title='bbox 424 860 586 891; x_wconf 86' lang='lat' dir='ltr'>mediator</span> <span class='ocrx_word' id='word_1_132' title='bbox 609 864 641 889; x_wconf 85' lang='lat' dir='ltr'>et</span> <span class='ocrx_word' id='word_1_133' title='bbox 663 860 852 900; x_wconf 89' lang='lat' dir='ltr'>redemptor</span> <span class='ocrx_word' id='word_1_134' title='bbox 875 866 1001 892; x_wconf 85' lang='lat' dir='ltr'>noster.</span> 
     </span>
    </p>

    <p class='ocr_par' dir='ltr' id='par_1_7' title="bbox 122 901 1106 2133">
     <span class='ocr_line' id='line_1_19' title="bbox 212 901 1105 943; baseline 0.001 -11"><span class='ocrx_word' id='word_1_135' title='bbox 212 901 353 933; x_wconf 79' lang='lat' dir='ltr'>Accedit</span> <span class='ocrx_word' id='word_1_136' title='bbox 375 908 485 934; x_wconf 88' lang='lat' dir='ltr'>autem</span> <span class='ocrx_word' id='word_1_137' title='bbox 514 901 599 940; x_wconf 86' lang='lat' dir='ltr'>huc,</span> <span class='ocrx_word' id='word_1_138' title='bbox 631 902 721 943; x_wconf 89' lang='lat' dir='ltr'>quod</span> <span class='ocrx_word' id='word_1_139' title='bbox 745 902 839 934; x_wconf 88' lang='lat' dir='ltr'>Deus</span> <span class='ocrx_word' id='word_1_140' title='bbox 862 904 958 935; x_wconf 88' lang='lat' dir='ltr'>etiam</span> <span class='ocrx_word' id='word_1_141' title='bbox 981 902 1046 934; x_wconf 86' lang='lat' dir='ltr'>hac</span> <span class='ocrx_word' id='word_1_142' title='bbox 1069 912 1105 933; x_wconf 88' lang='lat' dir='ltr'>re</span> 
     </span>
     <span class='ocr_line' id='line_1_20' title="bbox 126 945 1104 986; baseline 0 -11"><span class='ocrx_word' id='word_1_143' title='bbox 126 949 269 976; x_wconf 81' lang='lat' dir='ltr'>testatur</span> <span class='ocrx_word' id='word_1_144' title='bbox 301 954 446 976; x_wconf 88' lang='lat' dir='ltr'>amorem</span> <span class='ocrx_word' id='word_1_145' title='bbox 478 955 573 976; x_wconf 90' lang='lat' dir='ltr'>suum</span> <span class='ocrx_word' id='word_1_146' title='bbox 603 955 683 986; x_wconf 85' lang='lat' dir='ltr'>erga</span> <span class='ocrx_word' id='word_1_147' title='bbox 713 955 794 983; x_wconf 68' lang='lat' dir='ltr'>noS,</span> <span class='ocrx_word' id='word_1_148' title='bbox 817 955 892 977; x_wconf 92' lang='lat' dir='ltr'>cum</span> <span class='ocrx_word' id='word_1_149' title='bbox 915 956 982 977; x_wconf 80' lang='lat' dir='ltr'>non</span> <span class='ocrx_word' id='word_1_150' title='bbox 1005 945 1104 977; x_wconf 86' lang='lat' dir='ltr'>modo</span> 
     </span>
     <span class='ocr_line' id='line_1_21' title="bbox 126 985 1106 1026; baseline 0.001 -8"><span class='ocrx_word' id='word_1_151' title='bbox 126 987 222 1019; x_wconf 88' lang='lat' dir='ltr'>mittit</span> <span class='ocrx_word' id='word_1_152' title='bbox 248 985 381 1026; x_wconf 77' lang='lat' dir='ltr'>Filium,</span> <span class='ocrx_word' id='word_1_153' title='bbox 407 994 442 1020; x_wconf 93' lang='lat' dir='ltr'>ut</span> <span class='ocrx_word' id='word_1_154' title='bbox 460 988 503 1019; x_wconf 87' lang='lat' dir='ltr'>sit</span> <span class='ocrx_word' id='word_1_155' title='bbox 521 988 666 1025; x_wconf 85' lang='lat' dir='ltr'>victima,</span> <span class='ocrx_word' id='word_1_156' title='bbox 687 994 721 1019; x_wconf 90' lang='lat' dir='ltr'>ut</span> <span class='ocrx_word' id='word_1_157' title='bbox 743 989 786 1019; x_wconf 88' lang='lat' dir='ltr'>sit</span> <span class='ocrx_word' id='word_1_158' title='bbox 809 989 903 1020; x_wconf 90' lang='lat' dir='ltr'>testis</span> <span class='ocrx_word' id='word_1_159' title='bbox 926 989 1106 1020; x_wconf 85' lang='lat' dir='ltr'>immensae</span> 
     </span>
     <span class='ocr_line' id='line_1_22' title="bbox 125 1029 1105 1072; baseline 0 -11"><span class='ocrx_word' id='word_1_160' title='bbox 125 1029 391 1069; x_wconf 81' lang='lat' dir='ltr'>misericordiae,</span> <span class='ocrx_word' id='word_1_161' title='bbox 423 1040 489 1072; x_wconf 86' lang='lat' dir='ltr'>qua</span> <span class='ocrx_word' id='word_1_162' title='bbox 515 1041 577 1062; x_wconf 89' lang='lat' dir='ltr'>nos</span> <span class='ocrx_word' id='word_1_163' title='bbox 606 1031 762 1071; x_wconf 78' lang='lat' dir='ltr'>recipiat3</span> <span class='ocrx_word' id='word_1_164' title='bbox 795 1031 856 1062; x_wconf 85' lang='lat' dir='ltr'>sed</span> <span class='ocrx_word' id='word_1_165' title='bbox 885 1032 979 1063; x_wconf 88' lang='lat' dir='ltr'>mittit</span> <span class='ocrx_word' id='word_1_166' title='bbox 1009 1031 1105 1062; x_wconf 87' lang='lat' dir='ltr'>etiam</span> 
     </span>
     <span class='ocr_line' id='line_1_23' title="bbox 127 1071 1106 1114; baseline 0.002 -12"><span class='ocrx_word' id='word_1_167' title='bbox 127 1071 284 1113; x_wconf 90' lang='lat' dir='ltr'>Spiritum</span> <span class='ocrx_word' id='word_1_168' title='bbox 303 1078 464 1112; x_wconf 84' lang='lat' dir='ltr'>sanctum,</span> <span class='ocrx_word' id='word_1_169' title='bbox 481 1079 517 1104; x_wconf 89' lang='lat' dir='ltr'>ut</span> <span class='ocrx_word' id='word_1_170' title='bbox 541 1071 672 1114; x_wconf 88' lang='lat' dir='ltr'>copulet</span> <span class='ocrx_word' id='word_1_171' title='bbox 694 1083 757 1104; x_wconf 88' lang='lat' dir='ltr'>nos</span> <span class='ocrx_word' id='word_1_172' title='bbox 780 1074 854 1105; x_wconf 89' lang='lat' dir='ltr'>sibi.</span> <span class='ocrx_word' id='word_1_173' title='bbox 900 1073 997 1105; x_wconf 88' lang='lat' dir='ltr'>Mittit</span> <span class='ocrx_word' id='word_1_174' title='bbox 1020 1073 1106 1105; x_wconf 87' lang='lat' dir='ltr'>hanc</span> 
     </span>
     <span class='ocr_line' id='line_1_24' title="bbox 126 1115 1105 1158; baseline 0 -12"><span class='ocrx_word' id='word_1_175' title='bbox 126 1124 320 1155; x_wconf 84' lang='lat' dir='ltr'>personam,</span> <span class='ocrx_word' id='word_1_176' title='bbox 354 1126 440 1158; x_wconf 89' lang='lat' dir='ltr'>quae</span> <span class='ocrx_word' id='word_1_177' title='bbox 470 1122 522 1147; x_wconf 86' lang='lat' dir='ltr'>est</span> <span class='ocrx_word' id='word_1_178' title='bbox 551 1126 593 1147; x_wconf 89' lang='lat' dir='ltr'>ex</span> <span class='ocrx_word' id='word_1_179' title='bbox 622 1116 720 1147; x_wconf 72' lang='lat' dir='ltr'>Patre</span> <span class='ocrx_word' id='word_1_180' title='bbox 749 1122 781 1147; x_wconf 89' lang='lat' dir='ltr'>et</span> <span class='ocrx_word' id='word_1_181' title='bbox 810 1115 912 1154; x_wconf 84' lang='lat' dir='ltr'>Filio,</span> <span class='ocrx_word' id='word_1_182' title='bbox 946 1125 1032 1158; x_wconf 86' lang='lat' dir='ltr'>quae</span> <span class='ocrx_word' id='word_1_183' title='bbox 1055 1121 1105 1148; x_wconf 88' lang='lat' dir='ltr'>est</span> 
     </span>
     <span class='ocr_line' id='line_1_25' title="bbox 125 1157 1105 1200; baseline 0.001 -12"><span class='ocrx_word' id='word_1_184' title='bbox 125 1158 271 1199; x_wconf 77' lang='lat' dir='ltr'>agitator</span> <span class='ocrx_word' id='word_1_185' title='bbox 300 1165 332 1189; x_wconf 90' lang='lat' dir='ltr'>et</span> <span class='ocrx_word' id='word_1_186' title='bbox 363 1165 488 1197; x_wconf 86' lang='lat' dir='ltr'>motor,</span> <span class='ocrx_word' id='word_1_187' title='bbox 512 1169 578 1200; x_wconf 91' lang='lat' dir='ltr'>quo</span> <span class='ocrx_word' id='word_1_188' title='bbox 610 1157 700 1189; x_wconf 88' lang='lat' dir='ltr'>velut</span> <span class='ocrx_word' id='word_1_189' title='bbox 729 1158 834 1190; x_wconf 84' lang='lat' dir='ltr'>halitu</span> <span class='ocrx_word' id='word_1_190' title='bbox 862 1158 968 1190; x_wconf 84' lang='lat' dir='ltr'>effuso</span> <span class='ocrx_word' id='word_1_191' title='bbox 991 1160 1025 1189; x_wconf 91' lang='lat' dir='ltr'>in</span> <span class='ocrx_word' id='word_1_192' title='bbox 1047 1168 1105 1189; x_wconf 91' lang='lat' dir='ltr'>no-</span> 
     </span>
     <span class='ocr_line' id='line_1_26' title="bbox 125 1199 1105 1242; baseline 0 -11"><span class='ocrx_word' id='word_1_193' title='bbox 125 1206 196 1231; x_wconf 84' lang='lat' dir='ltr'>stra</span> <span class='ocrx_word' id='word_1_194' title='bbox 218 1206 367 1242; x_wconf 82' lang='lat' dir='ltr'>pectora,</span> <span class='ocrx_word' id='word_1_195' title='bbox 386 1201 555 1233; x_wconf 84' lang='lat' dir='ltr'>attrahunt</span> <span class='ocrx_word' id='word_1_196' title='bbox 573 1209 636 1231; x_wconf 90' lang='lat' dir='ltr'>nos</span> <span class='ocrx_word' id='word_1_197' title='bbox 655 1200 754 1232; x_wconf 89' lang='lat' dir='ltr'>Pater</span> <span class='ocrx_word' id='word_1_198' title='bbox 775 1206 809 1232; x_wconf 91' lang='lat' dir='ltr'>et</span> <span class='ocrx_word' id='word_1_199' title='bbox 827 1199 940 1233; x_wconf 89' lang='lat' dir='ltr'>Filius.</span> <span class='ocrx_word' id='word_1_200' title='bbox 985 1200 1105 1232; x_wconf 81' lang='lat' dir='ltr'>Trans-</span> 
     </span>
     <span class='ocr_line' id='line_1_27' title="bbox 124 1241 1105 1286; baseline 0 -12"><span class='ocrx_word' id='word_1_201' title='bbox 124 1241 231 1274; x_wconf 77' lang='lat' dir='ltr'>fundit</span> <span class='ocrx_word' id='word_1_202' title='bbox 253 1244 349 1284; x_wconf 89' lang='lat' dir='ltr'>quasi</span> <span class='ocrx_word' id='word_1_203' title='bbox 372 1244 414 1274; x_wconf 91' lang='lat' dir='ltr'>de</span> <span class='ocrx_word' id='word_1_204' title='bbox 436 1254 497 1274; x_wconf 90' lang='lat' dir='ltr'>sua</span> <span class='ocrx_word' id='word_1_205' title='bbox 520 1243 711 1275; x_wconf 83' lang='lat' dir='ltr'>substantia</span> <span class='ocrx_word' id='word_1_206' title='bbox 734 1244 766 1274; x_wconf 93' lang='lat' dir='ltr'>in</span> <span class='ocrx_word' id='word_1_207' title='bbox 789 1253 852 1275; x_wconf 90' lang='lat' dir='ltr'>nos</span> <span class='ocrx_word' id='word_1_208' title='bbox 875 1243 1050 1286; x_wconf 88' lang='lat' dir='ltr'>Spiritum,</span> <span class='ocrx_word' id='word_1_209' title='bbox 1073 1251 1105 1275; x_wconf 90' lang='lat' dir='ltr'>et</span> 
     </span>
     <span class='ocr_line' id='line_1_28' title="bbox 124 1283 1106 1328; baseline 0.001 -12"><span class='ocrx_word' id='word_1_210' title='bbox 124 1283 204 1317; x_wconf 77' lang='lat' dir='ltr'>facit</span> <span class='ocrx_word' id='word_1_211' title='bbox 238 1295 301 1317; x_wconf 89' lang='lat' dir='ltr'>nos</span> <span class='ocrx_word' id='word_1_212' title='bbox 334 1284 500 1318; x_wconf 91' lang='lat' dir='ltr'>domicilia</span> <span class='ocrx_word' id='word_1_213' title='bbox 533 1292 566 1317; x_wconf 92' lang='lat' dir='ltr'>et</span> <span class='ocrx_word' id='word_1_214' title='bbox 599 1284 722 1327; x_wconf 81' lang='lat' dir='ltr'>templa</span> <span class='ocrx_word' id='word_1_215' title='bbox 757 1296 818 1318; x_wconf 92' lang='lat' dir='ltr'>sua</span> <span class='ocrx_word' id='word_1_216' title='bbox 840 1297 900 1328; x_wconf 87' lang='lat' dir='ltr'>per</span> <span class='ocrx_word' id='word_1_217' title='bbox 921 1287 1011 1319; x_wconf 79' lang='lat' dir='ltr'>hunc</span> <span class='ocrx_word' id='word_1_218' title='bbox 1035 1287 1106 1328; x_wconf 90' lang='lat' dir='ltr'>Spi-</span> 
     </span>
     <span class='ocr_line' id='line_1_29' title="bbox 124 1327 1104 1370; baseline 0.002 -11"><span class='ocrx_word' id='word_1_219' title='bbox 124 1328 232 1360; x_wconf 90' lang='lat' dir='ltr'>ritum.</span> <span class='ocrx_word' id='word_1_220' title='bbox 289 1327 456 1363; x_wconf 84' lang='lat' dir='ltr'>Quantum</span> <span class='ocrx_word' id='word_1_221' title='bbox 489 1329 555 1360; x_wconf 88' lang='lat' dir='ltr'>hoc</span> <span class='ocrx_word' id='word_1_222' title='bbox 589 1334 659 1367; x_wconf 85' lang='lat' dir='ltr'>est,</span> <span class='ocrx_word' id='word_1_223' title='bbox 694 1330 784 1370; x_wconf 88' lang='lat' dir='ltr'>quod</span> <span class='ocrx_word' id='word_1_224' title='bbox 814 1330 967 1361; x_wconf 78' lang='lat' dir='ltr'>divinitas</span> <span class='ocrx_word' id='word_1_225' title='bbox 998 1330 1044 1361; x_wconf 85' lang='lat' dir='ltr'>ita</span> <span class='ocrx_word' id='word_1_226' title='bbox 1067 1339 1104 1361; x_wconf 86' lang='lat' dir='ltr'>se</span> 
     </span>
     <span class='ocr_line' id='line_1_30' title="bbox 125 1369 1103 1410; baseline 0.001 -8"><span class='ocrx_word' id='word_1_227' title='bbox 125 1369 262 1402; x_wconf 84' lang='lat' dir='ltr'>effundit</span> <span class='ocrx_word' id='word_1_228' title='bbox 288 1371 321 1401; x_wconf 92' lang='lat' dir='ltr'>in</span> <span class='ocrx_word' id='word_1_229' title='bbox 350 1370 436 1403; x_wconf 89' lang='lat' dir='ltr'>hanc</span> <span class='ocrx_word' id='word_1_230' title='bbox 464 1372 620 1402; x_wconf 86' lang='lat' dir='ltr'>miseram</span> <span class='ocrx_word' id='word_1_231' title='bbox 642 1377 812 1410; x_wconf 87' lang='lat' dir='ltr'>naturam,</span> <span class='ocrx_word' id='word_1_232' title='bbox 844 1373 877 1404; x_wconf 91' lang='lat' dir='ltr'>in</span> <span class='ocrx_word' id='word_1_233' title='bbox 904 1373 990 1404; x_wconf 89' lang='lat' dir='ltr'>haec</span> <span class='ocrx_word' id='word_1_234' title='bbox 1020 1379 1103 1403; x_wconf 80' lang='lat' dir='ltr'>ster-</span> 
     </span>
     <span class='ocr_line' id='line_1_31' title="bbox 125 1412 1104 1456; baseline 0.002 -12"><span class='ocrx_word' id='word_1_235' title='bbox 125 1422 215 1444; x_wconf 86' lang='lat' dir='ltr'>cora.</span> <span class='ocrx_word' id='word_1_236' title='bbox 262 1412 328 1444; x_wconf 91' lang='lat' dir='ltr'>Dat</span> <span class='ocrx_word' id='word_1_237' title='bbox 350 1413 478 1452; x_wconf 85' lang='lat' dir='ltr'>Filium,</span> <span class='ocrx_word' id='word_1_238' title='bbox 500 1414 557 1445; x_wconf 89' lang='lat' dir='ltr'>dat</span> <span class='ocrx_word' id='word_1_239' title='bbox 579 1413 737 1456; x_wconf 89' lang='lat' dir='ltr'>Spiritum</span> <span class='ocrx_word' id='word_1_240' title='bbox 759 1421 921 1454; x_wconf 88' lang='lat' dir='ltr'>sanctum,</span> <span class='ocrx_word' id='word_1_241' title='bbox 940 1413 1019 1447; x_wconf 85' lang='lat' dir='ltr'>facit</span> <span class='ocrx_word' id='word_1_242' title='bbox 1042 1425 1104 1446; x_wconf 90' lang='lat' dir='ltr'>nos</span> 
     </span>
     <span class='ocr_line' id='line_1_32' title="bbox 125 1454 1103 1490; baseline 0.004 -4"><span class='ocrx_word' id='word_1_243' title='bbox 125 1454 291 1487; x_wconf 89' lang='lat' dir='ltr'>domicilia</span> <span class='ocrx_word' id='word_1_244' title='bbox 313 1465 385 1488; x_wconf 89' lang='lat' dir='ltr'>sua.</span> <span class='ocrx_word' id='word_1_245' title='bbox 435 1457 501 1488; x_wconf 87' lang='lat' dir='ltr'>Pro</span> <span class='ocrx_word' id='word_1_246' title='bbox 529 1457 602 1488; x_wconf 91' lang='lat' dir='ltr'>istis</span> <span class='ocrx_word' id='word_1_247' title='bbox 631 1457 731 1488; x_wconf 91' lang='lat' dir='ltr'>tantis</span> <span class='ocrx_word' id='word_1_248' title='bbox 762 1457 932 1490; x_wconf 86' lang='lat' dir='ltr'>beneficiis</span> <span class='ocrx_word' id='word_1_249' title='bbox 960 1458 1103 1490; x_wconf 86' lang='lat' dir='ltr'>debeba-</span> 
     </span>
     <span class='ocr_line' id='line_1_33' title="bbox 124 1499 1103 1542; baseline 0.001 -12"><span class='ocrx_word' id='word_1_250' title='bbox 124 1508 198 1530; x_wconf 81' lang='lat' dir='ltr'>mus</span> <span class='ocrx_word' id='word_1_251' title='bbox 234 1508 310 1530; x_wconf 90' lang='lat' dir='ltr'>esse</span> <span class='ocrx_word' id='word_1_252' title='bbox 345 1500 445 1541; x_wconf 86' lang='lat' dir='ltr'>grati:</span> <span class='ocrx_word' id='word_1_253' title='bbox 483 1499 697 1531; x_wconf 89' lang='lat' dir='ltr'>Debebamus</span> <span class='ocrx_word' id='word_1_254' title='bbox 732 1501 879 1542; x_wconf 89' lang='lat' dir='ltr'>quotidie</span> <span class='ocrx_word' id='word_1_255' title='bbox 911 1501 1103 1532; x_wconf 88' lang='lat' dir='ltr'>nominatim</span> 
     </span>
     <span class='ocr_line' id='line_1_34' title="bbox 123 1540 1103 1584; baseline 0.002 -12"><span class='ocrx_word' id='word_1_256' title='bbox 123 1540 199 1573; x_wconf 89' lang='lat' dir='ltr'>Deo</span> <span class='ocrx_word' id='word_1_257' title='bbox 222 1541 348 1584; x_wconf 80' lang='lat' dir='ltr'>gratias</span> <span class='ocrx_word' id='word_1_258' title='bbox 371 1552 471 1584; x_wconf 85' lang='lat' dir='ltr'>agere</span> <span class='ocrx_word' id='word_1_259' title='bbox 493 1553 554 1584; x_wconf 88' lang='lat' dir='ltr'>pro</span> <span class='ocrx_word' id='word_1_260' title='bbox 576 1543 736 1574; x_wconf 82' lang='lat' dir='ltr'>missione</span> <span class='ocrx_word' id='word_1_261' title='bbox 759 1543 848 1582; x_wconf 86' lang='lat' dir='ltr'>Filii,</span> <span class='ocrx_word' id='word_1_262' title='bbox 871 1550 903 1575; x_wconf 87' lang='lat' dir='ltr'>et</span> <span class='ocrx_word' id='word_1_263' title='bbox 925 1544 1103 1575; x_wconf 88' lang='lat' dir='ltr'>donatione</span> 
     </span>
     <span class='ocr_line' id='line_1_35' title="bbox 124 1582 1102 1625; baseline 0.002 -10"><span class='ocrx_word' id='word_1_264' title='bbox 124 1582 268 1625; x_wconf 87' lang='lat' dir='ltr'>Spiritus</span> <span class='ocrx_word' id='word_1_265' title='bbox 310 1586 432 1616; x_wconf 86' lang='lat' dir='ltr'>sancti:</span> <span class='ocrx_word' id='word_1_266' title='bbox 476 1586 561 1617; x_wconf 89' lang='lat' dir='ltr'>sicut</span> <span class='ocrx_word' id='word_1_267' title='bbox 604 1586 733 1617; x_wconf 85' lang='lat' dir='ltr'>habetis</span> <span class='ocrx_word' id='word_1_268' title='bbox 775 1584 1102 1618; x_wconf 76' lang='lat' dir='ltr'>commonefactionis</span> 
     </span>
     <span class='ocr_line' id='line_1_36' title="bbox 123 1626 1102 1671; baseline 0.001 -13"><span class='ocrx_word' id='word_1_269' title='bbox 123 1636 227 1658; x_wconf 81' lang='lat' dir='ltr'>causa</span> <span class='ocrx_word' id='word_1_270' title='bbox 257 1627 402 1668; x_wconf 79' lang='lat' dir='ltr'>scriptas</span> <span class='ocrx_word' id='word_1_271' title='bbox 437 1626 560 1659; x_wconf 84' lang='lat' dir='ltr'>multas</span> <span class='ocrx_word' id='word_1_272' title='bbox 591 1626 716 1660; x_wconf 85' lang='lat' dir='ltr'>formas</span> <span class='ocrx_word' id='word_1_273' title='bbox 752 1630 934 1671; x_wconf 84' lang='lat' dir='ltr'>gratiarum</span> <span class='ocrx_word' id='word_1_274' title='bbox 961 1629 1102 1660; x_wconf 89' lang='lat' dir='ltr'>actionis</span> 
     </span>
     <span class='ocr_line' id='line_1_37' title="bbox 122 1669 1101 1714; baseline 0.003 -15"><span class='ocrx_word' id='word_1_275' title='bbox 122 1679 185 1710; x_wconf 83' lang='lat' dir='ltr'>pro</span> <span class='ocrx_word' id='word_1_276' title='bbox 207 1669 280 1701; x_wconf 89' lang='lat' dir='ltr'>istis</span> <span class='ocrx_word' id='word_1_277' title='bbox 302 1670 470 1702; x_wconf 89' lang='lat' dir='ltr'>immensis</span> <span class='ocrx_word' id='word_1_278' title='bbox 494 1671 608 1702; x_wconf 88' lang='lat' dir='ltr'>bonis:</span> <span class='ocrx_word' id='word_1_279' title='bbox 640 1670 716 1713; x_wconf 87' lang='lat' dir='ltr'>Ago</span> <span class='ocrx_word' id='word_1_280' title='bbox 740 1672 797 1703; x_wconf 88' lang='lat' dir='ltr'>tibi</span> <span class='ocrx_word' id='word_1_281' title='bbox 821 1673 967 1714; x_wconf 67' lang='lat' dir='ltr'>gratias.</span> <span class='ocrx_word' id='word_1_282' title='bbox 1000 1672 1101 1703; x_wconf 93' lang='lat' dir='ltr'>omni-</span> 
     </span>
     <span class='ocr_line' id='line_1_38' title="bbox 124 1712 1103 1755; baseline 0.003 -12"><span class='ocrx_word' id='word_1_283' title='bbox 124 1717 261 1752; x_wconf 84' lang='lat' dir='ltr'>potens,</span> <span class='ocrx_word' id='word_1_284' title='bbox 297 1719 432 1745; x_wconf 86' lang='lat' dir='ltr'>aeterne</span> <span class='ocrx_word' id='word_1_285' title='bbox 459 1712 575 1751; x_wconf 83' lang='lat' dir='ltr'>Deus,</span> <span class='ocrx_word' id='word_1_286' title='bbox 608 1719 703 1755; x_wconf 87' lang='lat' dir='ltr'>pater</span> <span class='ocrx_word' id='word_1_287' title='bbox 731 1713 865 1746; x_wconf 88' lang='lat' dir='ltr'>Domini</span> <span class='ocrx_word' id='word_1_288' title='bbox 892 1716 997 1747; x_wconf 87' lang='lat' dir='ltr'>nostri</span> <span class='ocrx_word' id='word_1_289' title='bbox 1028 1715 1103 1746; x_wconf 90' lang='lat' dir='ltr'>lesu</span> 
     </span>
     <span class='ocr_line' id='line_1_39' title="bbox 125 1752 1103 1795; baseline 0.005 -11"><span class='ocrx_word' id='word_1_290' title='bbox 125 1752 267 1792; x_wconf 87' lang='lat' dir='ltr'>Christi,</span> <span class='ocrx_word' id='word_1_291' title='bbox 291 1755 442 1788; x_wconf 90' lang='lat' dir='ltr'>conditor</span> <span class='ocrx_word' id='word_1_292' title='bbox 463 1755 549 1788; x_wconf 89' lang='lat' dir='ltr'>coeli</span> <span class='ocrx_word' id='word_1_293' title='bbox 572 1761 605 1788; x_wconf 89' lang='lat' dir='ltr'>et</span> <span class='ocrx_word' id='word_1_294' title='bbox 627 1762 752 1795; x_wconf 84' lang='lat' dir='ltr'>terrae,</span> <span class='ocrx_word' id='word_1_295' title='bbox 775 1765 808 1789; x_wconf 84' lang='lat' dir='ltr'>et</span> <span class='ocrx_word' id='word_1_296' title='bbox 829 1757 1013 1791; x_wconf 82' lang='lat' dir='ltr'>hominum,</span> <span class='ocrx_word' id='word_1_297' title='bbox 1037 1767 1103 1789; x_wconf 86' lang='lat' dir='ltr'>una</span> 
     </span>
     <span class='ocr_line' id='line_1_40' title="bbox 125 1795 1101 1840; baseline 0.004 -13"><span class='ocrx_word' id='word_1_298' title='bbox 125 1806 201 1828; x_wconf 88' lang='lat' dir='ltr'>cum</span> <span class='ocrx_word' id='word_1_299' title='bbox 223 1795 307 1828; x_wconf 85' lang='lat' dir='ltr'>Filio</span> <span class='ocrx_word' id='word_1_300' title='bbox 330 1804 363 1829; x_wconf 91' lang='lat' dir='ltr'>et</span> <span class='ocrx_word' id='word_1_301' title='bbox 385 1798 509 1840; x_wconf 89' lang='lat' dir='ltr'>Spiritu</span> <span class='ocrx_word' id='word_1_302' title='bbox 531 1805 669 1837; x_wconf 85' lang='lat' dir='ltr'>sancto,</span> <span class='ocrx_word' id='word_1_303' title='bbox 721 1801 788 1832; x_wconf 88' lang='lat' dir='ltr'>uod</span> <span class='ocrx_word' id='word_1_304' title='bbox 810 1800 967 1832; x_wconf 87' lang='lat' dir='ltr'>revelasti</span> <span class='ocrx_word' id='word_1_305' title='bbox 989 1806 1021 1832; x_wconf 88' lang='lat' dir='ltr'>te</span> <span class='ocrx_word' id='word_1_306' title='bbox 1043 1811 1101 1833; x_wconf 86' lang='lat' dir='ltr'>no—</span> 
     </span>
     <span class='ocr_line' id='line_1_41' title="bbox 125 1840 1102 1881; baseline 0.005 -11"><span class='ocrx_word' id='word_1_307' title='bbox 125 1840 194 1877; x_wconf 90' lang='lat' dir='ltr'>bis,</span> <span class='ocrx_word' id='word_1_308' title='bbox 227 1840 316 1881; x_wconf 88' lang='lat' dir='ltr'>quod</span> <span class='ocrx_word' id='word_1_309' title='bbox 345 1841 378 1872; x_wconf 89' lang='lat' dir='ltr'>in</span> <span class='ocrx_word' id='word_1_310' title='bbox 408 1842 576 1874; x_wconf 87' lang='lat' dir='ltr'>creatione</span> <span class='ocrx_word' id='word_1_311' title='bbox 602 1847 695 1874; x_wconf 85' lang='lat' dir='ltr'>trans</span> <span class='ocrx_word' id='word_1_312' title='bbox 712 1843 810 1874; x_wconf 89' lang='lat' dir='ltr'>udisti</span> <span class='ocrx_word' id='word_1_313' title='bbox 832 1845 864 1875; x_wconf 92' lang='lat' dir='ltr'>in</span> <span class='ocrx_word' id='word_1_314' title='bbox 889 1852 951 1875; x_wconf 91' lang='lat' dir='ltr'>nos</span> <span class='ocrx_word' id='word_1_315' title='bbox 975 1853 1102 1875; x_wconf 87' lang='lat' dir='ltr'>summa</span> 
     </span>
     <span class='ocr_line' id='line_1_42' title="bbox 125 1882 1103 1927; baseline 0.005 -15"><span class='ocrx_word' id='word_1_316' title='bbox 125 1882 229 1920; x_wconf 83' lang='lat' dir='ltr'>bona,</span> <span class='ocrx_word' id='word_1_317' title='bbox 276 1883 342 1914; x_wconf 89' lang='lat' dir='ltr'>uod</span> <span class='ocrx_word' id='word_1_318' title='bbox 363 1890 440 1924; x_wconf 88' lang='lat' dir='ltr'>post</span> <span class='ocrx_word' id='word_1_319' title='bbox 462 1883 592 1926; x_wconf 90' lang='lat' dir='ltr'>lapsum</span> <span class='ocrx_word' id='word_1_320' title='bbox 614 1886 733 1917; x_wconf 86' lang='lat' dir='ltr'>misisti</span> <span class='ocrx_word' id='word_1_321' title='bbox 756 1885 891 1924; x_wconf 88' lang='lat' dir='ltr'>Filium,</span> <span class='ocrx_word' id='word_1_322' title='bbox 913 1885 1103 1927; x_wconf 70' lang='lat' dir='ltr'>patefecisti</span> 
     </span>
     <span class='ocr_line' id='line_1_43' title="bbox 124 1923 1100 1971; baseline 0.006 -16"><span class='ocrx_word' id='word_1_323' title='bbox 124 1923 263 1967; x_wconf 83' lang='lat' dir='ltr'>Evange</span> <span class='ocrx_word' id='word_1_324' title='bbox 279 1926 344 1957; x_wconf 90' lang='lat' dir='ltr'>ium</span> <span class='ocrx_word' id='word_1_325' title='bbox 367 1932 475 1965; x_wconf 88' lang='lat' dir='ltr'>tuum,</span> <span class='ocrx_word' id='word_1_326' title='bbox 499 1928 667 1959; x_wconf 85' lang='lat' dir='ltr'>redemisti</span> <span class='ocrx_word' id='word_1_327' title='bbox 690 1939 753 1960; x_wconf 90' lang='lat' dir='ltr'>nos</span> <span class='ocrx_word' id='word_1_328' title='bbox 776 1939 836 1970; x_wconf 86' lang='lat' dir='ltr'>per</span> <span class='ocrx_word' id='word_1_329' title='bbox 858 1929 990 1967; x_wconf 87' lang='lat' dir='ltr'>Filium,</span> <span class='ocrx_word' id='word_1_330' title='bbox 1013 1929 1100 1971; x_wconf 85' lang='lat' dir='ltr'>quod</span> 
     </span>
     <span class='ocr_line' id='line_1_44' title="bbox 124 1967 1102 2015; baseline 0.006 -17"><span class='ocrx_word' id='word_1_331' title='bbox 124 1967 232 2001; x_wconf 84' lang='lat' dir='ltr'>donas</span> <span class='ocrx_word' id='word_1_332' title='bbox 254 1969 353 2000; x_wconf 89' lang='lat' dir='ltr'>nobis</span> <span class='ocrx_word' id='word_1_333' title='bbox 377 1969 532 2011; x_wconf 87' lang='lat' dir='ltr'>Spiritum</span> <span class='ocrx_word' id='word_1_334' title='bbox 555 1977 706 2003; x_wconf 87' lang='lat' dir='ltr'>sanctum</span> <span class='ocrx_word' id='word_1_335' title='bbox 728 1978 831 2011; x_wconf 91' lang='lat' dir='ltr'>tuum,</span> <span class='ocrx_word' id='word_1_336' title='bbox 854 1972 943 2015; x_wconf 91' lang='lat' dir='ltr'>quod</span> <span class='ocrx_word' id='word_1_337' title='bbox 967 1982 1102 2004; x_wconf 89' lang='lat' dir='ltr'>conser-</span> 
     </span>
     <span class='ocr_line' id='line_1_45' title="bbox 123 2011 1100 2057; baseline 0.005 -16"><span class='ocrx_word' id='word_1_338' title='bbox 123 2020 184 2041; x_wconf 82' lang='lat' dir='ltr'>vas</span> <span class='ocrx_word' id='word_1_339' title='bbox 206 2011 293 2043; x_wconf 90' lang='lat' dir='ltr'>inter</span> <span class='ocrx_word' id='word_1_340' title='bbox 314 2021 377 2043; x_wconf 82' lang='lat' dir='ltr'>nos</span> <span class='ocrx_word' id='word_1_341' title='bbox 401 2013 584 2045; x_wconf 77' lang='lat' dir='ltr'>doctrinam</span> <span class='ocrx_word' id='word_1_342' title='bbox 610 2013 783 2057; x_wconf 77' lang='lat' dir='ltr'>Evangelii</span> <span class='ocrx_word' id='word_1_343' title='bbox 810 2017 872 2055; x_wconf 91' lang='lat' dir='ltr'>tui,</span> <span class='ocrx_word' id='word_1_344' title='bbox 906 2016 1009 2048; x_wconf 85' lang='lat' dir='ltr'>tueris</span> <span class='ocrx_word' id='word_1_345' title='bbox 1039 2015 1100 2046; x_wconf 87' lang='lat' dir='ltr'>Ec-</span> 
     </span>
     <span class='ocr_line' id='line_1_46' title="bbox 124 2051 1101 2100; baseline 0.007 -16"><span class='ocrx_word' id='word_1_346' title='bbox 124 2051 262 2085; x_wconf 81' lang='lat' dir='ltr'>clesiam</span> <span class='ocrx_word' id='word_1_347' title='bbox 291 2060 324 2086; x_wconf 89' lang='lat' dir='ltr'>et</span> <span class='ocrx_word' id='word_1_348' title='bbox 351 2054 506 2091; x_wconf 66' lang='lat' dir='ltr'>scholasz</span> <span class='ocrx_word' id='word_1_349' title='bbox 536 2066 719 2089; x_wconf 84' lang='lat' dir='ltr'>conservas</span> <span class='ocrx_word' id='word_1_350' title='bbox 748 2058 916 2100; x_wconf 85' lang='lat' dir='ltr'>politicum</span> <span class='ocrx_word' id='word_1_351' title='bbox 941 2059 1101 2096; x_wconf 77' lang='lat' dir='ltr'>ordinem,</span> 
     </span>
     <span class='ocr_line' id='line_1_47' title="bbox 124 2095 823 2133; baseline 0.009 -6"><span class='ocrx_word' id='word_1_352' title='bbox 124 2095 186 2127; x_wconf 83' lang='lat' dir='ltr'>das</span> <span class='ocrx_word' id='word_1_353' title='bbox 207 2095 366 2129; x_wconf 89' lang='lat' dir='ltr'>alimenta</span> <span class='ocrx_word' id='word_1_354' title='bbox 389 2104 420 2129; x_wconf 89' lang='lat' dir='ltr'>et</span> <span class='ocrx_word' id='word_1_355' title='bbox 442 2099 565 2130; x_wconf 84' lang='lat' dir='ltr'>victum</span> <span class='ocrx_word' id='word_1_356' title='bbox 587 2102 823 2133; x_wconf 86' lang='lat' dir='ltr'>necessarium.</span> 
     </span>
    </p>

    <p class='ocr_par' dir='ltr' id='par_1_8' title="bbox 124 2138 1103 2308">
     <span class='ocr_line' id='line_1_48' title="bbox 210 2138 1101 2185; baseline 0.007 -14"><span class='ocrx_word' id='word_1_357' title='bbox 210 2138 303 2172; x_wconf 87' lang='lat' dir='ltr'>Haec</span> <span class='ocrx_word' id='word_1_358' title='bbox 343 2141 506 2173; x_wconf 87' lang='lat' dir='ltr'>beneficia</span> <span class='ocrx_word' id='word_1_359' title='bbox 548 2143 664 2175; x_wconf 90' lang='lat' dir='ltr'>ordine</span> <span class='ocrx_word' id='word_1_360' title='bbox 697 2143 873 2185; x_wconf 88' lang='lat' dir='ltr'>complecti</span> <span class='ocrx_word' id='word_1_361' title='bbox 907 2145 1034 2177; x_wconf 90' lang='lat' dir='ltr'>debetis</span> <span class='ocrx_word' id='word_1_362' title='bbox 1068 2146 1101 2176; x_wconf 91' lang='lat' dir='ltr'>in</span> 
     </span>
     <span class='ocr_line' id='line_1_49' title="bbox 125 2182 1102 2230; baseline 0.008 -18"><span class='ocrx_word' id='word_1_363' title='bbox 125 2182 303 2223; x_wconf 82' lang='lat' dir='ltr'>gratiarum</span> <span class='ocrx_word' id='word_1_364' title='bbox 327 2185 469 2222; x_wconf 67' lang='lat' dir='ltr'>actione,</span> <span class='ocrx_word' id='word_1_365' title='bbox 493 2191 524 2216; x_wconf 87' lang='lat' dir='ltr'>et</span> <span class='ocrx_word' id='word_1_366' title='bbox 550 2185 646 2217; x_wconf 83' lang='lat' dir='ltr'>simul</span> <span class='ocrx_word' id='word_1_367' title='bbox 668 2196 730 2217; x_wconf 83' lang='lat' dir='ltr'>vos</span> <span class='ocrx_word' id='word_1_368' title='bbox 753 2188 941 2220; x_wconf 81' lang='lat' dir='ltr'>exuscitare</span> <span class='ocrx_word' id='word_1_369' title='bbox 963 2189 1005 2219; x_wconf 91' lang='lat' dir='ltr'>ad</span> <span class='ocrx_word' id='word_1_370' title='bbox 1028 2198 1102 2230; x_wconf 88' lang='lat' dir='ltr'>pre·</span> 
     </span>
     <span class='ocr_line' id='line_1_50' title="bbox 124 2224 1103 2271; baseline 0.007 -16"><span class='ocrx_word' id='word_1_371' title='bbox 124 2224 288 2256; x_wconf 71' lang='lat' dir='ltr'>cntionem</span> <span class='ocrx_word' id='word_1_372' title='bbox 316 2227 554 2265; x_wconf 76' lang='lat' dir='ltr'>ardentioren13</span> <span class='ocrx_word' id='word_1_373' title='bbox 594 2229 627 2260; x_wconf 92' lang='lat' dir='ltr'>in</span> <span class='ocrx_word' id='word_1_374' title='bbox 668 2239 732 2271; x_wconf 84' lang='lat' dir='ltr'>qua</span> <span class='ocrx_word' id='word_1_375' title='bbox 767 2231 885 2271; x_wconf 87' lang='lat' dir='ltr'>petatis</span> <span class='ocrx_word' id='word_1_376' title='bbox 919 2232 1036 2270; x_wconf 85' lang='lat' dir='ltr'>tribui,</span> <span class='ocrx_word' id='word_1_377' title='bbox 1070 2236 1103 2263; x_wconf 87' lang='lat' dir='ltr'>et</span> 
     </span>
     <span class='ocr_line' id='line_1_51' title="bbox 124 2268 876 2308; baseline 0.009 -11"><span class='ocrx_word' id='word_1_378' title='bbox 124 2268 257 2308; x_wconf 85' lang='lat' dir='ltr'>augeri,</span> <span class='ocrx_word' id='word_1_379' title='bbox 280 2275 311 2300; x_wconf 92' lang='lat' dir='ltr'>et</span> <span class='ocrx_word' id='word_1_380' title='bbox 334 2272 527 2303; x_wconf 80' lang='lat' dir='ltr'>conservari</span> <span class='ocrx_word' id='word_1_381' title='bbox 551 2271 648 2303; x_wconf 85' lang='lat' dir='ltr'>vobis</span> <span class='ocrx_word' id='word_1_382' title='bbox 671 2271 756 2304; x_wconf 86' lang='lat' dir='ltr'>haec</span> <span class='ocrx_word' id='word_1_383' title='bbox 780 2273 876 2304; x_wconf 86' lang='lat' dir='ltr'>bona.</span> 
     </span>
    </p>
   </div>
   <div class='ocr_carea' id='block_1_7' title="bbox 203 2434 1016 2576">
    <p class='ocr_par' dir='ltr' id='par_1_9' title="bbox 203 2434 1016 2576">
     <span class='ocr_line' id='line_1_52' title="bbox 258 2434 960 2479; baseline 0.006 -5"><span class='ocrx_word' id='word_1_384' title='bbox 258 2434 336 2474; x_wconf 88' lang='lat' dir='ltr'>De</span> <span class='ocrx_word' id='word_1_385' title='bbox 382 2436 649 2477; x_wconf 82' lang='lat' dir='ltr'>secundo</span> <span class='ocrx_word' id='word_1_386' title='bbox 697 2438 960 2479; x_wconf 86' lang='lat' dir='ltr'>membro.</span> 
     </span>
     <span class='ocr_line' id='line_1_53' title="bbox 203 2517 1016 2576; baseline 0.01 -18"><span class='ocrx_word' id='word_1_387' title='bbox 203 2517 421 2568; x_wconf 84' lang='lat' dir='ltr'>Quomodo</span> <span class='ocrx_word' id='word_1_388' title='bbox 461 2521 580 2561; x_wconf 73' lang='lat' dir='ltr'>datur</span> <span class='ocrx_word' id='word_1_389' title='bbox 617 2521 786 2576; x_wconf 82' lang='lat' dir='ltr'>Spiritus</span> <span class='ocrx_word' id='word_1_390' title='bbox 823 2531 983 2566; x_wconf 85' lang='lat' dir='ltr'>sanctus</span> <span class='ocrx_word' id='word_1_391' title='bbox 996 2525 1016 2566; x_wconf 89' lang='lat'><strong>?</strong></span> 
     </span>
    </p>
   </div>
   <div class='ocr_carea' id='block_1_8' title="bbox 209 2608 1100 2655">
    <p class='ocr_par' dir='ltr' id='par_1_10' title="bbox 209 2608 1100 2655">
     <span class='ocr_line' id='line_1_54' title="bbox 209 2608 1100 2655; baseline 0.01 -14"><span class='ocrx_word' id='word_1_392' title='bbox 209 2608 270 2642; x_wconf 86' lang='lat' dir='ltr'>Hic</span> <span class='ocrx_word' id='word_1_393' title='bbox 293 2609 410 2653; x_wconf 80' lang='lat' dir='ltr'>regula</span> <span class='ocrx_word' id='word_1_394' title='bbox 431 2612 573 2644; x_wconf 86' lang='lat' dir='ltr'>tenenda</span> <span class='ocrx_word' id='word_1_395' title='bbox 602 2618 671 2645; x_wconf 87' lang='lat' dir='ltr'>est:</span> <span class='ocrx_word' id='word_1_396' title='bbox 700 2612 844 2655; x_wconf 79' lang='lat' dir='ltr'>Spiritus</span> <span class='ocrx_word' id='word_1_397' title='bbox 866 2622 1004 2650; x_wconf 79' lang='lat' dir='ltr'>sanctus</span> <span class='ocrx_word' id='word_1_398' title='bbox 1027 2619 1100 2650; x_wconf 75' lang='lat' dir='ltr'>sine</span> 
     </span>
    </p>
   </div>
   <div class='ocr_carea' id='block_1_9' title="bbox 1154 306 2138 1934">
    <p class='ocr_par' dir='ltr' id='par_1_11' title="bbox 1154 306 2138 1934">
     <span class='ocr_line' id='line_1_55' title="bbox 2022 306 2131 340; baseline 0.009 -5"><span class='ocrx_word' id='word_1_399' title='bbox 2022 306 2131 340; x_wconf 72' lang='lat' dir='ltr'>Pater,</span> 
     </span>
     <span class='ocr_line' id='line_1_56' title="bbox 1661 348 2133 383; baseline 0.004 -6"><span class='ocrx_word' id='word_1_400' title='bbox 1661 348 1767 378; x_wconf 77' lang='lat' dir='ltr'>Sermo</span> <span class='ocrx_word' id='word_1_401' title='bbox 1791 353 1861 378; x_wconf 78' lang='lat' dir='ltr'>enus</span> <span class='ocrx_word' id='word_1_402' title='bbox 1883 353 1928 378; x_wconf 81' lang='lat' dir='ltr'>est</span> <span class='ocrx_word' id='word_1_403' title='bbox 1952 350 2075 383; x_wconf 75' lang='lat' dir='ltr'>veritas,</span> <span class='ocrx_word' id='word_1_404' title='bbox 2099 353 2133 379; x_wconf 72' lang='lat' dir='ltr'>ut</span> 
     </span>
     <span class='ocr_line' id='line_1_57' title="bbox 1157 389 2134 431; baseline 0.005 -14"><span class='ocrx_word' id='word_1_405' title='bbox 1157 389 1348 427; x_wconf 77' lang='lat' dir='ltr'>accipiamus</span> <span class='ocrx_word' id='word_1_406' title='bbox 1372 389 1609 427; x_wconf 82' lang='lat' dir='ltr'>promissionem</span> <span class='ocrx_word' id='word_1_407' title='bbox 1634 390 1774 428; x_wconf 79' lang='lat' dir='ltr'>Spiritus</span> <span class='ocrx_word' id='word_1_408' title='bbox 1800 402 1858 431; x_wconf 80' lang='lat' dir='ltr'>per</span> <span class='ocrx_word' id='word_1_409' title='bbox 1883 392 1984 430; x_wconf 63' lang='lat' dir='ltr'>fiderit.</span> <span class='ocrx_word' id='word_1_410' title='bbox 2039 391 2134 421; x_wconf 77' lang='lat' dir='ltr'>Fides</span> 
     </span>
     <span class='ocr_line' id='line_1_58' title="bbox 1156 429 2131 475; baseline 0.004 -15"><span class='ocrx_word' id='word_1_411' title='bbox 1156 440 1197 460; x_wconf 79' lang='lat' dir='ltr'>ex</span> <span class='ocrx_word' id='word_1_412' title='bbox 1231 430 1352 460; x_wconf 79' lang='lat' dir='ltr'>auditu.</span> <span class='ocrx_word' id='word_1_413' title='bbox 1410 429 1504 461; x_wconf 86' lang='lat' dir='ltr'>Talia</span> <span class='ocrx_word' id='word_1_414' title='bbox 1537 431 1624 462; x_wconf 90' lang='lat' dir='ltr'>dicta</span> <span class='ocrx_word' id='word_1_415' title='bbox 1655 432 1839 465; x_wconf 85' lang='lat' dir='ltr'>habeantur</span> <span class='ocrx_word' id='word_1_416' title='bbox 1873 435 1905 465; x_wconf 95' lang='lat' dir='ltr'>in</span> <span class='ocrx_word' id='word_1_417' title='bbox 1934 441 2131 475; x_wconf 80' lang='lat' dir='ltr'>conspectu:</span> 
     </span>
     <span class='ocr_line' id='line_1_59' title="bbox 1156 472 2134 519; baseline 0.004 -15"><span class='ocrx_word' id='word_1_418' title='bbox 1156 472 1242 509; x_wconf 88' lang='lat' dir='ltr'>Quia</span> <span class='ocrx_word' id='word_1_419' title='bbox 1275 479 1457 511; x_wconf 84' lang='lat' dir='ltr'>testantur,</span> <span class='ocrx_word' id='word_1_420' title='bbox 1492 475 1581 514; x_wconf 91' lang='lat' dir='ltr'>quod</span> <span class='ocrx_word' id='word_1_421' title='bbox 1610 473 1752 515; x_wconf 83' lang='lat' dir='ltr'>Spiritus</span> <span class='ocrx_word' id='word_1_422' title='bbox 1782 484 1918 509; x_wconf 90' lang='lat' dir='ltr'>sanctus</span> <span class='ocrx_word' id='word_1_423' title='bbox 1951 477 2045 509; x_wconf 86' lang='lat' dir='ltr'>detur</span> <span class='ocrx_word' id='word_1_424' title='bbox 2074 487 2134 519; x_wconf 89' lang='lat' dir='ltr'>per</span> 
     </span>
     <span class='ocr_line' id='line_1_60' title="bbox 1156 516 2132 559; baseline 0.002 -12"><span class='ocrx_word' id='word_1_425' title='bbox 1156 517 1312 554; x_wconf 86' lang='lat' dir='ltr'>verbum,</span> <span class='ocrx_word' id='word_1_426' title='bbox 1342 521 1375 547; x_wconf 91' lang='lat' dir='ltr'>et</span> <span class='ocrx_word' id='word_1_427' title='bbox 1403 516 1586 556; x_wconf 88' lang='lat' dir='ltr'>accipiatur</span> <span class='ocrx_word' id='word_1_428' title='bbox 1615 527 1675 557; x_wconf 89' lang='lat' dir='ltr'>per</span> <span class='ocrx_word' id='word_1_429' title='bbox 1697 519 1929 559; x_wconf 83' lang='lat' dir='ltr'>cogitationem</span> <span class='ocrx_word' id='word_1_430' title='bbox 1953 520 2132 551; x_wconf 88' lang='lat' dir='ltr'>doctrinae.</span> 
     </span>
     <span class='ocr_line' id='line_1_61' title="bbox 1155 558 2132 600; baseline 0.002 -10"><span class='ocrx_word' id='word_1_431' title='bbox 1155 558 1219 590; x_wconf 78' lang='lat' dir='ltr'>l-lic</span> <span class='ocrx_word' id='word_1_432' title='bbox 1241 564 1293 590; x_wconf 84' lang='lat' dir='ltr'>est</span> <span class='ocrx_word' id='word_1_433' title='bbox 1317 559 1417 596; x_wconf 79' lang='lat' dir='ltr'>ordo,</span> <span class='ocrx_word' id='word_1_434' title='bbox 1441 568 1538 600; x_wconf 88' lang='lat' dir='ltr'>quem</span> <span class='ocrx_word' id='word_1_435' title='bbox 1562 558 1655 591; x_wconf 83' lang='lat' dir='ltr'>Deus</span> <span class='ocrx_word' id='word_1_436' title='bbox 1678 561 1831 599; x_wconf 86' lang='lat' dir='ltr'>instituit,</span> <span class='ocrx_word' id='word_1_437' title='bbox 1858 564 1934 593; x_wconf 75' lang='lat' dir='ltr'>Gon</span> <span class='ocrx_word' id='word_1_438' title='bbox 1956 562 2034 592; x_wconf 79' lang='lat' dir='ltr'>helts</span> <span class='ocrx_word' id='word_1_439' title='bbox 2057 563 2132 592; x_wconf 70' lang='lat' dir='ltr'>also.</span> 
     </span>
     <span class='ocr_line' id='line_1_62' title="bbox 1155 600 2134 647; baseline 0.005 -15"><span class='ocrx_word' id='word_1_440' title='bbox 1155 601 1208 632; x_wconf 86' lang='lat' dir='ltr'>Ac</span> <span class='ocrx_word' id='word_1_441' title='bbox 1232 600 1328 633; x_wconf 91' lang='lat' dir='ltr'>simul</span> <span class='ocrx_word' id='word_1_442' title='bbox 1351 607 1429 633; x_wconf 87' lang='lat' dir='ltr'>sunt</span> <span class='ocrx_word' id='word_1_443' title='bbox 1451 603 1482 632; x_wconf 92' lang='lat' dir='ltr'>in</span> <span class='ocrx_word' id='word_1_444' title='bbox 1501 603 1682 634; x_wconf 82' lang='lat' dir='ltr'>ministerio</span> <span class='ocrx_word' id='word_1_445' title='bbox 1700 603 1875 647; x_wconf 88' lang='lat' dir='ltr'>Evangelii</span> <span class='ocrx_word' id='word_1_446' title='bbox 1894 604 1995 636; x_wconf 88' lang='lat' dir='ltr'>Filius</span> <span class='ocrx_word' id='word_1_447' title='bbox 2015 611 2047 637; x_wconf 92' lang='lat' dir='ltr'>et</span> <span class='ocrx_word' id='word_1_448' title='bbox 2064 605 2134 646; x_wconf 90' lang='lat' dir='ltr'>Spi-</span> 
     </span>
     <span class='ocr_line' id='line_1_63' title="bbox 1156 643 2136 687; baseline 0.005 -12"><span class='ocrx_word' id='word_1_449' title='bbox 1156 645 1240 676; x_wconf 91' lang='lat' dir='ltr'>ritus</span> <span class='ocrx_word' id='word_1_450' title='bbox 1264 649 1418 676; x_wconf 89' lang='lat' dir='ltr'>sanctus:</span> <span class='ocrx_word' id='word_1_451' title='bbox 1443 643 1546 675; x_wconf 78' lang='lat' dir='ltr'>Filius</span> <span class='ocrx_word' id='word_1_452' title='bbox 1569 645 1706 685; x_wconf 88' lang='lat' dir='ltr'>docens,</span> <span class='ocrx_word' id='word_1_453' title='bbox 1726 656 1793 678; x_wconf 89' lang='lat' dir='ltr'>non</span> <span class='ocrx_word' id='word_1_454' title='bbox 1815 653 1939 682; x_wconf 67' lang='lat' dir='ltr'>tant-‚nn</span> <span class='ocrx_word' id='word_1_455' title='bbox 1962 647 2056 687; x_wconf 85' lang='lat' dir='ltr'>foris,</span> <span class='ocrx_word' id='word_1_456' title='bbox 2074 649 2136 680; x_wconf 85' lang='lat' dir='ltr'>sed</span> 
     </span>
     <span class='ocr_line' id='line_1_64' title="bbox 1156 686 2134 732; baseline 0.005 -14"><span class='ocrx_word' id='word_1_457' title='bbox 1156 687 1252 718; x_wconf 81' lang='lat' dir='ltr'>etiam</span> <span class='ocrx_word' id='word_1_458' title='bbox 1270 688 1358 719; x_wconf 90' lang='lat' dir='ltr'>intus</span> <span class='ocrx_word' id='word_1_459' title='bbox 1374 686 1565 719; x_wconf 90' lang='lat' dir='ltr'>illuminans</span> <span class='ocrx_word' id='word_1_460' title='bbox 1583 695 1737 727; x_wconf 86' lang='lat' dir='ltr'>mentem,</span> <span class='ocrx_word' id='word_1_461' title='bbox 1754 690 1894 732; x_wconf 85' lang='lat' dir='ltr'>Spiritus</span> <span class='ocrx_word' id='word_1_462' title='bbox 1907 697 2044 723; x_wconf 81' lang='lat' dir='ltr'>sanctus</span> <span class='ocrx_word' id='word_1_463' title='bbox 2058 700 2134 723; x_wconf 89' lang='lat' dir='ltr'>con-</span> 
     </span>
     <span class='ocr_line' id='line_1_65' title="bbox 1156 728 2135 776; baseline 0.006 -15"><span class='ocrx_word' id='word_1_464' title='bbox 1156 729 1291 768; x_wconf 76' lang='lat' dir='ltr'>solans,</span> <span class='ocrx_word' id='word_1_465' title='bbox 1314 728 1501 761; x_wconf 87' lang='lat' dir='ltr'>laetificans</span> <span class='ocrx_word' id='word_1_466' title='bbox 1509 753 1519 769; x_wconf 94' lang='lat'>,</span> <span class='ocrx_word' id='word_1_467' title='bbox 1543 731 1757 764; x_wconf 87' lang='lat' dir='ltr'>confirmans.</span> <span class='ocrx_word' id='word_1_468' title='bbox 1803 733 1929 766; x_wconf 80' lang='lat' dir='ltr'>Sumite</span> <span class='ocrx_word' id='word_1_469' title='bbox 1951 733 2135 776; x_wconf 81' lang='lat' dir='ltr'>exemplum</span> 
     </span>
     <span class='ocr_line' id='line_1_66' title="bbox 1157 772 2136 818; baseline 0.004 -15"><span class='ocrx_word' id='word_1_470' title='bbox 1157 782 1198 804; x_wconf 81' lang='lat' dir='ltr'>ex</span> <span class='ocrx_word' id='word_1_471' title='bbox 1221 772 1359 804; x_wconf 89' lang='lat' dir='ltr'>historia</span> <span class='ocrx_word' id='word_1_472' title='bbox 1389 774 1569 815; x_wconf 83' lang='lat' dir='ltr'>primorum</span> <span class='ocrx_word' id='word_1_473' title='bbox 1599 782 1787 815; x_wconf 86' lang='lat' dir='ltr'>parentum:</span> <span class='ocrx_word' id='word_1_474' title='bbox 1819 777 1950 818; x_wconf 85' lang='lat' dir='ltr'>quando</span> <span class='ocrx_word' id='word_1_475' title='bbox 1974 777 2081 808; x_wconf 87' lang='lat' dir='ltr'>Adam</span> <span class='ocrx_word' id='word_1_476' title='bbox 2104 782 2136 807; x_wconf 89' lang='lat' dir='ltr'>et</span> 
     </span>
     <span class='ocr_line' id='line_1_67' title="bbox 1156 815 2135 858; baseline 0.003 -12"><span class='ocrx_word' id='word_1_477' title='bbox 1156 815 1228 847; x_wconf 88' lang='lat' dir='ltr'>Eva</span> <span class='ocrx_word' id='word_1_478' title='bbox 1249 816 1447 848; x_wconf 89' lang='lat' dir='ltr'>audiverunt</span> <span class='ocrx_word' id='word_1_479' title='bbox 1468 817 1737 858; x_wconf 90' lang='lat' dir='ltr'>promissionem:</span> <span class='ocrx_word' id='word_1_480' title='bbox 1769 820 1877 849; x_wconf 81' lang='lat' dir='ltr'>Semen</span> <span class='ocrx_word' id='word_1_481' title='bbox 1905 820 2043 849; x_wconf 75' lang='lat' dir='ltr'>mulieris</span> <span class='ocrx_word' id='word_1_482' title='bbox 2066 830 2135 849; x_wconf 84' lang='lat' dir='ltr'>con-</span> 
     </span>
     <span class='ocr_line' id='line_1_68' title="bbox 1156 859 2136 898; baseline 0.006 -11"><span class='ocrx_word' id='word_1_483' title='bbox 1156 862 1234 888; x_wconf 58' lang='lat' dir='ltr'>teret</span> <span class='ocrx_word' id='word_1_484' title='bbox 1257 863 1352 898; x_wconf 79' lang='lat' dir='ltr'>caput</span> <span class='ocrx_word' id='word_1_485' title='bbox 1374 861 1535 898; x_wconf 73' lang='lat' dir='ltr'>serpentis.</span> <span class='ocrx_word' id='word_1_486' title='bbox 1581 859 1667 895; x_wconf 90' lang='lat' dir='ltr'>Quid</span> <span class='ocrx_word' id='word_1_487' title='bbox 1697 869 1749 893; x_wconf 89' lang='lat' dir='ltr'>est</span> <span class='ocrx_word' id='word_1_488' title='bbox 1771 863 1816 894; x_wconf 90' lang='lat' dir='ltr'>ibi</span> <span class='ocrx_word' id='word_1_489' title='bbox 1838 861 1983 895; x_wconf 73' lang='lat' dir='ltr'>factum?</span> <span class='ocrx_word' id='word_1_490' title='bbox 2029 862 2136 894; x_wconf 82' lang='lat' dir='ltr'>Adam</span> 
     </span>
     <span class='ocr_line' id='line_1_69' title="bbox 1157 901 2137 945; baseline 0.004 -13"><span class='ocrx_word' id='word_1_491' title='bbox 1157 906 1190 932; x_wconf 90' lang='lat' dir='ltr'>et</span> <span class='ocrx_word' id='word_1_492' title='bbox 1211 901 1283 933; x_wconf 87' lang='lat' dir='ltr'>Eva</span> <span class='ocrx_word' id='word_1_493' title='bbox 1306 908 1400 933; x_wconf 85' lang='lat' dir='ltr'>erant</span> <span class='ocrx_word' id='word_1_494' title='bbox 1421 903 1454 934; x_wconf 92' lang='lat' dir='ltr'>in</span> <span class='ocrx_word' id='word_1_495' title='bbox 1477 908 1599 943; x_wconf 87' lang='lat' dir='ltr'>morte,</span> <span class='ocrx_word' id='word_1_496' title='bbox 1629 904 1722 945; x_wconf 85' lang='lat' dir='ltr'>quia,</span> <span class='ocrx_word' id='word_1_497' title='bbox 1754 916 1828 937; x_wconf 86' lang='lat' dir='ltr'>cum</span> <span class='ocrx_word' id='word_1_498' title='bbox 1850 904 1945 938; x_wconf 89' lang='lat' dir='ltr'>Deus</span> <span class='ocrx_word' id='word_1_499' title='bbox 1968 915 2052 937; x_wconf 86' lang='lat' dir='ltr'>voce</span> <span class='ocrx_word' id='word_1_500' title='bbox 2075 915 2137 936; x_wconf 82' lang='lat' dir='ltr'>sua</span> 
     </span>
     <span class='ocr_line' id='line_1_70' title="bbox 1156 944 2136 985; baseline 0.004 -10"><span class='ocrx_word' id='word_1_501' title='bbox 1156 950 1296 976; x_wconf 89' lang='lat' dir='ltr'>accusat</span> <span class='ocrx_word' id='word_1_502' title='bbox 1318 950 1507 985; x_wconf 86' lang='lat' dir='ltr'>peccatum,</span> <span class='ocrx_word' id='word_1_503' title='bbox 1535 944 1633 978; x_wconf 90' lang='lat' dir='ltr'>homo</span> <span class='ocrx_word' id='word_1_504' title='bbox 1656 948 1809 980; x_wconf 87' lang='lat' dir='ltr'>moritur:</span> <span class='ocrx_word' id='word_1_505' title='bbox 1839 948 1909 981; x_wconf 85' lang='lat' dir='ltr'>Lex</span> <span class='ocrx_word' id='word_1_506' title='bbox 1933 950 2005 980; x_wconf 88' lang='lat' dir='ltr'>sine</span> <span class='ocrx_word' id='word_1_507' title='bbox 2028 946 2136 980; x_wconf 88' lang='lat' dir='ltr'>decla-</span> 
     </span>
     <span class='ocr_line' id='line_1_71' title="bbox 1158 987 2138 1034; baseline 0.006 -17"><span class='ocrx_word' id='word_1_508' title='bbox 1158 988 1284 1018; x_wconf 87' lang='lat' dir='ltr'>ratione</span> <span class='ocrx_word' id='word_1_509' title='bbox 1308 987 1482 1030; x_wconf 84' lang='lat' dir='ltr'>Evangelii</span> <span class='ocrx_word' id='word_1_510' title='bbox 1512 989 1643 1021; x_wconf 88' lang='lat' dir='ltr'>occidit.</span> <span class='ocrx_word' id='word_1_511' title='bbox 1695 989 1767 1022; x_wconf 92' lang='lat' dir='ltr'>Nisi</span> <span class='ocrx_word' id='word_1_512' title='bbox 1790 1001 1872 1034; x_wconf 88' lang='lat' dir='ltr'>ergo</span> <span class='ocrx_word' id='word_1_513' title='bbox 1895 992 2000 1033; x_wconf 88' lang='lat' dir='ltr'>erepti</span> <span class='ocrx_word' id='word_1_514' title='bbox 2022 997 2138 1023; x_wconf 83' lang='lat' dir='ltr'>essent</span> 
     </span>
     <span class='ocr_line' id='line_1_72' title="bbox 1158 1029 2137 1075; baseline 0.005 -15"><span class='ocrx_word' id='word_1_515' title='bbox 1158 1038 1199 1060; x_wconf 83' lang='lat' dir='ltr'>ex</span> <span class='ocrx_word' id='word_1_516' title='bbox 1234 1036 1356 1068; x_wconf 81' lang='lat' dir='ltr'>morte,</span> <span class='ocrx_word' id='word_1_517' title='bbox 1391 1037 1423 1062; x_wconf 91' lang='lat' dir='ltr'>et</span> <span class='ocrx_word' id='word_1_518' title='bbox 1457 1029 1609 1063; x_wconf 82' lang='lat' dir='ltr'>faucibus</span> <span class='ocrx_word' id='word_1_519' title='bbox 1642 1031 1778 1072; x_wconf 79' lang='lat' dir='ltr'>inferni,</span> <span class='ocrx_word' id='word_1_520' title='bbox 1808 1045 1948 1075; x_wconf 89' lang='lat' dir='ltr'>prorsus</span> <span class='ocrx_word' id='word_1_521' title='bbox 1981 1034 2137 1066; x_wconf 85' lang='lat' dir='ltr'>exstincti</span> 
     </span>
     <span class='ocr_line' id='line_1_73' title="bbox 1159 1072 2137 1114; baseline 0.008 -13"><span class='ocrx_word' id='word_1_522' title='bbox 1159 1079 1283 1103; x_wconf 87' lang='lat' dir='ltr'>essent.</span> <span class='ocrx_word' id='word_1_523' title='bbox 1334 1072 1526 1114; x_wconf 84' lang='lat' dir='ltr'>Eripiuntur</span> <span class='ocrx_word' id='word_1_524' title='bbox 1555 1080 1666 1107; x_wconf 88' lang='lat' dir='ltr'>autem</span> <span class='ocrx_word' id='word_1_525' title='bbox 1694 1085 1735 1107; x_wconf 84' lang='lat' dir='ltr'>ex</span> <span class='ocrx_word' id='word_1_526' title='bbox 1766 1079 1895 1110; x_wconf 73' lang='lat' dir='ltr'>morte?</span> <span class='ocrx_word' id='word_1_527' title='bbox 1940 1076 2137 1113; x_wconf 73' lang='lat' dir='ltr'>Quomodo‘3</span> 
     </span>
     <span class='ocr_line' id='line_1_74' title="bbox 1157 1113 2137 1161; baseline 0.007 -16"><span class='ocrx_word' id='word_1_528' title='bbox 1157 1113 1260 1146; x_wconf 84' lang='lat' dir='ltr'>Filius</span> <span class='ocrx_word' id='word_1_529' title='bbox 1289 1122 1387 1146; x_wconf 89' lang='lat' dir='ltr'>sonat</span> <span class='ocrx_word' id='word_1_530' title='bbox 1414 1117 1552 1148; x_wconf 80' lang='lat' dir='ltr'>verbum</span> <span class='ocrx_word' id='word_1_531' title='bbox 1579 1117 1715 1156; x_wconf 87' lang='lat' dir='ltr'>vocale3</span> <span class='ocrx_word' id='word_1_532' title='bbox 1747 1119 1876 1161; x_wconf 83' lang='lat' dir='ltr'>profert</span> <span class='ocrx_word' id='word_1_533' title='bbox 1902 1130 1944 1152; x_wconf 84' lang='lat' dir='ltr'>ex</span> <span class='ocrx_word' id='word_1_534' title='bbox 1972 1121 2046 1152; x_wconf 87' lang='lat' dir='ltr'>sinu</span> <span class='ocrx_word' id='word_1_535' title='bbox 2077 1120 2137 1151; x_wconf 83' lang='lat' dir='ltr'>Pa·</span> 
     </span>
     <span class='ocr_line' id='line_1_75' title="bbox 1157 1158 2138 1205; baseline 0.008 -18"><span class='ocrx_word' id='word_1_536' title='bbox 1157 1158 1217 1188; x_wconf 89' lang='lat' dir='ltr'>tris</span> <span class='ocrx_word' id='word_1_537' title='bbox 1240 1159 1493 1198; x_wconf 87' lang='lat' dir='ltr'>promissionem</span> <span class='ocrx_word' id='word_1_538' title='bbox 1515 1160 1664 1201; x_wconf 84' lang='lat' dir='ltr'>ignotam</span> <span class='ocrx_word' id='word_1_539' title='bbox 1688 1163 1840 1195; x_wconf 89' lang='lat' dir='ltr'>omnibus</span> <span class='ocrx_word' id='word_1_540' title='bbox 1864 1164 2038 1200; x_wconf 80' lang='lat' dir='ltr'>creaturis,</span> <span class='ocrx_word' id='word_1_541' title='bbox 2061 1163 2138 1205; x_wconf 81' lang='lat' dir='ltr'>quia</span> 
     </span>
     <span class='ocr_line' id='line_1_76' title="bbox 1158 1200 2137 1247; baseline 0.008 -17"><span class='ocrx_word' id='word_1_542' title='bbox 1158 1200 1229 1240; x_wconf 89' lang='lat' dir='ltr'>ipse</span> <span class='ocrx_word' id='word_1_543' title='bbox 1252 1201 1345 1232; x_wconf 86' lang='lat' dir='ltr'>novit</span> <span class='ocrx_word' id='word_1_544' title='bbox 1368 1208 1485 1243; x_wconf 87' lang='lat' dir='ltr'>pectus</span> <span class='ocrx_word' id='word_1_545' title='bbox 1509 1202 1630 1234; x_wconf 88' lang='lat' dir='ltr'>Patris.</span> <span class='ocrx_word' id='word_1_546' title='bbox 1684 1204 1780 1237; x_wconf 88' lang='lat' dir='ltr'>Hanc</span> <span class='ocrx_word' id='word_1_547' title='bbox 1801 1207 2057 1247; x_wconf 84' lang='lat' dir='ltr'>promissionem</span> <span class='ocrx_word' id='word_1_548' title='bbox 2079 1215 2137 1247; x_wconf 83' lang='lat' dir='ltr'>pa·</span> 
     </span>
     <span class='ocr_line' id='line_1_77' title="bbox 1157 1241 2136 1287; baseline 0.009 -15"><span class='ocrx_word' id='word_1_549' title='bbox 1157 1241 1223 1274; x_wconf 93' lang='lat' dir='ltr'>lam</span> <span class='ocrx_word' id='word_1_550' title='bbox 1246 1252 1389 1282; x_wconf 89' lang='lat' dir='ltr'>sonans,</span> <span class='ocrx_word' id='word_1_551' title='bbox 1420 1243 1518 1276; x_wconf 90' lang='lat' dir='ltr'>simul</span> <span class='ocrx_word' id='word_1_552' title='bbox 1540 1246 1612 1287; x_wconf 87' lang='lat' dir='ltr'>ipse</span> <span class='ocrx_word' id='word_1_553' title='bbox 1634 1247 1667 1278; x_wconf 91' lang='lat' dir='ltr'>in</span> <span class='ocrx_word' id='word_1_554' title='bbox 1690 1254 1798 1280; x_wconf 87' lang='lat' dir='ltr'>mente</span> <span class='ocrx_word' id='word_1_555' title='bbox 1821 1248 1981 1281; x_wconf 88' lang='lat' dir='ltr'>illuminat</span> <span class='ocrx_word' id='word_1_556' title='bbox 2003 1259 2080 1287; x_wconf 76' lang='grc' dir='ltr'><strong>θος,</strong></span> <span class='ocrx_word' id='word_1_557' title='bbox 2104 1255 2136 1280; x_wconf 82' lang='lat' dir='ltr'>et</span> 
     </span>
     <span class='ocr_line' id='line_1_78' title="bbox 1158 1285 2136 1332; baseline 0.007 -16"><span class='ocrx_word' id='word_1_558' title='bbox 1158 1285 1215 1316; x_wconf 89' lang='lat' dir='ltr'>dat</span> <span class='ocrx_word' id='word_1_559' title='bbox 1243 1286 1402 1327; x_wconf 77' lang='lat' dir='ltr'>Spiritum</span> <span class='ocrx_word' id='word_1_560' title='bbox 1430 1294 1598 1327; x_wconf 87' lang='lat' dir='ltr'>sanctum,</span> <span class='ocrx_word' id='word_1_561' title='bbox 1628 1291 1685 1332; x_wconf 76' lang='lat' dir='ltr'>qui</span> <span class='ocrx_word' id='word_1_562' title='bbox 1714 1289 1871 1324; x_wconf 84' lang='lat' dir='ltr'>laetificat</span> <span class='ocrx_word' id='word_1_563' title='bbox 1897 1303 1970 1324; x_wconf 90' lang='lat' dir='ltr'>cor:</span> <span class='ocrx_word' id='word_1_564' title='bbox 2005 1291 2053 1323; x_wconf 80' lang='lat' dir='ltr'>lta</span> <span class='ocrx_word' id='word_1_565' title='bbox 2081 1302 2136 1323; x_wconf 86' lang='lat' dir='ltr'>ac-</span> 
     </span>
     <span class='ocr_line' id='line_1_79' title="bbox 1159 1329 2135 1376; baseline 0.007 -17"><span class='ocrx_word' id='word_1_566' title='bbox 1159 1329 1309 1360; x_wconf 90' lang='lat' dir='ltr'>cenditur</span> <span class='ocrx_word' id='word_1_567' title='bbox 1336 1329 1542 1369; x_wconf 85' lang='lat' dir='ltr'>consolatio,</span> <span class='ocrx_word' id='word_1_568' title='bbox 1576 1338 1609 1363; x_wconf 84' lang='lat' dir='ltr'>et</span> <span class='ocrx_word' id='word_1_569' title='bbox 1638 1334 1819 1366; x_wconf 88' lang='lat' dir='ltr'>restituitur</span> <span class='ocrx_word' id='word_1_570' title='bbox 1842 1336 1907 1366; x_wconf 79' lang='lat' dir='ltr'>vita</span> <span class='ocrx_word' id='word_1_571' title='bbox 1930 1345 1989 1376; x_wconf 90' lang='lat' dir='ltr'>per</span> <span class='ocrx_word' id='word_1_572' title='bbox 2018 1333 2135 1366; x_wconf 88' lang='lat' dir='ltr'>Filium</span> 
     </span>
     <span class='ocr_line' id='line_1_80' title="bbox 1157 1371 2135 1417; baseline 0.007 -16"><span class='ocrx_word' id='word_1_573' title='bbox 1157 1377 1190 1402; x_wconf 90' lang='lat' dir='ltr'>et</span> <span class='ocrx_word' id='word_1_574' title='bbox 1213 1371 1369 1412; x_wconf 87' lang='lat' dir='ltr'>Spiritum</span> <span class='ocrx_word' id='word_1_575' title='bbox 1392 1379 1554 1405; x_wconf 87' lang='lat' dir='ltr'>sanctum:</span> <span class='ocrx_word' id='word_1_576' title='bbox 1579 1380 1718 1417; x_wconf 90' lang='lat' dir='ltr'>uterque</span> <span class='ocrx_word' id='word_1_577' title='bbox 1740 1379 1826 1408; x_wconf 86' lang='lat' dir='ltr'>enim</span> <span class='ocrx_word' id='word_1_578' title='bbox 1849 1378 2008 1415; x_wconf 78' lang='lat' dir='ltr'>vivificat,</span> <span class='ocrx_word' id='word_1_579' title='bbox 2032 1377 2135 1408; x_wconf 89' lang='lat' dir='ltr'>Filius</span> 
     </span>
     <span class='ocr_line' id='line_1_81' title="bbox 1157 1414 2137 1462; baseline 0.005 -18"><span class='ocrx_word' id='word_1_580' title='bbox 1157 1419 1189 1444; x_wconf 88' lang='lat' dir='ltr'>et</span> <span class='ocrx_word' id='word_1_581' title='bbox 1218 1414 1360 1454; x_wconf 61' lang='lat' dir='ltr'>Spiritus</span> <span class='ocrx_word' id='word_1_582' title='bbox 1389 1422 1545 1454; x_wconf 85' lang='lat' dir='ltr'>sanctus,</span> <span class='ocrx_word' id='word_1_583' title='bbox 1579 1418 1664 1449; x_wconf 87' lang='lat' dir='ltr'>sicut</span> <span class='ocrx_word' id='word_1_584' title='bbox 1702 1418 1854 1452; x_wconf 76' lang='lat' dir='ltr'>ChrIstus</span> <span class='ocrx_word' id='word_1_585' title='bbox 1884 1421 2003 1462; x_wconf 81' lang='lat' dir='ltr'>inquit:</span> <span class='ocrx_word' id='word_1_586' title='bbox 2037 1420 2137 1450; x_wconf 70' lang='lat' dir='ltr'>R&#39;lius</span> 
     </span>
     <span class='ocr_line' id='line_1_82' title="bbox 1155 1457 2133 1501; baseline 0.008 -16"><span class='ocrx_word' id='word_1_587' title='bbox 1155 1467 1232 1497; x_wconf 84' lang='lat' dir='ltr'>qnos</span> <span class='ocrx_word' id='word_1_588' title='bbox 1261 1457 1340 1492; x_wconf 76' lang='lat' dir='ltr'>vult,</span> <span class='ocrx_word' id='word_1_589' title='bbox 1370 1459 1521 1497; x_wconf 74' lang='lat' dir='ltr'>vivificat:</span> <span class='ocrx_word' id='word_1_590' title='bbox 1555 1459 1598 1490; x_wconf 81' lang='lat' dir='ltr'>Et</span> <span class='ocrx_word' id='word_1_591' title='bbox 1627 1471 1684 1501; x_wconf 73' lang='lat' dir='ltr'>eqo</span> <span class='ocrx_word' id='word_1_592' title='bbox 1714 1464 1807 1491; x_wconf 78' lang='lat' dir='ltr'>vitam</span> <span class='ocrx_word' id='word_1_593' title='bbox 1836 1468 1991 1493; x_wconf 74' lang='lat' dir='ltr'>aeternam</span> <span class='ocrx_word' id='word_1_594' title='bbox 2014 1464 2056 1493; x_wconf 71' lang='lat' dir='ltr'>«lo</span> <span class='ocrx_word' id='word_1_595' title='bbox 2080 1464 2133 1493; x_wconf 74' lang='lat' dir='ltr'>eis.</span> 
     </span>
     <span class='ocr_line' id='line_1_83' title="bbox 1156 1499 2136 1543; baseline 0.008 -13"><span class='ocrx_word' id='word_1_596' title='bbox 1156 1499 1199 1531; x_wconf 85' lang='lat' dir='ltr'>Et</span> <span class='ocrx_word' id='word_1_597' title='bbox 1223 1499 1345 1532; x_wconf 85' lang='lat' dir='ltr'>Paulus</span> <span class='ocrx_word' id='word_1_598' title='bbox 1368 1501 1484 1543; x_wconf 89' lang='lat' dir='ltr'>inquit:</span> <span class='ocrx_word' id='word_1_599' title='bbox 1508 1502 1648 1542; x_wconf 78' lang='lat' dir='ltr'>Spiritus</span> <span class='ocrx_word' id='word_1_600' title='bbox 1672 1506 1812 1543; x_wconf 77' lang='lat' dir='ltr'>vivificat,</span> <span class='ocrx_word' id='word_1_601' title='bbox 1861 1506 1897 1538; x_wconf 87' lang='lat' dir='ltr'>ld</span> <span class='ocrx_word' id='word_1_602' title='bbox 1919 1517 1998 1538; x_wconf 84' lang='lat' dir='ltr'>vero</span> <span class='ocrx_word' id='word_1_603' title='bbox 2018 1506 2054 1537; x_wconf 86' lang='lat' dir='ltr'>fit</span> <span class='ocrx_word' id='word_1_604' title='bbox 2071 1507 2136 1538; x_wconf 92' lang='lat' dir='ltr'>hoc</span> 
     </span>
     <span class='ocr_line' id='line_1_84' title="bbox 1155 1543 2136 1591; baseline 0.008 -18"><span class='ocrx_word' id='word_1_605' title='bbox 1155 1543 1274 1581; x_wconf 88' lang='lat' dir='ltr'>modo,</span> <span class='ocrx_word' id='word_1_606' title='bbox 1299 1544 1389 1585; x_wconf 87' lang='lat' dir='ltr'>quod</span> <span class='ocrx_word' id='word_1_607' title='bbox 1416 1543 1538 1583; x_wconf 87' lang='lat' dir='ltr'>Filius,</span> <span class='ocrx_word' id='word_1_608' title='bbox 1566 1546 1598 1577; x_wconf 91' lang='lat' dir='ltr'>in</span> <span class='ocrx_word' id='word_1_609' title='bbox 1628 1557 1692 1588; x_wconf 88' lang='lat' dir='ltr'>quo</span> <span class='ocrx_word' id='word_1_610' title='bbox 1724 1555 1775 1579; x_wconf 86' lang='lat' dir='ltr'>est</span> <span class='ocrx_word' id='word_1_611' title='bbox 1805 1549 1889 1588; x_wconf 82' lang='lat' dir='ltr'>vita,</span> <span class='ocrx_word' id='word_1_612' title='bbox 1917 1550 2055 1591; x_wconf 91' lang='lat' dir='ltr'>primum</span> <span class='ocrx_word' id='word_1_613' title='bbox 2085 1554 2136 1581; x_wconf 87' lang='lat' dir='ltr'>est</span> 
     </span>
     <span class='ocr_line' id='line_1_85' title="bbox 1155 1584 2136 1633; baseline 0.007 -17"><span class='ocrx_word' id='word_1_614' title='bbox 1155 1584 1211 1618; x_wconf 80' lang='lat' dir='ltr'>lux</span> <span class='ocrx_word' id='word_1_615' title='bbox 1235 1586 1416 1618; x_wconf 83' lang='lat' dir='ltr'>hominum:</span> <span class='ocrx_word' id='word_1_616' title='bbox 1446 1589 1636 1621; x_wconf 87' lang='lat' dir='ltr'>accendens</span> <span class='ocrx_word' id='word_1_617' title='bbox 1664 1592 1812 1623; x_wconf 84' lang='lat' dir='ltr'>notitiam</span> <span class='ocrx_word' id='word_1_618' title='bbox 1835 1592 1868 1623; x_wconf 93' lang='lat' dir='ltr'>in</span> <span class='ocrx_word' id='word_1_619' title='bbox 1890 1593 2053 1624; x_wconf 89' lang='lat' dir='ltr'>mentibus</span> <span class='ocrx_word' id='word_1_620' title='bbox 2077 1602 2136 1633; x_wconf 88' lang='lat' dir='ltr'>per</span> 
     </span>
     <span class='ocr_line' id='line_1_86' title="bbox 1156 1629 2136 1677; baseline 0.006 -17"><span class='ocrx_word' id='word_1_621' title='bbox 1156 1629 1310 1661; x_wconf 84' lang='lat' dir='ltr'>verbum:</span> <span class='ocrx_word' id='word_1_622' title='bbox 1332 1635 1452 1671; x_wconf 89' lang='lat' dir='ltr'>postea</span> <span class='ocrx_word' id='word_1_623' title='bbox 1475 1629 1657 1664; x_wconf 83' lang='lat' dir='ltr'>efficaciter</span> <span class='ocrx_word' id='word_1_624' title='bbox 1675 1633 1847 1666; x_wconf 86' lang='lat' dir='ltr'>vivificans</span> <span class='ocrx_word' id='word_1_625' title='bbox 1867 1636 1969 1667; x_wconf 84' lang='lat' dir='ltr'>corda</span> <span class='ocrx_word' id='word_1_626' title='bbox 1987 1645 2047 1677; x_wconf 89' lang='lat' dir='ltr'>per</span> <span class='ocrx_word' id='word_1_627' title='bbox 2063 1635 2136 1677; x_wconf 86' lang='lat' dir='ltr'>Spi-</span> 
     </span>
     <span class='ocr_line' id='line_1_87' title="bbox 1155 1673 2135 1716; baseline 0.008 -14"><span class='ocrx_word' id='word_1_628' title='bbox 1155 1673 1271 1709; x_wconf 81' lang='lat' dir='ltr'>ritum3</span> <span class='ocrx_word' id='word_1_629' title='bbox 1299 1673 1375 1714; x_wconf 82' lang='lat' dir='ltr'>quia</span> <span class='ocrx_word' id='word_1_630' title='bbox 1402 1674 1517 1704; x_wconf 88' lang='lat' dir='ltr'>notitia</span> <span class='ocrx_word' id='word_1_631' title='bbox 1545 1677 1711 1708; x_wconf 90' lang='lat' dir='ltr'>antecedit</span> <span class='ocrx_word' id='word_1_632' title='bbox 1740 1683 1864 1709; x_wconf 88' lang='lat' dir='ltr'>motum</span> <span class='ocrx_word' id='word_1_633' title='bbox 1895 1677 2135 1716; x_wconf 83' lang='lat' dir='ltr'>universaliter,</span> 
     </span>
     <span class='ocr_line' id='line_1_88' title="bbox 1154 1716 2136 1763; baseline 0.006 -17"><span class='ocrx_word' id='word_1_634' title='bbox 1154 1721 1190 1746; x_wconf 85' lang='lat' dir='ltr'>ut</span> <span class='ocrx_word' id='word_1_635' title='bbox 1213 1716 1347 1746; x_wconf 78' lang='lat' dir='ltr'>dicitur:</span> <span class='ocrx_word' id='word_1_636' title='bbox 1370 1716 1477 1754; x_wconf 75' lang='lat' dir='ltr'>anoli</span> <span class='ocrx_word' id='word_1_637' title='bbox 1498 1717 1583 1747; x_wconf 79' lang='lat' dir='ltr'>nullu</span> <span class='ocrx_word' id='word_1_638' title='bbox 1603 1720 1730 1759; x_wconf 78' lang='lat' dir='ltr'>cupido,</span> <span class='ocrx_word' id='word_1_639' title='bbox 1754 1723 1784 1750; x_wconf 78' lang='grc' dir='ltr'>ἐκ</span> <span class='ocrx_word' id='word_1_640' title='bbox 1808 1722 1856 1751; x_wconf 76' lang='grc' dir='ltr'>τοῦ</span> <span class='ocrx_word' id='word_1_641' title='bbox 1878 1721 1951 1763; x_wconf 76' lang='grc' dir='ltr'><em>ὁρᾶν</em></span> <span class='ocrx_word' id='word_1_642' title='bbox 1973 1727 2081 1761; x_wconf 72' lang='grc' dir='ltr'>γίνεται</span> <span class='ocrx_word' id='word_1_643' title='bbox 2104 1720 2136 1751; x_wconf 75' lang='grc' dir='ltr'>τὸ</span> 
     </span>
     <span class='ocr_line' id='line_1_89' title="bbox 1154 1757 2136 1803; baseline 0.006 -16"><span class='ocrx_word' id='word_1_644' title='bbox 1154 1759 1240 1800; x_wconf 79' lang='grc' dir='ltr'><strong><em>ἐρᾶν.·</em></strong></span> <span class='ocrx_word' id='word_1_645' title='bbox 1274 1757 1327 1787; x_wconf 72' lang='lat' dir='ltr'>Ex</span> <span class='ocrx_word' id='word_1_646' title='bbox 1356 1759 1493 1789; x_wconf 78' lang='lat' dir='ltr'>videndo</span> <span class='ocrx_word' id='word_1_647' title='bbox 1521 1763 1662 1791; x_wconf 73' lang='lat' dir='ltr'>nascitur</span> <span class='ocrx_word' id='word_1_648' title='bbox 1685 1774 1778 1793; x_wconf 81' lang='lat' dir='ltr'>amor.</span> <span class='ocrx_word' id='word_1_649' title='bbox 1828 1764 1924 1803; x_wconf 79' lang='lat' dir='ltr'>llem,</span> <span class='ocrx_word' id='word_1_650' title='bbox 1950 1764 2043 1795; x_wconf 71' lang='lat' dir='ltr'>Oculi</span> <span class='ocrx_word' id='word_1_651' title='bbox 2065 1768 2136 1794; x_wconf 72' lang='lat' dir='ltr'>sunt</span> 
     </span>
     <span class='ocr_line' id='line_1_90' title="bbox 1154 1802 2134 1848; baseline 0.01 -19"><span class='ocrx_word' id='word_1_652' title='bbox 1154 1802 1187 1831; x_wconf 81' lang='lat' dir='ltr'>in</span> <span class='ocrx_word' id='word_1_653' title='bbox 1210 1811 1312 1831; x_wconf 83' lang='lat' dir='ltr'>amore</span> <span class='ocrx_word' id='word_1_654' title='bbox 1335 1802 1439 1831; x_wconf 74' lang='lat' dir='ltr'>duces.</span> <span class='ocrx_word' id='word_1_655' title='bbox 1486 1802 1641 1836; x_wconf 86' lang='lat' dir='ltr'>Notitiam</span> <span class='ocrx_word' id='word_1_656' title='bbox 1668 1806 1817 1848; x_wconf 84' lang='lat' dir='ltr'>sequitur</span> <span class='ocrx_word' id='word_1_657' title='bbox 1845 1806 1983 1839; x_wconf 81' lang='lat' dir='ltr'>affectus</span> <span class='ocrx_word' id='word_1_658' title='bbox 2006 1808 2134 1839; x_wconf 89' lang='lat' dir='ltr'>cordis:</span> 
     </span>
     <span class='ocr_line' id='line_1_91' title="bbox 1154 1843 2135 1891; baseline 0.007 -17"><span class='ocrx_word' id='word_1_659' title='bbox 1154 1844 1202 1875; x_wconf 85' lang='lat' dir='ltr'>Ita</span> <span class='ocrx_word' id='word_1_660' title='bbox 1231 1843 1317 1876; x_wconf 84' lang='lat' dir='ltr'>filius</span> <span class='ocrx_word' id='word_1_661' title='bbox 1346 1844 1410 1876; x_wconf 90' lang='lat' dir='ltr'>Dei</span> <span class='ocrx_word' id='word_1_662' title='bbox 1440 1846 1578 1886; x_wconf 84' lang='lat' dir='ltr'>primum</span> <span class='ocrx_word' id='word_1_663' title='bbox 1609 1846 1769 1880; x_wconf 86' lang='lat' dir='ltr'>illuminat</span> <span class='ocrx_word' id='word_1_664' title='bbox 1805 1856 1945 1882; x_wconf 90' lang='lat' dir='ltr'>mentem</span> <span class='ocrx_word' id='word_1_665' title='bbox 1973 1861 2032 1891; x_wconf 91' lang='lat' dir='ltr'>per</span> <span class='ocrx_word' id='word_1_666' title='bbox 2064 1860 2135 1881; x_wconf 92' lang='lat' dir='ltr'>ver-</span> 
     </span>
     <span class='ocr_line' id='line_1_92' title="bbox 1154 1888 2135 1934; baseline 0.005 -16"><span class='ocrx_word' id='word_1_667' title='bbox 1154 1888 1250 1924; x_wconf 88' lang='lat' dir='ltr'>bum;</span> <span class='ocrx_word' id='word_1_668' title='bbox 1272 1894 1390 1929; x_wconf 89' lang='lat' dir='ltr'>postea</span> <span class='ocrx_word' id='word_1_669' title='bbox 1418 1888 1520 1921; x_wconf 82' lang='lat' dir='ltr'>flectit</span> <span class='ocrx_word' id='word_1_670' title='bbox 1550 1888 1769 1931; x_wconf 79' lang='lat' dir='ltr'>voluntatem,</span> <span class='ocrx_word' id='word_1_671' title='bbox 1800 1899 1831 1924; x_wconf 90' lang='lat' dir='ltr'>et</span> <span class='ocrx_word' id='word_1_672' title='bbox 1859 1904 1919 1924; x_wconf 84' lang='lat' dir='ltr'>cor</span> <span class='ocrx_word' id='word_1_673' title='bbox 1941 1900 2052 1925; x_wconf 90' lang='lat' dir='ltr'>movet</span> <span class='ocrx_word' id='word_1_674' title='bbox 2076 1902 2135 1934; x_wconf 89' lang='lat' dir='ltr'>per</span> 
     </span>
    </p>
   </div>
   <div class='ocr_carea' id='block_1_10' title="bbox 1154 1931 2134 2012">
    <p class='ocr_par' dir='ltr' id='par_1_12' title="bbox 1154 1931 2134 2012">
     <span class='ocr_line' id='line_1_93' title="bbox 1154 1931 2134 2005; baseline 0.007 -44"><span class='ocrx_word' id='word_1_675' title='bbox 1154 1931 1310 1981; x_wconf 68' lang='lat' dir='ltr'>Spiritum</span> <span class='ocrx_word' id='word_1_676' title='bbox 1333 1937 1492 2005; x_wconf 56' lang='lat' dir='ltr'>sanctum.</span> <span class='ocrx_word' id='word_1_677' title='bbox 1540 1932 1602 1965; x_wconf 89' lang='lat' dir='ltr'>llic</span> <span class='ocrx_word' id='word_1_678' title='bbox 1629 1941 1738 1967; x_wconf 88' lang='lat' dir='ltr'>motus</span> <span class='ocrx_word' id='word_1_679' title='bbox 1762 1942 1812 1967; x_wconf 86' lang='lat' dir='ltr'>est</span> <span class='ocrx_word' id='word_1_680' title='bbox 1836 1936 2042 1974; x_wconf 85' lang='lat' dir='ltr'>consolatio,</span> <span class='ocrx_word' id='word_1_681' title='bbox 2067 1943 2134 1968; x_wconf 84' lang='lat' dir='ltr'>lae-</span> 
     </span>
     <span class='ocr_line' id='line_1_94' title="bbox 1154 1979 1394 2012; baseline 0.004 -8"><span class='ocrx_word' id='word_1_682' title='bbox 1154 1979 1239 2012; x_wconf 71' lang='lat' dir='ltr'>titia,</span> <span class='ocrx_word' id='word_1_683' title='bbox 1263 1980 1295 2005; x_wconf 89' lang='lat' dir='ltr'>et</span> <span class='ocrx_word' id='word_1_684' title='bbox 1317 1985 1349 2005; x_wconf 74' lang='lat' dir='ltr'>vu</span> <span class='ocrx_word' id='word_1_685' title='bbox 1365 1984 1394 2006; x_wconf 81' lang='lat' dir='ltr'>a.</span> 
     </span>
    </p>
   </div>
   <div class='ocr_carea' id='block_1_11' title="bbox 1157 346 1616 383">
    <p class='ocr_par' dir='ltr' id='par_1_13' title="bbox 1157 346 1616 383">
     <span class='ocr_line' id='line_1_95' title="bbox 1157 346 1616 383; baseline 0.004 -9"><span class='ocrx_word' id='word_1_686' title='bbox 1157 346 1318 383; x_wconf 75' lang='lat' dir='ltr'>sanctifica</span> <span class='ocrx_word' id='word_1_687' title='bbox 1341 355 1394 374; x_wconf 85' lang='lat' dir='ltr'>eos</span> <span class='ocrx_word' id='word_1_688' title='bbox 1417 347 1449 374; x_wconf 83' lang='lat' dir='ltr'>iu</span> <span class='ocrx_word' id='word_1_689' title='bbox 1473 347 1616 376; x_wconf 78' lang='lat' dir='ltr'>veritate:</span> 
     </span>
    </p>
   </div>
   <div class='ocr_carea' id='block_1_12' title="bbox 1154 2033 2133 2334">
    <p class='ocr_par' dir='ltr' id='par_1_14' title="bbox 1154 2033 2133 2334">
     <span class='ocr_line' id='line_1_96' title="bbox 1240 2033 2133 2080; baseline 0.007 -16"><span class='ocrx_word' id='word_1_690' title='bbox 1240 2033 1446 2067; x_wconf 84' lang='lat' dir='ltr'>Athanasius</span> <span class='ocrx_word' id='word_1_691' title='bbox 1476 2042 1568 2068; x_wconf 80' lang='lat' dir='ltr'>recte</span> <span class='ocrx_word' id='word_1_692' title='bbox 1591 2038 1740 2079; x_wconf 86' lang='lat' dir='ltr'>scripsit:</span> <span class='ocrx_word' id='word_1_693' title='bbox 1778 2041 2030 2080; x_wconf 75' lang='lat' dir='ltr'>Quandocunque</span> <span class='ocrx_word' id='word_1_694' title='bbox 2053 2040 2133 2070; x_wconf 73' lang='lat' dir='ltr'>‹lici-</span> 
     </span>
     <span class='ocr_line' id='line_1_97' title="bbox 1155 2077 2133 2123; baseline 0.007 -16"><span class='ocrx_word' id='word_1_695' title='bbox 1155 2081 1204 2107; x_wconf 75' lang='lat' dir='ltr'>tur</span> <span class='ocrx_word' id='word_1_696' title='bbox 1237 2079 1269 2106; x_wconf 79' lang='lat' dir='ltr'>in</span> <span class='ocrx_word' id='word_1_697' title='bbox 1299 2077 1420 2107; x_wconf 76' lang='lat' dir='ltr'>homine</span> <span class='ocrx_word' id='word_1_698' title='bbox 1447 2089 1513 2108; x_wconf 82' lang='lat' dir='ltr'>esse</span> <span class='ocrx_word' id='word_1_699' title='bbox 1540 2079 1679 2119; x_wconf 74' lang='lat' dir='ltr'>Spiritus</span> <span class='ocrx_word' id='word_1_700' title='bbox 1708 2087 1848 2117; x_wconf 66' lang='lat' dir='ltr'>sanctus,</span> <span class='ocrx_word' id='word_1_701' title='bbox 1884 2087 1931 2113; x_wconf 82' lang='lat' dir='ltr'>est</span> <span class='ocrx_word' id='word_1_702' title='bbox 1959 2085 1991 2113; x_wconf 79' lang='lat' dir='ltr'>in</span> <span class='ocrx_word' id='word_1_703' title='bbox 2019 2094 2056 2114; x_wconf 87' lang='lat' dir='ltr'>eo</span> <span class='ocrx_word' id='word_1_704' title='bbox 2073 2094 2133 2123; x_wconf 84' lang='lat' dir='ltr'>per</span> 
     </span>
     <span class='ocr_line' id='line_1_98' title="bbox 1156 2120 2132 2164; baseline 0.011 -16"><span class='ocrx_word' id='word_1_705' title='bbox 1156 2120 1282 2152; x_wconf 74' lang='lat' dir='ltr'>verbum.</span> <span class='ocrx_word' id='word_1_706' title='bbox 1336 2121 1372 2153; x_wconf 91' lang='lat' dir='ltr'>ld</span> <span class='ocrx_word' id='word_1_707' title='bbox 1402 2120 1604 2164; x_wconf 88' lang='lat' dir='ltr'>intelligatur</span> <span class='ocrx_word' id='word_1_708' title='bbox 1633 2134 1700 2157; x_wconf 92' lang='lat' dir='ltr'>non</span> <span class='ocrx_word' id='word_1_709' title='bbox 1728 2132 1853 2158; x_wconf 86' lang='lat' dir='ltr'>tantum</span> <span class='ocrx_word' id='word_1_710' title='bbox 1883 2127 1925 2158; x_wconf 89' lang='lat' dir='ltr'>de</span> <span class='ocrx_word' id='word_1_711' title='bbox 1948 2127 2051 2158; x_wconf 87' lang='lat' dir='ltr'>verbo</span> <span class='ocrx_word' id='word_1_712' title='bbox 2075 2137 2132 2158; x_wconf 72' lang='lat' dir='ltr'>cx-</span> 
     </span>
     <span class='ocr_line' id='line_1_99' title="bbox 1154 2164 2131 2211; baseline 0.007 -17"><span class='ocrx_word' id='word_1_713' title='bbox 1154 2169 1268 2201; x_wconf 86' lang='lat' dir='ltr'>terno,</span> <span class='ocrx_word' id='word_1_714' title='bbox 1293 2164 1353 2195; x_wconf 85' lang='lat' dir='ltr'>sed</span> <span class='ocrx_word' id='word_1_715' title='bbox 1377 2164 1419 2196; x_wconf 89' lang='lat' dir='ltr'>de</span> <span class='ocrx_word' id='word_1_716' title='bbox 1442 2165 1519 2205; x_wconf 72' lang='grc' dir='ltr'>λόγω</span> <span class='ocrx_word' id='word_1_717' title='bbox 1543 2165 1610 2198; x_wconf 90' lang='lat' dir='ltr'>filio</span> <span class='ocrx_word' id='word_1_718' title='bbox 1634 2166 1713 2206; x_wconf 76' lang='lat' dir='ltr'>Dei,</span> <span class='ocrx_word' id='word_1_719' title='bbox 1738 2179 1797 2210; x_wconf 84' lang='lat' dir='ltr'>per</span> <span class='ocrx_word' id='word_1_720' title='bbox 1820 2180 1918 2211; x_wconf 83' lang='lat' dir='ltr'>quem</span> <span class='ocrx_word' id='word_1_721' title='bbox 1940 2170 2037 2201; x_wconf 87' lang='lat' dir='ltr'>datur</span> <span class='ocrx_word' id='word_1_722' title='bbox 2060 2170 2131 2211; x_wconf 89' lang='lat' dir='ltr'>Spi-</span> 
     </span>
     <span class='ocr_line' id='line_1_100' title="bbox 1154 2207 2132 2253; baseline 0.006 -15"><span class='ocrx_word' id='word_1_723' title='bbox 1154 2207 1238 2238; x_wconf 81' lang='lat' dir='ltr'>ritus</span> <span class='ocrx_word' id='word_1_724' title='bbox 1262 2213 1410 2239; x_wconf 74' lang='lat' dir='ltr'>sanctuS.</span> <span class='ocrx_word' id='word_1_725' title='bbox 1462 2208 1498 2240; x_wconf 68' lang='grc' dir='ltr'><strong>1ΐί</strong></span> <span class='ocrx_word' id='word_1_726' title='bbox 1513 2210 1563 2241; x_wconf 89' lang='lat' dir='ltr'>ius</span> <span class='ocrx_word' id='word_1_727' title='bbox 1592 2208 1655 2241; x_wconf 90' lang='lat' dir='ltr'>Dei</span> <span class='ocrx_word' id='word_1_728' title='bbox 1685 2216 1735 2242; x_wconf 78' lang='lat' dir='ltr'>est</span> <span class='ocrx_word' id='word_1_729' title='bbox 1763 2210 1885 2244; x_wconf 78' lang='lat' dir='ltr'>efficax</span> <span class='ocrx_word' id='word_1_730' title='bbox 1913 2223 1973 2253; x_wconf 90' lang='lat' dir='ltr'>per</span> <span class='ocrx_word' id='word_1_731' title='bbox 1995 2214 2132 2244; x_wconf 87' lang='lat' dir='ltr'>verbum</span> 
     </span>
     <span class='ocr_line' id='line_1_101' title="bbox 1154 2248 2132 2293; baseline 0.006 -13"><span class='ocrx_word' id='word_1_732' title='bbox 1154 2248 1293 2288; x_wconf 88' lang='lat' dir='ltr'>vocale,</span> <span class='ocrx_word' id='word_1_733' title='bbox 1326 2256 1360 2282; x_wconf 87' lang='lat' dir='ltr'>et</span> <span class='ocrx_word' id='word_1_734' title='bbox 1392 2261 1466 2283; x_wconf 83' lang='lat' dir='ltr'>cum</span> <span class='ocrx_word' id='word_1_735' title='bbox 1499 2253 1603 2284; x_wconf 91' lang='lat' dir='ltr'>verbo</span> <span class='ocrx_word' id='word_1_736' title='bbox 1637 2253 1744 2286; x_wconf 84' lang='lat' dir='ltr'>vocali</span> <span class='ocrx_word' id='word_1_737' title='bbox 1775 2254 1872 2287; x_wconf 89' lang='lat' dir='ltr'>simul</span> <span class='ocrx_word' id='word_1_738' title='bbox 1902 2256 2016 2293; x_wconf 88' lang='lat' dir='ltr'>adest,</span> <span class='ocrx_word' id='word_1_739' title='bbox 2048 2256 2132 2287; x_wconf 83' lang='lat' dir='ltr'>dans</span> 
     </span>
     <span class='ocr_line' id='line_1_102' title="bbox 1154 2292 1495 2334; baseline 0.006 -9"><span class='ocrx_word' id='word_1_740' title='bbox 1154 2292 1310 2334; x_wconf 91' lang='lat' dir='ltr'>Spiritum</span> <span class='ocrx_word' id='word_1_741' title='bbox 1331 2300 1495 2327; x_wconf 81' lang='lat' dir='ltr'>sanctum.</span> 
     </span>
    </p>
   </div>
   <div class='ocr_carea' id='block_1_13' title="bbox 1152 2361 2131 2664">
    <p class='ocr_par' dir='ltr' id='par_1_15' title="bbox 1152 2361 2131 2664">
     <span class='ocr_line' id='line_1_103' title="bbox 1242 2361 2130 2409; baseline 0.007 -16"><span class='ocrx_word' id='word_1_742' title='bbox 1242 2361 1333 2394; x_wconf 89' lang='lat' dir='ltr'>Haec</span> <span class='ocrx_word' id='word_1_743' title='bbox 1356 2370 1434 2394; x_wconf 92' lang='lat' dir='ltr'>sunt</span> <span class='ocrx_word' id='word_1_744' title='bbox 1464 2364 1689 2400; x_wconf 84' lang='lat' dir='ltr'>observanda,</span> <span class='ocrx_word' id='word_1_745' title='bbox 1717 2372 1746 2395; x_wconf 90' lang='lat' dir='ltr'>et</span> <span class='ocrx_word' id='word_1_746' title='bbox 1779 2366 1938 2398; x_wconf 83' lang='lat' dir='ltr'>discenda</span> <span class='ocrx_word' id='word_1_747' title='bbox 1968 2367 1998 2398; x_wconf 94' lang='lat' dir='ltr'>in</span> <span class='ocrx_word' id='word_1_748' title='bbox 2027 2368 2130 2409; x_wconf 82' lang='lat' dir='ltr'>quoti-</span> 
     </span>
     <span class='ocr_line' id='line_1_104' title="bbox 1155 2405 2130 2447; baseline 0.007 -12"><span class='ocrx_word' id='word_1_749' title='bbox 1155 2405 1260 2436; x_wconf 88' lang='lat' dir='ltr'>dianis</span> <span class='ocrx_word' id='word_1_750' title='bbox 1291 2406 1457 2437; x_wconf 85' lang='lat' dir='ltr'>exercitiis</span> <span class='ocrx_word' id='word_1_751' title='bbox 1487 2417 1585 2438; x_wconf 88' lang='lat' dir='ltr'>verae</span> <span class='ocrx_word' id='word_1_752' title='bbox 1614 2407 1854 2447; x_wconf 87' lang='lat' dir='ltr'>poenitentiae,</span> <span class='ocrx_word' id='word_1_753' title='bbox 1889 2415 1921 2441; x_wconf 87' lang='lat' dir='ltr'>et</span> <span class='ocrx_word' id='word_1_754' title='bbox 1949 2410 2130 2442; x_wconf 82' lang='lat' dir='ltr'>invocatio·</span> 
     </span>
     <span class='ocr_line' id='line_1_105' title="bbox 1153 2448 2131 2490; baseline 0.007 -11"><span class='ocrx_word' id='word_1_755' title='bbox 1153 2448 1221 2479; x_wconf 83' lang='lat' dir='ltr'>nis:</span> <span class='ocrx_word' id='word_1_756' title='bbox 1252 2448 1296 2479; x_wconf 90' lang='lat' dir='ltr'>ibi</span> <span class='ocrx_word' id='word_1_757' title='bbox 1319 2450 1403 2480; x_wconf 86' lang='lat' dir='ltr'>enim</span> <span class='ocrx_word' id='word_1_758' title='bbox 1432 2450 1618 2490; x_wconf 72' lang='lat' dir='ltr'>experimur</span> <span class='ocrx_word' id='word_1_759' title='bbox 1646 2450 1731 2481; x_wconf 87' lang='lat' dir='ltr'>hanc</span> <span class='ocrx_word' id='word_1_760' title='bbox 1754 2451 1939 2484; x_wconf 83' lang='lat' dir='ltr'>doctrinam</span> <span class='ocrx_word' id='word_1_761' title='bbox 1963 2463 2029 2485; x_wconf 92' lang='lat' dir='ltr'>non</span> <span class='ocrx_word' id='word_1_762' title='bbox 2051 2463 2131 2485; x_wconf 81' lang='lat' dir='ltr'>esso</span> 
     </span>
     <span class='ocr_line' id='line_1_106' title="bbox 1153 2489 2129 2532; baseline 0.008 -11"><span class='ocrx_word' id='word_1_763' title='bbox 1153 2489 1399 2532; x_wconf 87' lang='lat' dir='ltr'>speculationes</span> <span class='ocrx_word' id='word_1_764' title='bbox 1428 2492 1570 2523; x_wconf 86' lang='lat' dir='ltr'>otiosas:</span> <span class='ocrx_word' id='word_1_765' title='bbox 1605 2498 1637 2523; x_wconf 93' lang='lat' dir='ltr'>et</span> <span class='ocrx_word' id='word_1_766' title='bbox 1667 2493 1753 2525; x_wconf 88' lang='lat' dir='ltr'>sicut</span> <span class='ocrx_word' id='word_1_767' title='bbox 1783 2500 1915 2528; x_wconf 89' lang='lat' dir='ltr'>ceterae</span> <span class='ocrx_word' id='word_1_768' title='bbox 1944 2501 2034 2528; x_wconf 87' lang='lat' dir='ltr'>artes</span> <span class='ocrx_word' id='word_1_769' title='bbox 2063 2507 2129 2528; x_wconf 85' lang='lat' dir='ltr'>non</span> 
     </span>
     <span class='ocr_line' id='line_1_107' title="bbox 1153 2534 2128 2571; baseline 0.007 -7"><span class='ocrx_word' id='word_1_770' title='bbox 1153 2534 1326 2566; x_wconf 91' lang='lat' dir='ltr'>discuntur</span> <span class='ocrx_word' id='word_1_771' title='bbox 1348 2535 1420 2565; x_wconf 84' lang='lat' dir='ltr'>sine</span> <span class='ocrx_word' id='word_1_772' title='bbox 1442 2544 1521 2566; x_wconf 89' lang='lat' dir='ltr'>usu:</span> <span class='ocrx_word' id='word_1_773' title='bbox 1550 2535 1596 2566; x_wconf 91' lang='lat' dir='ltr'>ita</span> <span class='ocrx_word' id='word_1_774' title='bbox 1618 2534 1682 2567; x_wconf 89' lang='lat' dir='ltr'>hae</span> <span class='ocrx_word' id='word_1_775' title='bbox 1705 2542 1816 2569; x_wconf 86' lang='lat' dir='ltr'>tantae</span> <span class='ocrx_word' id='word_1_776' title='bbox 1838 2549 1893 2571; x_wconf 92' lang='lat' dir='ltr'>res</span> <span class='ocrx_word' id='word_1_777' title='bbox 1916 2544 2042 2571; x_wconf 88' lang='lat' dir='ltr'>tantum</span> <span class='ocrx_word' id='word_1_778' title='bbox 2065 2539 2128 2570; x_wconf 83' lang='lat' dir='ltr'>dis-</span> 
     </span>
     <span class='ocr_line' id='line_1_108' title="bbox 1152 2578 2127 2625; baseline 0.007 -18"><span class='ocrx_word' id='word_1_779' title='bbox 1152 2582 1271 2608; x_wconf 89' lang='lat' dir='ltr'>cuntur</span> <span class='ocrx_word' id='word_1_780' title='bbox 1294 2587 1356 2608; x_wconf 87' lang='lat' dir='ltr'>usu</span> <span class='ocrx_word' id='word_1_781' title='bbox 1380 2583 1412 2608; x_wconf 91' lang='lat' dir='ltr'>et</span> <span class='ocrx_word' id='word_1_782' title='bbox 1439 2578 1651 2619; x_wconf 80' lang='lat' dir='ltr'>experientia.</span> <span class='ocrx_word' id='word_1_783' title='bbox 1702 2579 1749 2611; x_wconf 91' lang='lat' dir='ltr'>lbi</span> <span class='ocrx_word' id='word_1_784' title='bbox 1775 2582 1873 2613; x_wconf 84' lang='lat' dir='ltr'>etiarn</span> <span class='ocrx_word' id='word_1_785' title='bbox 1902 2581 2127 2625; x_wconf 82' lang='lat' dir='ltr'>intelligimus,</span> 
     </span>
     <span class='ocr_line' id='line_1_109' title="bbox 1152 2620 2127 2664; baseline 0.008 -15"><span class='ocrx_word' id='word_1_786' title='bbox 1152 2625 1308 2660; x_wconf 84' lang='lat' dir='ltr'>oportere</span> <span class='ocrx_word' id='word_1_787' title='bbox 1330 2620 1363 2650; x_wconf 89' lang='lat' dir='ltr'>in</span> <span class='ocrx_word' id='word_1_788' title='bbox 1394 2621 1491 2651; x_wconf 89' lang='lat' dir='ltr'>nobis</span> <span class='ocrx_word' id='word_1_789' title='bbox 1515 2630 1593 2653; x_wconf 88' lang='lat' dir='ltr'>esse</span> <span class='ocrx_word' id='word_1_790' title='bbox 1615 2622 1814 2664; x_wconf 83' lang='lat' dir='ltr'>agnitionem</span> <span class='ocrx_word' id='word_1_791' title='bbox 1837 2630 1972 2657; x_wconf 84' lang='lat' dir='ltr'>nostrae</span> <span class='ocrx_word' id='word_1_792' title='bbox 1994 2625 2127 2656; x_wconf 84' lang='lat' dir='ltr'>infirmi—</span> 
     </span>
    </p>
   </div>
  </div>
 </body>
</html>
