2324 2958
115 161 180 196 905

115 259 187 300 regi
219 258 323 289 verbo
357 255 438 294 Dei,
471 261 504 288 et
535 254 674 287 militare
707 255 828 286 bonam
857 253 1021 292 militiam,
1054 259 1090 285 ut

115 298 241 333 Paulus
273 300 397 341 inquit,
431 306 464 331 et
498 299 642 330 retinere
675 297 773 330 fidem
801 304 833 329 et
864 298 983 329 bonam
1013 307 1090 328 con-

115 343 296 375 scientiam.

197 384 317 416 Placet
350 390 460 415 autem
493 382 584 422 Deo,
618 388 650 414 et
683 388 734 414 est
767 383 947 414 membrum
979 383 1090 414 vivum

114 426 299 464 Ecclesiae,
317 427 424 458 omnis
447 426 574 457 habens
597 425 694 457 fidem
717 432 750 456 et
773 425 894 456 bonam
917 426 1090 457 conscien-

115 472 210 506 tiam;
239 475 289 507 et,
320 470 375 510 qui
401 468 477 500 talis
505 478 569 500 non
600 473 671 505 est,
701 472 779 510 agat
803 468 1035 508 poenitentiam
1058 472 1091 498 et

114 513 173 547 fiat
193 511 280 544 talis.

201 555 275 586 Non
309 559 385 585 sunt
416 554 478 584 ista
507 553 595 585 dicta
624 551 743 583 similia
772 551 818 583 illi
847 552 1089 584 comminationi

114 597 215 640 legis:
238 597 428 627 Maledictus
450 598 564 629 omnis,
593 597 647 635 qui
668 605 730 624 non
753 599 852 624 manet
874 597 906 624 in
929 595 987 629 his,
1011 605 1090 634 qnae

115 642 236 679 scripta
258 643 328 669 sunt
350 641 383 668 in
406 639 486 678 leye:
511 639 572 670 sed
594 643 671 669 sunt
694 639 933 678 promissiones
956 644 989 669 et
1012 648 1090 669 con-

114 683 299 714 solationes
323 681 533 714 dulcissimae
559 681 751 722 propositae
775 679 948 713 Ecclesiae
971 681 1012 711 ad
1036 690 1090 711 ex-

115 726 281 758 citandam
304 733 336 756 et
364 724 621 756 confirmandam
651 723 746 754 fidem
775 730 806 754 et
837 724 1089 755 invocationem.

115 768 152 799 ln
183 769 287 800 dicto:
321 765 652 804 Beatti111111am1lati.]
699 765 814 800 Beati,
845 773 895 797 est
920 767 1091 806 praedica-

115 817 194 844 tum.
246 810 303 849 Et,
329 809 535 839 immaculatix
567 809 661 846 item,
690 808 848 838 ambulans
876 811 907 838 in
937 808 1004 848 (eye
1027 809 1091 838 Do-

114 855 205 887 mini,
229 860 280 884 est
302 854 497 884 subiectum.
542 851 589 883 lta
614 851 647 882 in
671 851 758 882 dicto
781 851 920 883 Christi:
965 853 1002 881 Si
1023 853 1092 891 quis

114 907 160 926 me
182 896 306 935 diliqfl,
337 905 501 924 sermonem
524 905 618 923 meum
641 894 788 923 servabit:
819 896 1004 926 subiectum
1027 900 1090 932 est,

114 939 248 968 Servom·
269 948 447 968 sermonem:
479 937 701 979 praedicatum
725 943 791 976 est,
819 937 877 966 Ille
906 948 949 967 me
972 937 1091 975 «Idiyll.

115 981 178 1017 Qui
202 988 252 1012 est
275 987 389 1012 custos
413 981 596 1017 sermonis.
623 978 678 1010 ille
700 980 772 1010 sine
795 981 998 1011 dubitatione
1022 978 1092 1011 dili-

115 1025 162 1066 git
184 1024 305 1055 Deum:
334 1030 365 1054 et
388 1024 533 1055 vicissim
557 1021 703 1064 diligitur
726 1033 745 1053 a
769 1021 858 1054 Deo:
887 1024 919 1053 id
944 1029 1011 1060 est,
1035 1022 1091 1053 ha-

114 1067 171 1098 bet
193 1067 420 1098 remissionem
438 1072 664 1106 peccatorum,
684 1071 735 1096 est
752 1064 988 1097 reconciliatus
1006 1065 1091 1102 Deo,

116 1115 167 1140 est
190 1109 296 1140 iustus
320 1115 455 1150 propter
485 1106 612 1139 Filium.
658 1108 724 1139 Sed
753 1118 820 1139 non
847 1107 957 1139 solum
985 1107 1090 1149 diligi-

114 1157 168 1183 tur
193 1150 315 1183 Paulus
340 1161 543 1188 conversus,
565 1151 598 1181 id
622 1157 683 1187 cst,
707 1156 757 1181 est
779 1152 896 1188 iustus,
920 1157 952 1181 et
975 1161 1090 1181 recon-

115 1192 260 1231 ciliatus,
283 1195 343 1225 sed
368 1194 456 1224 venit
479 1193 575 1224 etium
599 1193 641 1223 ad
666 1202 739 1223 eum
762 1193 934 1230 divinitas,
964 1192 1090 1224 habitat

113 1236 147 1267 in
175 1247 226 1267 eo.
284 1236 384 1267 Pater
407 1243 439 1267 et
462 1234 564 1266 Filius
588 1235 668 1265 dant
696 1235 852 1275 Spiritum
880 1242 1030 1266 sanctum
1058 1235 1090 1265 in

114 1279 218 1311 corda
239 1279 457 1309 credentium:
487 1279 537 1309 sic
564 1277 667 1309 corda
693 1276 776 1309 fiunt
803 1277 994 1309 habitacula
1016 1277 1090 1309 Dei.

114 1321 208 1356 Quae
232 1321 334 1352 corda
356 1332 421 1352 non
445 1325 523 1352 sunt
546 1318 710 1351 domicilia
733 1321 874 1361 Spiritus
897 1322 1015 1359 sancti,
1034 1319 1091 1352 illa

113 1370 192 1395 sunt
214 1362 442 1394 Diabolorum.
492 1362 590 1398 Quod
612 1363 640 1393 si
662 1363 713 1393 vis
737 1373 815 1394 esse
839 1362 994 1404 templum
1017 1363 1092 1402 Dei,

113 1405 339 1437 habitaculum
358 1406 499 1446 Spiritus
523 1405 645 1442 sancti,
673 1410 788 1436 teneas
810 1406 891 1443 hoc,
918 1412 952 1437 ut
975 1416 1091 1437 serves

114 1459 301 1480 sermonem
335 1447 411 1486 Dei,
438 1447 650 1489 amplectaris
680 1447 744 1479 fide
766 1458 883 1480 vocem
906 1448 1091 1491 Evangelii.

113 1491 240 1533 Agnito
271 1490 355 1522 Filio
386 1492 581 1531 recipimur,
616 1495 647 1521 et
675 1497 865 1532 reputamur
894 1492 980 1523 iusti.
1027 1492 1092 1524 Per

114 1534 232 1566 Filium
256 1535 353 1565 datur
375 1534 517 1574 Spiritus
541 1539 689 1564 sanctus.

200 1575 329 1618 Singuli
363 1577 404 1617 pii
435 1577 688 1607 accommodent
717 1577 759 1607 ad
789 1586 826 1608 se
855 1576 943 1608 hanc
972 1587 1091 1609 conso-

113 1617 283 1650 lationem.
328 1618 483 1660 Cogitent
512 1619 554 1649 ad
583 1628 621 1650 se
651 1620 816 1659 pertinere
839 1620 935 1650 istam
960 1622 1091 1652 concio-

113 1671 200 1692 nem.
245 1661 388 1692 Audiant
412 1659 644 1703 Evangelium,
672 1668 703 1692 et
726 1663 862 1694 credant
886 1664 960 1694 voci
983 1662 1091 1694 Evan-

138 1703 203 1735 elii.

114 1713 137 1746 g
201 1746 423 1787 Adiungenda
451 1752 529 1778 sunt
556 1747 652 1777 etiam
681 1753 791 1778 cetera
822 1748 925 1785 dicta,
960 1749 992 1779 in
1023 1749 1091 1790 qui·

115 1790 178 1820 bus
201 1790 399 1830 promittitur
421 1795 453 1821 et
475 1787 700 1821 reconciliatio
723 1800 783 1830 per
805 1789 939 1828 Filium,
964 1797 996 1822 et
1018 1793 1089 1832 Spi—

115 1832 198 1863 ritus
227 1838 373 1863 sanctus.
428 1832 499 1863 Nec
528 1838 635 1863 tamen
667 1834 749 1863 satis
780 1840 830 1864 est
862 1835 1010 1875 cogitare
1033 1834 1089 1865 illa

115 1875 218 1912 dicta,
247 1875 306 1905 sed
333 1875 496 1906 accedere
523 1875 621 1906 debet
643 1876 826 1915 invocatio,
854 1887 918 1918 qua
942 1883 1089 1917 petamus

113 1918 178 1949 ista
201 1916 365 1948 beneficia
387 1927 406 1949 c
428 1916 520 1948 Deo:
555 1917 597 1948 Ut
619 1924 728 1949 autem
758 1925 924 1959 petamus,
959 1926 1090 1961 oportet

113 1961 146 1992 in
182 1960 277 1991 nobis
311 1970 389 1991 esse
422 1961 665 2001 poenitentiam.
720 1960 951 2003 Unusquilibet
979 1968 1090 2003 potest

114 2003 214 2040 scire,
237 2013 280 2033 an
303 2002 422 2034 habeat
447 2001 556 2044 aliqua
578 2004 667 2035 initia
689 2006 928 2045 conversionis,
945 2004 1089 2048 aliquam

115 2046 356 2083 contritionem,
369 2052 402 2077 ut
423 2045 534 2076 doleat
553 2056 590 2077 se
609 2056 781 2087 peccasse,
796 2054 828 2078 et
847 2048 978 2090 quando
996 2059 1089 2080 exer-

115 2095 208 2120 cetur
231 2086 418 2125 doloribus,
448 2098 489 2119 an
513 2089 704 2129 acquiescat
725 2091 757 2120 in
780 2089 871 2128 Deo,
901 2092 987 2123 sicut
1012 2093 1088 2123 dicit

114 2132 341 2173 Augustinus:
365 2131 501 2161 Cretlens
519 2133 578 2160 scit
598 2142 630 2161 se
647 2132 786 2162 credere:
808 2133 890 2163 alius
904 2134 988 2173 plus,
1010 2135 1091 2164 alius

114 2176 220 2203 mium.
273 2174 340 2205 Sed
364 2180 474 2205 tamen
497 2181 627 2214 oportet
648 2185 725 2206 esse
748 2174 890 2218 aliquam
913 2176 1090 2209 scintillam

113 2215 202 2248 iuius
224 2215 309 2248 lucis
333 2218 365 2248 in
388 2217 497 2247 nobis.

200 2259 275 2290 Non
304 2266 555 2291 contemnamus
577 2259 662 2291 haec
683 2270 809 2292 summa
831 2261 992 2294 beneficia
1016 2262 1088 2295 Dei.

112 2301 187 2332 Non
210 2308 360 2342 putemus
383 2302 462 2333 nihil
486 2303 527 2333 ad
545 2312 607 2333 nos
625 2304 798 2343 pertinere.
834 2303 939 2339 Quam
959 2306 1089 2337 minime

113 2345 208 2376 decet
232 2344 440 2376 Christianos
463 2347 508 2376 ita
531 2346 661 2383 vivere,
685 2353 719 2377 ut
744 2347 904 2388 cogitent:
927 2347 1021 2379 Deus
1044 2349 1088 2380 di-

113 2388 197 2418 citur
219 2389 353 2419 misisse
375 2387 502 2426 Filium,
525 2388 602 2430 quid
625 2387 689 2419 hoc
711 2390 753 2420 ad
776 2390 849 2421 me?
882 2389 1012 2423 Dicitur
1030 2392 1088 2423 do-

111 2439 214 2461 nasse
235 2431 391 2472 Spiritum
415 2439 576 2469 sanctum,
600 2432 676 2472 quid
700 2431 763 2463 hoc
786 2433 828 2463 ad
850 2443 902 2464 me
927 2435 1087 2474 pertinet?

111 2471 202 2503 Talis
225 2473 383 2504 dubitatio
407 2480 458 2505 est
481 2481 598 2505 tetrum
618 2481 801 2515 peccatum.
835 2476 987 2508 Sciamus
1006 2488 1085 2509 vere

112 2515 247 2546 missum
277 2525 353 2547 esse
383 2516 513 2555 Filium,
545 2523 578 2548 ut
606 2524 696 2548 esset
722 2528 783 2559 pro
811 2520 908 2551 nobis
938 2520 1084 2553 victima:

111 2555 203 2599 Ergo
226 2559 418 2591 invocemus
441 2570 532 2597 eum,
563 2567 592 2590 et
622 2561 822 2593 accedamus
847 2561 964 2594 fiducia
987 2562 1083 2595 huius

110 2598 183 2631 Filii
210 2601 252 2632 ad
280 2600 420 2633 Patrem.
475 2602 626 2634 Sciamus
657 2605 793 2635 missum
823 2614 900 2637 esse
930 2605 1082 2647 Spiritum

802 159 1020 193 POSTlLLA
1043 159 1442 193 MELANTHONIANA.

2057 160 2121 193 906

1142 258 1311 289 sanctum3
1345 254 1428 295 quia'
1454 254 1546 285 Deus
1581 264 1644 285 nos
1672 254 1741 286 vult
1771 264 1887 295 regere
1916 259 2066 296 petentes
2089 259 2121 287 et

1142 296 1348 327 invocantes.
1405 296 1499 328 Hanc
1539 297 1780 328 invocationem
1814 298 2019 338 experiemur
2053 307 2119 328 non

1143 347 1221 369 esse
1244 339 1378 369 irritam.
1429 338 1571 369 Maxima
1600 349 1676 379 pars
1701 339 1866 370 hominum
1891 340 1940 371 sic
1964 341 2060 378 vivit,
2084 345 2118 371 ut

1143 381 1283 422 cogitet:
1313 380 1445 414 Nescio,
1476 392 1514 410 an
1539 382 1581 410 ud
1604 392 1648 410 me
1668 383 1846 420 pertineant
1867 382 1943 412 lmen·
1965 383 2118 419 beneficia.

1142 422 1232 455 Istud
1256 430 1306 454 est
1325 433 1486 455 summum
1504 430 1694 464 peccatum
1711 431 1743 455 et
1763 424 1864 455 multo
1882 426 1998 463 maius,
2021 436 2120 467 quam

1142 467 1171 497 si
1194 467 1438 497 committantur
1461 472 1597 497 externa
1627 465 1762 497 delicta:
1791 477 1987 508 quamquam
2010 471 2038 499 si
2061 467 2118 499 illa

1143 510 1404 546 committuntur,
1427 515 1503 540 sunt
1526 509 1613 546 inde,
1637 510 1724 550 quod
1747 520 1813 540 non
1837 512 1981 551 regimur
2003 521 2022 541 a
2046 510 2119 551 Spi-

1143 552 1205 583 ritu
1228 558 1354 582 sancto.

1228 594 1355 632 Ἀκήδεια
1382 594 1464 623 unde
1492 594 1594 623 venit?
1622 593 1710 631 κῆδος
1739 599 1790 624 est
1814 605 1904 624 cura.
1934 595 2119 624 solicitudo.-

1142 643 1177 668 ut
1210 647 1283 668 cum
1317 636 1468 669 Achilles
1502 637 1605 677 inquit
1635 637 1677 667 ad
1707 636 1920 667 Phoenicem:
1960 637 2003 666 Τιι
2033 649 2119 667 cures

1143 680 1208 708 me?
1237 690 1294 719 eqo
1318 684 1348 709 te
1370 690 1478 709 curem.
1528 679 1675 717 Ἀκηδείας
1706 678 1870 710 vocabulo
1901 679 2036 711 multum
2068 682 2119 712 usi

1143 729 1220 753 sunt
1242 723 1274 753 in
1293 721 1454 754 Ecclesia.
1494 722 1667 763 Significat
1685 722 1927 763 neglectionem
1953 733 2011 762 per
2030 724 2120 764 igna-

1145 765 1240 796 viam.
1279 766 1436 797 Atrocius
1449 764 1571 807 aliquid
1585 772 1647 802 est,
1658 765 1823 804 Neylectio
1834 775 1893 803 per
1907 769 2120 805 contemplum,

1144 818 1229 849 quae
1252 814 1303 839 est
1327 815 1499 849 peccatum
1525 808 1758 849 blasphemiae.
1803 807 1879 838 Non
1903 809 1944 839 sit
1968 809 1999 838 in
2024 810 2119 840 nobis

1144 852 1207 881 ista
1229 850 1368 889 α’κῆδειαε
1392 861 1615 893 repugnemus
1639 851 1678 882 ei.
1732 850 1940 892 CogitemuS,
1971 861 2054 891 quae
2078 853 2121 883 sit

1143 893 1300 925 voluntas
1329 893 1404 926 Dei.
1460 893 1553 926 Deus
1582 893 1653 926 vult
1683 903 1759 925 esse
1782 894 1868 935 apud
1892 893 2060 931 homines,
2090 899 2122 925 et

1143 937 1175 966 in
1199 935 1405 973 hominibus;
1437 944 1468 968 et
1496 938 1673 978 praecipue
1698 943 1749 967 est
1776 937 1808 967 in
1834 935 1997 967 Ecclesia.
2044 936 2121 967 Ser-

1144 985 1197 1009 vat
1227 978 1387 1021 reliquum
1415 990 1520 1022 genus
1550 979 1726 1011 humanum
1757 985 1893 1020 propter
1925 979 2119 1018 Ecclesiam,

1142 1022 1227 1052 sicut
1251 1022 1368 1053 dicitur
1390 1022 1480 1055 Psal.
1507 1023 1556 1054 16.
1607 1023 1650 1052 Τιι
1673 1033 1705 1052 es
1726 1024 1779 1062 qui
1801 1026 1955 1052 sustentas
1979 1023 2120 1052 haeredi·

1142 1067 1234 1093 tatem
1256 1075 1358 1094 meam.

1227 1106 1300 1148 Ego
1324 1118 1389 1138 non
1413 1118 1551 1149 possum
1570 1107 1644 1149 plus
1664 1106 1787 1145 facere,
1807 1118 1903 1149 quam
1923 1109 2011 1149 quod
2033 1119 2120 1139 com-

1142 1148 1327 1180 monefacio
1350 1160 1418 1188 me,
1441 1157 1473 1181 et
1498 1161 1568 1181 vos.

1229 1192 1368 1230 Spiritus
1395 1197 1521 1223 sanctus
1548 1194 1673 1223 docebit
1700 1204 1755 1223 vos
1783 1195 1905 1231 omnim]
1930 1194 1962 1224 id
1987 1199 2048 1231 est,
2074 1192 2119 1224 fa-

1143 1234 1222 1272 ciet,
1251 1241 1286 1266 ut
1314 1235 1434 1267 affectu
1462 1235 1652 1277 intelligatis
1683 1247 1790 1267 meum
1821 1238 1977 1273 verbum3
2005 1243 2038 1267 ut
2065 1247 2119 1267 co-

1143 1278 1252 1318 gitetis
1287 1287 1363 1309 esse
1397 1278 1459 1310 Dei
1493 1281 1646 1317 verbnm,
1681 1286 1713 1310 et
1742 1289 1818 1311 esse
1851 1280 1929 1310 tanti
1953 1280 2120 1315 momenti,

1143 1321 1256 1360 quanti
1281 1327 1347 1358 est,
1371 1331 1437 1353 non
1460 1322 1656 1365 negligatis,
1679 1332 1744 1353 non
1770 1323 1998 1353 contemnatis.
2045 1322 2119 1362 Spi-

1143 1363 1224 1393 ritus
1249 1370 1385 1395 sanctus
1414 1375 1493 1396 vere
1522 1366 1617 1396 adest
1646 1366 1677 1395 in
1710 1365 1940 1397 credentibus.
1964 1364 2035 1406 figit
2060 1374 2120 1396 cor

1141 1405 1174 1435 in
1198 1407 1399 1448 cogitatione
1429 1408 1470 1438 de
1499 1407 1589 1439 Deo:
1621 1408 1685 1439 ciet
1716 1418 1775 1439 cor
1798 1407 1878 1439 flatu
1902 1418 1980 1445 suo,
2010 1413 2120 1439 movet

1143 1449 1257 1486 corda,
1279 1455 1313 1480 ut
1335 1449 1458 1481 affectu
1480 1451 1642 1491 accipiant
1665 1453 1819 1482 verbum:
1843 1451 1993 1482 accendit
2018 1460 2118 1481 veros

1142 1497 1270 1529 motus,
1299 1498 1333 1523 ut
1360 1492 1611 1534 apprehendant
1641 1493 1758 1524 Deum.
1811 1494 1897 1529 Quid
1927 1499 2037 1534 potest
2060 1503 2120 1525 cor

1143 1533 1342 1576 intelligere,
1376 1537 1508 1576 quando
1538 1537 1672 1568 dicitur:
1707 1537 1875 1575 Iustae'ficuti
1899 1537 1978 1575 fide,
2008 1546 2119 1575 pacem

1141 1575 1296 1606 habemus:
1321 1579 1348 1609 si
1373 1589 1432 1609 cor
1455 1585 1507 1610 est
1529 1580 1561 1610 in
1586 1580 1804 1617 dubitatione,
1830 1580 1858 1609 si
1882 1590 1949 1610 non
1973 1589 2119 1611 accensa

1142 1625 1191 1650 est
1214 1619 1357 1652 scintilla
1381 1621 1455 1652 fidei
1479 1622 1510 1652 in
1534 1622 1635 1653 corde
1659 1633 1717 1663 per
1740 1623 1895 1662 Spiritum
1918 1623 2091 1653 sanctum?

1228 1662 1294 1693 lsta
1317 1664 1488 1696 discuntur
1511 1675 1575 1696 non
1600 1666 1715 1696 otiosis
1740 1663 2038 1706 speculationibus.
2058 1665 2118 1696 sed

1141 1705 1173 1735 in
1202 1707 1428 1738 conversione.
1485 1707 1625 1742 Quando
1656 1707 1788 1739 Nathan
1813 1709 1999 1749 obiurgavit
2017 1707 2117 1739 Davi-

1142 1748 1233 1784 dem,
1258 1751 1363 1780 sensit
1394 1760 1452 1781 cor
1475 1750 1614 1781 Davidis
1633 1752 1826 1782 acerrimum
1851 1750 2008 1782 dolorem.
2053 1750 2118 1781 lste

1141 1796 1248 1822 terror
1272 1793 1493 1824 conscientiae
1515 1800 1563 1824 est
1588 1794 1726 1834 primum
1751 1804 1847 1835 opus,
1868 1795 1899 1824 in
1920 1804 1984 1834 quo
2009 1799 2117 1825 osten-

1141 1834 1185 1864 dit
1210 1835 1238 1865 ei
1262 1834 1403 1875 Spiritus
1432 1842 1567 1867 sanctus
1597 1837 1852 1875 magnitudinem
1884 1837 2027 1877 peccati:
2057 1837 2116 1867 sed

1140 1884 1187 1906 est
1213 1877 1322 1908 adhuc
1345 1889 1429 1919 opus
1452 1878 1610 1910 alienum:
1647 1880 1731 1914 Quia
1757 1881 1853 1910 etiam
1878 1881 2018 1910 damnaei
2043 1890 2117 1910 sen-

1141 1920 1223 1950 tiunt
1247 1926 1392 1952 terrores
1424 1920 1636 1953 horribiliter:
1665 1928 1783 1963 postea
1814 1922 1954 1963 Spiritus
1978 1930 2115 1953 sanctus

1139 1963 1229 1993 addit
1259 1963 1535 1996 consolationem:
1566 1966 1698 2006 quando
1729 1966 1865 2005 erigitur
1895 1976 1954 1996 cor
1978 1965 2116 1996 Davidis

1141 2015 1224 2036 voce
1244 2006 1429 2049 Evangelii:
1454 2007 1590 2038 Abstulit
1613 2008 1762 2037 Donninus
1782 2013 1942 2047 pem-atina
1962 2012 2061 2037 tuum:
2084 2008 2116 2038 id

1140 2054 1191 2078 est
1215 2050 1380 2090 proprium
1403 2061 1487 2091 opus
1511 2051 1653 2092 Spiritus
1677 2052 1791 2082 sancti.
1838 2050 1994 2082 Similiter
2012 2058 2116 2081 trans-

1140 2089 1319 2123 formamur
1341 2099 1459 2134 postea
1482 2095 1523 2125 ad
1547 2095 1719 2136 imaginem
1746 2094 1823 2130 Dei3
1848 2095 1879 2125 id
1904 2103 1967 2131 est.
1984 2095 2024 2125 ad
2044 2093 2116 2124 Filii

1140 2133 1354 2176 archetypum
1378 2146 1438 2177 per
1460 2137 1614 2177 Spiritum
1638 2144 1799 2168 sanctum.

1228 2178 1301 2209 Non
1325 2185 1377 2210 est
1400 2179 1613 2211 humanarum
1638 2181 1768 2217 virium,
1793 2180 1880 2221 quod
1905 2179 2013 2210 David
2037 2180 2115 2210 ado-

1141 2219 1345 2252 lescentulus
1368 2222 1547 2264 proeliatur
1577 2234 1648 2253 cum
1674 2221 1823 2257 Goliath3
1855 2223 1929 2263 quia
1954 2223 2035 2253 ratio
2061 2233 2116 2252 na-

1140 2262 1254 2295 turalis
1277 2265 1319 2296 ita
1342 2273 1603 2307 argumentatur:
1628 2265 1669 2294 Tu
1693 2276 1751 2293 non
1771 2265 1862 2293 debes
1882 2266 2032 2303 consp-mli
2050 2276 2115 2294 cnm

1140 2306 1325 2337 robustiore:
1349 2309 1405 2337 sed
1428 2309 1535 2338 David
1557 2310 1705 2337 inritatus
1727 2319 1745 2336 ιι
1768 2310 1889 2347 *Spiritu
1912 2313 2021 2337 sanctu
2043 2319 2116 2347 pro-

1139 2350 1222 2379 redit
1245 2354 1274 2380 et
1297 2351 1435 2380 diruta-ae.

1224 2392 1368 2434 Spiritus
1401 2401 1538 2425 sant-tus
1568 2401 1669 2424 armat
1706 2394 1901 2424 Samsoneni
1937 2400 1969 2424 et
2004 2401 2115 2425 movet

1138 2445 1229 2473 eum,
1254 2442 1288 2467 ut
1311 2437 1535 2478 apprehendat
1561 2435 1744 2473 columnas
1767 2442 1797 2467 et
1821 2443 1947 2467 evertat
1971 2438 2113 2468 domum.

1223 2478 1281 2510 Est
1312 2486 1419 2510 motus
1449 2479 1590 2520 Spiritus
1619 2480 1742 2515 sancti,
1772 2479 1859 2521 quod
1891 2486 1994 2511 mater
2017 2481 2112 2521 virgo

1136 2526 1188 2552 est
1210 2523 1392 2562 spectatrix
1414 2523 1528 2552 mortis
1553 2521 1617 2552 tilii.

1223 2565 1315 2593 Dabo
1339 2565 1433 2603 leyem
1456 2575 1549 2593 meam
1572 2567 1603 2593 in
1628 2565 1727 2594 corda
1745 2570 1869 2604 eorum!
1906 2566 2015 2600 Quare
2035 2566 2112 2598 dicit

1136 2605 1268 2646 Leqem!
1325 2607 1367 2638 Ut
1408 2606 1649 2648 complectatur
1691 2609 1844 2640 iustitiam
1879 2608 2110 2641 universalem.
