2324 2958
130 116 193 148 403
757 115 867 148 PHIL.
889 114 993 147 MEL.
1016 114 1202 148 SCRIPTA
1225 113 1486 148 EXEGE'I'ICA.
2059 118 2121 150 404

129 220 170 242 ac
200 215 386 247 senserunt,
415 209 608 249 praesertim
641 215 818 251 antequam
855 219 939 251 opes
971 209 1102 239 nimium

130 258 316 289 creverunt,
340 261 424 293 quae
447 250 567 283 multas
590 251 797 284 abduxerunt
830 262 850 283 a
880 252 1101 284 doctrinarum

129 295 258 326 studiis.
303 294 382 326 Sive
403 300 511 326 autern
534 304 696 336 pauperes
718 293 818 337 aliqui
841 295 906 326 sint
927 294 998 325 sive
1021 293 1101 324 divi-

129 344 193 375 tes,
214 337 247 368 id
269 335 349 367 nihil
372 335 451 369 facit
474 336 605 375 adhoc,
629 343 663 369 ut
676 338 742 369 sint
752 338 898 369 membra
916 335 1099 367 Ecclesiae.

129 379 277 412 Necesse
311 385 361 411 est
395 379 546 422 singulos
579 379 732 421 amplecti
763 386 794 411 et
816 380 957 412 retinere
980 378 1099 410 doctri-

130 432 204 453 nam
227 422 260 453 in
282 420 504 461 fundamento,
529 423 655 454 etiamsi
678 422 822 454 habeant
843 421 1100 455 suasinfirmita-

130 464 279 515 tes:·De
302 465 422 507 quibus
440 465 608 504 admoniti,
638 466 758 497 debent
791 475 828 496 se
861 464 1038 496 emendare
1060 473 1101 495 ac

130 517 215 539 corn
242 517 307 539 ere.

246 560 290 581 on
320 557 395 582 sunt
425 549 551 582 exclusi
581 561 678 593 reges
703 561 743 582 ac
765 550 930 592 principes
953 559 973 580 a
995 548 1101 580 socie-

129 598 195 624 tate
218 591 400 631 Ecclesiae,
423 594 450 625 si
475 595 634 625 retineant
658 603 768 625 veram
792 591 1048 630 consessionem,
1070 597 1102 623 et

129 645 196 667 non
219 642 463 678 persequantur
482 635 674 668 Ecclesiam.
707 635 773 667 lmo
797 645 957 677 expresse
979 644 1101 666 vocan-

128 684 181 710 tur
203 677 325 711 Psalm.
348 679 379 710 2.
425 681 466 711 Et
486 689 570 711 nunc
591 689 684 719 reyes
707 681 878 719 intelliyt'le.
909 677 1000 716 Item,
1023 678 1102 718 Ape-

129 724 191 753 rite
209 727 326 762 portas
349 725 537 761 aeternales,
560 726 593 753 et
613 723 757 753 introibic
777 732 839 753 rez-
857 723 990 761 aloriae-
1016 720 1101 756 Quid

128 770 207 796 sunt
227 771 344 806 portae
366 763 572 796 aeternales?
604 765 686 796 Sunt
709 771 823 806 portae
846 765 968 802 mundi,
990 764 1023 794 id
1041 769 1104 801 est,

129 814 206 839 sunt
229 808 372 849 imperia.
439 806 647 839 Vocabulum
671 807 834 838 Graecum
857 806 932 838 αἰών
954 806 1104 838 reddide-

129 857 205 882 runt
226 860 286 891 per
309 856 491 888 aeternum,
515 860 587 881 cum
612 851 801 882 debuissent
815 850 923 882 dicere
936 849 1102 881 mundum.

129 892 300 924 Sententia
325 892 446 924 Psalmi
471 899 536 924 est:
559 892 631 924 Vos
644 893 808 935 principes
827 893 982 934 praebete
993 891 1103 923 locum

129 933 197 967 filio
219 934 292 967 Dei.

214 978 250 1009 ld
287 979 450 1009 debebant
483 988 570 1010 nunc
603 980 699 1010 etiam
729 978 839 1011 facere
869 978 1049 1020 lmperator
1071 982 1103 1009 et

129 1021 251 1052 caeteri
275 1020 457 1061 Principes.
512 1021 552 1052 Et
587 1022 615 1052 si
635 1032 699 1053 non
722 1021 858 1060 faciunt,
881 1031 947 1052 non
970 1021 1102 1052 dubium

129 1069 192 1102 est,
215 1064 292 1106 quin
316 1070 492 1096 secuturae
517 1064 582 1095 sint
605 1075 751 1106 poenae:
774 1065 860 1095 sicut
882 1073 1014 1105 semper
1035 1074 1103 1094 mu-

127 1107 268 1138 tationes
292 1107 486 1149 regiminum
502 1113 636 1139 secutae
649 1114 724 1139 sunt
737 1113 958 1148 contemptum
981 1113 1013 1138 et
1030 1116 1103 1147 per-

128 1149 332 1181 secutionem
355 1148 539 1181 Ecclesiae.
606 1149 746 1185 Quando
769 1150 962 1191 opprimitur
986 1148 1102 1180 Eccle-

127 1192 190 1230 sia,
213 1191 306 1223 Deus
330 1191 521 1224 mirabiliter
540 1193 595 1224 dat
616 1191 838 1225 liberationes.
885 1192 919 1223 ln
942 1192 994 1223 his
1025 1190 1101 1223 libe-

127 1235 307 1266 rationibus
331 1233 401 1265 xult
423 1234 518 1267 Deus
543 1236 689 1277 conspici
713 1246 807 1267 suam
839 1233 1037 1272 Ecclesiam,
1070 1239 1102 1265 et

127 1278 268 1319 agnosci
297 1277 414 1309 iudicia
437 1287 498 1309 sua
522 1284 636 1309 contra
663 1284 896 1319 persecutores
919 1275 1100 1309 Ecclesiae.

212 1327 385 1370 Imperium
409 1328 624 1361 Chaldaicum
647 1328 840 1361 translatum
864 1335 916 1360 est
949 1329 991 1360 ad
1024 1328 1102 1359 Per-

127 1381 184 1403 sas
218 1378 354 1413 propter
387 1372 635 1413 persecutiones
677 1379 794 1403 contra
827 1369 983 1413 populum
1026 1371 1100 1402 Dei.

128 1413 248 1445 Postea
281 1414 469 1446 Antiochus
504 1415 590 1446 dedit
624 1424 749 1455 poenas
772 1420 909 1456 propter
931 1414 1101 1445 saevitiam

128 1462 245 1488 contra
274 1456 423 1489 ludaeos.
491 1456 548 1489 Sic
581 1457 718 1489 Romani
752 1458 971 1498 imperatores
999 1456 1101 1498 puniti

127 1505 203 1531 sunt
221 1506 356 1541 propter
378 1501 628 1540 persecutiones
652 1499 924 1532 Christianorum.
958 1499 1100 1535 Quando

126 1541 324 1574 Maximinus
347 1542 595 1581 Diocletianus,
631 1549 662 1575 et
685 1542 807 1576 similes
831 1542 885 1575 alii
908 1549 1102 1586 regnarunt,

125 1584 220 1617 Deus
234 1586 388 1617 excitavit
401 1585 660 1625 Constantinum,
683 1587 737 1628 qui
760 1586 837 1618 fecit
853 1587 1016 1628 insignem
1033 1595 1102 1617 mu-

128 1629 283 1660 tationem
307 1630 338 1660 in
362 1635 429 1661 toto
453 1630 599 1670 imperio.
646 1630 769 1661 Postea
793 1640 868 1661 cum
894 1639 1011 1660 rursus
1033 1638 1102 1660 mo-

127 1678 181 1703 tae
203 1678 279 1703 sunt
327 1673 552 1704 ersecutiones
572 1679 688 1704 contra
701 1673 931 1710 Orthodoxos,
955 1671 1046 1703 Gotti
1069 1678 1102 1703 et

128 1713 269 1745 Vandali
308 1722 443 1747 ecerunt
466 1717 681 1747 vastationes.
727 1715 808 1751 Quis
826 1716 901 1754 scit,
923 1715 1000 1757 quid
1024 1724 1102 1755 pau-

128 1755 160 1787 lo
185 1763 261 1797 post
285 1756 427 1789 futurum
451 1759 504 1796 sit,
526 1759 554 1790 si
578 1764 717 1800 pero-ent
740 1758 912 1800 Principes
931 1757 1101 1789 adversari

129 1799 323 1842 Evangelio,
347 1807 378 1832 et
397 1803 551 1844 persequi
574 1801 642 1833 Ecc
658 1802 768 1833 esias?

214 1860 270 1891 Sic
289 1861 387 1902 igitur
411 1862 496 1893 dico:
523 1861 690 1894 Vocantur
711 1862 808 1893 etiam
826 1867 979 1902 potentes
1001 1867 1033 1893 et
1056 1863 1102 1892 di-

130 1903 225 1941 vites‚
248 1913 346 1946 reges
371 1911 401 1935 et
426 1905 602 1946 principes,
625 1912 659 1936 ut
682 1914 719 1935 se
731 1905 909 1946 adiungunt
927 1914 1027 1935 verae
1039 1904 1102 1935 Ec-

130 1944 271 1977 clesiae:
296 1953 327 1977 et
351 1957 423 1978 cnm
448 1958 513 1978 non
538 1948 776 1989 obtemperant,
799 1948 941 1979 sentiunt
965 1957 1102 1988 poenas,

128 1987 195 2020 Sed
209 1999 274 2020 non
287 1996 423 2031 propter
435 1991 623 2031 potentiam,
644 2001 708 2021 non
720 1996 856 2031 propter
873 1990 1002 2020 divitias
1023 1989 1103 2021 fiunt

128 2038 184 2063 aut
196 2037 272 2063 sunt
285 2033 430 2063 membra
445 2043 543 2064 verae
552 2032 734 2070 Ecclesiae,
751 2033 841 2064 Sicut
853 2043 914 2063 nec
925 2033 1104 2064 Pontifices

129 2081 183 2106 aut
193 2073 347 2117 Episcopi
361 2074 426 2107 hoc
439 2076 569 2106 nomine
581 2075 754 2107 Ecclesiae
767 2076 1005 2113 mcmbrasunt,
1017 2076 1104 2117 quod

129 2119 300 2150 consecuti
334 2125 411 2150 sunt
444 2128 582 2161 magnas
616 2129 715 2159 opes,
751 2126 782 2150 et
807 2119 962 2160 regiones
985 2117 1105 2150 multas

130 2160 316 2201 possident,
350 2170 434 2202 quas
467 2169 587 2193 vocant
621 2162 849 2203 patrimonium
873 2161 980 2192 sancti
1005 2160 1105 2198 Petri,

129 2209 162 2233 et
185 2213 244 2234 eas
267 2209 399 2235 tuentur
422 2210 538 2235 contra
561 2203 605 2235 lm
631 2211 791 2242 eratorcs,
815 2213 847 2235 ut
873 2214 1009 2241 recens,
1032 2214 1105 2235 cnm

130 2245 257 2278 Caesar
279 2253 405 2287 peteret
429 2256 449 2277 a
473 2245 562 2288 Papa
588 2247 613 2277 P
627 2248 808 2284 neemiam,
843 2253 873 2278 et
904 2247 1106 2288 promitteret
1131 2233 1135 2298 l

130 2299 168 2321 se
186 2299 246 2330 pro
266 2299 305 2320 ea
329 2291 409 2320 urbe
431 2288 528 2320 aliam
551 2290 582 2320 in
595 2300 698 2330 regno
713 2289 929 2331 Neapolitano
943 2290 1106 2327 daturum,

133 2385 229 2415 quam
254 2375 372 2406 cedere
397 2376 437 2407 dc
460 2375 677 2416 possessione
699 2375 811 2417 aliqua
836 2368 1019 2407 Eoi-testae.

219 2434 349 2476 Vulgus
368 2435 546 2467 admiratur
571 2436 667 2467 istam
691 2436 884 2477 potentiam,
909 2436 988 2466 istas
1013 2445 1106 2477 opes,

1131 2450 1133 2481 3
1159 2435 1217 2467 Est
1241 2436 1311 2476 ipse
1336 2434 1422 2466 lilius
1446 2434 1520 2472 Dei,

1153 208 1186 239 in
1209 207 1274 239 hoc
1291 209 1424 241 mundo.
1490 209 1671 250 Praecipue
1700 218 1781 240 vero
1808 210 2049 250 respiciendum
2071 218 2122 244 est

1153 250 1196 282 ad
1218 260 1335 283 vocem
1358 251 1537 284 doctrinae.
1583 251 1675 283 Haec
1696 251 1753 283 ubi
1775 257 1895 290 manet,
1918 261 1986 284 non
1998 251 2123 287 tollitur

1152 292 1315 332 Ecclesia,
1344 295 1469 327 etiamsi
1503 296 1546 326 sit
1584 293 1813 326 dissimilitudo
1852 295 2123 334 ceremoniarum,

1153 346 1237 378 quae
1260 342 1338 369 sunt
1358 336 1503 370 humana
1525 338 1701 370 autoritate
1723 337 1900 369 institutae.

1238 395 1326 428 Olim
1347 396 1459 439 Papae
1481 397 1612 439 quidam
1636 397 2002 429 excommunicaverunt
2021 396 2123 429 Grae-

1153 448 1224 477 cos,
1247 439 1336 481 quod
1357 445 1527 472 uterentur
1547 438 1744 472 fermentato
1766 449 1863 482 pane,
1893 439 1973 472 Item
1994 449 2124 472 excom-

1151 482 1359 514 municat-unt
1380 482 1552 515 Ecclesiae
1576 481 1776 521 Orientales,
1799 483 1876 524 quia
1894 483 2026 514 diverso
2045 488 2124 515 tem-

1175 533 1233 555 ore
1267 523 1481 558 celebrabant
1514 525 1654 557 Pascha.
1721 525 1789 557 lmo
1827 532 1915 557 extat
1956 525 2125 557 decretum

1183 566 1370 606 omimium,
1405 569 1493 610 quod
1527 578 1642 600 omnes
1676 569 1946 605 excommunicat,
1981 570 2035 610 qui
2058 578 2125 600 non

1154 614 1266 641 tenent
1289 609 1456 643 Romanos
1479 611 1568 643 ritus,
1599 611 1671 643 Hoc
1691 617 1741 642 est
1763 609 1861 641 valde
1883 611 2026 652 impium,
2050 611 2126 652 quia

1154 658 1264 683 manet
1286 652 1439 685 Ecclesia
1460 653 1658 686 universalis
1681 663 1743 685 seu
1765 652 1955 693 Catholica,
1979 664 2051 685 cum
2076 663 2125 684 re-

1155 694 1275 726 tinetur
1297 697 1432 728 verbum
1455 697 1682 738 propheticum
1694 703 1726 728 et
1739 695 1978 736 Apostolicum‚
2001 697 2051 727 cui
2065 695 2126 727 Ec-

1156 735 1259 768 clesia
1309 739 1450 770 omnium
1501 745 1683 781 temporum
1734 739 1845 771 tribuit
1894 739 2125 776 testimonium,

1155 780 1282 811 etiamsi
1305 781 1371 812 sint
1393 781 1513 813 diversi
1536 783 1618 814 ritus
1643 782 1785 815 humani.

1241 839 1314 871 Hoc
1336 846 1460 872 tantum
1483 847 1662 882 spectetur,
1685 848 1719 873 ut
1738 843 1886 873 doctiina
1909 847 2039 872 maneat
2063 839 2127 872 sal-

1154 892 1209 921 va,
1243 888 1275 914 et
1309 893 1375 914 non
1404 884 1565 915 accedant
1598 894 1730 916 errores
1758 891 1790 916 et
1818 885 2070 926 superstitiones
2093 884 2126 915 in

1157 926 1303 957 externis
1337 926 1465 963 ritibus,
1498 932 1533 958 ut
1562 926 1593 957 in
1621 926 1712 958 lndia
1729 934 1864 959 servant
1886 927 1970 959 diem
1993 926 2127 958 Sabbati

1155 975 1187 1000 et
1211 966 1311 1000 Solis.
1378 968 1474 1000 Diem
1498 969 1630 1001 Sabbati
1652 968 1774 1001 habent
1797 970 1930 1011 antiqua
1953 976 2126 1001 consuetu-

1156 1011 1242 1049 dine,
1265 1017 1401 1053 propter
1424 1012 1620 1043 commercia
1643 1022 1718 1043 cum
1740 1011 1881 1043 ludaeis.
1949 1011 2043 1042 Diem
2067 1011 2127 1043 So-

1153 1053 1196 1086 lis
1219 1060 1420 1096 acceperunt
1442 1064 1462 1085 a
1491 1053 1699 1086 Christianis.
1767 1053 1920 1086 Retinent
1940 1054 2034 1085 etiam
2059 1052 2129 1085 Cir-

1155 1097 1399 1129 cumcisionem.
1424 1096 1670 1129 Circumcidunt
1692 1107 1826 1138 pueroS‚
1850 1097 1913 1128 imo
1933 1097 2026 1128 etiam
2039 1093 2130 1137 puel-

1154 1138 1215 1171 las.
1281 1139 1323 1171 Et
1353 1138 1507 1172 fortassis
1538 1140 1679 1172 retinent
1703 1140 1904 1181 opinionem,
1935 1139 2023 1181 quod
2047 1141 2129 1170 istae

1154 1193 1208 1214 res
1232 1184 1297 1214 sint
1319 1183 1532 1215 necessariae
1556 1183 1597 1214 ad
1621 1182 1773 1215 salutem.
1819 1182 1886 1214 Sed
1907 1188 1957 1213 est
1980 1191 2075 1213 error
2097 1187 2130 1213 et

1154 1226 1356 1267 superstitio,
1378 1231 1414 1258 ut
1437 1227 1590 1268 contagia
1614 1226 1882 1267 superstitionum
1906 1232 2130 1267 pervagantur

1154 1267 1224 1300 sere
1257 1275 1361 1300 totum
1395 1268 1561 1301 mundum.
1625 1269 1677 1300 De
1710 1269 1762 1300 bis
1786 1268 1955 1300 erroribus
1978 1268 2042 1299 iam
2063 1277 2130 1299 non

1153 1309 1290 1353 loquor:
1315 1311 1383 1343 Sed
1402 1311 1477 1343 dico
1501 1312 1541 1342 de
1559 1311 1600 1342 iis
1623 1311 1830 1349 ceremoniis,
1852 1320 1938 1352 quae
1959 1320 2026 1342 non
2048 1319 2130 1352 pug-

1154 1359 1233 1385 nant
1266 1364 1341 1385 cum
1374 1354 1478 1385 verbo
1512 1353 1576 1385 Dei
1608 1355 1706 1385 nobis
1728 1354 1868 1389 tradito,
1903 1359 1935 1384 et
1957 1363 2042 1395 quae
2064 1362 2130 1384 non

1153 1397 1339 1428 adiunctam
1361 1396 1486 1428 habent
1515 1397 1794 1438 superstitionem.
1838 1395 1938 1427 Tales
1968 1396 2039 1427 sive
2061 1405 2130 1428 ser-

1153 1445 1284 1477 ventur,
1314 1441 1387 1471 sive
1420 1449 1487 1470 non
1521 1445 1697 1471 serventur
1729 1440 1762 1470 in
1796 1439 1937 1471 diversis
1959 1438 2131 1477 Ecclaeiis,

1153 1492 1220 1514 non
1244 1480 1403 1514 divellunt
1426 1492 1488 1514 nec
1511 1481 1658 1514 lacerant
1676 1482 1833 1514 unitatem
1857 1481 2040 1520 Ecclesiae,
2061 1492 2130 1513 mo-

1154 1525 1196 1557 do
1219 1524 1315 1557 salva
1332 1526 1375 1557 sit
1397 1525 1558 1557 doctrina.

1239 1576 1332 1608 Haec
1354 1577 1482 1608 debetis
1505 1577 1647 1613 discere,
1670 1581 1702 1607 et
1722 1576 1798 1607 ideo
1821 1581 1898 1606 sunt
1920 1573 2070 1612 scholae,
2094 1581 2130 1606 ut

1153 1625 1245 1651 recte
1267 1619 1415 1651 discatis.
1481 1619 1554 1650 Non
1589 1619 1659 1650 sitis
1693 1619 1736 1650 ita
1759 1616 1979 1660 negligentes,
2008 1624 2042 1648 ut
2066 1618 2130 1648 ista

1154 1672 1219 1694 non
1245 1662 1472 1694 consideretis.
1539 1661 1632 1693 Ritus
1667 1667 1700 1692 et
1733 1661 1938 1692 ceremoniae
1967 1659 2130 1691 humanae

1154 1715 1220 1737 non
1244 1704 1368 1737 faciunt
1390 1703 1593 1742 Ecclesiam,
1631 1704 1716 1736 sicut
1738 1713 1800 1735 nec
1824 1709 1974 1735 caeterae
1997 1712 2050 1734 res
2074 1712 2130 1734 ex·

1154 1754 1280 1786 ternae,
1313 1758 1398 1790 quae
1431 1748 1475 1779 ad
1510 1746 1723 1788 splendorem
1757 1748 1789 1778 in
1822 1746 1887 1778 hoc
1916 1745 2036 1778 mundo
2056 1755 2129 1787 per·

1155 1793 1268 1823 tinent.

1261 1958 1323 1997 Dc
1357 1956 1533 1997 efficacia
1567 1956 1632 1996 filii
1667 1956 1742 1997 Dei
1775 1957 1814 1996 in
1847 1956 2029 1996 Ecclesia.

1244 2091 1399 2133 Sequitur
1423 2092 1454 2122 in
1467 2091 1670 2122 definitione:
1693 2092 1730 2122 ln
1752 2101 1812 2130 quta
1829 2094 1920 2121 coetu
1941 2092 2129 2131 amplecten-

1159 2139 1236 2166 tium
1262 2136 1476 2173 lz'ranqelmm.
1500 2139 1532 2165 et
1552 2139 1639 2165 recte
1661 2137 1816 2165 utentium
1847 2135 2073 2172 Sacramenta,
2093 2134 2130 2171 fl-

1158 2181 1221 2210 lius
1246 2179 1304 2208 Dei
1325 2182 1374 2208 es!
1395 2179 1523 2216 effictus.
1578 2176 1661 2208 Tota
1684 2177 1837 2208 divinitas
1860 2175 1985 2217 colligit
2016 2174 2130 2208 Eccle-

1159 2221 1252 2258 siam,
1272 2221 1331 2250 sed
1355 2220 1539 2251 immediate
1564 2218 1664 2251 filius
1687 2225 1739 2250 cst
1762 2220 1884 2250 missus
1905 2220 1946 2249 ad
1975 2216 2130 2260 colligen-

1159 2265 1232 2295 dam
1257 2261 1446 2294 Ecclesiam.
1516 2263 1592 2294 ldeo
1615 2263 1771 2304 scriptum
1796 2268 1861 2293 est:
1887 2263 1985 2293 Filius
2007 2271 2060 2301 qm
2081 2265 2131 2292 est

281 2333 287 2340 .
473 2344 476 2347 ,
594 2333 601 2341 .
637 2344 641 2347 ,
905 2344 908 2347 ,
932 2334 938 2341 .
1085 2334 1093 2342 .
1132 2316 1134 2324 *
1159 2311 1191 2338 in
1214 2310 1287 2338 sinu
1307 2310 1421 2346 patris,
1446 2309 1647 2338 annuntiat-it
1663 2306 1774 2337 nobis:
1804 2305 1844 2336 ΕΙ
1873 2306 2020 2337 Christus
2041 2304 2133 2335 cedet

133 2332 303 2373 respondit
338 2332 426 2373 Papa
463 2342 499 2363 se
535 2339 643 2374 potius
677 2331 763 2364 velle
804 2340 994 2364 murtxrtum
1029 2340 1105 2375 pati,
1132 2332 1134 2373 J

1132 2379 1133 2392 i

1157 2351 1202 2381 ad
1221 2351 1370 2381 dostram
1392 2353 1508 2389 patris,
1530 2350 1613 2380 dans
1634 2349 1718 2379 dona
1740 2348 1927 2379 hortantibus.
1973 2345 2034 2377 llic
2053 2347 2130 2377 dici·

1160 2399 1226 2424 tur:
1263 2394 1343 2424 Eril!
1370 2396 1543 2423 seminans.
1610 2390 1692 2426 Quis
1717 2397 1767 2422 est
1796 2391 1869 2427 iste,
1893 2389 1947 2431 qui
1971 2388 2131 2421 seminat?

1555 2434 1609 2486 qui
1632 2434 1709 2465 exiit
1731 2433 1773 2465 ad
1796 2433 2033 2469 seminandum,
2065 2437 2131 2463 sta·

134 2485 281 2508 movetur
296 2476 399 2509 ‘titulo
424 2477 607 2510 Ecclesiae.
653 2478 715 2509 Sed
739 2479 1042 2519 respicit-ndumcst
1065 2479 1105 2510 ad
1132 2482 1133 2495 ¹
1159 2480 1213 2509 tim
1237 2481 1278 2509 nb
1304 2478 1405 2511 initio.
1429 2488 1502 2509 cum
1526 2487 1649 2519 primus
1669 2478 1739 2519 ipse
1762 2476 1873 2513 edidit,
1896 2481 1928 2507 et
1951 2476 2000 2507 sic
2023 2475 2131 2506 imme·

134 2518 190 2551 illa
223 2521 338 2561 signa,
373 2532 456 2562 quac
492 2531 602 2553 veram
636 2519 820 2553 Ecclesiam
852 2522 1039 2553 discernunt
1065 2523 1106 2554 ab
1131 2527 1134 2563 ff
1159 2521 1243 2552 diate
1276 2522 1384 2553 sonuit
1419 2521 1670 2562 promissionem
1705 2519 1796 2551 Evan

1844 2517 1876 2551 lil
1910 2519 1942 2551 ln
1971 2516 2130 2549 Paradlso

135 2562 208 2594 aliis
228 2564 389 2601 coetibus,
409 2565 617 2605 quantumvis
642 2565 830 2605 potentibus
853 2571 908 2596 aut
941 2564 1106 2605 opulentis
1132 2573 1133 2589 ¹
1158 2571 1233 2605 post
1257 2563 1395 2605 lapsum.
1442 2563 1507 2595 Aut
1528 2564 1557 2595 si
1580 2562 1732 2595 volumus
1754 2561 1854 2594 altus
1876 2561 1985 2594 ordiri-
2016 2559 2131 2591 Statim
