2324 2958
170 155 235 188 515
806 149 916 183 PHIL.
939 148 1041 183 MEL.
1065 146 1251 181 SCRIPTA
1273 146 1535 185 EXEGETICA.
2099 149 2162 183 516

1194 241 1250 316 (Ilui
1283 248 1333 273 est
1370 242 1403 273 in
1437 241 1548 279 Luca,
1582 249 1612 272 et
1647 240 1836 280 Matthaeo,
1869 248 1900 274 et
1926 243 2103 284 praecipue
2130 245 2163 275 in

1212 294 1299 316 Auca·

173 293 283 344 Quid
313 290 389 333 fuit
427 291 536 332 lacus
567 289 812 339 Gerazenus,
859 289 926 343 qui
957 293 999 327 et
1031 285 1142 327 Gad-

451 367 624 408 darenus
662 365 864 407 vocatur?

259 458 332 490 Fuit
354 456 441 490 ultra
463 456 661 509 Galilaeam,
695 466 813 488 versus
841 455 916 487 loca
939 455 1083 491 deserta,
1111 453 1143 484 in
1194 448 1306 498 Quid
1358 449 1556 504 Signjficat
1608 449 1793 489 denarius
1807 450 1825 488 ζ)
1886 457 1944 499 et,
2004 449 2166 500 Quanta

174 501 313 539 ituraea,
336 499 389 533 vel
411 499 655 532 Trachonitide.
797 579 804 583 .
1195 539 1353 566 summa
1383 525 1484 566 fuit?
1539 529 1622 568 :200
1657 526 1824 576 denarii,
1877 534 2073 580 quantum
2105 534 2167 567 est

333 665 442 717 de
479 665 677 720 Slgnlficat
707 661 986 703 TraChomtlS?
1168 673 1172 727 Ι
1283 709 1367 741 Sunt
1388 709 1431 740 20
1453 709 1620 749 Coronati,
1643 713 1726 742 sicut
1756 721 1817 741 nes
1841 717 2079 752 computamus,
2101 718 2167 741 non

260 756 352 789 Loca
374 755 563 798 scopulosa,
597 764 728 795 aspera.
794 753 943 794 ιραχῶνες
971 757 1049 783 sunt.
1071 760 1145 782 sco·
1168 730 1172 796 Ι
1197 758 1393 793 quaerentes
1437 753 1674 793 praecisionem
1720 754 1940 784 exactissime.
2011 753 2168 785 Budaeus

173 798 250 843 puli.
293 799 382 831 ldem
404 798 568 842 significat
590 799 737 835 Ituraeo,
766 796 854 837 quod
873 795 1071 826 Hebraicum
1095 800 1146 825 est
1196 795 1282 826 bene
1304 793 1394 832 feeit,
1423 796 1510 836 quod
1543 796 1651 837 posuit
1673 795 1762 827 illum
1786 806 1972 834 numerum,
1994 797 2048 838 qui
2070 794 2169 828 facile

177 845 287 883 Thier,
320 844 409 883 thor,
454 842 571 879 turris,
605 847 665 872 ete.
701 845 778 871 sunt
817 839 964 869 eiusdem
997 836 1142 879 originis
1198 837 1316 879 surgit,
1350 843 1383 868 et
1405 843 1456 868 est
1485 838 1527 868 ad
1561 839 1805 880 supputaudum
1840 837 1990 870 facilior:
2030 849 2104 871 cum
2129 838 2170 869 1⁰

173 888 315 924 Itur-aea,
337 885 370 916 id
393 890 456 923 est,
478 881 621 925 scopuli,
652 883 707 914 ubi
734 887 810 913 sunt
837 880 951 912 fauces
974 880 1146 911 montium:
1199 879 1364 911 drachmis
1397 881 1523 922 argenti
1556 882 1707 912 aestimat
1739 892 1838 913 unum
1872 887 2066 913 coronatum
2090 880 2169 913 Gal-

174 928 284 970 Saepe
305 928 456 969 inspicite
477 925 608 958 tabulas
632 924 933 966 Chorographicas‚
963 922 1047 958 Quia
1070 921 1145 953 loca
1169 925 1172 935 ’
1197 921 1306 954 licum.
1377 921 1577 954 Drachmam
1617 930 1649 954 et
1693 924 1861 955 denarium
1897 934 1960 955 non
2006 922 2170 956 subtiliter

174 977 253 1003 sunt
275 968 610 1002 commonefactiones
644 968 685 999 de
717 967 872 1009 operibus
896 965 969 1004 Dei,
1003 970 1036 997 et
1057 970 1146 1007 pate·
1199 965 1433 997 discernimus:
1467 966 1542 1007 quia
1565 965 1688 997 Plinius
1718 976 1878 1007 expresse
1910 967 2026 1008 inquit:
2059 965 2170 998 Dena-

174 1013 374 1047 factionibus
397 1013 526 1044 divinis.
1199 1009 1267 1040 rius
1296 1014 1347 1040 est
1380 1009 1509 1050 pondus
1539 1007 1726 1040 drachmae.
1782 1007 1948 1039 Drachma
1977 1014 2047 1045 est,
2082 1009 2170 1049 quod

262 1055 325 1088 Hic
359 1055 478 1087 dicitur
500 1053 666 1086 Christum
702 1052 874 1084 traiecisse
908 1051 1016 1083 lacum
1040 1049 1147 1081 Gene-
1200 1050 1356 1083 Germani
1390 1057 1510 1082 vocant
1543 1054 1597 1083 ein
1629 1053 1772 1091 quinum.
1840 1049 2038 1082 Plutarchus
2069 1058 2170 1092 saepe

1200 1094 1355 1125 denarios
1377 1094 1522 1125 nominat
1540 1094 1689 1125 Graecas
1713 1092 1906 1126 drachmas:
1928 1094 1990 1124 etsi
2013 1092 2171 1125 drachma

1564 603 1779 657 peccuniae
1791 601 1810 641 ‘?

178 1098 304 1131 sareth.
337 1097 451 1130 Voluit
470 1107 551 1140 ergo
573 1097 605 1128 in
624 1096 784 1128 Ituraeam
807 1094 974 1136 progredi.
1010 1093 1148 1129 Quando

175 1141 268 1173 Evan
296 1140 412 1172 elisiae
433 1141 544 1172 dicunt
566 1144 668 1171 nans.
692 1137 870 1180 loquuntur
881 1144 1046 1178 tamquam
1059 1136 1149 1167 cives

177 1185 209 1216 in
233 1184 282 1215 Ga
298 1183 394 1221 ilaea‚
428 1184 482 1225 qui
516 1183 548 1214 in
571 1182 729 1214 lturaeam
758 1179 893 1213 volunt:
928 1180 1010 1211 sicut
1046 1179 1150 1210 nostri

182 1227 285 1265 cives,
307 1226 339 1257 in
362 1231 478 1257 nostra
493 1225 564 1267 ripa
586 1225 709 1262 dicunt,
731 1225 811 1255 uber
832 1224 891 1255 der
908 1224 996 1260 EIbe,
1020 1221 1150 1264 quando

181 1270 266 1301 inter
287 1268 464 1300 instituitur
475 1267 696 1309 Kembergam
719 1276 849 1298 versuS.
888 1265 1029 1296 loannes
1050 1262 1151 1306 loqui-

181 1318 251 1352 tur,
284 1311 379 1353 quasi
401 1311 526 1342 scribat
547 1310 581 1341 in
614 1319 676 1342 sua
702 1310 810 1350 patria
837 1308 1033 1346 Bethsaida,
1068 1316 1152 1349 quae

179 1365 247 1387 non
269 1352 388 1396 procul
420 1353 522 1385 suita
543 1351 620 1385 lacu
653 1351 876 1390 Genesareth,
912 1351 972 1382 sed
1005 1351 1038 1381 in
1081 1350 1153 1391 ripa

181 1406 300 1429 versus
322 1402 465 1429 montem
488 1395 632 1427 Thabor.

1202 1137 1311 1168 Attica
1334 1135 1393 1168 suit
1415 1136 1514 1178 paulo
1537 1137 1643 1167 minor
1656 1137 1761 1177 *fluam
1785 1137 1949 1167 denarius.

1287 1178 1412 1210 Civitas
1454 1179 1602 1210 Romana
1636 1177 1786 1219 locuples
1827 1186 1859 1210 et
1900 1178 2055 1220 opulenta
2096 1176 2173 1210 fecit

1203 1227 1365 1254 monetam
1387 1220 1569 1259 meliorem,
1603 1231 1699 1262 quam
1723 1221 1833 1252 Attica
1866 1222 2002 1253 redacta
2035 1221 2067 1252 in
2096 1229 2173 1262 pau-

1202 1270 1372 1306 pertatem·
1414 1265 1597 1306 Aeginetae
1620 1270 1698 1294 tunc
1720 1274 1850 1306 quoque
1872 1263 2039 1295 meliorem
2062 1271 2172 1294 mone-

1203 1315 1269 1339 tam
1292 1305 1453 1346 fecerunt,
1475 1317 1572 1349 quam
1601 1306 1832 1338 Athenienses.
1881 1306 1967 1342 Quia
1989 1306 2174 1347 Aeginetae

1204 1350 1390 1382 habuerunt
1412 1348 1542 1381 fodinas
1565 1347 1757 1380 metallicas.
1792 1348 1853 1380 Ubi
1876 1347 1998 1379 foditur
2020 1358 2061 1379 ex
2086 1354 2175 1379 terra

1205 1398 1393 1435 argentum,
1421 1392 1465 1423 ibi
1498 1390 1614 1424 melior
1647 1397 1778 1422 moneta
1812 1392 1952 1429 cuditur,
1987 1401 2085 1433 quam
2118 1389 2175 1422 ubi

1205 1441 1377 1477 argentum
1411 1435 1527 1466 emitur
1560 1433 1701 1465 aliunde.
1757 1433 1893 1476 Loquor
1925 1434 1966 1465 de
1999 1443 2051 1471 eo,
2085 1432 2175 1475 quod

1205 1476 1401 1520 regulariter
1432 1477 1502 1509 fieri
1535 1475 1621 1509 solet
1653 1487 1693 1508 ac
1717 1476 1827 1508 debet.
1878 1476 1944 1507 lam
1966 1474 2102 1508 multum
2125 1481 2176 1507 est

1206 1521 1462 1562 disputationum
1484 1521 1524 1552 de
1547 1526 1695 1558 moneta,
1728 1526 1759 1550 et
1793 1520 1824 1550 in
1848 1520 2000 1551 omnibus
2023 1517 2175 1550 Conven-

1205 1564 1293 1595 tibus
1315 1562 1503 1605 Principum
1526 1563 1726 1604 disputatur,
1760 1561 1924 1604 quomodo
1958 1559 2109 1592 facienda
2132 1560 2175 1591 sit

1205 1606 1387 1638 aestimatio
1411 1611 1573 1643 monetae,
1597 1610 1631 1636 ut
1655 1605 1768 1636 eadem
1791 1613 1906 1635 omnes
1928 1609 2121 1635 constanter
2143 1603 2175 1633 in

1205 1654 1274 1681 toto
1297 1649 1435 1690 imperio
1458 1654 1606 1680 utantur:
1631 1653 1664 1679 et
1686 1655 1792 1679 tamen
1817 1646 1896 1677 nihil
1919 1646 2090 1688 proficitur
2109 1643 2176 1676 illis

1205 1691 1508 1724 deliberationibus.
1554 1690 1767 1731 Decipiuntur
1801 1690 1950 1720 homines
1974 1689 2098 1729 passim
2121 1688 2175 1719 de-

1204 1735 1395 1776 pravatione
1413 1739 1572 1765 monetae.
1618 1733 1688 1764 Nos
1723 1734 1889 1774 sequimur
1918 1731 2176 1763 aestimationem

1161 1837 1182 2273 xi

305 1561 415 1612 Quid
447 1560 645 1616 significat
674 1574 822 1601 nomen
854 1558 1042 1600 Thabor?

264 1652 399 1684 Thabor
431 1651 597 1694 significat
636 1650 838 1689 umbilicum,
873 1651 949 1692 quia
981 1649 1084 1688 stetit,
1121 1655 1152 1680 ut

180 1695 354 1728 umbilicus
378 1696 409 1727 in
433 1694 568 1736 planitie
592 1695 661 1726 eius
685 1694 802 1736 campi.
858 1692 947 1724 Haec
981 1692 1067 1723 dicta
1089 1692 1154 1722 sint

181 1741 222 1771 de
255 1739 464 1770 distinctione
497 1737 658 1769 locorum.
720 1739 787 1770 Iam
820 1736 862 1767 ad
895 1735 1065 1767 historiam
1099 1745 1153 1766 ve-

180 1783 318 1814 niemus.

267 1825 376 1866 Saepe
413 1829 549 1864 apparet
586 1822 651 1854 hoc
686 1821 876 1854 miraculum
911 1819 1032 1853 factum
1066 1829 1152 1855 esse,

181 1867 268 1910 qnbd
293 1867 381 1908 pavit
406 1868 534 1898 turbam
557 1871 760 1907 sequentem.
806 1862 899 1895 Multi
923 1863 1088 1904 disputant
1112 1863 1152 1893 de

180 1920 334 1948 numero,
375 1909 463 1951 quod
497 1918 562 1939 non
597 1908 790 1945 conveniat,
835 1917 907 1938 cum
946 1905 1022 1938 alibi
1057 1905 1154 1944 4000,

180 1952 260 1985 alibi
283 1952 369 1984 5000
391 1958 611 1983 numerentur.
656 1951 738 1982 Sunt
769 1949 1010 1991 disputationes
1038 1949 1153 1979 inanes

180 1995 342 2028 malorum
376 1995 553 2032 hominum,
589 2004 630 2025 ne
663 1993 739 2035 quid
773 1992 862 2024 aliud
897 1992 1014 2023 dicam.
1071 1990 1153 2022 lllud

182 2038 270 2081 quod
293 2039 324 2070 in
348 2037 463 2070 Marco
488 2040 529 2075 [c.
553 2036 598 2075 84
622 2037 786 2073 recitatur,
811 2035 911 2066 credo
934 2033 1054 2065 finctum
1079 2043 1154 2065 csse

182 2081 329 2114 secundo
353 2090 440 2111 anno
464 2079 596 2111 Christi.
641 2079 709 2111 Sed
734 2079 872 2109 loannes
897 2081 938 2115 lc.
961 2077 1002 2115 (il
1028 2077 1155 2108 videtur

181 2124 271 2167 loqui
296 2125 336 2156 de
358 2123 454 2155 tertio
479 2123 656 2160 vast-hate,
687 2132 745 2153 scu
770 2121 810 2151 de
834 2120 928 2151 tertio
953 2130 1038 2151 anno
1061 2119 1155 2151 Clu-i-

182 2168 237 2199 sti.
283 2166 355 2198 Fuit
388 2167 473 2197 enim
508 2164 634 2207 pascha
668 2165 743 2195 anni
768 2164 905 2205 proximi
929 2169 1004 2195 ante
1028 2163 1154 2204 passio-

183 2221 256 2242 nem
279 2209 411 2241 Flu-isti.

1203 1779 1356 1809 usitatam
1379 1777 1514 1809 Budaei.
1553 1776 1591 1807 10
1614 1776 1790 1807 drachmae
1817 1774 1946 1816 argenti
1976 1772 2087 1806 valent
2110 1783 2175 1805 uno

1204 1826 1374 1852 coronato.
1648 1831 1650 1833 >

1206 1986 1324 2027 Unde
1347 1986 1419 2026 scit
1444 1985 1648 2039 Philippus
1685 1998 1770 2024 esse
1798 1997 1898 2038 opus
1923 1983 1997 2023 ista
2018 1995 2176 2022 summa

1328 2063 1520 2118 pecuniae
1553 2076 1625 2116 pro
1656 2060 1911 2101 multitudine
1944 2059 2053 2099 ista?

1293 2162 1493 2193 Oeconomia
1540 2167 1636 2192 vetus
1682 2161 1860 2201 regebatur
1905 2157 2006 2190 multo
2049 2156 2177 2189 meliori

1206 2205 1333 2237 ratione
1368 2205 1514 2241 vivendi,
1549 2214 1646 2246 quum
1680 2213 1742 2234 nos
1776 2201 1988 2234 oeconomias
2019 2201 2176 2243 regimus.

1208 2249 1330 2279 Nostra
1363 2247 1532 2278 barbaries
1567 2253 1617 2277 est
1653 2246 1815 2277 babaries.
1873 2244 1941 2275 Nos
1976 2244 2114 2274 vivims
2144 2243 2176 2274 in

1209 2291 1310 2326 dicim
1344 2301 1408 2322 non
1443 2290 1584 2327 scimus,
1618 2295 1773 2330 quantum
1797 2296 2042 2323 consumamus,
2071 2290 2178 2327 neque

1208 2334 1360 2375 expensi,
1405 2343 1509 2375 neque
1547 2332 1675 2373 accepti
1709 2331 1867 2362 rationem
1902 2329 2078 2360 habemus:
2117 2328 2178 2359 sed

187 2378 323 2427 Quoto
363 2391 468 2416 anno
507 2375 649 2415 aetatis
687 2373 868 2415 Christus
901 2379 959 2412 cst
992 2371 1158 2426 passus?
1208 2384 1356 2408 vetustas
1379 2377 1525 2413 scivbat,
1560 2382 1714 2416 qnantum
1749 2373 1890 2404 «landum
1915 2379 2002 2403 esset
2026 2368 2177 2402 familiae.

1209 2419 1285 2450 laico
1309 2421 1493 2451 ‘Immensum
1516 2418 1707 2450 vocabatur.
1730 2416 1817 2458 quod
1841 2415 2017 2456 unicuique
2040 2413 2179 2445 dabatur

272 2467 452 2499 'tricesimo
487 2472 615 2507 quarto,
648 2465 680 2497 id
704 2471 777 2502 est,
811 2463 958 2506 pervenit
988 2463 1028 2493 nd
1060 2472 1155 2504 quar·
1208 2463 1362 2504 quotidie.

187 2518 252 2543 tum
276 2509 416 2541 l'ascha.
474 2509 728 2549 Dis-tinguuntur
762 2513 902 2538 cuatuor
926 2504 1090 2537 l‘asclinta
1124 2506 1155 2535 in

187 2553 374 2585 narratione
408 2550 703 2593 Evangelistarum.
760 2549 831 2581 loc
865 2554 916 2581 cst
938 2549 1081 2580 tortium.
1116 2548 1155 2578 alc

189 2607 252 2638 quo
276 2596 328 2627 hic·
353 2596 484 2627 dicitur:
509 2597 584 2636 quia
607 2594 746 2626 loannes
765 2593 879 2624 omittit
903 2602 1002 2623 unum
1025 2601 1156 2626 annum,
