2324 2958
61 156 127 191 ³69

65 255 152 288 sunt,
185 245 393 288 corruptelae
427 245 617 283 doctrinae,
658 244 794 275 dissidia
838 244 1036 282 docentium,

66 291 255 327 traditiones
287 289 461 326 humanae,
497 293 703 328 contemptus
727 286 830 317 Verbi
863 293 896 317 et
918 287 1036 318 Sacra-

65 339 249 370 mentorum,
275 332 309 362 in
348 330 513 372 plurimis,
553 340 657 372 prava
690 327 842 370 exempla
881 330 968 360 vitae
1003 335 1036 360 et

65 376 204 416 morum)
237 373 403 416 significat
437 372 590 404 Christus
623 381 689 403 non
723 372 831 402 omnia
868 382 970 412 posse
1003 372 1035 402 in

63 419 126 453 hac
146 418 214 449 vita
237 417 369 459 corrigi.

145 460 220 491 Non
254 458 322 490 vult
357 465 465 490 autem
499 464 675 498 propterea
707 457 815 488 deseri
838 455 1034 494 Ecclesiam,
1060 478 1063 501 J

747 150 965 182 POSTlLLA
987 149 1388 182 MELANTHONIANA.

1998 150 2063 184 3⁷0

1088 243 1256 275 ministerii
1277 241 1523 281 Ecclesiastici‚
1558 244 1609 275 cui
1632 245 1818 276 mandatum
1853 251 1904 276 est
1927 245 2061 285 docere,

1089 286 1249 324 confiteri,
1271 296 1431 327 arguere,
1460 292 1493 316 et
1525 288 1812 319 excommunicare
1835 287 1965 319 Verbo:
1994 294 2063 320 tum

1087 328 1241 371 politicae
1265 329 1440 369 potestatis
1464 338 1525 360 seu
1541 328 1805 369 magistratuum,
1828 331 1946 371 quibus
1969 341 2063 372 prae-

1089 373 1205 413 cipitur
1228 370 1318 409 alibi,
1339 377 1374 402 ut
1396 371 1515 402 feriant
1537 370 1664 412 gladio,
1698 379 1730 403 et
1763 373 1878 413 poenis
1907 383 2063 415 corpora·

1059 430 1063 477 Ι
1087 413 1175 446 libus
1199 412 1344 445 afficiant
1367 423 1443 445 reos
1459 419 1669 445 externorum
1692 414 1909 447 delictorum?

1174 456 1386 498 RespondeO.
1452 457 1528 488 Non
1561 457 1779 497 prohibentur
1813 469 1867 495 ea,
1903 468 1989 500 quae
2021 459 2065 490 ad

38 502 45 506 “
61 513 126 537 non
150 501 219 534 vult
241 501 296 533 vel
324 502 477 533 doctores
511 499 565 531 vel
586 500 754 531 auditores
789 500 861 540 pios
892 499 1035 530 abiicere
1060 519 1063 541 ς
1088 498 1233 531 officium
1257 500 1434 540 potestatis
1458 498 1730 537 Ecclesiasticae,
1759 507 1791 531 et
1814 499 1967 541 politicae
1990 511 2063 543 per-

59 544 300 589 professionem
323 544 470 576 veritatis
494 549 526 574 et
549 543 689 574 studium
712 542 904 573 retinendae
927 542 1035 572 bonae
1088 543 1209 580 tinent,
1244 542 1303 573 sed
1333 540 1487 573 confusio
1517 542 1713 573 discriminis
1741 543 1857 575 borum
1881 543 2064 575 officiorum

61 588 284 622 conscientiae
318 592 452 628 propter
484 584 722 617 multitudinem
755 585 945 625 impiorum,
980 583 1035 615 vel
1087 585 1292 627 prohibetur.

1348 584 1427 615 Item
1461 585 1526 615 hoc
1560 585 1694 616 dicitur:
1729 586 1826 620 Quod
1859 587 1954 617 etiam
1983 593 2062 625 tum,

83 636 194 672 ropter
216 628 271 661 illa
294 630 399 660 tristia
429 627 639 669 spectacula,
673 638 746 658 cum
779 627 889 658 vident
925 637 1034 658 cumu-
1088 628 1219 670 quando
1242 634 1382 668 utraque
1404 633 1554 668 potestas
1583 626 1663 659 facit
1693 629 1782 669 quod
1805 629 1854 659 sui
1878 636 1930 660 est
1953 628 2064 668 officii,

73 684 121 705 ari
145 682 289 710 erroreS,
323 671 460 708 delicta,
494 669 709 702 confusiones
732 680 889 711 magnaS,
924 677 955 700 et
979 680 1033 700 va-

59 716 126 747 rias
151 715 420 747 dilacerationes:
443 723 529 755 quae
551 723 616 744 non
630 719 783 753 poterunt
800 713 942 744 humana
965 710 1034 742 dili-

59 759 170 802 gentia
191 757 260 790 tolli
284 758 408 788 omnia.

143 801 229 832 Fieri
253 801 384 842 quidem
407 797 502 830 aliter
524 808 591 828 non
613 804 733 839 potest,
756 808 855 839 quam
878 802 913 828 ut
935 796 1034 828 vehe-

57 850 185 876 menter
217 844 453 884 perturbentur
485 847 518 873 et
551 839 683 872 doleant
719 841 761 882 pii
786 842 967 877 intuentes,
1003 845 1035 870 et

57 893 183 918 tantam
205 886 376 927 impiorum
399 883 648 921 multitudinem,
680 889 713 913 et
734 890 799 914 tam
822 883 933 913 tristes
957 892 1035 913 con-

56 929 206 962 fusiones
230 937 315 970 quae
337 937 469 968 semper
492 925 635 964 fuerunt,
654 932 743 964 sunt,
763 932 795 957 et
807 931 902 956 erunt
924 926 956 956 in
980 935 1035 966 ge·

57 981 137 1004 nere
172 970 339 1008 humano,
382 976 413 1001 et
447 970 577 1011 quidem
606 970 646 1000 iis
670 969 766 1000 etiam
789 969 822 1000 in
843 966 946 1005 locis,
979 967 1035 998 ubi

56 1015 145 1047 initia
167 1020 244 1046 sunt
267 1012 475 1045 collectionis
498 1011 681 1044 Ecclesiae.

144 1057 222 1089 ldeo
245 1056 389 1098 pingitur
411 1055 465 1087 hic
487 1054 628 1087 affectus
646 1053 834 1091 multorum,
859 1053 914 1094 qui
938 1061 1035 1093 cupe-

56 1105 131 1132 rent
153 1098 342 1132 consultum
363 1099 416 1130 his
440 1097 547 1135 malis,
572 1104 603 1128 et
626 1096 698 1128 zelo
712 1097 854 1138 quodam
877 1097 1034 1135 intempe-

56 1143 156 1181 stivo,
179 1148 351 1184 quaerunt,
374 1147 484 1172 utrum
507 1139 652 1171 tollenda
675 1140 741 1170 sint
770 1139 922 1170 zizania?
965 1136 1034 1169 Ali-

55 1186 111 1228 qui
134 1186 231 1217 etiam
256 1183 309 1216 vel
334 1183 528 1226 languefieri
550 1183 582 1214 in
605 1192 642 1214 se
664 1182 763 1213 fidem
784 1182 968 1222 patiuntur,
997 1186 1034 1213 ut

54 1229 210 1261 obiiciant
234 1226 477 1259 consessionem
505 1235 599 1258 verae
622 1223 871 1257 doctrinaetvel
893 1232 1033 1265 prorsus

54 1277 235 1313 segregant
258 1280 296 1301 se
318 1281 338 1301 a
361 1276 458 1300 coetu
481 1267 672 1306 Ecclesiae,
706 1268 738 1298 in
761 1277 828 1308 quo
851 1268 963 1298 vident
986 1271 1034 1298 tot

55 1319 89 1345 et
111 1321 178 1345 tam
199 1323 321 1355 magna
343 1311 520 1351 scandala,
554 1311 827 1352 quemadmodum
851 1309 1032 1352 Anabapti-

55 1362 130 1389 stae
152 1357 262 1387 conati
285 1361 361 1386 sunt
382 1365 491 1386 novas
516 1353 688 1385 Ecclesias
716 1353 873 1391 condere,
903 1358 935 1384 et
957 1363 1033 1384 coe-

54 1404 110 1431 tus
133 1398 296 1440 quosdam
318 1407 399 1428 suos
422 1395 609 1438 peculiares
643 1394 814 1437 colligere,
847 1396 880 1426 in
914 1397 1032 1436 quibus

54 1440 136 1473 nihil
168 1446 258 1472 esset
291 1439 396 1478 labis,
429 1438 509 1470 nihil
543 1439 710 1480 contagii:
749 1437 1032 1469 Monasterienses

17 1494 26 1499 ·
56 1485 153 1516 etiam
177 1484 385 1524 arripuerunt
409 1481 572 1524 gladium,
601 1482 643 1512 ad
667 1481 892 1512 excindendos
915 1480 1032 1519 malos,

53 1532 89 1558 ut
112 1525 352 1569 gloriabantur,
375 1531 407 1556 et
429 1526 472 1556 ad
489 1523 644 1566 populum
663 1534 782 1555 novum
801 1522 1034 1565 colligendum,

54 1573 87 1600 et
110 1569 142 1600 vi
166 1567 331 1609 corporali
354 1568 604 1609 propagandum
630 1577 768 1608 regnum
791 1566 926 1598 Christi.

140 1610 201 1642 nis
235 1610 388 1642 omnibus
423 1611 558 1651 opponit
594 1609 746 1641 Christus
788 1608 852 1640 hoc
893 1610 1032 1642 dictum:

52 1655 157 1687 Sinite
189 1657 324 1693 utraque
358 1663 508 1685 crescere
540 1663 640 1692 usque
673 1654 718 1684 ad
754 1661 900 1684 messem.
957 1653 1032 1685 Non

53 1695 124 1729 vult
162 1696 237 1738 pios
279 1702 463 1737 conspectu
507 1702 671 1727 tantarum
715 1694 943 1727 confusionum
988 1697 1034 1727 ita

55 1740 191 1777 offendi,
214 1745 249 1770 ut
271 1737 450 1781 languefiat
473 1739 506 1769 in
530 1739 578 1770 eis
601 1738 703 1776 fides,
730 1744 765 1769 ut
793 1738 948 1770 deserant
970 1738 1032 1770 Ec-

55 1781 201 1815 clesiam.
246 1780 350 1813 Multo
373 1782 479 1813 minus
503 1779 573 1812 vult
596 1781 764 1819 doctores,
795 1780 902 1812 aliena
925 1792 944 1812 a
968 1792 1030 1813 suo

55 1824 167 1857 officio
190 1823 315 1863 facere,
337 1825 482 1865 arripere
505 1823 668 1866 gladium,
701 1833 862 1865 arrogare
895 1825 958 1856 sibi
982 1826 1032 1856 ius

54 1869 210 1910 puniendi
233 1869 265 1898 vi
289 1866 454 1908 corporali
466 1873 639 1909 praetextu
650 1866 836 1908 Evangelii,
860 1877 921 1899 seu
937 1878 1032 1909 prae-

54 1918 147 1944 textu
179 1911 364 1943 autoritatis
396 1910 566 1942 ministerii
587 1908 827 1941 Ecclesiastici.
880 1909 1032 1952 Denique

54 1965 123 1987 non
145 1952 215 1986 vult
238 1952 440 1995 Apostolos,
473 1959 530 1984 aut
551 1959 702 1985 caeteros
725 1953 894 1984 ministros
916 1953 1032 1986 Eccle-

55 1998 126 2029 siae
148 2006 280 2029 sumere
313 1997 375 2028 sibi
398 2002 596 2037 potestatem
629 1996 850 2028 constituendi
873 1997 951 2028 novi
974 1998 1031 2028 im-

79 2041 137 2072 erii
159 2050 221 2072 seu
254 2040 347 2082 regni
372 2038 507 2080 politici.
551 2038 697 2077 Interea,
733 2040 810 2080 quia
832 2041 1031 2071 mentionem

54 2051 135 2117 gcit
157 2083 288 2120 messis,
311 2089 343 2113 et
365 2083 407 2113 ad
436 2082 522 2113 hanc
545 2082 736 2114 duraturum
763 2092 840 2114 esse
867 2083 912 2114 ait
935 2084 1031 2114 etiam

56 2127 179 2158 honum
203 2126 355 2163 triticum,
391 2123 592 2156 Consolatur
625 2135 706 2163 nos,
741 2126 829 2166 quod
853 2136 1031 2158 conserva-

56 2174 150 2201 turus
186 2169 249 2200 sibi
282 2167 376 2199 Deus
411 2169 453 2198 sit
481 2177 595 2199 semen
628 2167 761 2210 aliquod
797 2175 965 2207 sanctum,
999 2176 1031 2201 et

57 2212 146 2255 quod
178 2213 250 2254 ipse
288 2211 435 2243 facturus
471 2211 513 2242 sit
545 2209 722 2252 aliquando
755 2213 1032 2255 segregationem,

57 2261 91 2288 et
112 2254 212 2287 finem
239 2254 451 2296 impositurus
485 2251 581 2285 malis
615 2260 649 2285 et
675 2255 842 2287 scandalis
869 2257 1031 2288 omnibus.

58 2377 122 2418 De
154 2377 287 2436 officio
319 2377 648 2431 Magistratuum:
687 2384 729 2417 et
759 2378 1031 2421 Ministromm

440 2454 650 2494 Ecclesiae.

146 2554 210 2586 tam
244 2553 300 2585 hic
333 2554 520 2595 quaeritur:
554 2552 672 2585 Utrum
705 2552 846 2587 voluerit
878 2554 1031 2589 Christus

59 2596 126 2628 hoc
148 2596 434 2638 dictoprohibere
458 2595 568 2628 officia
590 2596 745 2629 divinitus
767 2598 933 2638 instituta,
961 2604 1030 2632 tum

215 2664 360 2684 ΙΕΒΛΠΒ.
376 2664 455 2684 OPBR.
471 2664 533 2684 vot..
550 2664 628 2685 ¹117.

1089 672 1150 702 etsi
1183 669 1375 712 plerumque
1408 670 1617 712 negligenter
1652 670 1745 707 facit,
1787 678 1896 702 tamen
1934 672 1966 702 in
1999 672 2063 704 hac

1089 714 1165 748 vita,
1190 724 1358 755 nunquam
1381 711 1512 745 futurus
1547 714 1591 744 sit
1620 712 1696 744 talis
1731 719 1838 745 status
1868 715 1901 744 in
1931 715 2064 754 mundo,

1088 762 1123 788 ut
1145 755 1226 787 nihil
1249 755 1325 787 mali
1348 762 1460 787 restet.

1178 921 1243 960 De
1283 921 1429 975 duplici
1461 927 1665 975 potestate
1699 921 1972 962 Ministrorum

1469 997 1680 1038 Ecclesiae.

1172 1094 1347 1127 Habentne
1381 1097 1520 1127 ministri
1553 1095 1725 1128 Ecclesiae
1753 1096 1896 1139 aliquam
1919 1105 2064 1139 potesta-

1086 1138 1173 1169 tem?
1217 1137 1350 1179 Duplex
1374 1147 1423 1170 est
1446 1145 1594 1180 potestas
1619 1140 1803 1170 ministerii:
1832 1139 1897 1171 alia
1924 1143 2063 1183 Ordinis,

1085 1180 1150 1212 alia
1172 1183 1415 1214 [memmimus.
1472 1182 1625 1213 Potestas
1655 1184 1779 1213 ordinis
1804 1190 1854 1214 est
1877 1186 2064 1216 mandatum

1087 1223 1210 1255 Christi
1233 1225 1274 1255 ad
1298 1225 1481 1256 docendum
1500 1224 1726 1266 Evangelium,
1751 1232 1783 1256 et
1806 1227 2064 1260 administranda

1086 1267 1313 1299 Sacramenta.
1370 1269 1526 1299 Potestas
1554 1268 1787 1300 iurisdictionis
1828 1275 1877 1300 est
1911 1271 2063 1302 iudicium

1086 1310 1127 1341 de
1150 1311 1294 1341 externis
1318 1318 1351 1342 et
1373 1311 1512 1343 notoriis
1536 1310 1681 1350 delictis,
1717 1313 1794 1343 item
1823 1313 1864 1344 de
1894 1320 2063 1355 corrupte-

1086 1351 1128 1383 lis
1162 1353 1342 1385 doctrinae.
1403 1354 1496 1386 Haec
1531 1355 1699 1386 distinctio
1734 1354 1804 1386 scre
1848 1356 1891 1386 ad
1924 1357 2063 1388 verbum

1087 1402 1177 1426 extat
1199 1397 1287 1436 apud
1310 1398 1463 1439 antiquos
1486 1398 1678 1438 scriptores,
1705 1396 1748 1429 Et
1770 1408 1809 1429 ea
1831 1399 1876 1429 uti
1898 1398 2005 1438 soleo,
2029 1400 2063 1431 in

1087 1436 1261 1470 refutando
1305 1446 1520 1482 argumento,
1565 1451 1630 1482 quo
1667 1441 1849 1472 adversarii
1883 1440 2063 1474 defendere

1087 1480 1220 1519 volunt,
1253 1483 1531 1514 enumerationem
1565 1482 1770 1526 singulorum
1803 1482 1996 1517 delictorum
2029 1486 2062 1516 in

1087 1522 1301 1556 consessione
1333 1525 1529 1564 auriculari,
1563 1533 1594 1557 et
1629 1537 1701 1558 earn
1735 1529 1962 1560 necessariam
1986 1537 2063 1560 esse

1086 1567 1208 1605 dicunt,
1230 1575 1265 1599 ut
1289 1568 1359 1600 fleri
1382 1569 1491 1610 possit
1512 1567 1689 1601 absolutio.

1171 1610 1227 1641 Sic
1250 1612 1336 1642 enim
1358 1618 1643 1653 argumentantur:

1216 1670 1323 1702 Iudex
1355 1681 1419 1702 non
1447 1677 1556 1712 potest
1588 1674 1769 1710 αῠεοὶτενε,
1803 1676 1868 1705 nisi
1889 1683 1987 1706 causa
2010 1684 2060 1706 co-

1256 1717 1357 1753 quita.

1213 1756 1372 1788 Sacerdos
1393 1767 1452 1788 seu
1468 1762 1587 1797 pastor
1609 1763 1659 1789 est
1679 1759 1786 1790 tndem.

1214 1800 1299 1839 Eryo
1321 1809 1453 1831 necesse
1475 1805 1526 1832 est
1547 1802 1624 1840 fieri
1643 1805 1868 1842 coyne'tz'onern,
1902 1803 1946 1833 acl
1965 1812 2059 1842 quam

1257 1846 1444 1875 necessaria
1476 1848 1526 1875 est
1546 1845 1762 1881 Enumeratio,
1784 1846 1938 1885 faciemla
1955 1855 2058 1877 sacer·

1255 1886 1330 1926 doti,
1353 1891 1389 1918 nt
1404 1889 1512 1926 possit
1531 1888 1702 1919 absolvere.

1169 1952 1381 1995 Resp‘ondeo.
1426 1954 1591 1986 Differunt
1619 1954 1786 1987 absolutio
1809 1957 1950 1996 privata,
1975 1966 2060 1998 quae

1083 2001 1134 2028 est
1157 1996 1345 2029 consolatio
1368 2008 1479 2029 coram
1498 1998 1592 2029 Deo:
1618 2005 1651 2030 et
1673 1998 1841 2030 absolutio
1866 1998 2000 2039 publica
2026 2000 2059 2031 in

1083 2040 1284 2078 criminibuS,
1313 2051 1399 2082 quae
1422 2047 1499 2072 sunt
1522 2042 1663 2073 notoria.
1719 2041 1896 2073 Absolutio
1930 2043 2060 2082 privata

1081 2084 1223 2124 pertinet
1244 2085 1287 2115 ad
1309 2090 1507 2125 potestatem
1531 2085 1666 2116 ordinis.
1711 2085 1746 2115 ln
1770 2085 1833 2117 hac
1856 2090 1970 2125 pastor
1991 2095 2059 2117 non

1083 2132 1133 2157 est
1156 2126 1265 2164 iudex,
1287 2127 1349 2158 sed
1372 2134 1423 2159 est
1445 2128 1592 2159 minister
1615 2126 1787 2170 Evangelii
1817 2127 1946 2159 habens
1969 2138 2059 2159 man·

1083 2169 1212 2209 datum,
1245 2175 1280 2201 ut
1308 2169 1526 2212 Evangelium
1548 2172 1729 2209 annuntiet,
1762 2180 1821 2202 seu
1854 2169 1965 2201 multis
1998 2180 2060 2203 seu

1083 2211 1241 2254 singuliS,
1275 2219 1310 2244 ut
1333 2223 1407 2245 cum
1430 2214 1532 2255 inquit
1556 2213 1725 2246 Christus:
1763 2215 1891 2252 Confide
1911 2215 1969 2252 fili,
1994 2213 2059 2245 Re-

1083 2259 1253 2287 mittuntur
1274 2258 1333 2288 tibi
1348 2262 1482 2297 peccata
1511 2262 1575 2289 tua.
1622 2257 1717 2295 Item,
1750 2259 1899 2288 Remissa
1924 2261 2002 2288 sunt
2027 2257 2061 2288 ei

1079 2303 1224 2339 peccata.
1270 2299 1326 2330 Et:
1356 2302 1454 2332 Fides
1480 2305 1535 2332 lua
1556 2303 1678 2332 salvum
1706 2305 1737 2331 te
1755 2301 1840 2337 fecit.
1906 2299 1978 2331 Hac
2000 2300 2058 2331 ab·

1084 2341 1261 2380 solutione,
1297 2353 1394 2384 quam
1427 2353 1511 2375 voce
1545 2342 1665 2374 Christi
1700 2349 1730 2373 et
1763 2342 1919 2373 mandato
1952 2343 2056 2383 ipsius

1084 2386 1254 2416 annuntiat
1277 2386 1425 2417 minister
1447 2385 1632 2423 Ecclesiae,
1656 2384 1868 2417 confirmatur
1886 2386 2057 2417 conscien-

1083 2429 1129 2459 tia
1158 2434 1191 2459 et
1217 2427 1299 2459 fides
1328 2430 1546 2467 exuscitatur,
1579 2436 1614 2460 ut
1647 2428 1796 2460 homines
1819 2434 1966 2460 statuant
1993 2429 2058 2460 sibi

1084 2471 1202 2502 remitti
1235 2472 1331 2503 etiam
1364 2482 1486 2503 arcana
1518 2477 1654 2512 peccata
1687 2481 1767 2510 sua,
1800 2481 1886 2513 quae
1914 2481 1981 2503 non
2005 2476 2058 2503 est

1083 2524 1226 2546 necesse
1249 2515 1337 2546 scire
1370 2515 1563 2552 ministrum,
1596 2515 1682 2545 sicut
1704 2513 1966 2556 Chrysostomus
1995 2515 2056 2545 ait:

1084 2559 1121 2590 Si
1147 2559 1250 2598 pudet
1279 2563 1311 2590 ee
1342 2560 1488 2597 confiteri
1518 2560 1623 2597 fratri
1653 2562 1722 2592 mo,
1760 2559 1949 2597 Confiteor-is
1978 2559 2056 2598 Deo,

1083 2604 1139 2640 qui
1158 2605 1297 2641 remum,
1318 2611 1382 2633 non
1404 2602 1588 2641 exprobrat.
1622 2599 1796 2633 Absolutio
1818 2611 1901 2633 vero
1923 2598 2055 2642 publica

1816 2662 1847 2685 24
