2324 2958
230 165 287 197 111

227 268 301 290 men
323 256 418 288 Deus
442 256 587 286 servavit
610 254 684 286 illas
713 255 984 292 honestissimas,
1020 259 1052 285 et
1081 251 1200 284 formo-
1226 257 1228 261 ’

228 301 375 332 sissimas
408 304 584 338 matronas,
616 297 772 335 Mariam,
805 303 838 328 et
870 305 1020 329 sororem
1053 296 1135 333 eius,
1168 300 1199 325 et

226 342 308 375 alias
327 342 483 383 virgines,
507 349 592 382 quae
614 350 711 371 manu
733 339 797 372 Dei
820 346 927 371 tectae
950 337 1092 370 suerunt.

312 393 347 424 ld
371 402 524 434 magnum
546 389 606 422 suit
628 389 830 423 miraculum.
852 390 963 432 Atque
984 389 1028 420 ita
1041 388 1198 437 sciamus,

227 446 288 468 nos
311 445 442 477 quoque
466 434 533 475 tegi
557 444 656 466 mauu
678 433 754 472 Dei,
779 441 811 465 et
834 443 899 464 non
923 441 1025 473 posse
1048 430 1198 460 hounnes

226 486 315 510 tutos
338 487 414 509 esse
437 482 562 508 tantum
585 476 736 508 humanis
758 475 941 518 praesidiis,
1008 473 1116 512 Saepe
1139 471 1198 503 ho·
1223 477 1225 508 j

226 522 329 552 mines
363 521 407 551 ita
441 520 604 561 cogitant:
636 519 710 561 Ego
740 517 816 550 volo
836 519 979 559 migrare
1002 516 1032 546 in
1056 514 1199 564 aliquam
1223 509 1226 568 f

225 563 400 600 civitatem,
424 572 509 603 quae
520 568 571 593 est
583 563 716 600 munita,
734 567 766 594 et
783 561 881 592 habet
900 561 1019 591 bonum
1038 566 1196 606 regimen,
1222 578 1225 584 <

225 607 278 637 ubi
304 604 461 637 credibile
491 610 541 636 est
570 603 713 636 futurum
737 614 814 635 esse
837 604 956 634 bonum
979 606 1119 638 statum,
1153 600 1198 631 ibi
1222 585 1225 626 Ι

224 647 301 679 volo
325 646 493 680 collocare
527 657 618 678 meos
652 646 795 684 liberos,
830 651 863 676 ut
896 645 939 675 ibi
973 648 1225 685 permaneant..

223 691 279 722 Sic
303 691 469 732 principes
488 691 648 731 cogitant:
682 688 759 720 volo
793 699 844 719 me
877 687 926 718 sic
958 686 1084 717 munire
1102 694 1197 725 prae·
1222 686 1225 718 ἱ

223 734 327 771 sidiis,
351 740 386 765 ut
408 733 470 764 mei
493 733 616 773 posteri
640 731 784 763 habeant
815 736 941 762 certum
968 727 1111 769 aliquem
1133 733 1197 758 sta-

223 782 301 807 tum.
368 775 437 807 Etsi
469 782 578 807 autem
607 780 658 806 est
689 773 809 815 aliquis
832 771 928 803 locus
952 770 1141 812 diligentiae
1164 775 1197 802 et

222 819 404 859 sapientiae
437 818 616 855 humanae,
649 824 757 848 tamen
776 815 919 847 nondum
938 814 1003 845 hoc
1026 814 1108 844 satis
1133 818 1197 851 est,
1222 836 1224 842 .

221 863 297 902 quia
316 871 381 893 uno
405 866 569 892 momento
592 865 732 900 possunt
754 856 810 889 illa
829 858 937 889 omnia
959 856 1088 887 mutari.
1222 858 1224 865 ’

312 912 429 953 loseph
453 918 486 943 et
508 910 613 942 Maria
638 911 830 942 habitabant
852 909 885 940 in
909 907 1060 939 Galilaea
1083 907 1142 938 tuti
1166 911 1197 938 et

220 954 420 992 incolumes,
450 959 572 985 tantum
596 955 658 985 sub
681 953 886 993 protectione
916 951 1037 982 divina.
1104 948 1197 980 (func
1222 965 1224 970 ·

219 1004 326 1029 autem
351 996 490 1038 profecti
508 1003 586 1028 sunt
608 997 650 1028 ad
674 994 888 1032 Bethlehem,
912 999 946 1025 ut
970 998 1196 1025 censerentur.
1222 1013 1224 1026 2

220 1040 290 1071 lloc
314 1047 364 1072 est
388 1040 625 1077 testimonium,
659 1039 747 1080 quod
775 1037 895 1069 tuerint
925 1047 965 1068 ex
995 1036 1087 1074 tribu
1105 1035 1195 1066 luda.

220 1083 316 1118 Quod
343 1092 458 1114 rursus
483 1083 633 1113 cono-ruit
655 1082 697 1112 ad
710 1081 863 1112 vaticinia
881 1079 1086 1121 prophetica,
1111 1087 1197 1120 quae
1222 1088 1224 1111 J

218 1136 283 1157 non
303 1126 435 1157 dubium
471 1131 521 1156 est
545 1106 619 1155 filos
638 1123 854 1160 intellexisse,
888 1123 974 1154 sicut
997 1121 1059 1162 ipsi
1082 1120 1196 1153 Phari·
1222 1133 1223 1144 1

217 1169 297 1205 saei,
331 1168 522 1210 interrogati
557 1168 598 1199 ab
632 1167 776 1205 Herode,
810 1166 866 1197 ubi
890 1165 1082 1197 nasciturus
1106 1170 1197 1196 essct

217 1209 380 1249 Christus,
403 1212 570 1242 nominant
592 1211 785 1242 Bethlehem.

303 1259 543 1293 Consideretur
570 1267 678 1293 autem
709 1260 864 1292 distantia
882 1258 1042 1291 locorum.
1086 1258 1195 1291 Naza-
1220 1265 1223 1288 :

215 1303 288 1335 reth
319 1305 435 1336 dissita
468 1310 538 1336 erat
561 1314 580 1336 a
609 1303 823 1345 ierosolymis
851 1301 1031 1335 miliaribus
1065 1301 1195 1335 circiter

216 1345 266 1378 19.
334 1347 406 1379 Fuit
430 1347 667 1389 propemodum
698 1343 927 1385 intervallum,
986 1350 1120 1378 uantum
1143 1350 1195 1377 est

210 1389 302 1422 inter
330 1389 568 1431 Wittebergam
592 1395 625 1422 et
646 1388 843 1422 Erfordiam.
910 1388 973 1421 Bet
998 1387 1106 1420 lehem
1136 1389 1194 1420 ab-

211 1430 273 1463 fuit
307 1443 327 1465 a
360 1432 573 1476 lerosolymis
607 1443 668 1465 sex
701 1431 885 1465 miliaribus
918 1430 1053 1471 Italicis,
1086 1436 1122 1463 ut
1149 1431 1194 1463 ait

212 1474 445 1518 Hierony-nm,
480 1477 512 1508 id
547 1482 610 1515 est,
638 1475 779 1508 nostrati
812 1473 948 1514 miliari,
983 1480 1016 1507 et
1049 1474 1194 1514 dimidio,

215 1528 352 1559 quarum
387 1526 438 1551 est
471 1519 613 1561 spatium
647 1518 717 1551 sere
749 1519 834 1551 inter
867 1517 1125 1560 Wittebergam,
1161 1523 1194 1550 et

214 1560 446 1605 Kembergam,
469 1560 523 1594 vel
545 1561 644 1604 paulo
667 1560 819 1603 amplius.

300 1612 377 1645 Ideo
412 1619 672 1646 consentaneum
702 1619 770 1652 est,
802 1618 995 1655 pertempus
1027 1611 1193 1654 puerperii

211 1655 331 1687 multos·
355 1663 494 1689 sanctos
516 1657 649 1689 venisse
671 1657 712 1688 ad
736 1657 874 1688 Mariam
897 1666 938 1687 ex
968 1653 1193 1697 lerosonmis,

212 1698 418 1737 Zachariam,
443 1697 628 1738 Elizabeth,
652 1705 683 1732 et
701 1698 797 1731 alios.
823 1699 908 1735 Quia
932 1699 996 1731 iam
1008 1696 1098 1730 fama
1117 1707 1192 1730 coc-

213 1749 305 1782 perat
340 1743 453 1784 spargi
489 1748 600 1775 natum
634 1753 712 1774 esse
743 1742 912 1774 Messinm.
981 1738 1222 1784 Patefecerat1

213 1784 305 1816 Deus
329 1785 438 1816 statim
462 1795 521 1826 per
554 1784 692 1827 angelos
725 1786 928 1817 nativitatem
962 1782 1019 1816 tilii
1052 1783 1121 1816 sui:
1151 1781 1194 1814 Et

213 1835 367 1869 pastores
386 1829 532 1860 nuntium
557 1826 638 1860 illud
661 1827 760 1870 longe
783 1827 915 1870 lateque
938 1827 1193 1868 dissipaverant.

305 1878 498 1921 Cogitemus
522 1879 631 1921 igitur,
651 1886 774 1921 quanta
796 1879 920 1911 laetitia
944 1886 1021 1910 tunc
1039 1876 1138 1909 fuerit
1160 1877 1193 1908 in

212 1921 331 1952 animis
366 1929 570 1960 sanctorum,
601 1923 663 1954 etsi
698 1923 740 1955 de
769 1921 873 1965 reguo
897 1921 1020 1954 Christi
1045 1920 1100 1953 alii
1118 1919 1192 1952 aliis

215 1963 288 2005 plus
310 1963 552 1997 intellexerunt.

300 2007 493 2049 Cogitemus
517 2008 624 2046 etiam,
647 2018 714 2039 non
738 2007 823 2040 velle
847 2007 972 2046 Deum,
1006 2005 1193 2038 Ecclesiam

212 2060 305 2081 suam
329 2060 407 2082 esse
430 2051 588 2093 ignotam,
621 2051 680 2082 sed
716 2050 802 2083 velle
827 2050 976 2092 conspici
1006 2049 1193 2081 testimonia

213 2093 253 2124 de
276 2094 427 2125 omnibus
445 2092 594 2126 articulis
617 2093 702 2125 fidei.
750 2094 798 2125 lta
820 2101 898 2126 tunc
919 2092 1023 2126 voluit
1035 2093 1112 2124 sciri
1136 2102 1192 2123 ua·

213 2143 279 2167 tum
303 2145 380 2168 esse
403 2136 581 2168 Messium:
605 2135 726 2179 Angeli
760 2137 971 2169 annuntiant:
1002 2137 1193 2175 Emnaelizo

212 2181 297 2210 robis*
316 2180 471 2218 amulium
494 2189 662 2219 mannum:
686 2179 844 2212 Pastores
858 2180 936 2211 daut
958 2178 1192 2215 testimonium,

210 2223 297 2263 quod
322 2223 484 2254 audierint
506 2232 625 2254 vocem
647 2222 842 2265 angelicam.
869 2222 944 2264 ipsa
967 2223 1062 2254 etiam
1087 2220 1191 2252 Maria

210 2271 241 2295 et
267 2264 384 2307 loseph
410 2265 594 2297 habuerunt
617 2275 678 2297 sua
701 2266 909 2303 testimonia,
943 2264 1027 2301 Quia
1050 2262 1191 2306 angelus

209 2308 337 2340 dixerat
360 2308 389 2339 ei
415 2307 569 2340 infantem
593 2309 689 2340 istum
714 2319 790 2341 essc
803 2308 973 2345 Messium,
996 2314 1029 2340 et
1052 2317 1093 2338 nc
1110 2307 1191 2338 abii-

211 2357 299 2382 cerct
324 2351 511 2393 coniugem,
535 2352 623 2393 quod
647 2359 736 2384 esset
761 2352 908 2393 gravida.
954 2350 1059 2382 Maria
1087 2348 1191 2382 collo-

211 2400 286 2425 cuta
309 2402 377 2425 erat
403 2405 477 2426 cum
501 2393 622 2436 angelo
646 2401 677 2426 et
695 2387 823 2427 sciehat
847 2404 886 2427 se
898 2394 1096 2435 concepisse
1119 2393 1191 2424 sine

211 2437 293 2468 viro.
360 2436 401 2468 Et
425 2437 570 2469 habehat
599 2438 785 2470 testimonia
809 2437 911 2470 multa
937 2438 968 2469 in
989 2436 1092 2469 corde
1115 2446 1190 2467 suo.

211 2480 438 2512 Accesserant
464 2490 627 2512 successu
651 2482 808 2522 temporis
828 2487 859 2512 et
881 2479 936 2513 alli
959 2479 1051 2512 multi
1075 2485 1191 2517 testes,

212 2521 312 2564 Magi,
337 2524 482 2561 Simeon,
508 2523 637 2562 llauna,
660 2523 783 2556 Horum
808 2533 911 2556 voces
934 2529 1010 2556 sunt
1029 2531 1190 2564 propaga-

212 2573 264 2597 tae
283 2573 315 2597 et
339 2567 463 2608 passim
487 2576 627 2607 sparsae
650 2568 693 2598 ad
716 2565 848 2599 multos.
894 2566 936 2599 Et
959 2567 1083 2607 scripta
1115 2570 1191 2596 sunt

213 2610 276 2640 ista
311 2617 447 2650 propter
476 2620 550 2648 nos,
581 2617 615 2641 ut
651 2610 732 2643 tides
767 2611 797 2642 in
831 2610 930 2642 nobis
965 2608 1191 2642 confirmetur.

861 159 970 194 PHIL.
993 159 1095 192 MEL.
1120 158 1307 192 SCRIPTA
1328 156 1591 189 EXEGETICA.

1222 647 1225 654 ¹
1249 634 1379 665 urbium
1397 635 1602 667 eversiones.

1222 804 1224 825 ἵ
1250 804 1362 836 domat
1384 811 1513 845 gentes,

1222 983 1223 988 ¹
1249 980 1285 1006 ut
1307 981 1479 1016 pastorum
1501 978 1650 1009 narratio
1673 987 1694 1008 a
1715 977 1827 1010 multis
1849 985 1962 1019 spreta
1984 978 2054 1011 tuit.

2169 159 2230 192 112

1253 250 1336 282 Nam
1370 249 1601 283 universaliter
1634 250 1786 293 exemplo
1814 252 2036 283 membrorum
2057 252 2231 287 Ecclesiae

1253 292 1467 325 confirmatur
1491 293 1574 325 fides
1593 294 1634 325 de
1657 295 1808 326 omuibus
1826 292 1985 326 articulis.

1339 335 1406 367 Sed
1440 337 1688 369 consideremus
1722 335 1818 369 simul
1853 336 2145 370 dissimilitudinem
2166 338 2230 372 Ec-

1224 386 1227 404 :
1253 376 1377 409 clesiae
1400 383 1433 410 et
1450 378 1675 421 Imperiorum.
1720 379 1794 411 Non
1818 380 1868 410 sic
1896 381 2067 412 incurrunt
2095 381 2128 412 in
2152 392 2230 415 ocu-

1251 419 1316 471 105Ξ
1349 431 1433 471 quae
1465 422 1498 453 in
1528 421 1681 454 Ecclesia
1705 428 1876 464 geruntur,
1908 428 1943 454 ut
1966 433 2017 462 ea,
2040 434 2126 464 quae
2149 425 2231 457 fiunt

1251 473 1283 494 m
1306 464 1462 504 imperiis.

1337 505 1419 538 Cum
1453 505 1643 539 Alexander
1677 518 1749 539 cum
1783 516 1846 538 suo
1875 508 2024 539 exercitu
2047 510 2149 541 currit
2169 520 2230 552 per

1250 553 1352 580 totam
1373 549 1502 588 Asiam,
1525 560 1639 582 omnes
1652 556 1770 592 gentes
1782 550 1894 581 vident
1915 549 2007 582 illum
2030 553 2228 585 exercitum:

1250 590 1474 632 Experiuntur
1496 593 1702 624 vastationes
1725 593 1970 634 provinciarum
1993 600 2024 625 et
2036 605 2230 637 magnarum

1649 634 1758 678 Cyrus
1781 637 1805 667 it
1827 647 1887 676 per
1910 636 2090 675 Orientem,
2114 639 2231 670 evertit

1249 677 1283 707 in
1305 675 1388 708 Asia
1410 676 1531 709 multas
1554 683 1587 710 et
1609 688 1747 721 magnas
1770 679 1883 710 urbes.
1928 677 2031 712 Iulius
2052 681 2155 712 currit
2171 690 2231 723 per

1222 735 1224 748 =.
1249 717 1388 757 ltaliam,
1411 729 1430 750 a
1453 718 1558 752 Roma
1579 730 1688 763 usque
1710 722 1752 753 ad
1775 721 2008 754 Brundusium.
2053 722 2132 755 Inde
2143 725 2230 756 traii-

1251 762 1295 792 cit
1317 761 1349 792 in
1371 761 1590 794 Thessaliam.
1634 764 1732 796 Victo
1756 764 1913 806 Pompeio
1937 772 2079 807 occupat
2100 766 2230 806 Asiam,

1557 804 1650 837 Talia
1671 809 1843 839 incurrunt
1865 807 1899 839 iu
1923 806 2052 840 oculos

1336 846 1408 878 Etsi
1430 853 1538 879 autem
1561 847 1713 881 Ecclesia
1735 860 1867 892 quoque
1886 851 2101 892 conspicitur,
2118 856 2230 884 tamen

1222 892 1224 919 ἰ
1249 899 1316 921 non
1338 890 1404 921 isto
1428 891 1527 922 modo
1562 892 1776 932 conspicitur,
1810 899 1842 924 et
1877 900 2129 926 contemnuntur
2162 903 2230 933 res,

1249 942 1335 974 quae
1358 933 1390 963 in
1414 932 1567 965 Ecclesia
1589 934 1671 966 fiunt
1693 942 1827 976 propter
1843 946 2008 977 personas
2031 935 2229 1011 imbegilles,

2150 990 2230 1012 van·

1222 1031 1224 1038 r
1249 1016 1369 1061 gelista
1393 1025 1501 1050 tamen
1525 1019 1589 1058 ait,
1618 1022 1757 1052 Mariam
1789 1030 2000 1054 conservasse
2033 1023 2140 1055 omnia
2157 1023 2230 1063 ista,

1248 1066 1281 1093 et
1296 1063 1470 1094 contulisse
1492 1066 1526 1093 m
1548 1064 1644 1094 corde
1665 1073 1734 1095 suo.
1802 1063 1999 1105 Quanquam
2027 1066 2113 1096 enim
2141 1066 2230 1106 apud

1248 1105 1353 1146 ipsam
1376 1110 1474 1136 antea
1492 1103 1600 1137 fuerat
1617 1104 1782 1147 Angelus,
1805 1112 1839 1137 et
1861 1107 1933 1148 ipsa
1945 1107 2073 1138 sciebat
2091 1117 2130 1139 se
2153 1117 2231 1140 con·

1222 1157 1223 1171 ³
1249 1148 1382 1188 cepisse
1405 1149 1478 1179 sine
1501 1148 1586 1186 viro,
1609 1154 1719 1180 tamen
1733 1148 1929 1181 confirmata
1951 1155 2004 1182 est
2027 1149 2166 1182 aliorum
2184 1156 2231 1182 te-

1221 1210 1223 1222 .
1248 1191 1423 1228 stimoniis,
1445 1196 1478 1223 et
1499 1190 1560 1223 suit
1583 1192 1613 1223 ei
1634 1190 1766 1224 facilius
1789 1191 1936 1233 profiteri
1948 1194 2132 1232 veritatem,
2156 1203 2232 1226 cum

1220 1231 1223 1263 ἐ
1248 1233 1373 1266 audivit
1396 1232 1515 1265 similia
1537 1243 1578 1265 ex
1601 1233 1686 1266 aliis.

1334 1276 1402 1308 Isto
1426 1276 1580 1318 exemplo
1605 1287 1814 1316 moveamur,
1849 1284 1885 1310 ut
1912 1279 1954 1309 sit
1977 1278 2009 1310 in
2029 1279 2127 1310 nobis
2150 1289 2231 1320 quo-

1248 1329 1313 1361 que
1335 1320 1478 1352 studium
1501 1320 1736 1352 considerandi
1766 1321 1953 1353 testimonia
1981 1321 2102 1353 divina.
2147 1321 2232 1354 Tota

1247 1361 1413 1402 Ecclesia,
1447 1368 1479 1394 et
1511 1372 1574 1395 nos
1609 1363 1733 1406 singuli
1756 1363 1915 1396 debemus
1948 1364 2082 1403 audire,
2105 1363 2232 1407 legere,

1248 1406 1463 1438 considerare
1484 1406 1670 1438 testimonia
1688 1416 1708 1438 a
1726 1405 1802 1438 Deo
1824 1412 2020 1445 monstrata,
2042 1407 2142 1449 idque
2163 1417 2232 1440 non

1246 1449 1345 1480 modo
1368 1454 1403 1480 ut
1426 1449 1652 1481 certitudinem
1676 1448 1751 1481 fidei
1775 1449 2021 1489 confirmemus,
2048 1451 2110 1482 sed
2133 1451 2232 1484 etiam

1246 1497 1282 1524 ut
1304 1491 1402 1524 simili
1425 1492 1524 1524 modo
1542 1492 1641 1525 nobis
1664 1491 1870 1534 applicemus
1894 1493 2057 1526 beneficia
2079 1493 2154 1526 Dei.

1430 1655 1695 1698 Canticum
1728 1657 2064 1711 Angelorum..

1331 1746 1420 1779 Volo
1443 1753 1552 1779 autem
1574 1746 1698 1789 aliquid
1721 1747 1845 1779 addere
1868 1747 1909 1778 de
1933 1746 2071 1779 Cantico
2094 1747 2229 1791 augelo-

1244 1800 1328 1822 rum.
1375 1789 1544 1828 Videmus,
1567 1797 1690 1832 quanta
1712 1791 1753 1821 sit
1777 1789 1902 1822 laetitia
1925 1789 2133 1832 angelorum.
2163 1790 2230 1834 {psi

1246 1843 1313 1865 non
1335 1838 1414 1865 sunt
1435 1834 1614 1874 redempti,
1647 1834 1723 1875 quia
1749 1832 1835 1864 filius
1858 1832 1923 1865 Dei
1942 1834 2079 1865 mittitur
2100 1834 2144 1866 ad
2167 1844 2230 1867 nos

1245 1876 1396 1908 homines
1430 1874 1634 1914 liberandos,
1669 1877 1755 1908 sicut
1784 1877 1916 1908 dicitur:
1948 1879 2105 1917 parmlus
2134 1882 2230 1911 natm

1246 1923 1297 1951 esc
1312 1920 1426 1951 nobie.-
1448 1919 1490 1950 Et
1513 1926 1620 1950 tamon
1641 1918 1832 1951 mirabiliter
1854 1918 2018 1951 laetantur
2029 1918 2230 1962 anvelipro-

1246 1968 1320 2003 pter
1344 1967 1492 1993 nostram
1515 1961 1667 1994 salutem.
1713 1961 1798 1994 Sunt
1823 1963 1908 1994 enim
1932 1961 2075 2004 Spiritus
2111 1961 2230 1995 umiles

1246 2010 1278 2036 et
1302 2003 1439 2037 benefici
1453 2027 1462 2043 ,
1492 2015 1559 2037 non
1584 2012 1659 2037 sunt
1682 2006 1836 2046 superbi,
1859 2004 2002 2037 libenter
2025 2006 2176 2038 serviunt
2198 2012 2230 2038 ct

1245 2048 1309 2089 ipsi
1343 2047 1496 2085 Christo,
1531 2055 1563 2079 et
1597 2048 1774 2080 universae
1809 2047 1994 2087 Ecclesiae,
2018 2049 2230 2090 quantumvis

1245 2093 1311 2122 sint
1334 2089 1538 2123 excellentes
1562 2098 1706 2123 naturae.
1733 2091 1858 2123 Contra
1880 2091 2081 2133 experimur,
2105 2098 2228 2134 quanta

1245 2134 1287 2165 sit
1309 2132 1496 2170 insolentia.
1521 2140 1645 2176 quanta
1667 2134 1869 2176 superbiuin
1881 2134 2079 2166 hominibus.
2104 2136 2230 2167 Omnes

1245 2175 1396 2209 volumus
1430 2187 1505 2209 essu
1539 2177 1674 2209 smumi:
1708 2187 1774 2208 non
1808 2175 1963 2209 volumus
1997 2177 2118 2209 cedere
2141 2176 2229 2210 aliis.

1245 2219 1350 2251 Huius
1373 2221 1549 2261 superbiae
1572 2221 1697 2261 pudere
1715 2230 1777 2252 nos
1808 2221 1924 2259 debet,
1958 2221 2090 2261 quoties
2121 2221 2229 2253 consi-

1245 2263 1398 2295 deramus
1422 2273 1580 2295 summam
1605 2262 1819 2295 humilitatem
1843 2262 1899 2295 filii
1927 2261 2011 2301 Dei,
2045 2263 2125 2295 ltem
2159 2263 2229 2295 An·

1246 2304 1414 2348 gelorum,
1448 2307 1503 2348 qui
1537 2307 1691 2338 deiiciuut
1720 2316 1759 2338 se
1781 2305 1866 2338 infra
1885 2316 1968 2344 noS‚
1997 2315 2064 2338 non
2082 2306 2230 2338 invident

1245 2349 1353 2387 uobis,
1377 2349 1437 2380 sed
1462 2348 1669 2391 gratulantur
1692 2357 1829 2381 nostrae
1851 2348 1960 2382 saluti.
2008 2348 2139 2382 Cauunt
2156 2348 2228 2391 pul-

1245 2391 1358 2423 chram
1389 2392 1598 2430 cantilenam,
1627 2403 1693 2434 qua
1727 2391 1896 2425 celebrant
1931 2393 2108 2431 beneficia,
2141 2401 2228 2435 que

1245 2435 1363 2466 dautur
1385 2445 1443 2475 per
1467 2435 1553 2467 hunc
1577 2434 1687 2468 filium.

1332 2477 1474 2510 Primum
1488 2479 1632 2511 tribuunt
1651 2481 1789 2518 ⁸olm-iam
1808 2480 1886 2516 Deo,
1905 2478 1983 2520 quia
2006 2484 2134 2510 tantum
2156 2475 2228 2520 glo·

1245 2520 1393 2552 rificatur
1416 2519 1508 2553 Deus
1533 2522 1564 2553 in
1589 2531 1712 2563 genere
1734 2522 1877 2553 humano
1900 2522 2013 2563 agnito
2044 2519 2130 2560 filio,
2164 2530 2229 2553 eeu

1244 2574 1303 2637 per
1327 2565 1414 2595 huuc
1439 2563 1537 2596 tilium
1562 2564 1751 2597 exhibitum.
1783 2565 1870 2600 Quid
1892 2571 1944 2596 est
1965 2570 2075 2596 autem
2097 2561 2228 2608 gloria?

1263 2605 1503 2640 ‘undamentum
1539 2606 1666 2651 gloriae
1694 2614 1772 2640 sunt
1803 2617 1919 2640 onmes
1954 2608 2091 2640 virtutes
2135 2613 2228 2640 recte
