2324 2958
73 166 137 199 345

755 159 970 191 PosTtLLA
998 157 1394 190 MELANTHONIANA.

68 259 230 293 dimidium
251 253 346 292 sicli,
381 261 539 295 quantum
562 253 701 294 quisque
724 254 902 294 quotannis
932 262 1041 284 nume·
1067 255 1069 276 ἲ

69 304 164 335 rabat
183 295 312 339 templo.
370 296 522 336 Quinque
546 294 625 327 Sicli
660 301 737 327 sunt
765 296 830 326 duo
853 294 987 327 Thaleti
1011 301 1043 327 et

72 343 229 378 dimidius.
251 364 254 367 Α
284 339 358 370 Fuit
391 339 569 370 mediocris
593 347 720 370 summa
749 338 921 379 pecuniae,
945 339 972 369 si
997 338 1043 369 vi-

72 386 147 431 ginti
168 382 266 416 millia
289 392 443 413 numeres
456 381 748 423 primogenitorum
772 379 911 422 singulis
934 381 1042 417 annis,

72 429 145 473 quia
174 426 359 457 habuerunt
391 423 511 455 multas
539 422 713 461 mulieres,
747 430 779 455 et
812 423 943 454 fuerunt
977 422 1044 454 soe-

72 470 166 505 cundi
188 468 311 506 ludaei,
334 473 401 499 tum
423 477 490 499 uno
509 477 596 498 anno
619 466 738 497 50000.
763 465 964 498 thalerorum
987 476 1045 507 po-

71 517 208 546 tuerunt.
221 510 344 552 colligi.

153 554 220 585 lam
254 562 452 595 quaeramus
491 551 636 583 rationes
678 551 772 583 huius
807 550 892 593 legis
906 574 915 589 ‚
960 562 1045 593 quae

69 597 164 630 etiam
187 602 265 627 sunt
288 596 407 637 partim
429 594 564 635 utilium,
587 594 705 635 partim
725 594 937 636 significatio,
961 604 1046 635 quae

67 644 119 672 est
140 637 324 680 multiplex.
369 637 433 673 Qui
457 638 535 669 dant
553 647 686 678 operam
711 637 818 668 studio
840 637 931 675 iuris,
955 638 1046 678 cogi-

69 687 136 714 tent
160 683 248 724 quod
272 681 366 722 leges
390 681 455 711 sint
478 680 638 721 sapientia
656 678 731 717 Dei,
756 687 788 711 et
811 680 899 720 quod
923 690 1045 711 causae

67 724 179 767 legum
204 724 413 766 quaerendae
436 724 512 754 sint.
545 723 619 753 Fuit
641 723 740 764 igitur
757 722 890 760 utilitas,
913 728 949 754 ut
971 722 1046 753 inde

67 766 234 800 alerentur
256 767 463 804 sacerdotes,
487 771 519 797 et
541 771 798 797 conservaretur
820 765 1045 803 ministerium,

67 811 144 852 quia
165 809 259 842 Deus
285 808 390 841 voluit
412 808 608 840 sacerdotes
631 806 675 839 ali
698 808 739 839 de
761 807 901 849 publicis
925 808 1045 839 contri-

68 854 268 885 butionibus.
313 853 389 883 Non
413 852 498 883 enim
521 851 688 883 habebant
716 852 965 892 possessionem
989 851 1046 881 bo-

67 905 195 934 norum,
219 905 327 937 neque
349 894 471 926 licebat
494 895 542 925 eis
566 903 675 925 emere
699 903 813 936 agros,
850 893 963 925 Voluit
987 893 1046 934 igi-

68 943 121 970 tur
142 938 236 970 Deus
262 939 410 969 victitare
433 947 492 968 eos
516 948 556 968 ex
579 937 718 967 victimis
749 942 781 967 et
810 935 1045 973 oblationibus,

68 983 155 1013 sicut
187 979 419 1013 universaliter
453 990 567 1011 omnes
601 979 761 1020 primitiae
794 979 923 1011 dandae
953 983 1046 1010 erant

69 1025 312 1061 sacerdotibus,
334 1030 368 1055 ut
393 1024 467 1054 inde
490 1023 651 1054 haberent
670 1023 803 1053 victum.

157 1066 249 1099 Haec
274 1076 376 1098 causa
399 1072 508 1097 monet
541 1076 604 1096 nos
628 1075 777 1106 quoque,
812 1065 901 1106 quod
924 1062 1045 1105 singuli

69 1109 250 1141 debeamus
296 1108 448 1141 conferre
502 1107 624 1149 aliquid
669 1108 711 1138 ad
757 1107 1045 1139 conservationem

68 1152 237 1183 ministerii
261 1151 393 1193 publici.
439 1151 597 1182 Homines
620 1151 751 1180 barbari
769 1149 911 1181 clamant
928 1150 1043 1181 hodie:

66 1194 207 1226 Nimium
231 1201 294 1233 est,
319 1194 407 1235 quod
430 1193 582 1234 penditur
608 1193 765 1223 ministris
788 1192 979 1230 Ecclesiae,
1013 1197 1045 1223 et

66 1236 267 1269 scholarum.
313 1237 379 1269 Sed
404 1236 493 1278 quod
516 1241 650 1277 propter
673 1236 855 1272 avaritiam,
880 1241 911 1266 et
935 1235 1044 1266 odium

68 1280 251 1319 ministerii,
286 1290 352 1311 non
385 1278 501 1311 volunt
535 1278 649 1320 largiri
683 1279 873 1319 pastoribus
909 1284 941 1309 et
970 1277 1044 1309 aliis

65 1323 234 1362 ministris,
257 1323 377 1365 quibus
407 1323 569 1354 debentur
598 1331 680 1352 suae
709 1322 890 1359 mercedes,
920 1331 1044 1361 cogun-

65 1372 119 1396 tur
140 1372 259 1407 postea
282 1366 362 1396 dare
385 1363 476 1405 aliis,
499 1369 534 1396 ut
556 1363 723 1402 militibus,
756 1369 813 1395 aut
836 1363 910 1395 aliis
933 1370 1044 1405 tyran-

65 1409 130 1447 nis,
153 1409 239 1440 sicut
261 1408 394 1440 dicitur:
429 1408 520 1445 Quod
547 1417 610 1438 non
639 1410 726 1447 capit
755 1407 918 1446 Chri-stus,
958 1409 1047 1447 rapit

63 1452 169 1490 fismts.

151 1501 420 1543 Significationes
444 1499 528 1542 legis
550 1499 646 1531 huius
670 1499 782 1542 plures
798 1498 940 1532 suerunt.
975 1499 1044 1531 Sed

64 1544 167 1585 prima
191 1550 223 1575 et
245 1543 438 1585 principalis
462 1542 661 1585 significatio
685 1543 743 1575 fuit
758 1566 767 1581 ,
801 1550 835 1575 ut
862 1553 922 1584 per
943 1543 1042 1574 istum

63 1587 160 1618 ritum
183 1587 335 1618 homines
359 1585 667 1625 commonefierent,
699 1586 789 1627 quod
819 1584 874 1617 ille
897 1585 1042 1627 populus

63 1629 247 1661 immediate
280 1630 405 1660 serviat
439 1628 524 1659 Deo.
581 1627 665 1659 Nam
700 1630 780 1660 dare
812 1629 1041 1669 primogenita,

63 1678 113 1703 est
137 1672 356 1703 testimonium
381 1671 559 1703 servitutis.
616 1670 703 1702 Olim
737 1671 893 1713 quicquid
917 1672 949 1702 in
972 1681 1040 1702 ser-

63 1715 166 1746 vitute
188 1716 401 1753 nascebatur,
426 1719 497 1745 erat
517 1713 660 1745 Domini.
717 1714 839 1745 Postea
871 1715 927 1745 ubi
960 1714 1041 1745 miti-

63 1764 142 1801 gata
165 1764 215 1789 est
239 1758 394 1796 servitus,
416 1757 669 1799 primogenitum
692 1762 763 1788 erat
775 1756 918 1788 Domini.
965 1758 1039 1788 Ser-

62 1801 151 1832 vitus
176 1801 240 1839 beist
265 1799 501 1841 lcibeiqew'dmfft,
525 1806 557 1831 et
581 1800 669 1831 servi
692 1805 768 1831 sunt
791 1799 963 1841 ssctbcigcnc.
1004 1800 1039 1831 ln

61 1843 232 1880 Bohemia,
258 1842 477 1883 westphalia,
499 1842 635 1880 Suevia,
659 1849 691 1873 et
708 1841 782 1873 aliis
807 1843 837 1873 in
863 1842 959 1882 locis,
983 1843 1039 1875 ubi

61 1892 139 1918 sunt
160 1886 302 1928 vestigia
321 1886 475 1926 antiquae
498 1885 685 1923 servitutis,
713 1885 822 1917 adhuc
850 1884 930 1917 illud
953 1896 1038 1918 onus

61 1927 222 1970 reliquum
257 1935 318 1960 est.
373 1928 408 1959 Si
441 1928 514 1969 quis
548 1929 754 1960 subditorum
788 1927 865 1959 velit
894 1940 932 1960 se
961 1939 1038 1960 con-

61 1971 148 2004 ferre
170 1970 254 2009 alio,
286 1972 315 2002 is
337 1972 468 2013 cogitur
491 1980 528 2002 se
550 1971 720 2010 redimere,
742 1978 776 2003 ut
801 1973 907 2012 possit
930 1983 1038 2003 eman-

62 2015 172 2056 cipari.
219 2014 287 2045 Sed
322 2020 355 2045 et
387 2014 511 2055 primus
534 2020 648 2055 partus
677 2024 948 2057 quorumcunque
971 2015 1038 2047 ani-

61 2056 194 2088 malium
229 2057 382 2098 penditur
404 2056 559 2094 Domino,
594 2057 648 2088 ubi
684 2063 735 2088 est
767 2058 940 2090 moderata
969 2068 1038 2090 ser·

62 2101 159 2131 vitus.

147 2159 255 2191 Turca
290 2159 466 2201 quotannis
501 2159 595 2190 mittit
619 2161 875 2201 conquisitores,
904 2160 958 2202 qui
982 2159 1038 2192 eli-

61 2210 141 2244 gunt
164 2212 207 2233 ex
230 2203 381 2233 omnibus
396 2200 528 2233 familiis
552 2200 818 2243 elegantissimos
842 2202 1036 2235 adolescen-

61 2251 112 2276 tes
136 2251 168 2276 et
198 2244 344 2285 puellas,
381 2251 412 2275 et
447 2245 614 2276 abducunt
648 2256 707 2277 eos
740 2247 782 2277 ad
815 2245 968 2278 libidines
1003 2252 1036 2278 et

59 2288 273 2329 impietatem,
309 2294 362 2318 aut
387 2287 415 2318 si
438 2293 513 2318 sunt
537 2287 645 2318 idonei
668 2288 710 2318 ad
733 2288 888 2330 militiam,
921 2299 1035 2323 assue-

59 2328 185 2363 faciunt
225 2331 265 2361 ad
304 2329 393 2361 bella
433 2337 548 2361 contra
581 2328 797 2363 Christianos.
853 2331 944 2364 Haec
985 2338 1035 2364 est

60 2373 158 2405 valde
181 2374 303 2404 misera
325 2378 355 2403 ct
378 2373 482 2404 tristis
503 2373 659 2404 servitus.

146 2432 219 2464 Hoc
242 2433 340 2475 igitur
362 2433 570 2474 significabat
603 2431 659 2463 illa
692 2432 764 2472 lex,

62 2475 120 2507 illa
143 2482 233 2506 esset
257 2485 369 2512 serva,
391 2476 566 2516 etquidem
589 2474 652 2506 Dei
667 2474 784 2514 solius,
804 2483 959 2518 excerpta
993 2488 1034 2509 ex

60 2523 130 2550 toto
163 2528 286 2560 genere
320 2517 463 2549 humano
497 2519 540 2549 ad
571 2517 658 2550 hanc
691 2519 894 2551 servitutem.
948 2520 1033 2552 Nam

59 2559 153 2592 Deus
190 2559 278 2592 hunc
313 2559 469 2602 populum
509 2571 590 2602 prae
628 2562 768 2593 caeteris
807 2563 959 2603 gentibus
1000 2565 1030 2595 in

59 2613 181 2644 genere
202 2601 346 2635 humano
368 2603 429 2635 sibi
453 2601 611 2646 elegerat.

799 2434 887 2475 quod
920 2433 1034 2475 politia

2015 158 2079 191 346

1190 252 1343 283 Secunda
1377 252 1572 293 significatio
1614 260 1664 284 est
1706 252 1903 284 correlativa
1947 254 2078 293 prioris.

1103 296 1196 327 Sicut
1229 295 1314 326 haec
1336 295 1480 326 servitus
1503 304 1562 326 seu
1585 295 1667 327 titus
1690 296 1769 334 iste,
1803 295 1857 337 qui
1887 302 1957 327 erat
1988 296 2079 326 testi·

1101 338 1245 370 monium
1280 337 1470 375 servitutis,
1502 339 1657 369 monebat
1691 338 1779 369 hunc
1812 338 1970 378 populum
2004 348 2079 369 esse

1099 381 1266 422 proprium
1299 379 1457 422 populum
1490 379 1572 417 Dei,
1614 381 1658 411 ita
1693 380 1903 422 significabat
1943 381 2078 423 primam

1100 434 1213 455 curam
1236 424 1359 455 debere
1393 432 1469 454 esse
1504 423 1647 454 omnium
1681 423 1848 454 hominum
1877 425 1908 455 in
1932 425 1997 455 isto
2021 434 2078 465 po·

1097 466 1193 508 pulo,
1227 472 1262 497 ut
1295 466 1403 497 Deum
1432 472 1634 507 agnoscant,
1669 466 1797 497 discant
1831 467 2013 498 doctrinam
2037 467 2078 498 de

1098 509 1190 547 Deo,
1225 509 1380 541 obediant
1413 508 1461 544 ei,
1496 514 1675 540 exerceant
1710 508 1818 540 cultus
1841 519 1861 540 a
1884 509 1959 541 Deo
1990 520 2078 540 man-

1098 553 1207 583 datos.

1184 594 1244 625 Est
1278 599 1387 626 autem
1422 592 1607 624 consolatio
1643 604 1763 635 magna
1792 594 1879 624 scire
1911 604 1974 625 nos
1999 604 2078 626 esse

1098 637 1262 678 peculium
1285 636 1360 675 Dei,
1385 642 1417 667 et
1440 642 1614 678 expectare
1636 647 1655 667 a
1678 636 1752 668 Deo
1775 637 2013 678 protectionem
2038 647 2078 668 ac

1099 680 1336 712 defensionem.
1393 679 1458 711 Sed
1483 679 1628 710 vicissim
1651 680 1809 711 debemus
1834 680 1929 710 etiam
1952 679 2079 710 moneri

1099 724 1140 755 de
1163 723 1330 765 agnitione
1353 721 1415 753 Dei
1449 727 1482 753 et
1504 722 1691 753 obedientia
1727 724 1755 754 ei
1779 722 1898 754 debita.
1951 721 2078 764 Singuli

1098 766 1292 797 scholastici
1315 766 1386 796 sive
1415 770 1591 796 versentur
1624 766 1656 796 in
1691 766 1800 797 studio
1826 765 2078 803 Grammafices,

1099 810 1170 840 sive
1192 810 1225 839 in
1249 808 1358 839 studio
1371 807 1466 846 luris,
1488 808 1559 839 sive
1583 808 1614 839 in
1633 809 1742 839 studio
1766 808 1945 850 physices:
1970 814 2077 838 tamen

1098 851 1221 893 aliquid
1246 861 1346 883 curae
1380 856 1414 882 et
1436 851 1534 882 studii
1568 851 1711 882 tribuere
1746 851 1868 882 debent
1898 851 2078 882 discendae

1098 895 1269 925 doctrinae
1292 894 1333 924 de
1345 893 1431 931 Deo,
1456 899 1487 924 et
1510 894 1619 924 studia
1642 891 1768 925 referre
1791 895 1833 925 ad
1858 894 1944 925 hunc
1968 893 2077 930 finem,

1097 943 1133 969 ut.
1157 936 1343 968 celebretur
1366 936 1472 967 Deus.

1184 979 1295 1011 Tertia
1328 978 1529 1021 significatio
1562 985 1632 1017 est,
1666 985 1699 1010 ut
1725 984 1947 1021 agnoscerent
1970 979 2079 1009 onmia

1097 1023 1273 1063 provenire
1285 1021 1359 1053 Deo
1382 1021 1604 1053 foecundante
1616 1028 1766 1053 naturam
1790 1027 1823 1053 et
1846 1026 2077 1052 conservante.

1098 1065 1174 1096 ldeo
1198 1065 1295 1103 enim,
1314 1074 1381 1095 non
1405 1063 1513 1096 solum
1536 1065 1754 1106 primogenita
1767 1065 1932 1095 hominum
1955 1070 1987 1095 et
2011 1064 2078 1094 ani-

1098 1107 1242 1145 malium,
1268 1107 1331 1181 se}
1350 1107 1446 1138 etiam
1469 1105 1599 1148 frugum
1624 1114 1656 1138 et
1669 1106 1807 1138 aliarum
1820 1117 1927 1139 rerum
1939 1116 2078 1138 nascen-

1097 1150 1177 1182 tium
1200 1151 1361 1191 primitae
1385 1149 1624 1188 offerebantur,
1654 1156 1689 1181 ut
1712 1151 1897 1192 cogitarent
1920 1160 2021 1191 opera
2046 1155 2078 1180 et

1098 1193 1262 1224 beneficia
1296 1203 1373 1224 esse
1407 1192 1488 1231 Dei,
1529 1194 1616 1235 quod
1651 1192 1801 1224 homines
1837 1200 1868 1224 et
1902 1193 2078 1224 animanzia

1097 1242 1173 1267 sunt
1195 1236 1377 1273 foecunda,
1407 1236 1495 1277 quod
1518 1241 1608 1267 terra
1631 1242 1684 1267 est
1706 1235 1882 1273 foecunda,
1907 1236 1995 1278 quod
2020 1235 2077 1266 ho-

1097 1280 1201 1310 mines
1224 1277 1356 1310 aluntur
1389 1285 1419 1309 et
1451 1286 1695 1310 conservantur
1718 1289 1759 1310 ex
1789 1280 1890 1310 rebus
1913 1278 2076 1309 nascenti-

1098 1322 1171 1353 bus.
1218 1321 1274 1353 Sic
1297 1327 1330 1352 et
1353 1331 1415 1352 nos
1443 1331 1665 1363 agnoscamus
1692 1321 1799 1354 Deum
1828 1331 1905 1353 esse
1928 1322 2075 1353 datorem

1097 1365 1238 1396 omnium
1272 1365 1457 1402 bonorum,
1497 1364 1561 1396 cibi
1595 1370 1627 1396 et
1659 1370 1782 1405 potus,
1822 1365 1908 1396 sicut
1942 1365 2076 1395 dicitur:

1096 1409 1202 1439 Dante
1224 1411 1254 1439 te
1277 1409 1349 1447 illis,
1371 1417 1477 1439 escam
1495 1409 1656 1446 comment,
1680 1407 1770 1446 Item,
1787 1410 1888 1448 pullis
1909 1416 2076 1439 corvorum

1096 1451 1314 1482 inrocantibus
1341 1460 1420 1481 eum.
1477 1449 1579 1481 Corvi
1613 1449 1801 1492 relinquunt
1833 1449 1945 1491 pullos
1981 1459 2075 1489 suos,

1096 1493 1228 1534 quando
1251 1498 1327 1523 sunt
1351 1493 1439 1530 editi,
1463 1498 1496 1524 et
1517 1493 1663 1534 perirent
1681 1492 1762 1534 pulli
1784 1491 1881 1531 same,
1904 1492 2075 1525 nisiDeus

1096 1541 1227 1566 curaret
1261 1536 1308 1566 eis
1331 1533 1550 1573 vermiculos,
1584 1536 1704 1576 quibus
1738 1541 1930 1567 vescuntur.
1981 1535 2075 1567 Anti-

1095 1578 1202 1619 quitas
1224 1576 1283 1610 suit
1305 1578 1435 1610 erudita
1457 1584 1490 1610 et
1512 1579 1652 1619 sumpsit
1686 1577 1784 1610 valde
1816 1577 1937 1610 multas
1960 1579 2074 1620 imagi·

1095 1631 1154 1652 nes
1178 1631 1219 1652 ex
1242 1627 1371 1652 natura.

1180 1664 1271 1695 Haec
1309 1663 1396 1696 dicta
1430 1663 1625 1695 confirment
1658 1664 1691 1695 in
1713 1664 1812 1695 nobis
1836 1664 2073 1705 cogitationem

1093 1707 1134 1737 de
1166 1706 1396 1744 Providentia,
1431 1712 1464 1737 et
1497 1706 1584 1738 sicut
1617 1707 1726 1738 victus
1760 1707 1901 1738 donatur
1932 1708 2029 1739 nobis
2054 1717 2072 1738 a

1092 1749 1185 1787 Deo,
1218 1750 1263 1781 ita
1296 1755 1480 1781 statuamus
1503 1749 1617 1787 etiam,
1652 1759 1725 1781 eum
1748 1750 1832 1781 tueri
1855 1759 1919 1782 nos
1942 1756 1976 1781 et
1997 1760 2072 1791 pro-

1093 1798 1219 1835 tegere,
1250 1798 1282 1824 et
1305 1792 1384 1823 dare
1407 1802 1447 1823 ac
1472 1801 1675 1824 conservare
1698 1793 1798 1823 vitam
1820 1793 1911 1824 iuxta
1933 1793 2071 1825 dictum:

1091 1837 1128 1866 ln
1152 1837 1221 1875 ipso
1242 1838 1382 1875 rire‘mus,
1406 1845 1576 1874 movemur,
1599 1840 1632 1867 et
1651 1845 1770 1867 sumus.
1825 1834 1899 1876 Ipse
1923 1841 1984 1874 est,
2009 1840 2072 1867 rita

1091 1883 1122 1909 et
1142 1880 1306 1918 ἰοηῃῖῖιιιίο
1328 1880 1453 1910 dierum
1476 1883 1649 1910 nostorum.
1712 1879 1794 1910 Eece
1826 1880 1889 1909 (luo
1914 1889 2071 1918 passeres

1091 1931 1165 1953 asse
1187 1926 1337 1959 veneunt,
1373 1926 1405 1953 et
1429 1931 1512 1953 nnus
1535 1931 1578 1952 ea:
1600 1923 1662 1952 illis
1697 1931 1761 1953 non
1783 1922 1870 1953 cadit
1891 1924 1925 1952 in
1947 1926 2070 1953 terram

1090 1968 1162 1996 sine
1184 1967 1343 1996 voluntate
1357 1967 1465 2004 patris
1487 1965 1591 1995 vestri.

1177 2006 1269 2038 Haec
1301 2013 1334 2038 et
1367 2006 1485 2038 similia
1520 2007 1608 2038 dicta
1640 2012 1718 2038 sunt
1741 2007 1927 2038 testimonia
1951 2013 2068 2038 contra

1090 2049 1311 2091 EpicuranS,
1346 2050 1435 2091 quod
1469 2059 1536 2080 non
1560 2059 1640 2081 casu
1663 2048 1883 2081 confluxerint
1906 2059 1979 2088 res,
2013 2055 2069 2081 aut

1090 2103 1172 2125 casu
1195 2098 1359 2130 maneant,
1383 2098 1413 2123 et
1436 2092 1604 2133 imprimis,
1627 2092 1714 2134 quod
1733 2092 1883 2123 homines
1901 2102 1969 2123 non
1987 2102 2067 2124 casu

1089 2136 1212 2167 vivant.
1258 2135 1400 2171 Quando
1422 2136 1610 2166 assidemus
1633 2135 1675 2166 ad
1698 2145 1857 2172 mensam,
1885 2135 2066 2177 cogitemus

1090 2178 1249 2210 beneficia
1282 2177 1345 2209 Dei
1379 2188 1455 2209 esse
1478 2177 1555 2210 illos
1579 2179 1685 2216 cibos,
1718 2176 1805 2209 illam
1829 2178 1943 2216 vitam,
1977 2176 2066 2209 illam

1087 2231 1214 2259 auram,
1237 2231 1303 2262 qua
1323 2220 1472 2252 fruimur.

1175 2263 1367 2295 Athenaeus
1387 2262 1500 2295 laudat
1512 2263 1701 2301 Homerum,
1724 2263 1812 2305 quod
1826 2268 1948 2301 narrat,
1973 2272 2064 2295 asse-

1088 2307 1178 2338 disse
1200 2307 1366 2348 principes
1389 2316 1470 2338 suos
1492 2307 1535 2338 ad
1555 2316 1700 2337 mensam
1724 2311 1756 2337 et
1779 2306 1966 2337 surrexisse
1990 2316 2064 2338 cum

1087 2349 1313 2388 libationibus,
1341 2349 1414 2389 μετά
1437 2349 1586 2387 σπονδῶν,
1611 2349 1643 2380 id
1666 2354 1732 2386 est,
1763 2359 1836 2379 cum
1859 2349 2063 2389 precatione,

1087 2392 1140 2423 vel
1162 2392 1280 2424 saltem
1304 2403 1377 2423 cum
1401 2393 1598 2430 ceremonia,
1621 2397 1775 2422 monente
1788 2390 1908 2432 aliquid
1921 2391 1962 2423 de
1974 2390 2061 2431 Deo,

1085 2436 1161 2477 quia
1184 2437 1244 2467 etsi
1268 2433 1456 2466 intellectus
1480 2445 1579 2466 verae
1612 2435 1781 2465 doctrinae
1815 2434 1980 2466 extinctus
2009 2441 2061 2466 est

1084 2478 1171 2520 apud
1201 2477 1378 2516 Ethnicos,
1413 2484 1521 2509 tamen
1556 2476 1697 2518 vestigia
1730 2477 1871 2508 honesta
1911 2483 2059 2509 veterum

1083 2522 1201 2553 rituum
1224 2527 1426 2552 manserunt.
1481 2520 1553 2552 Hoc
1586 2520 1685 2561 igitur
1711 2518 1826 2551 laudat
1854 2518 2058 2559 Athenaeus,

1083 2569 1115 2595 et
1137 2564 1282 2595 nominat
1305 2563 1493 2602 κοσμιότητα,
1533 2562 1566 2593 id
1589 2568 1652 2601 est,
1681 2561 1806 2604 aliquid
1829 2561 2001 2605 pulchrum
2025 2570 2058 2595 et

1082 2607 1248 2638 decorum.
