2324 2958
143 138 202 170 861

143 282 383 315 POSTREMA
405 281 692 314 DECLARATlO
723 281 915 315 DUORUM
945 283 1121 316 ARTICU-

143 342 298 384 LORUM
335 341 550 374 SYMBOLI:
591 341 650 374 Ex
691 341 1006 374 ENARRATIONE
1045 343 1118 375 DN.

349 401 535 433 PHlLlPPl
572 401 633 433 AD
668 401 851 433 COLOSS.
883 402 914 432 3.

142 549 360 599 Quomodo
392 551 492 589 haec
525 558 775 604 congruunt:
810 557 962 587 Ascendit
991 558 1023 588 iu
1051 567 1118 588 coe-

560 627 653 666 alibi
712 626 866 674 dicitur,

141 712 187 740 est
223 709 253 738 in
289 711 359 740 sim!
393 708 525 740 Patris:
554 703 669 752 Item,
704 708 805 741 Filius
834 709 967 741 hominis
995 711 1052 751 qm?
1071 715 1118 742 est

141 632 202 663 lum
221 643 229 661 .-

297 635 339 666 et
394 627 504 679 quod
925 633 1027 685 Fiscus
1063 635 1121 675 qm·

550 777 582 807 in
606 777 693 808 coelo
700 778 714 807 2

225 912 443 954 Respondeo:
463 913 497 944 ln
522 913 682 955 Symbolo
706 913 907 956 intelligatur
923 915 1059 953 dictum,
1082 922 1116 947 ut

138 962 235 988 sonat
258 955 366 994 litera,
389 961 420 987 et
443 956 485 987 de
509 966 662 997 corpore,
684 963 715 988 et
744 956 909 998 corporali
937 955 1114 989 locatione.

139 999 304 1037 Ascendit,
327 997 466 1037 scilicet,
490 998 655 1040 corporali
679 1005 710 1031 et
723 998 862 1042 physica
881 998 1059 1038 locatione,
1081 1001 1113 1032 in

138 1040 284 1073 coelum:
307 1041 340 1072 id
363 1047 427 1080 est,
451 1043 483 1073 in
500 1040 611 1074 locum
624 1041 815 1081 coelestem,
838 1043 1024 1084 ubicunque
1047 1049 1113 1074 est:

160 1084 213 1116 uia
235 1084 289 1116 hic
312 1094 378 1115 non
407 1090 484 1115 sunt
508 1083 683 1126 fingendae
712 1083 902 1127 allegoriae.
947 1085 1114 1117 Ascensio
1137 1065 1142 1119 i

135 1093 197 1159 ἓιιίῑ
226 1125 364 1158 visibilis
399 1133 429 1158 et
464 1126 660 1168 corporalis,
694 1133 726 1159 et
760 1137 891 1168 semper
913 1130 957 1159 ita
981 1122 1141 1170 scripsitl

137 1176 207 1201 tota
240 1170 442 1211 antiquitaS,
475 1169 642 1201 Christum
676 1168 842 1210 corporali
881 1168 1048 1202 locatione
1080 1171 1141 1211 in}

135 1210 245 1254 aliquo
268 1212 345 1243 loco
374 1221 452 1244 esse
475 1212 661 1253 ubicunque
684 1211 770 1248 vult3
798 1218 830 1243 et
863 1213 1016 1244 ascensio
1041 1224 1113 1245 cor·
1137 1226 1141 1267 i

135 1253 261 1297 poralis
284 1253 375 1286 sacta
398 1260 450 1286 est
472 1264 616 1286 sursum.
661 1255 738 1286 ldeo
770 1254 893 1287 Paulus
916 1256 948 1286 in
973 1256 1037 1288 hoc
1060 1267 1113 1288 ca·
1138 1271 1139 1279 ¹

135 1297 202 1339 pite
222 1295 332 1329 locum
355 1295 445 1329 illum
468 1298 625 1336 nominat,
647 1307 784 1329 sursum.

222 1340 267 1371 At
289 1340 322 1371 in
345 1340 586 1381 propositione:
613 1340 713 1372 Filius
735 1342 792 1382 qui
812 1345 859 1372 est
882 1342 913 1371 ι’7ι
937 1342 1043 1380 coelo,
1067 1343 1112 1373 di-

136 1389 223 1413 ctum
247 1380 449 1424 intelligatur
473 1383 770 1415 communicatione
794 1382 995 1416 idiomatum.
1030 1385 1113 1425 λόγος

135 1434 267 1466 semper
300 1431 351 1456 est
383 1425 416 1456 in
440 1424 547 1463 coelo,
582 1426 709 1457 etiamsi
748 1425 913 1467 corporali
947 1425 1140 1459 locationem

134 1477 258 1509 corpus
282 1474 333 1499 est
355 1468 387 1498 in
410 1468 548 1510 virgine.
593 1467 683 1500 Haec
711 1469 855 1500 narratio
879 1478 1040 1511 expressa
1062 1477 1113 1502 est
1138 1498 1141 1516 Ι

133 1511 165 1541 in
189 1511 397 1542 enarratione
431 1509 591 1553 Symboli,
624 1521 711 1553 quae
733 1510 854 1553 legitur
876 1512 908 1542 in
932 1511 1025 1544 libris
1049 1512 1112 1555 Cy-

133 1553 251 1594 priani,
276 1554 339 1584 etsi
363 1551 439 1584 alibi
463 1553 634 1594 inscriptio
659 1562 726 1586 est:
763 1554 941 1587 Enarratio
976 1554 1110 1598 Ruffini.

133 1596 289 1627 Ascendit
312 1596 358 1627 ad
376 1597 492 1634 coelos,
515 1606 577 1627 non
602 1597 657 1628 ubi
675 1598 804 1629 verbum
820 1597 906 1629 Deus
929 1602 1027 1631 antea
1048 1609 1111 1631 non

128 1635 259 1678 fuerat;
280 1639 399 1679 quippe
420 1640 478 1680 qui
496 1643 571 1671 erat
592 1650 718 1681 semper
740 1641 772 1671 1'71
795 1642 893 1680 coelo,
917 1646 948 1673 et
964 1643 1111 1674 manebat

133 1691 202 1712 cum
225 1682 325 1713 Patre
332 1694 344 1718 ‚·
371 1682 429 1713 sed
451 1681 507 1713 ubi
526 1682 654 1714 verbum
678 1693 757 1715 caro
775 1682 912 1723 lactum,
929 1689 1026 1716 autea
1048 1695 1109 1716 non

133 1723 280 1755 sedebat:
302 1725 334 1755 id
345 1730 406 1763 est,
430 1725 620 1766 ubicorpus
645 1732 741 1757 antea
765 1737 829 1758 non
854 1726 1014 1759 habuerat
1038 1738 1109 1760 cor-

133 1764 282 1807 poralem
304 1765 512 1799 locationem.
581 1767 637 1800 Sic
668 1768 876 1811 Augustinus
899 1769 1055 1812 loquitur,
1078 1778 1109 1803 et

134 1809 277 1840 citantur
305 1810 407 1841 verba
439 1810 471 1840 in
502 1810 727 1853 Longobardo
758 1811 814 1843 lib.
838 1812 867 1843 3.
892 1813 1034 1845 distinct.
1057 1814 1109 1845 22.

136 1851 210 1883 Non
233 1852 354 1882 di'nn'si‘t
383 1851 516 1884 Patrem
540 1853 699 1891 Christus,
736 1865 803 1886 cnm
827 1857 911 1886 revit
935 1856 1110 1898 1'nsi'r1m'm·;

132 1895 246 1935 ubique
269 1899 362 1934 totus,
386 1895 499 1936 ubique
518 1895 692 1936 perfecms.
739 1897 866 1929 Deinde
890 1900 1020 1931 additur
1043 1900 1108 1931 sor-
1134 1905 1138 1932 Ι

132 1947 184 1969 rna
208 1938 384 1975 sermonis,
409 1938 521 1978 ubique
544 1943 629 1971 totus
652 1945 710 1979 est,
733 1942 791 1972 secl
814 1950 874 1972 mm
899 1946 1008 1973 totum.
1044 1942 1109 1974 Alii

132 1980 326 2012 concinnius
361 1979 463 2012 locuti
498 1987 590 2013 sunt:
625 1982 811 2025 Propositio
841 1995 920 2016 vera
949 1992 998 2016 est
1024 1996 1108 2017 com-

133 2024 352 2055 municatione
376 2023 581 2056 ldiomatum:
604 2024 756 2058 Christus
778 2028 899 2069 ubique
923 2035 982 2060 est.

218 2065 421 2098 Athanasius
445 2067 494 2097 sic
517 2065 663 2109 loquitur
686 2069 726 2100 de
748 2070 974 2102 incarnatione
999 2073 1108 2103 verbi:

131 2109 215 2148 λόγος
247 2119 309 2140 nom
346 2110 517 2150 collz'yatus
550 2115 597 2140 est
631 2114 771 2154 corpori,
806 2114 864 2145 sed
890 2115 959 2154 ipse
988 2124 1108 2156 corpus

131 2154 280 2183 continet.
305 2157 337 2183 nt
362 2157 389 2183 et
414 2154 445 2182 ίη
469 2163 505 2183 1¹0
528 2154 582 2190 sit,
605 2158 634 2183 et
657 2159 751 2186 extra
775 2160 899 2195 onmia,
928 2162 956 2188 el
980 2158 1012 2188 in
1036 2158 1107 2189 sinu

132 2194 268 2231 Patris:
290 2205 390 2237 neque
413 2206 479 2227 cnm
503 2197 545 2228 sit
568 2197 599 2226 in
624 2198 774 2237 «euntibus.
795 2199 831 2240 fit
851 2210 934 2241 pars
957 2201 1106 2240 aliorum,

130 2238 188 2268 sed
221 2239 326 2269 omm'a
362 2239 470 2275 ritum,
506 2241 825 2282 sustentationemque
857 2243 992 2285 abipso
1023 2245 1106 2275 acci·-

160 2280 231 2311 ’mm

128 2290 164 2321 m
217 2322 258 2355 Ut
281 2330 389 2355 autem
414 2325 455 2356 de
478 2323 577 2356 locali
601 2327 800 2358 ascensione
828 2335 964 2360 naturae
994 2329 1106 2362 huma-

131 2375 194 2397 nae
217 2366 338 2398 dictum
362 2374 430 2406 est=
464 2369 616 2399 Ascendit
638 2369 683 2399 ad
706 2370 826 2401 coelos:
849 2369 898 2402 lta
921 2372 962 2403 de
984 2371 1106 2404 exalta-

129 2408 219 2440 tione
241 2416 379 2442 naturae
400 2409 563 2442 humanae
597 2421 698 2453 super
727 2422 841 2444 omnes
866 2421 1038 2447 creaturas
1061 2416 1105 2447 di-

130 2457 218 2482 ctum
241 2457 308 2483 est:
332 2452 429 2484 Sedet
452 2454 497 2485 ad
520 2454 669 2485 dextram
692 2454 818 2495 Pamk,
843 2462 879 2488 ut
901 2456 956 2490 hic
979 2457 1104 2491 Paulus

127 2493 248 2536 inquit:
278 2494 342 2526 t'br·
361 2501 409 2527 est
431 2497 476 2527 ad
499 2497 644 2528 dea-{ram
672 2497 734 2529 Dei
759 2499 883 2533 sedens.
929 2501 983 2532 Ait
1012 2500 1104 2533 Chri-

128 2543 214 2568 stum
237 2547 367 2569 sursum
391 2548 486 2576 esse3
506 2546 537 2570 et
561 2540 689 2581 quidem
713 2541 755 2572 ad
778 2542 947 2575 dexteram
965 2543 1048 2580 Dei3
1071 2545 1103 2576 id

128 2586 191 2617 est,
225 2591 290 2611 nou
325 2588 360 2612 ut
385 2582 471 2613 beati
495 2581 604 2623 angeli
629 2589 659 2614 et
683 2583 833 2616 homines
857 2594 989 2618 sursum
1013 2594 1101 2626 sunt,

832 138 1045 170 Pos'rtLLA
1070 138 1467 174 MELANTHONIANA.

1138 1295 1139 1301 ¹
1162 1293 1321 1325 tissimam
1344 1295 1495 1326 omnibus
1517 1295 1549 1326 in
1571 1295 1736 1328 Ecclesia.

2080 148 2144 180 862

1173 234 1233 265 sed
1263 234 1424 266 exaltatus
1461 248 1561 278 supra
1595 239 1734 281 angelos
1770 241 1801 271 in
1834 239 1891 271 illa
1924 251 2047 272 arcana
2070 240 2146 274 luce

1173 275 1248 315 Dei.
1272 287 1415 319 regnans
1440 289 1512 309 cum
1538 280 1646 319 Patre,
1670 288 1702 313 et
1726 289 1834 314 tamen
1853 293 1975 325 corpus
1998 282 2148 316 localiter

1173 317 1293 351 alicubi
1316 325 1368 352 est
1390 322 1571 353 secundum
1594 324 1664 354 veri
1687 326 1837 365 corporis
1860 326 2002 365 modum,
2027 332 2061 358 ut
2079 327 2147 359 Au-

1172 363 1324 403 gustinus
1356 362 1468 405 inquit.
1535 364 1575 395 Et
1610 364 1673 397 hae
1706 368 1965 408 propositiones:
1999 368 2148 401 Christus

1171 406 1205 435 in
1227 405 1316 437 vobis
1338 409 1396 443 est,
1419 416 1476 447 eyo
1498 408 1531 437 in
1553 411 1613 438 eis:
1643 407 1806 441 Veniemus
1828 411 1873 442 nd
1896 421 1981 448 mm,
2010 417 2039 443 et
2062 422 2147 444 man-

1171 448 1289 480 sionem
1312 449 1401 489 apud
1424 459 1493 480 eum
1523 448 1693 488 faciemus,
1724 458 1786 483 etc.
1811 452 2035 496 intelligantur
2058 465 2146 486 com-

1171 490 1391 522 municatione
1413 491 1615 523 ldiomatum.
1660 492 1701 524 Et
1730 495 1771 525 de
1798 494 1862 526 hac
1884 498 2073 537 praesentia
2096 497 2146 529 Fi-

1170 532 1204 564 lii
1227 533 1260 564 in
1282 534 1527 575 praedicatione
1537 533 1721 578 Evangelii,
1746 543 1777 568 et
1801 538 1832 568 in
1845 539 1982 577 sanetis,
2005 549 2147 572 necesse

1171 581 1223 608 est.
1244 575 1430 609 Ecclesiam
1454 575 1595 609 fideliter
1618 578 1750 617 erudiri,
1773 586 1808 611 ut
1830 590 2055 622 agnoscamus
2079 581 2146 614 Do-

1170 619 1292 651 minum
1315 625 1464 651 nostrum
1488 619 1595 652 lesum
1619 620 1786 653 Christum
1809 624 1931 655 adesse
1961 623 2146 664 Ecclesiae,

1171 669 1203 694 et
1227 672 1304 694 esse
1326 670 1423 704 caput
1447 663 1555 694 omnia
1577 664 1608 694 in
1632 664 1783 696 omnibus
1805 665 1991 706 perficiens.

1449 858 1666 892 DOMlNlCA
1691 860 1872 893 EXAUDl.

1318 951 1586 994 Evangelium
1611 954 1766 987 lohann.
1794 955 1847 986 15.
1873 963 1913 987 et
1940 956 1993 988 16.

1210 1045 1285 1076 Cum
1308 1051 1429 1078 venerit
1451 1049 1651 1088 paracletus,
1673 1038 1764 1090 quem
1787 1059 1844 1092 eqo
1866 1050 1956 1082 robis
1982 1051 2099 1083 mittam

1533 1119 1553 1139 a
1576 1107 1692 1147 Patre,
1714 1114 1763 1141 etc

1251 1206 1407 1240 Solemus
1431 1209 1493 1240 hoc
1516 1215 1664 1251 tempore
1688 1218 1839 1253 repetere
1858 1222 2062 1245 communem
2085 1214 2141 1246 do-

1164 1251 1301 1281 ctrinam
1335 1251 1376 1282 de
1409 1251 1533 1293 Spiritu
1552 1259 1682 1291 sancto,
1711 1265 1808 1296 quam
1833 1261 1964 1296 oportet
1986 1265 2062 1287 esse
2084 1266 2142 1288 no-

1783 1297 1818 1329 ln
1841 1308 1881 1331 ea
1904 1298 2072 1337 doctrina,
2097 1300 2143 1330 di·

1164 1335 1269 1367 cimus
1292 1336 1430 1377 primum
1454 1338 1495 1369 de
1514 1339 1619 1370 tribus
1641 1341 1807 1380 personis,
1829 1347 1862 1373 et
1885 1342 1927 1373 de
1950 1342 2142 1374 discrimini-

1165 1379 1228 1410 bus
1246 1388 1479 1419 personarum,
1503 1386 1537 1412 ut
1559 1381 1624 1413 hoc
1646 1383 1745 1414 modo
1769 1384 1854 1415 viam
1878 1385 1975 1415 nobis
2003 1395 2141 1426 praepa·

1164 1430 1274 1452 remus
1297 1422 1339 1453 ad
1363 1422 1602 1455 definitionem.
1639 1435 1699 1456 seu
1723 1426 1978 1468 descriptionem
1999 1427 2142 1469 Spiritus

1164 1465 1281 1495 sancti.
1350 1464 1523 1504 Secundo,
1557 1468 1722 1509 quomodo
1758 1469 1852 1501 detur
1885 1476 1917 1501 et
1950 1471 2140 1512 accipiatur.

1164 1506 1293 1545 Tertio,
1326 1509 1369 1539 ad
1391 1509 1469 1549 quid
1493 1509 1597 1547 detur,
1621 1520 1679 1542 seu
1703 1512 1757 1553 qui
1782 1513 1845 1544 sint
1869 1512 2005 1544 effectus
2029 1520 2062 1545 et
2085 1515 2140 1546 be—

1163 1549 1281 1581 neficia
1305 1551 1448 1591 Spiritus
1472 1554 1588 1584 sancti.
1636 1553 1780 1592 Quane,
1812 1556 1976 1596 quomodo
2000 1556 2140 1588 retinea-

1163 1598 1216 1624 tur
1239 1591 1290 1624 vel
1315 1595 1509 1626 excutiatur.

1249 1652 1349 1694 Hanc*
1375 1654 1557 1686 doctrinam
1581 1666 1657 1687 esse
1680 1659 1921 1697 neeessariam,
1955 1667 1988 1691 et
2010 1660 2140 1692 maximi

1164 1697 1331 1735 momenti,
1364 1696 1546 1729 intelliffunt
1583 1709 1710 1738 omneS‚
1744 1701 1798 1743 qui
1831 1712 1898 1733 non
1926 1709 2140 1735 contemnunt

1163 1737 1283 1777 Deum,
1318 1746 1351 1771 et
1375 1739 1409 1771 fit
1429 1722 1556 1772 dulcior
1580 1742 1743 1782 doctrina,
1778 1754 1851 1775 cum
1874 1744 2074 1778 transfertur
2095 1746 2139 1778 ad

1163 1782 1320 1814 exercitia
1342 1783 1561 1815 invocationis
1574 1791 1606 1816 et
1618 1787 1798 1827 gratiarum
1811 1788 1964 1820 actionis.
1996 1789 2141 1821 Primum

1162 1830 1270 1856 autem
1293 1826 1334 1857 de
1359 1826 1530 1858 vocabulis
1554 1826 1674 1870 aliquid
1699 1829 1857 1862 dicemus.

1250 1884 1441 1926 Appellatio
1475 1888 1642 1928 Spiritus,
1680 1890 1768 1921 varie
1802 1898 1989 1931 usurpatur.
2057 1891 2141 1924 Cum

1163 1926 1317 1959 Christus
1340 1930 1443 1970 inquit
1466 1931 1498 1961 in
1515 1930 1676 1962 lohanne:
1701 1932 1789 1964 Deus
1812 1938 1859 1965 est
1881 1934 2039 1974 Spiritus,
2063 1935 2141 1976 quid

1161 1971 1205 2001 ibi
1229 1971 1419 2013 significat?
1457 1972 1674 2015 Significatne
1697 1976 1782 2007 idem
1806 1977 1895 2017 quod
1920 1977 1987 2008 hic:
2010 1978 2141 2009 Mittam

1160 2013 1250 2045 vobis
1271 2014 1431 2055 Spiritum
1454 2018 1629 2048 veritatis?
1652 2017 1872 2059 Responde0:
1897 2018 1980 2052 Cum
2004 2021 2139 2053 dicitur:

1163 2055 1252 2087 Deus
1274 2063 1322 2089 est
1337 2059 1496 2099 Spiritus.
1517 2060 1561 2091 ibi
1574 2059 1730 2101 Spiritus,
1753 2068 1805 2092 est
1829 2072 1949 2094 nomen
1972 2062 2140 2106 generale,

1161 2101 1363 2131 conveniens
1386 2102 1491 2134 tribus
1516 2104 1690 2143 personis:
1710 2115 1775 2135 non
1799 2106 1937 2137 sumitur
1960 2106 2003 2137 ibi
2027 2117 2138 2148 perso-

1160 2141 1290 2180 naliter,
1325 2146 1385 2176 sed
1419 2145 1651 2177 essentialiter.
1722 2146 1928 2180 Vocabulum
1973 2149 2062 2181 Deus
2095 2151 2137 2182 ibi

1159 2192 1210 2217 est
1232 2187 1428 2226 subiectum,
1456 2196 1488 2220 et
1523 2188 1686 2230 Spu-itus,
1714 2191 1802 2232 quod
1825 2192 2004 2232 praedicati
2028 2193 2137 2225 locum

1158 2227 1270 2267 habet,
1292 2230 1458 2272 significat
1480 2231 1524 2262 ibi
1547 2233 1725 2264 essentiam
1738 2233 1952 2274 spiritualem,
1974 2245 2041 2268 non
2065 2245 2137 2267 cor-

1157 2281 1303 2311 poream.
1327 2272 1390 2305 Hic
1413 2284 1506 2312 vero,
1530 2285 1604 2306 cum
1627 2276 1745 2307 dicitur
1767 2277 1807 2307 de
1824 2277 1953 2318 Spiritu
1974 2281 2135 2318 veritatis,

1158 2315 1291 2355 ponitur
1314 2316 1513 2349 vocabulum
1531 2316 1678 2358 Spim'tus
1700 2329 1760 2359 pro
1784 2329 1940 2360 persona.

1245 2374 1347 2418 Origo
1378 2376 1530 2408 vocabuli
1561 2384 1613 2409 est
1637 2388 1654 2409 a
1674 2379 1828 2417 motione,
1858 2389 1918 2411 seu
1941 2382 2134 2424 agitatione,

1157 2417 1243 2449 sicut
1266 2419 1360 2450 etiam
1385 2425 1502 2451 ventus
1524 2420 1589 2451 hoc
1611 2421 1742 2452 nomine
1764 2428 1909 2455 vocatur.
