2324 2958
91 160 136 194 69

94 253 321 286 remissionem
334 256 548 292 peccatorum
564 250 596 280 in
614 249 741 281 Messia
753 247 822 286 illo,
846 257 941 289 quem
963 248 1067 291 digito

94 295 307 334 monstrabat,
330 300 365 325 ut
387 303 509 335 agnum
532 291 607 331 Dei,
631 290 802 323 tollentem
823 296 963 331 peccata
979 301 1068 324 mun-

94 340 137 372 di.
181 338 359 370 Praeterea
381 336 547 367 auditores
577 335 709 367 loannis
739 333 991 374 baptizabantur
1024 334 1068 364 ab

93 392 146 421 eo,
169 386 205 413 ut
226 385 339 412 essent
361 389 449 410 nova
467 379 614 410 membra
636 375 819 409 Ecclesiae.
847 376 990 407 Fuerunt
1010 376 1068 418 igi-

93 432 146 457 tur
167 422 270 460 tales,
304 422 358 462 qui
382 422 446 453 fide
468 421 677 462 accipiebant
699 419 928 451 remissionem
950 428 1068 460 pecca-

93 473 209 499 torum.
254 464 347 496 Hanc
370 465 468 506 igitur
490 473 556 495 non
579 463 692 495 dubito
714 463 821 503 ipsum
843 462 1068 493 annuntiasse.

93 509 205 551 ltaque
228 508 290 539 etsi
312 506 538 548 reprehendor
561 507 604 537 ab
627 504 808 547 aliquibus,
838 511 946 536 tamen
970 502 1066 535 relin-

92 562 156 593 quo
180 551 332 582 iudicium
355 550 507 581 omnibus
531 549 633 579 sanis.

177 592 280 631 Dico,
310 593 398 634 quod
422 593 464 623 acl
487 590 637 623 effectum
659 591 792 627 attinet,
828 589 967 622 eundem
989 599 1066 620 esse

93 637 286 678 baptismum
314 635 445 667 loannis
476 641 509 666 et
543 634 687 665 omnium
717 634 949 664 ministrorum.
999 632 1066 664 Sed

91 680 232 711 loannes
256 678 446 719 baptizabat
468 678 500 708 in
523 686 701 719 passurum
728 675 905 713 Messiam,
939 674 1010 706 Nos
1035 676 1067 706 in

89 732 224 764 passum
247 728 279 752 et
301 721 542 752 resuscitatum.
587 718 780 750 Differentia
803 724 854 750 est
876 718 975 759 igitur
997 724 1066 748 tan-

90 772 157 797 tum
179 766 212 796 in
236 764 482 796 circumstantia
499 763 667 803 temporis.
713 761 765 792 Ac
787 771 830 793 ne
847 760 941 802 plura
963 761 1066 791 verba

89 806 219 846 faciam,
241 807 352 838 Lucas
376 815 535 847 expresse
558 806 648 842 dicit,
672 805 762 846 quod
774 803 916 835 loannes
938 804 1065 844 praedi-

91 850 214 882 caverit
235 849 441 890 Baptismum
453 849 674 890 poenitentiae
696 848 728 879 in
745 848 975 879 remissionem
988 856 1065 887 pec-

91 900 249 925 catorum.

174 935 313 971 Quidam
337 936 447 967 dicunt
472 935 687 966 Sacramenta
717 943 793 964 esse
822 933 916 973 signa
939 930 1065 972 profes-

89 979 203 1010 sionis.
247 977 372 1010 Verum
391 977 455 1009 hoc
478 978 622 1009 nondum
645 977 727 1007 satis
751 982 817 1006 est:
851 977 1064 1007 Sacramenta

88 1028 164 1053 sunt
185 1019 411 1062 principaliter
433 1020 618 1052 testimonia
641 1019 880 1061 promissionis.
916 1017 993 1048 Ideo
1007 1027 1063 1048 an-

89 1065 221 1105 tiquitas
246 1064 344 1095 etiam
368 1064 513 1095 nominat
537 1073 575 1094 ea
606 1062 733 1104 gratiae
763 1061 869 1102 signa.
936 1062 983 1092 lta
1008 1060 1064 1091 ba-

87 1108 226 1147 ptismus
249 1106 380 1137 loannis
403 1112 455 1138 est
472 1106 603 1147 signum
622 1105 761 1146 gratiae,
785 1105 871 1134 sicut
882 1103 1064 1144 baptismus

89 1148 180 1181 Pauli
203 1156 235 1181 et
258 1150 361 1180 nostri
385 1150 539 1189 pastoris.
592 1147 704 1182 Quare
730 1153 839 1178 autem
869 1146 962 1177 dicit:
996 1146 1065 1186 1390

87 1192 214 1232 baptizo
246 1201 344 1232 aqna,
377 1192 431 1222 ille
464 1190 640 1231 baptizabit
675 1199 730 1220 ros
752 1190 880 1230 Spiritu
903 1193 1016 1220 sancto
1035 1193 1065 1219 ct

85 1235 173 1275 igni?
218 1233 430 1275 Respondeo,
454 1233 635 1275 Distinguit
659 1243 752 1264 suam
772 1242 978 1273 personama
991 1241 1064 1273 per-

85 1286 169 1308 sona
204 1276 335 1314 Christi,
370 1283 403 1308 et
437 1277 594 1314 ostendit,
628 1275 716 1307 unde
752 1276 794 1306 sit
823 1273 972 1307 efficacia
998 1274 1063 1305 Ba-

83 1320 204 1361 ptismi.
271 1319 412 1350 loannes
446 1325 478 1350 et
512 1319 634 1351 caeteri
658 1324 811 1359 pastores
840 1324 965 1350 tantum
989 1324 1064 1349 sunt

84 1363 222 1394 ministri
242 1363 366 1394 externi
389 1362 483 1393 min'·
502 1363 570 1397 erii,
606 1369 636 1393 et
657 1367 733 1393 sunt
755 1362 904 1392 homines
928 1367 1064 1398 tantum,

85 1407 145 1436 sed
169 1404 322 1436 Christus
346 1412 398 1436 est
420 1404 472 1436 De
497 1415 514 1435 s
537 1411 568 1436 et
591 1404 709 1442 homo,
744 1410 776 1436 et
810 1410 861 1435 est
886 1401 1007 1435 efficax
1030 1405 1064 1434 in

84 1446 141 1479 illo
170 1454 307 1479 externo
341 1448 538 1479 ministerio:
572 1447 662 1478 Vere
685 1447 779 1478 adest
802 1447 981 1477 ministerio
1004 1445 1063 1484 illi,

83 1491 199 1531 recipit
222 1496 254 1522 et
277 1489 463 1521 sanctificat
486 1491 671 1522 credentes.

170 1532 245 1563 Hoc
269 1534 350 1563 satis
369 1531 461 1564 clare
484 1531 622 1575 intelligi
645 1538 765 1573 potest.
835 1531 991 1570 Ministri,
1015 1531 1063 1563 lo-

84 1584 200 1611 annes,
225 1574 354 1612 Petrus,
377 1573 513 1612 Paulus,
536 1575 668 1614 Pastor,
691 1574 873 1612 Diaconus,
908 1575 962 1615 qui
986 1581 1063 1605 sunt

83 1619 116 1649 in
139 1618 314 1649 vocatione
336 1617 506 1648 ministerii
529 1617 694 1660 legitima,
726 1624 851 1649 tantum
874 1624 950 1648 sunt
974 1618 1064 1648 mini-

84 1661 144 1692 stri
162 1661 288 1692 externi
311 1661 434 1701 operis,
456 1660 631 1701 Baptizant
654 1670 757 1701 aqua,
782 1661 811 1690 id
836 1666 904 1698 est,
923 1659 1063 1701 fungun-

85 1710 138 1735 tur
160 1709 297 1735 externo
330 1703 523 1741 ministerio,
558 1713 623 1734 non
659 1709 736 1734 sunt
759 1702 984 1743 redemptores
1007 1710 1064 1733 aut

85 1744 289 1783 salvatores,
323 1746 383 1777 sed
412 1744 499 1777 tilius
533 1746 596 1777 Dei
619 1751 672 1777 est
696 1745 815 1777 efficax
839 1756 898 1786 per
921 1745 1063 1776 ministe-

84 1789 179 1827 rium,
213 1795 245 1820 et
263 1795 313 1819 est
337 1789 537 1830 redemptor,
571 1795 602 1820 et
625 1786 786 1826 salvator,
815 1789 893 1830 quia
914 1796 965 1819 est
989 1797 1062 1828 per-

85 1841 180 1870 sona,
203 1832 234 1862 in
258 1841 356 1872 quani
380 1832 526 1863 derivata
550 1839 601 1863 est
624 1832 672 1863 ira
694 1830 774 1869 Dei,
808 1838 839 1862 et
863 1839 1001 1872 propter
1026 1830 1061 1861 il-

83 1874 151 1906 lum
174 1875 358 1915 recipimur.
389 1873 519 1906 Deinde
543 1886 617 1906 cum
641 1885 756 1906 sumus
779 1875 905 1915 recepti
927 1882 1062 1916 propter

83 1928 176 1955 eum,
210 1915 306 1948 simul
330 1927 392 1948 vos
416 1916 571 1956 vivificat,
594 1917 799 1955 sanctificat,
832 1918 990 1948 instaurat
1015 1918 1058 1948 iu-

84 1960 205 1990 stitiam
227 1966 258 1991 et
282 1960 380 1991 vitam
404 1966 582 1998 aeternam,
602 1961 687 1992 sicut
716 1959 769 1991 hic
793 1960 926 1991 dicitur:
956 1961 1061 2000 bapti-

86 2002 170 2033 :abit
194 2012 249 2033 cos
267 2003 333 2043 ι’φιί
355 2006 385 2033 et
407 2003 544 2043 xlm-itu.-
566 2003 647 2045 lgni.
671 2003 703 2034 id
727 2010 789 2040 est,
814 2003 932 2034 iudicio
963 2014 1061 2045 argu-

84 2050 159 2076 ente
180 2052 328 2086 peccata,
351 2044 390 2076 Et
413 2046 541 2086 spiritu,
565 2045 691 2077 scilicet
715 2044 910 2077 consolante
936 2056 1005 2084 cor,
1029 2053 1059 2077 et

84 2088 249 2119 excitante
273 2094 396 2125 motus,
426 2086 533 2129 qualis
557 2094 609 2120 est
630 2089 711 2130 ipse.
774 2088 856 2120 Nam
880 2087 972 2120 Deus
998 2091 1060 2120 ista

84 2131 149 2161 dno
172 2127 250 2161 facit
273 2130 304 2160 in
325 2131 465 2168 homine,
488 2130 674 2170 mortificat,
697 2138 729 2163 et
742 2130 899 2169 vivificat,
922 2138 958 2163 ut
976 2131 1059 2163 Eze-

84 2172 177 2204 chias
210 2173 269 2203 ait:
300 2173 391 2204 ›Sz'cut
414 2173 482 2205 Leo
505 2175 656 2205 contrivit
679 2175 785 2206 onznia
809 2185 884 2206 ossa
907 2185 993 2212 men,
1028 2181 1059 2206 et

82 2221 191 2247 tamen
222 2215 324 2247 addit:
361 2220 393 2246 tu
425 2217 577 2257 eripuisti
604 2218 739 2249 animam
764 2228 862 2249 meam
885 2228 924 2249 es
948 2222 1057 2250 morte.

81 2257 142 2289 Ille
165 2258 266 2289 miser
288 2258 508 2297 Isenacensis,
543 2260 584 2291 dc
615 2270 681 2301 quo
716 2267 813 2292 antea
843 2261 920 2298 dixi,
956 2262 1059 2292 sensit

82 2301 339 2344 magnitudinem
372 2302 499 2343 peccati
534 2308 602 2334 toto
637 2303 757 2341 triduo,
790 2310 821 2335 et
840 2302 985 2335 luctatus
1008 2311 1059 2335 est

83 2344 206 2386 gemitu
228 2343 459 2383 inenarrabili,
494 2345 601 2376 donec
624 2344 749 2387 Spiritu
771 2347 806 2377 S.
830 2356 903 2378 euni
927 2353 1058 2378 susten-

81 2392 171 2418 tante
193 2393 226 2418 et
248 2386 454 2426 consolante,
478 2398 537 2430 per
559 2388 695 2420 verbum
718 2389 796 2420 vicit
818 2395 965 2421 mortem.
1011 2389 1058 2421 lbi

81 2429 266 2470 baptizatus
300 2436 353 2461 est
386 2431 463 2473 igne
497 2437 530 2462 et
562 2431 689 2472 spiritu.
744 2431 836 2464 Haec
866 2431 943 2464 facit
972 2431 1060 2465 filius

44 2504 49 2509 ,
81 2470 154 2503 Dei.
200 2471 342 2505 loannes
364 2483 431 2505 non
454 2480 565 2515 potest
587 2473 709 2506 facere.
764 2473 806 2506 Et
834 2481 941 2507 tamen
964 2475 1057 2507 Deus

81 2515 132 2546 sic
154 2521 187 2547 et
204 2525 271 2547 non
293 2515 389 2549 aliter
407 2516 478 2549 vult
500 2515 658 2558 colligere
671 2515 868 2557 Ecclesiam,
892 2517 1058 2557 videlicet,

81 2567 141 2597 per
162 2558 385 2591 ministerium.

168 2600 205 2633 Si
227 2601 278 2633 vis
302 2609 412 2635 certus
436 2612 514 2635 esse
537 2610 568 2634 te
593 2604 748 2634 insertum
772 2612 849 2635 esse
871 2603 1057 2643 Ecclesiae,

770 154 982 187 POSTlLLA
1005 152 1404 185 MELANTHONJANA.

2056 155 2097 188 70

1123 248 1223 278 utatis
1246 247 1438 278 ministerio.
1472 247 1548 277 Non
1572 257 1768 288 quaeramus
1792 258 1898 279 novas
1921 247 2095 280 revelatio-

1120 299 1180 322 nes
1203 295 1238 321 ut
1260 288 1597 327 SchuuenckfeldiuS,
1621 291 1674 332 qui
1694 291 1784 329 dicit,
1806 290 1953 322 Verbum
1971 297 2097 324 tantum

1121 342 1198 364 esse
1231 333 1423 364 exercitium
1457 333 1584 363 externi
1618 333 1770 371 hominis,
1805 332 1904 375 quale
1931 334 2019 375 apud
2047 334 2097 366 lu-

1093 390 1097 404 ·
1122 376 1225 407 tlaeos
1259 381 1329 407 erat
1363 385 1429 405 non
1463 375 1562 406 edere
1585 384 1718 406 carnem
1741 375 1882 407 suillam.
1946 378 2010 409 Sed
2033 387 2096 408 nos

1093 408 1097 482 i
1120 419 1265 450 sciamus
1287 417 1436 449 Verbum
1458 417 1522 449 Dei
1544 427 1621 449 csse
1643 419 1904 457 instrumentum,
1926 429 1986 461 per
2008 421 2097 461 quod

1093 483 1096 504 t
1120 460 1206 493 filius
1223 460 1302 492 ‚Dei
1336 467 1387 492 est
1422 459 1551 492 efficax.
1618 460 1695 491 ltem
1724 462 1866 494 sciamus
1890 470 2098 495 sacramenta

1093 505 1096 543 1
1121 506 1217 535 etiam
1241 513 1319 535 esse
1341 503 1439 545 signa
1462 503 1670 535 testificantia
1693 509 1725 534 et
1748 503 1958 545 applicantia,
1982 506 2012 536 id
2032 513 2096 544 est,

1094 549 1095 562 ¹
1121 547 1349 578 confirmantia
1372 546 1482 584 fidem,
1507 547 1592 577 sicut
1611 544 1735 577 Paulus
1758 553 1857 578 vocat
1874 548 2097 580 circumcisio-

1120 600 1195 621 nem
1218 589 1383 631 σφραγίδα.
1430 588 1479 619 'ru
1503 589 1604 621 debes
1627 594 1775 620 statuere
1798 600 1876 620 vere
1899 591 1940 621 ad
1970 598 2002 622 te
2025 601 2096 632 per-

1119 633 1223 664 tinere
1246 633 1499 674 promissiones,
1518 642 1592 663 cum
1615 631 1681 662 hoc
1705 632 1801 674 signo
1824 633 1938 664 uteris.
1973 634 2040 665 Sed
2061 634 2096 665 fi-

1092 679 1095 716 }
1120 677 1179 707 des
1203 677 1323 707 nitatur
1346 677 1418 716 ipso
1432 673 1578 712 Christo,
1601 681 1633 706 et
1655 680 1805 706 teneatur
1828 685 1959 717 semper
1983 677 2096 709 discri-

1092 717 1095 766 ἱ
1118 728 1192 749 men
1215 719 1299 750 inter
1321 717 1487 749 Christum
1511 724 1543 749 et
1567 723 1717 749 caeteros
1739 718 1907 749 ministros
1927 729 2052 750 omncs.

1206 761 1375 793 Pharisaei
1409 761 1568 801 putabant
1603 759 1770 791 Christum
1791 766 1914 792 tantum
1939 771 2015 793 esse
2039 763 2096 794 do-

1120 810 1256 841 ctorem,
1275 804 1359 834 sicut
1382 804 1478 834 etiam
1501 809 1617 834 nostro
1631 809 1779 843 tempore
1799 803 1930 844 quidam
1954 805 2096 846 scripse-

1119 853 1205 884 runt,
1239 845 1406 878 Christum
1440 845 1590 876 attulisse
1625 851 1749 877 tantum
1782 844 1950 877 meliorem
1978 846 2096 889 legem.

1091 885 1094 906 Υ
1118 888 1242 920 Dicunt
1274 887 1421 930 triplices
1455 898 1533 919 esse
1555 887 1650 930 leges
1673 889 1815 919 diversis
1838 890 2041 930 temporibus
2064 892 2096 922 in

1090 966 1093 976 .
1118 931 1280 969 Ecclesia,
1302 932 1426 973 Legem
1450 937 1599 969 naturae,
1634 932 1742 973 legem
1765 931 1899 969 Moisis,
1933 939 1966 963 et
1988 931 2096 975 legem

1090 983 1093 1004 π
1118 974 1303 1016 Evangelii:
1326 974 1398 1005 Hae
1421 981 1497 1005 sunt
1520 973 1642 1006 stultae
1665 974 1929 1016 imaginationes.

1203 1018 1313 1049 Sedet
1332 1028 1372 1048 ex
1397 1017 1562 1048 veteribus
1585 1015 1684 1058 aliqui
1715 1027 1788 1048 cum
1813 1018 1853 1048 tle
1875 1016 2008 1049 Christo
2032 1019 2096 1049 dis·

1089 1040 1092 1097 i
1116 1067 1243 1101 putant,
1279 1066 1381 1102 agunt
1407 1061 1448 1091 de
1472 1069 1511 1090 eo
1535 1066 1694 1100 tanquam
1719 1060 1857 1091 doctore
1893 1067 2029 1099 tantum,
2061 1068 2095 1092 ut

1090 1102 1284 1135 'Lucianns
1319 1113 1384 1133 non
1420 1101 1571 1143 sophista
1604 1102 1673 1140 ille,
1709 1103 1769 1133 sed
1789 1101 1886 1141 alius,
1921 1104 1975 1145 qui
1999 1105 2097 1136 vertit

1118 1145 1237 1184 Bina,
1262 1146 1395 1187 scripsit
1418 1146 1598 1177 orationem
1622 1146 1664 1176 ad
1689 1152 1817 1186 gentes,
1840 1147 1872 1176 in
1897 1156 1962 1187 qua
1981 1148 2097 1179 recitat

1117 1189 1206 1220 initio
1231 1189 1574 1221 commemorationem
1597 1189 1679 1219 satis
1691 1188 1836 1230 longam,
1861 1190 1948 1230 quod
1967 1188 2096 1221 Ethnici

1118 1233 1181 1263 sint
1206 1233 1236 1262 in
1261 1233 1390 1273 magnis
1415 1232 1571 1271 tenebris,
1596 1231 1721 1272 fingant
1744 1233 1835 1262 varia
1860 1233 2008 1270 numina,
2033 1234 2095 1263 imo

1117 1276 1214 1307 etiam
1238 1274 1330 1306 Deos
1354 1275 1555 1312 obscoenos,
1578 1274 1732 1315 Priapum
1757 1280 1788 1306 et
1801 1274 1977 1306 Venerem.
2002 1275 2097 1307 Post-

1117 1328 1156 1349 ea
1176 1318 1252 1349 dicit
1276 1317 1444 1348 Christum
1469 1318 1614 1355 venisse,
1648 1323 1683 1348 ut
1705 1316 1824 1349 liberet
1854 1327 1913 1349 eos
1937 1328 1978 1349 cx
2004 1325 2093 1350 tene-

1118 1362 1204 1399 bris,
1240 1361 1315 1402 quia
1349 1358 1491 1392 attulerit
1525 1367 1704 1402 praecepta
1739 1359 1883 1392 melioris
1918 1361 2020 1399 vitae,
2055 1361 2096 1392 de

1117 1404 1286 1446 agnitione
1323 1405 1419 1435 unius
1442 1404 1512 1435 veri
1541 1403 1621 1441 Dei,
1657 1411 1689 1434 et
1720 1404 1786 1435 vita
1810 1410 1913 1435 casta.
1981 1405 2095 1436 Potest

1118 1446 1200 1484 fieri,
1233 1447 1320 1488 quod
1355 1446 1430 1487 plus
1461 1445 1674 1484 intellexerit,
1709 1447 1784 1487 quia
1807 1444 1867 1477 fuit
1891 1447 1940 1476 vir
1964 1448 2094 1485 doctus,

1118 1490 1177 1520 sed
1200 1495 1309 1521 tamen
1333 1489 1511 1530 descriptio
1532 1488 1653 1519 Christi
1677 1495 1729 1520 est
1745 1487 1964 1527 insufficiens,
1989 1488 2096 1531 qualis

1117 1538 1225 1563 tamen
1261 1533 1384 1573 passim
1419 1539 1469 1563 est
1505 1532 1601 1562 etiam
1637 1532 1668 1562 in
1702 1531 1890 1569 Lactantio,
1924 1539 1954 1563 et
1983 1531 2094 1564 multis

1117 1573 1200 1606 aliis.

1204 1618 1273 1648 Nos
1297 1619 1384 1649 scire
1408 1623 1552 1657 oportet,
1583 1616 1748 1648 Christum
1780 1628 1845 1649 non
1868 1623 1994 1649 tantum
2018 1628 2095 1650 esse

1118 1661 1299 1698 doctorem,
1334 1661 1394 1691 sed
1416 1660 1681 1700 Redemptorem,
1711 1667 1742 1690 et
1766 1658 1985 1691 salvatorem.
2031 1660 2093 1692 Re-

1088 1704 1091 1730 Ι
1117 1704 1240 1734 dimere
1263 1710 1313 1734 est
1338 1702 1470 1734 solvere
1492 1703 1642 1743 pretium.
1710 1702 1788 1734 Ideo
1820 1704 2008 1743 redemptor
2031 1710 2093 1742 est,

1117 1747 1193 1787 quia
1217 1756 1290 1776 cum
1314 1746 1446 1787 patitur,
1469 1744 1631 1785 persolvit
1655 1746 1761 1786 λύτρον
1783 1756 1844 1786 pro
1867 1746 1975 1776 nohis.
2023 1746 2094 1778 Sal-

1116 1795 1212 1819 vator
1245 1794 1308 1826 est,
1339 1789 1414 1829 quia
1448 1788 1587 1819 restituit
1621 1789 1719 1819 nobis
1753 1789 1908 1820 iustitiam
1931 1796 1962 1820 et
1995 1790 2094 1820 vitam

1115 1838 1291 1863 aeternam.
1351 1830 1481 1863 inchoat
1517 1841 1589 1862 eam
1625 1832 1656 1862 in
1676 1831 1772 1862 nobis
1794 1832 1826 1862 in
1851 1830 1913 1862 hac
1944 1832 2026 1870 vita,
2063 1839 2094 1864 et

1114 1881 1233 1916 postea
1255 1873 1408 1915 complet.
1465 1872 1567 1905 Simul
1591 1874 1687 1905 etiam
1710 1880 1761 1905 est
1785 1873 2017 1915 interpellator
2040 1884 2094 1906 co-

1115 1928 1185 1949 ram
1202 1916 1277 1948 Deo
1300 1928 1360 1957 pro
1385 1918 1493 1955 nobis,
1516 1924 1549 1948 ut
1573 1923 1731 1959 tegantur
1759 1916 1916 1959 reliquiae
1938 1924 2092 1957 peccato-

1114 1971 1185 1992 rum
1211 1967 1413 1998 nostrorum,
1434 1967 1464 1990 et
1489 1971 1556 1991 non
1581 1961 1831 1991 absorbeamur.

1200 2003 1291 2035 Haec.
1314 2002 1456 2034 loannes
1479 2003 1576 2034 etiam
1599 2001 1675 2034 alibi
1699 2013 1803 2043 saepe
1827 2004 1947 2041 docuit,
1976 2003 2016 2034 Et
2039 2002 2093 2034 hic

1114 2047 1238 2088 inquit:
1272 2048 1308 2077 1η
1332 2047 1435 2077 medio
1459 2050 1595 2077 restrum
1616 2047 1716 2084 stetit,
1739 2056 1826 2087 quem
1856 2055 1916 2077 nov
1947 2047 2092 2083 novistis,

1113 2091 1203 2121 cuius
1225 2099 1287 2120 mm
1310 2099 1376 2120 sum
1400 2089 1516 2130 dignus
1542 2090 1667 2120 solem-e
1697 2090 1947 2130 οων-ιῃῐσηιρηιιι
1970 2090 2091 2121 calceo-

1113 2142 1194 2170 rum,
1221 2134 1269 2163 re!
1287 2137 1419 2173 yos-tare
1442 2133 1658 2163 calceamenta
1682 2133 1758 2163 eius.
1806 2131 1945 2163 Calceus
1968 2132 2091 2174 signifi-

1113 2183 1164 2207 cat
1199 2176 1432 2212 ministerium,
1466 2176 1542 2217 quia
1565 2176 1698 2206 nuntius
1722 2174 1797 2206 facit
1823 2175 1882 2206 iter
1911 2174 2091 2206 calccatus·

1113 2217 1193 2250 Vult
1219 2219 1319 2261 igitur
1337 2219 1462 2249 dicere:
1497 2217 1568 2259 Ego
1593 2228 1658 2248 non
1681 2228 1753 2249 sum
1777 2218 1895 2259 dignus
1921 2225 2010 2248 tanto
2035 2219 2091 2249 mi-

1112 2262 1260 2293 nisterio.
1327 2260 1361 2292 ld
1396 2260 1497 2292 multo
1533 2262 1638 2302 magis
1673 2259 1794 2301 singuli
1818 2267 1967 2292 nostrum
1990 2270 2092 2302 agno-

1112 2310 1220 2336 scant.
1278 2304 1381 2335 Nemo
1401 2310 1452 2335 est
1475 2314 1535 2345 par
1557 2311 1667 2335 tantae
1690 2302 1778 2334 moli.
1836 2303 1920 2334 Sunt
1939 2304 1970 2334 in
1995 2304 2091 2335 nobis

1111 2357 1252 2390 magnae
1275 2347 1495 2385 infirmitates,
1520 2347 1579 2377 sed
1604 2347 1777 2388 requiritur
1798 2345 1950 2384 fidelitas,
1974 2346 2005 2377 id
2029 2354 2092 2384 est,

1111 2390 1232 2422 bonum
1271 2389 1477 2431 propositum
1511 2399 1570 2420 seu
1595 2390 1681 2420 bona
1705 2389 1921 2427 conscientia,
1956 2395 1991 2421 ut
2014 2388 2092 2420 veli-

1111 2443 1185 2465 mus
1207 2431 1384 2474 diligenter
1405 2431 1519 2464 facere
1530 2438 1679 2463 nostrum
1695 2431 1854 2470 officium,
1879 2438 1911 2462 et
1933 2442 1999 2463 non
2023 2443 2092 2463 ser·

1111 2476 1238 2507 viamus
1272 2475 1394 2507 nostris
1430 2475 1675 2517 cupiditatibuS,
1709 2475 1890 2512 ambitioni,
1923 2475 2090 2516 cupiditati

1111 2519 1288 2556 vindictae,
1324 2524 1357 2550 et
1390 2517 1464 2549 aliis
1498 2517 1677 2555 furoribus,
1713 2527 1798 2558 quos
1834 2517 1925 2549 multi
1954 2519 2091 2549 miscent

1110 2561 1303 2593 ministerio.
1327 2561 1424 2597 Quod
1447 2561 1578 2592 dicitur:
1596 2564 1670 2600 post
1693 2570 1739 2591 me
1761 2562 1846 2592 venit
1869 2562 1926 2601 qtu'
1946 2565 2020 2592 ante
2044 2571 2089 2591 me

1108 2601 1187 2643 fuit,
1211 2603 1402 2644 simpliciter
1426 2605 1469 2635 ita
1493 2601 1708 2644 intelligatur,
1743 2604 1831 2645 quod
1855 2602 1942 2635 filius
1966 2604 2025 2635 Dei
2051 2604 2089 2634 sit
