2324 2958
128 153 195 187 92⁷
772 154 886 187 PHlL.
907 154 1010 188 MEL.
1031 155 1223 189 SCRIPTA
1243 154 1508 188 EXEGETICA.
2083 159 2148 193 928

131 249 228 281 Sicut
249 247 350 279 Pater
373 247 469 279 mittit
491 246 626 287 Filium,
659 257 775 280 amore
808 248 1017 280 substantiali
1052 250 1115 281 sibi
1165 251 1420 289 poenitentiam,
1453 253 1486 281 et
1515 250 1637 282 credite
1669 251 1862 291 Evangelio,
1903 256 1936 284 et
1968 254 2148 295 baptizetur

131 289 334 332 copulatum,
357 291 408 323 sic
430 290 565 322 effundit
583 301 730 323 amorem
747 290 999 324 substantialem
1016 291 1117 323 Pater
1168 294 1382 331 unusquisque
1400 294 1433 323 in
1459 292 1630 324 Christum.
1685 292 1761 325 Non
1783 300 1888 326 mutat
1920 293 2060 329 formam
2083 297 2148 331 Ba-

130 335 163 366 in
188 340 277 365 tuum
301 344 379 371 cor,
412 339 449 364 nt
477 333 649 364 confirmet
676 340 727 373 te,
761 335 850 376 quod
883 336 930 366 sis
954 340 1114 375 acceptus
1167 334 1288 375 ptismi,
1310 334 1371 365 sed
1393 332 1538 376 loquitur
1560 335 1601 367 de
1624 334 1753 368 effectu.

129 377 206 409 Deo
240 382 377 418 propter
407 374 534 407 Filium.
590 375 692 408 Filius
726 384 904 418 propterea
931 377 1114 417 assumpsit

131 419 310 451 humanam
333 425 496 457 naturam,
519 424 555 450 ut
577 420 703 451 inserat
726 426 758 451 te
781 421 861 451 sibi:
884 420 915 450 Is
940 419 1033 450 afssat
1056 420 1114 450 tibi

131 463 289 504 Spiritum
323 468 493 499 sanctum,
528 462 582 503 qui
616 468 668 493 est
702 461 994 494 consubstantialis
1025 461 1114 493 Patri

131 511 164 537 et
187 503 280 536 filio.
336 504 414 535 ideo
439 505 469 535 in
493 505 636 536 iohanne
669 506 829 546 scriptum
853 511 923 536 est:
958 507 1029 537 Non
1063 515 1115 537 sn-
1168 496 1322 539 Suntne
1351 505 1486 553 partes
1508 498 1791 542 Conversionis
1820 502 1886 543 hie
1907 505 2148 559 expressae?

131 558 203 580 mus
225 551 259 579 in
282 557 336 586 eo,
371 552 404 579 et
425 551 496 588 ipse
529 551 563 579 iu
594 549 704 580 nobis:
737 552 812 588 quia
845 549 886 579 de
908 548 1035 588 Spiritu
1057 557 1117 580 suo

130 593 188 623 dac
208 592 308 623 nobis.
1253 588 1312 620 lta·
1361 590 1549 631 Compuncti
1568 596 1645 623 sunt
1665 593 1784 631 corde]
1815 598 1866 625 est
1889 595 2061 632 contritio;
2088 606 2147 637 po·

1167 637 1252 669 stea,
1276 642 1349 663 cum
1373 639 1550 674 quaerunt:
1584 636 1662 674 quid
1677 633 1868 674 faciamus?
1897 643 1930 668 et
1953 636 2073 670 Petrus
2097 649 2148 670 re-

1166 674 1321 715 spondet,
1350 676 1443 714 Ayite
1460 680 1706 717 poenitentiam,
1740 678 2029 719 comprehenditur
2050 681 2148 720 fides,

1166 723 1199 748 et
1224 718 1343 748 bonum
1368 719 1584 760 propositum.
1638 721 1795 751 Μετάνοια
1825 727 1877 752 est
1910 729 2038 754 mutare
2071 735 2147 766 pro-

1166 761 1328 801 positum:
1363 762 1423 798 Qui
1441 764 1576 801 sin-atus
1598 767 1654 802 est,
1677 773 1739 795 non
1758 767 1893 804 furetur
1910 767 2063 806 amplius;
2095 773 2149 799 est

1168 802 1334 841 contritio,
1357 804 1400 835 acl
1423 814 1521 845 quam
1549 806 1678 837 accedit
1701 806 1802 845 tides,
1832 813 1864 838 et
1891 808 2016 840 initium
2038 819 2149 842 novae

1167 846 1384 877 obedientiae.
1429 845 1584 879 Similiter
1606 859 1679 880 cum
1709 849 1800 880 dicit:
1834 852 2023 891 Baptizemr
2050 863 2148 885 imus-

1166 892 1298 929 qm'sque
1325 890 1371 921 mi
1391 891 1613 922 remissionem
1642 897 1865 933 peccatorum;
1899 894 2149 935 comprehendit

1166 932 1274 963 fidem.
1320 931 1449 964 Videtis
1473 933 1573 974 igitur
1600 940 1690 965 recte
1711 945 1733 965 a
1754 937 1851 967 nobis
1875 937 1959 967 tradi
1988 937 2148 978 puerilem

1165 973 1254 1005 illam
1279 975 1462 1007 doctrinam
1485 976 1526 1007 de
1548 977 1758 1018 poenitentia.
1801 979 1878 1010 Wer
1899 989 1935 1011 es
1957 983 2011 1011 wil
2025 983 2148 1013 andero

1166 1019 1314 1057 macheu,
1347 1019 1408 1050 der
1437 1020 1537 1059 fulv-e
1569 1021 1641 1059 ltin,
1676 1024 1736 1052 wie
1773 1031 1807 1052 es
1846 1022 2005 1053 Ositmder
2037 1025 2147 1056 macla.

192 755 302 806 Quid
334 762 396 795 est
426 755 467 795 in
499 756 607 800 dieto
638 755 773 796 Ioelis:
802 760 1063 801 prophetabunt?

217 846 305 877 Idem
340 852 407 883 est,
449 847 537 887 quod
571 847 827 887 praedicabunt,
861 846 1114 887 profitebuntur,

128 890 343 927 invocabunt,
367 888 583 920 celebrabunt
605 888 724 927 Deum,
758 889 1003 920 confitebuntur
1026 900 1113 928 eum,

130 933 332 964 enarrabunt
357 931 517 963 mirabilia
540 943 642 973 opera
666 932 739 970 Dei,
764 933 890 963 wratias
909 938 1020 973 agent.
1065 932 1113 964 lta

129 974 226 1007 simul
251 975 498 1016 comprehendit
520 986 632 1006 veram
657 976 852 1013 doctrinam,
886 985 999 1006 veram
1022 976 1112 1007 invo-

129 1019 310 1056 cationem,
347 1017 605 1049 celebrationem
641 1018 724 1056 Dei,
758 1028 858 1050 veros
893 1018 956 1049 Dei
991 1017 1112 1057 cultus,

130 1061 171 1092 de
195 1062 314 1102 quibus
338 1067 370 1091 et
393 1063 424 1092 in
449 1061 499 1092 liis
524 1062 635 1092 verbis
660 1061 750 1092 dicit:
780 1062 889 1093 Ouenis
911 1065 964 1101 qne·
987 1065 1112 1093 inroc-a-

128 1105 211 1136 verit
242 1113 356 1135 nomen
391 1105 529 1136 Domini.
595 1104 669 1135 Non
711 1110 762 1135 est
801 1104 845 1135 ibi
878 1105 1112 1146 praerogativa

127 1145 226 1189 legis.
277 1148 400 1185 Omnes,
424 1153 489 1178 tani
512 1146 656 1185 Etlinici,
681 1157 778 1188 quam
803 1146 923 1178 ludaei.

214 1192 335 1221 Amnon
357 1189 432 1229 Dei,
455 1196 506 1221 est
528 1190 652 1232 agnitio
677 1189 752 1228 Dei,
774 1190 860 1221 sicut
884 1200 921 1221 se
943 1189 1110 1231 patefecit,

126 1237 179 1270 ut,
211 1243 284 1264 cum
308 1233 339 1262 in
368 1234 562 1274 precatione
590 1232 766 1264 Dominica
796 1233 928 1263 dicitur:
962 1233 1112 1272 Sanctifi-

127 1280 217 1307 cetur
239 1285 353 1307 nomen
376 1280 479 1307 tunm:
501 1276 532 1306 id
557 1281 620 1313 est,
643 1281 849 1318 agnoscatur
866 1281 957 1306 tuum
980 1285 1111 1314 nomen,

126 1317 255 1349 scilicet
278 1318 370 1349 iuxta
389 1318 640 1359 promissiones
682 1318 804 1350 Sciatis
823 1317 931 1350 Deum
953 1319 1111 1350 invocan-

127 1361 203 1393 dum
227 1370 305 1392 esse
328 1361 418 1392 iuxta
435 1359 678 1403 patefactiones
700 1371 761 1402 per
782 1359 912 1392 Filium.

213 1402 338 1435 Paulus
370 1410 467 1445 urget
499 1402 708 1445 particulam:
747 1405 866 1436 Omnis.
931 1405 991 1436 Est
1022 1404 1112 1436 dines

127 1447 286 1479 Dominus
308 1450 342 1478 in
364 1457 474 1479 onmes
496 1451 551 1487 qui
572 1450 721 1479 int-ocant
742 1457 830 1487 eum,
858 1452 925 1478 tam
948 1445 1111 1478 Ethnicos

127 1499 224 1531 quam
259 1489 411 1521 ludaeos.
467 1489 568 1533 Igitur
602 1491 743 1532 abrogat
778 1489 1020 1522 ceremoniales
1044 1489 1112 1522 cul-

125 1538 193 1571 tus,
217 1538 249 1564 et
271 1533 410 1564 instituit
432 1543 547 1565 verum
577 1533 721 1572 cultum,
750 1533 806 1575 qui
832 1539 885 1566 est
910 1543 992 1566 vera
1019 1534 1112 1565 invo-

125 1577 226 1613 catio,
251 1586 348 1617 quam
372 1582 405 1607 et
425 1577 629 1617 prophetiam
651 1577 809 1608 nominat.

211 1619 335 1651 Postea
358 1619 471 1660 incipit
505 1620 698 1651 concionari
721 1620 763 1651 de
785 1618 938 1651 Christoz
969 1617 1112 1651 affirmat

124 1672 241 1694 verum
265 1672 359 1700 esse,
393 1663 482 1703 quod
507 1661 662 1694 Christus
684 1663 914 1701 resurrexerit,
940 1663 1111 1704 praedicat

124 1705 359 1746 poenitentiam
383 1711 415 1736 et
434 1706 663 1737 remissionem
686 1712 900 1747 peccatorum
923 1707 956 1737 in
978 1707 1111 1738 nomine

126 1747 261 1787 Christi,
286 1754 321 1780 ut
343 1746 410 1780 hoc
432 1748 531 1780 modo
554 1759 694 1791 regnum
722 1749 793 1781 eius
824 1748 1002 1782 inchoetur
1025 1750 1111 1781 inter

124 1801 230 1833 ipsos.

1166 1060 1310 1092 Primum
1334 1062 1506 1093 videbatur
1530 1062 1641 1094 dicere
1664 1063 1705 1093 (le
1718 1062 1901 1095 vocabulo:
1926 1065 2045 1097 deinde
2068 1077 2148 1108 pau·

1165 1102 1254 1135 latim
1278 1114 1480 1146 progressus
1499 1111 1562 1144 est,
1584 1111 1618 1137 ut
1640 1105 1716 1137 inde
1739 1105 1827 1138 aliud
1850 1113 2026 1140 extrueret.

1257 1148 1318 1184 Qui
1337 1150 1454 1187 procul
1474 1151 1572 1186 sunt-l
1619 1148 1682 1180 Hic
1705 1150 1861 1192 gentibus
1891 1151 1988 1182 etiam
2012 1150 2149 1184 offerim-

1164 1188 1223 1220 illa
1246 1189 1364 1231 ingens
1389 1196 1420 1221 et
1443 1190 1697 1222 innenarrabilis
1726 1193 1849 1234 gratia,
1883 1194 1972 1235 quod
2006 1195 2058 1226 sic
2080 1193 2148 1226 col-

1163 1231 1236 1275 ligit
1257 1231 1444 1264 Ecclesiam
1467 1243 1527 1274 per
1549 1234 1777 1266 ministerium.

1254 1277 1461 1316 Quoscunque
1502 1278 1728 1316 advocaverit]
1793 1277 1919 1309 Videtis
1963 1277 2148 1312 Ecclesiam

1164 1316 1277 1360 colligi
1300 1320 1416 1357 verbo,
1439 1324 1471 1350 et
1495 1329 1569 1350 eam
1592 1320 1728 1361 excerpi
1752 1330 1792 1352 ex
1804 1319 2010 1354 multitudine
2032 1323 2148 1364 impia:

1162 1360 1244 1392 Tam
1277 1361 1331 1392 diu
1366 1362 1514 1393 servabit
1547 1361 1641 1394 Deus
1676 1372 1781 1404 genus
1815 1363 2004 1402 humanum,
2039 1365 2148 1398 donec

1163 1403 1370 1445 compleatur
1391 1414 1547 1436 numerus
1571 1403 1763 1437 electorum.

1253 1448 1329 1478 Tria
1350 1448 1474 1486 millia]
1519 1447 1594 1479 Fuit
1616 1458 1772 1491 magnum
1794 1447 1988 1481 miraculum
2018 1455 2066 1482 tot
2090 1449 2148 1483 ho-

1163 1490 1285 1522 minum
1308 1491 1484 1522 conversio
1507 1500 1574 1523 uno
1598 1491 1668 1528 die;
1695 1498 1728 1523 et
1751 1492 1844 1524 dicit:
1880 1503 1941 1524 sua
1962 1494 2149 1527 vendebant.

1225 1654 1397 1707 Quaero,
1430 1671 1483 1696 an
1514 1656 1740 1697 necessaria
1770 1657 1822 1697 sit
1853 1659 2084 1699 communio

1575 1733 1742 1774 rerum?

1249 1833 1334 1865 Non.
1380 1832 1521 1865 Contra:

1292 1895 1449 1934 Exempla
1470 1894 1692 1934 Apostolorum
1714 1898 1791 1926 sunt
1810 1896 1980 1927 auteonda.-

1292 1937 1437 1977 Apostoli·
1454 1939 1607 1977 fecerim!
1626 1941 1874 1970 communionem
1888 1950 1898 1969 .-

262 1955 385 2007 QUOd
416 1963 629 2012 Pecoatum
661 1957 701 1997 in
732 1957 804 1998 iuis
835 1958 982 1999 taxat?
1293 1981 1378 2019 Eryo
1400 1989 1459 2011 nos
1481 1990 1604 2020 quoqne
1625 1981 1773 2012 debemus
1795 1981 1891 2013 istam
1910 1984 2036 2022 facere.

1248 2047 1461 2090 Respondeo.
1518 2048 1679 2091 Exempla
1701 2048 1942 2091 Apostolorum
1972 2056 2050 2082 sunt
2078 2051 2145 2083 imi-

1162 2092 1273 2129 tnnda‚
1296 2090 1426 2123 scilicet
1449 2102 1501 2130 ea,
1524 2102 1609 2133 quae
1633 2098 1711 2124 sunt
1734 2099 1930 2134 praecepta;
1983 2093 2049 2132 uia,
2082 2103 2147 2126 non

1161 2138 1329 2175 erempus,
1361 2137 1421 2167 sed
1453 2137 1574 2175 leyt'bus
1607 2140 1656 2168 est
1687 2137 1898 2168 indicandum.
1984 2137 2147 2168 abuerunt

1161 2185 1267 2210 autem
1292 2179 1401 2210 onmia
1425 2179 1622 2217 communia,
1645 2189 1753 2221 neque
1775 2189 1918 2220 semper,
1948 2189 2056 2222 neque
2079 2179 2146 2211 ubi·

1161 2231 1238 2263 que,
1261 2222 1321 2253 sed
1347 2221 1612 2263 llierosolymae.
1670 2221 1711 2253 Et
1745 2222 1803 2254 fuit
1827 2221 2012 2263 probabilis
2046 2223 2146 2254 ratio:

1161 2266 1237 2306 quia
1261 2263 1377 2297 melius
1401 2271 1472 2296 erat
1495 2266 1526 2296 iu
1551 2272 1700 2307 tempore
1734 2266 1821 2296 bona
1853 2265 2011 2304 vendere,
2047 2276 2147 2308 quam

1161 2314 1197 2339 ut
1220 2309 1429 2349 eriperentur
1463 2318 1523 2349 per
1557 2309 1632 2340 vim.
1690 2307 1951 2340 Excutiehantur
1986 2309 2072 2340 enim
2102 2320 2146 2341 ex

213 2046 284 2079 Vos
308 2047 519 2080 crucifixistis
543 2048 727 2084 Christum
763 2050 840 2090 quia
868 2055 1110 2082 consenserant

125 2091 157 2124 in
182 2098 331 2122 mortem.
389 2090 482 2122 Multi
505 2090 698 2130 adsuerant,
732 2099 848 2133 aperte
871 2099 904 2124 et
926 2091 1035 2135 palam
1058 2103 1109 2124 ns·

125 2134 309 2166 sentientes
333 2133 534 2166 Pharisaeis.
574 2133 639 2166 Alii
662 2135 771 2167 adhuc
795 2142 889 2167 erant
912 2135 1108 2178 blasphemi,

126 2187 222 2219 quam
249 2188 323 2208 uam
358 2188 398 2209 ex
432 2178 628 2218 ignorantia.
684 2178 750 2209 lam
786 2189 865 2209 vero
901 2190 962 2211 nos
992 2190 1108 2211 omnes

125 2221 217 2252 cruci
244 2221 351 2253 ximus
376 2219 559 2252 Christum:
594 2221 671 2263 quia
704 2231 818 2252 sumus
854 2232 957 2254 causa
981 2223 1107 2254 mortis.

125 2263 193 2295 Sed
217 2262 281 2295 hoc
306 2270 415 2295 tamen
439 2263 610 2305 singulare
663 2270 813 2297 eccatum
846 2271 918 2303 est,
953 2267 1108 2307 persequi

125 2304 293 2338 Christum
327 2313 360 2338 et
390 2306 588 2339 Ecclesiam.
680 2307 809 2340 ifferunt
843 2314 951 2339 autem
983 2310 1108 2351 gradus

122 2350 403 2391 persequentium.
450 2349 543 2382 Multi
573 2356 662 2389 sunt,
691 2351 746 2393 qui
770 2361 810 2383 ex
834 2352 1019 2394 ignorantia
1041 2351 1106 2384 hoc

123 2399 296 2434 peccatum
332 2392 472 2432 habent,
511 2395 564 2435 qni
599 2400 849 2426 convertuntur.
902 2393 968 2426 Alii
998 2395 1108 2426 dedita

124 2445 228 2476 opera
269 2434 453 2476 blasphemi
495 2444 590 2476 sunt,
632 2438 686 2479 qui
728 2438 872 2469 scientes
913 2445 1107 2481 oppugnant

124 2477 285 2510 articulos
316 2479 408 2518 fidei,
443 2480 498 2521 qui
529 2491 594 2512 non
626 2488 875 2513 convertuntur.
925 2482 1111 2522 Compnnrti

123 2524 225 2559 sunm
272 2521 430 2554 Confossi
454 2530 530 2555 sunt
555 2524 586 2555 in
611 2524 724 2561 eorde,
758 2525 788 2555 id
813 2530 876 2563 est,
905 2526 1108 2557 consternati

124 2571 215 2601 aunt,
249 2572 450 2607 acceperunt
484 2577 637 2609 magnum
672 2565 821 2600 dolorem
852 2568 883 2599 in
913 2569 1030 2600 corde:
1065 2568 1108 2599 ibi

125 2606 285 2640 clamant:
319 2610 397 2649 qum
427 2614 590 2650 aqemus?
645 2609 691 2642 lbi
729 2610 848 2644 Petrus
882 2611 982 2643 dicit:
1020 2612 1110 2651 Aque

1162 2349 1395 2387 facultatibus;
1429 2351 1516 2383 sicut
1539 2352 1604 2383 vidi
1628 2351 1754 2383 similes
1783 2350 1897 2382 literas
1925 2351 2147 2393 inquisitionis

1161 2393 1272 2425 Caroli
1308 2395 1340 2426 in
1363 2393 1504 2436 Belgio,
1539 2396 1600 2427 dm
1635 2405 1710 2426 mm·
1743 2397 1821 2426 colec
1852 2396 1915 2426 den
1946 2394 2147 2427 Lutlieranls

1160 2447 1270 2470 nowen
1294 2440 1345 2470 die
1364 2442 1470 2477 amer.
1498 2439 1564 2470 mut
1586 2442 1634 2470 sie
1655 2439 1779 2470 dar-aus
1800 2442 1936 2469 etossen.
1988 2437 2060 2469 Hoc
2089 2436 2147 2470 fle-

1163 2481 1218 2512 bat
1252 2482 1293 2512 nd
1322 2481 1543 2514 incutiendum
1576 2487 1754 2512 terrorem:
1789 2481 1866 2522 quin
1898 2491 1995 2512 nemo
2029 2481 2147 2514 amittit

1161 2522 1301 2555 libenter
1336 2523 1524 2557 facultates.
1582 2523 1711 2556 Deinde
1734 2523 1799 2556 hoc
1818 2525 1999 2566 agebatur,
2035 2530 2082 2561 ut,
2115 2523 2145 2555 si

1161 2568 1215 2608 qui
1240 2567 1317 2599 sacti
1353 2574 1467 2600 essent
1491 2566 1680 2605 Christiani,
1714 2567 1829 2599 tierent
1864 2565 1980 2598 exules
2011 2566 2146 2599 amini·

1160 2610 1386 2643 incultutibus.
1443 2611 1567 2650 Tertio,
1601 2617 1636 2643 ut
1659 2610 1889 2643 {inescarentur
1906 2608 2063 2642 scelerati
2085 2608 2146 2642 ho·
