2324 2958
9 1242 14 1251 ·
58 1223 208 1255 videmus
231 1223 328 1254 etiam
358 1224 391 1253 in
419 1223 580 1264 imperiis,
612 1228 644 1254 et
665 1221 850 1254 Ecclesiae.

72 152 133 185 337

73 248 107 279 in
134 255 198 278 una
225 240 356 273 lamilia.
404 240 511 272 Daxid
540 241 650 271 habuit
675 239 886 272 Salomonem
914 251 1047 272 succes-

75 297 193 327 sorem,
214 289 246 316 et
267 282 367 315 Iulius
388 283 589 324 Augustum,
613 292 709 324 quem
733 283 796 314 sibi
819 284 1044 325 adoptaverat.

75 331 136 368 Qui
156 326 260 360 secuti
282 332 370 364 sunt,
394 323 525 357 fuerunt
547 331 706 363 monstra,
727 325 884 367 Tyranni,
909 326 1046 357 bestiae.

75 374 130 406 Sic
149 375 222 413 post
239 367 484 409 Vespasianum
507 375 539 399 et
557 367 663 399 Titum
685 369 791 400 secuti
809 374 886 399 sunt
904 369 1045 409 tyranni.

154 411 295 445 Carolus
319 409 493 442 Martellus
517 409 638 442 delevit
660 416 808 442 trecenta
831 409 929 441 millia
949 411 1045 442 Sara-

73 465 242 492 cenorum,
276 455 331 495 qui
361 464 400 485 se
430 452 616 485 infuderant
650 454 681 484 in
711 452 864 484 Galliam.
910 452 1044 493 Pipinus

111 498 195 531 cavit
217 495 352 534 ltaliam,
376 503 408 527 et
426 506 578 538 magnam
597 501 722 536 partem
741 496 906 537 Europae.
944 495 1044 527 Caro-

81 551 119 575 us
135 539 279 582 Magnus
299 540 430 570 ornavit
452 540 534 570 istas
558 539 712 580 regiones
731 538 847 577 literis,
872 544 905 569 et
924 539 1044 569 doctri-

67 593 180 617 narum
208 582 336 613 studiis.
381 581 600 613 Renuntiatus
629 587 681 612 est
711 582 835 622 primus
865 581 1043 622 Imperato—

65 636 135 659 rum
158 624 366 662 Germaniae,
390 631 422 656 et
445 625 550 665 gessit
573 634 628 655 res
651 634 802 666 magnas,
826 624 910 655 sicut
933 624 1044 655 audie-

65 670 106 700 tis
128 669 162 699 in
185 667 370 699 chronicis.
417 666 608 698 Ludovicus
632 666 711 698 Pius
741 667 836 698 etiam
866 666 925 698 suit
950 667 1043 697 Prin-

64 721 144 752 ceps
172 711 290 742 bonus.
335 709 440 741 Huius
470 709 574 747 filius,
603 710 657 751 qui
688 709 897 740 Germaniam
927 711 1042 746 tenuit,

62 753 211 786 fundavit
229 753 462 784 monasterium
483 753 514 783 in
535 751 787 783 Gandersheim.
830 752 905 783 Vidi
928 751 1041 783 literas

62 795 263 828 fundationis
296 806 378 826 auro
413 795 570 835 scriptas:
611 794 651 826 Et
682 795 748 826 vidi
781 801 875 832 tunc,
909 796 1040 836 quando

61 839 204 871 loannes
226 837 415 869 fridericus
438 836 594 876 Elector,
624 844 655 868 et
678 837 910 880 Landgravius
941 847 1040 868 occu-

61 886 222 924 paverunt
245 880 409 912 Ducatum
431 880 723 912 Brunsvicensem.
764 881 843 912 Erat
867 878 1040 922 pulchrum

60 929 312 956 monumentum.

145 966 287 998 Debetis
315 966 404 998 scire
438 965 593 997 historias
621 972 770 1004 veteres,
804 972 838 997 ut
874 965 1040 1007 cogitetis,

60 1010 226 1051 quomodo
248 1008 342 1040 Deus
362 1014 556 1040 transmutet
582 1019 701 1050 regna,
726 1015 759 1040 et
781 1009 888 1049 agatis
912 1009 942 1039 ei
965 1018 1038 1049 gra-

59 1053 134 1091 tias,
156 1052 245 1095 quod
268 1052 414 1083 servavit
436 1051 633 1083 Ecclesiam.
667 1051 750 1082 Nam
773 1051 932 1082 historiae
955 1061 1040 1082 sem-

57 1105 119 1137 per
140 1095 204 1126 n'os
226 1100 359 1126 monent
383 1095 424 1125 de
446 1093 646 1126 collectione
664 1100 696 1125 et
716 1092 911 1125 defensione
922 1092 1040 1125 Eccle-

58 1138 145 1176 siae,
169 1144 201 1169 et
223 1138 355 1179 generis
378 1136 526 1169 humani:
556 1138 643 1168 sicut
665 1137 697 1167 in
721 1137 910 1168 narratione
932 1136 1040 1168 Evan-

59 1179 166 1223 gelica
189 1180 329 1212 diximus
351 1180 512 1221 picturam
534 1180 687 1221 proponi,
712 1189 838 1217 eorum,
863 1189 949 1221 quae
969 1179 1039 1210 fieri

525 1223 531 1229 '
894 1221 1038 1264 Magnus

57 1272 168 1298 motus
190 1265 299 1297 factus
324 1271 377 1297 est
401 1266 433 1296 in
456 1266 553 1304 mari,
583 1264 718 1296 Christo
742 1266 935 1296 dormiente.
982 1264 1039 1296 Sic

57 1318 160 1349 saepe
182 1309 323 1340 mundus
346 1307 550 1339 horribiliter
571 1307 802 1345 tmnultuatur,
826 1309 921 1350 quasi
944 1307 1038 1339 Chri-

57 1358 111 1383 sto
134 1351 326 1382 dormiente.
372 1351 455 1388 Sed,
478 1357 513 1382 ut
537 1351 618 1389 dixi,
641 1351 674 1381 in
698 1350 874 1382 Chronicis
898 1351 1038 1382 audietis

57 1404 113 1426 res
141 1400 255 1435 gestas
278 1392 392 1425 Caroli
414 1393 546 1435 Magni,
576 1393 633 1425 ubi
660 1393 692 1424 in
723 1394 836 1434 primis
865 1393 1038 1424 dicendum

57 1437 156 1468 nobis
179 1436 241 1468 erit
269 1437 311 1467 de
345 1434 560 1467 translatione
581 1436 722 1477 imperii,
748 1435 833 1470 Quia
856 1435 1037 1467 Pontifices

58 1479 240 1520 disputant,
258 1477 345 1509 Esse
367 1488 449 1511 suae
471 1479 659 1519 potestatis,
684 1477 868 1510 transferre
890 1479 1037 1519 imperia,

57 1522 143 1553 sicut
172 1522 206 1553 in
232 1522 382 1562 proximo
412 1528 579 1553 conventu
601 1521 799 1563 Augustano
830 1519 890 1552 suit
917 1531 1038 1563 magna

57 1564 226 1596 contentio
250 1564 291 1594 de
315 1573 354 1595 ea
378 1574 426 1602 re,
450 1575 524 1596 cum
547 1562 687 1595 stolidus
706 1565 808 1605 Papa,
831 1563 956 1596 Paulus
970 1564 1036 1595 lll!.

55 1616 122 1637 non
146 1605 247 1638 vellet
273 1605 474 1638 confirmare
495 1605 701 1638 Electionem
724 1607 937 1648 lmperatoris
959 1607 985 1638 F
988 1617 1037 1638 er·

56 1649 200 1683 dinandi‚
224 1654 256 1680 et
279 1649 493 1681 contenderet
511 1650 563 1680 sui
585 1650 664 1680 iuris
688 1659 776 1687 esse,
800 1650 912 1681 facere
931 1656 963 1681 et
983 1651 1036 1681 de-

54 1702 179 1734 ponere
190 1691 421 1732 Imperatores.
457 1692 553 1728 Quod
575 1702 677 1734 saepe
697 1692 774 1723 olim
787 1692 937 1724 fecerunt
952 1692 1036 1724 Pon-

54 1734 174 1773 tifices,
198 1741 231 1766 et
253 1735 474 1775 praebuerunt
490 1745 610 1767 causas
629 1736 757 1777 magnis
774 1736 928 1767 motibus.
958 1734 1036 1767 lllas

54 1778 212 1809 historias
240 1777 368 1809 debetis
398 1784 529 1816 tenere,
565 1778 620 1820 qui
654 1779 825 1809 accessuri
857 1777 1035 1820 aliquando

54 1821 136 1853 estis
159 1821 201 1852 ad
226 1821 511 1862 gubernationem,
535 1831 577 1852 ne
599 1822 764 1862 patiamini
790 1831 851 1852 vos
875 1820 1035 1862 implicari

53 1862 150 1896 malis
173 1862 331 1895 consiliis.
368 1863 481 1895 Nostri
504 1864 670 1905 principes
695 1864 813 1895 debent
839 1864 932 1896 firmo
957 1875 1035 1895 con-

54 1917 158 1939 sensu
193 1907 276 1938 tueri
312 1906 564 1947 lmpcratorem,
600 1917 698 1948 quem
731 1905 914 1948 elegerunt.
958 1907 1034 1939 Non

54 1950 176 1981 debent
201 1960 274 1980 eum
294 1949 468 1987 deserere,
498 1960 573 1981 cum
603 1951 646 1981 sit
674 1951 780 1981 iustus
809 1951 840 1980 in
871 1951 1034 1992 guberna-

54 1993 162 2031 tione,
200 1993 328 2023 etiamsi
361 1992 461 2023 habet
496 2002 577 2023 suos
610 1994 757 2024 morbos.
803 1993 878 2024 Non
913 1993 1035 2024 debent

55 2035 124 2067 fieri
146 2036 294 2067 seditiosi
318 2041 433 2066 contra
453 2045 538 2073 eum,
562 2041 597 2066 ut
614 2034 690 2067 olim
707 2046 808 2077 saepe
827 2035 949 2067 factum
970 2042 1034 2075 est,

53 2079 179 2110 artibus
202 2077 410 2109 Pontificum.
457 2077 505 2108 lta
532 2078 565 2109 in
587 2079 683 2110 unius
707 2077 820 2110 Caroli
842 2079 955 2121 Magni
985 2079 1033 2111 hi-

54 2121 157 2153 storia
178 2120 348 2162 multiplex
373 2121 522 2152 doctrina
545 2121 741 2153 continetur.

208 2231 285 2263 DlE
316 2230 667 2264 PURlFlCATIONlS
697 2232 877 2265 MARLAE.

302 2298 569 2342 Evangelium
597 2299 730 2333 Lucae
751 2302 782 2332 2.

120 2376 162 2408 Et
186 2386 254 2408 cum
276 2378 399 2418 impleti
419 2381 521 2408 essem
544 2377 614 2408 dies
634 2377 886 2419 qmrificatz'om's,
909 2384 966 2411 etc.

356 2457 419 2497 De
451 2458 613 2497 nominc
645 2456 745 2497 festi.

143 2545 340 2579 Celebratur
358 2547 455 2578 hodie
470 2545 587 2587 festmn
603 2546 856 2590 Purz'ficatimu's,
900 2551 953 2582 uia
969 2551 1031 2582 iam

55 2596 133 2622 sunt
167 2589 350 2631 completae
380 2600 441 2621 sex
472 2591 675 2631 septimanae
709 2602 728 2623 a
756 2591 855 2623 natali
921 2595 1030 2625 omini.

211 2649 355 2668 ›GLLAHHL
372 2650 444 2668 trPlssl(
469 2651 513 2666 ‘im'
548 2650 614 2668 JxRIV

753 147 967 178 POSTlLLA
994 146 1391 179 MELANTHOMANA.

2015 149 2079 182 338

1101 239 1206 271 Maria
1230 239 1327 270 hodic
1356 250 1493 281 egressa
1525 249 1572 272 est
1604 252 1644 272 ex
1675 243 1867 283 puerperio,
1896 243 2076 274 secundum

1100 293 1234 314 morem·
1254 281 1357 324 legiS,
1393 282 1458 324 qnia
1487 285 1674 316 mandatum
1705 291 1794 322 erat,
1828 290 1864 316 ut
1896 295 2078 325 puerperae

1100 326 1188 357 edito
1214 324 1305 357 foetu
1333 324 1484 357 masculo
1513 333 1625 358 essent
1656 333 1829 369 separatae
1858 328 2077 369 quadraginta

1100 369 1233 399 diebus:
1267 368 1304 399 Si
1326 367 1480 399 soemella
1503 367 1620 400 fuisset
1640 370 1739 408 edita,
1762 370 1878 401 diebus
1896 371 2077 411 octoginta.

1099 410 1172 446 Quo
1197 416 1266 441 toto
1291 416 1438 452 tempore
1461 412 1668 443 abstinebant
1692 423 1874 453 puerperae
1896 423 1916 444 a
1940 423 2076 445 consue-

1098 453 1210 485 tudine
1233 454 1388 484 virorum.

1183 495 1275 527 llaec
1297 496 1482 537 purificatio
1507 502 1577 528 erat
1599 498 1753 528 mandata
1775 507 1840 528 non
1856 503 1980 529 tantum
2000 505 2077 539 post

1097 539 1331 580 primogenita,
1368 539 1429 570 sed
1463 539 1559 570 etiam
1595 547 1671 580 post
1704 541 1900 578 secundum,
1936 542 2075 579 tertium,

1097 588 1249 623 quartum
1266 587 1404 622 partum.

1184 624 1342 655 Germani
1367 630 1489 656 vocant
1519 624 1608 655 hunc
1639 625 1722 656 diem
1747 625 1906 665 Qicdftmcfi.
1952 625 1994 657 Et
2016 625 2077 658 Pa-

1095 667 1202 707 pistae
1225 667 1423 698 addiderunt
1447 665 1567 698 multas
1598 668 1863 709 superstitiones.
1909 667 1992 699 Puto
2022 679 2076 701 oc-

1097 710 1265 741 casionem
1294 708 1526 750 appellationis
1554 716 1664 741 natam
1694 720 1770 741 esse
1801 721 1842 741 ex
1867 710 2003 742 Cantico
2028 711 2077 743 Si-

1095 753 1241 791 meonis,
1269 752 1301 783 in
1325 763 1391 793 quo
1415 759 1491 783 sunt
1514 752 1598 784 haec
1623 752 1740 785 verba:
1775 753 1893 784 Lumen
1921 754 1967 785 ad
1988 763 2076 785 reve-

1095 795 1244 826 lationem
1265 796 1416 836 gentium.

1180 837 1293 879 Aliqui
1322 844 1455 878 propter
1484 839 1741 879 superstitiones
1772 839 1954 879 papisticas
1982 850 2076 881 pror-

1093 889 1151 911 sus
1174 881 1321 912 reiiciunt
1345 880 1411 911 hoc
1435 879 1569 912 festum:
1594 882 1653 912 sed
1676 891 1739 912 nos
1763 883 1940 912 retinemus
1959 883 1991 913 in
2014 882 2076 922 Ec-

1093 921 1203 955 clesiis
1237 923 1361 954 nostris
1394 930 1549 965 tanquam
1582 930 1708 965 partem
1742 924 1901 956 historiae
1931 924 2054 957 Christi

1091 965 1141 997 llli
1165 967 1219 1008 qui
1242 966 1388 997 iudicare
1411 965 1533 1008 aliquid
1555 973 1714 1007 possunt,
1741 965 1926 1007 intelligunt
1952 978 2079 1003 neces!-

1093 1010 1213 1040 sariam
1238 1019 1315 1040 esse
1338 1009 1578 1051 paedagogiani
1602 1009 1746 1051 aliquam
1766 1011 1889 1051 pueris,
1914 1017 1946 1041 et
1964 1010 2078 1053 vulgo,

1092 1058 1127 1083 ut
1158 1052 1413 1083 commonefacit
1443 1053 1558 1083 ordine
1588 1053 1730 1091 dierum,
1760 1053 1890 1084 avidius
1921 1059 2078 1095 expetant

1093 1095 1288 1126 doctrinam.

1180 1137 1244 1172 Qui
1268 1137 1509 1169 distinctionem
1533 1145 1717 1179 temporum
1746 1140 1777 1169 in
1801 1137 1955 1170 Ecclesia
1984 1150 2076 1180 pror-

1093 1190 1152 1210 sus
1175 1181 1350 1218 abiiciunt,
1374 1191 1439 1211 non
1463 1181 1593 1218 vident,
1618 1182 1695 1222 quid
1720 1182 1848 1218 dicant,
1871 1191 1933 1213 nec
1957 1191 2076 1214 consu-

1092 1221 1163 1254 lunt
1192 1222 1324 1254 utilitati
1358 1224 1475 1254 aetatis
1509 1224 1662 1254 rudioris.
1714 1223 1754 1254 Et
1792 1224 1906 1255 eadem
1947 1226 2076 1256 ratione

1092 1266 1163 1297 dies
1187 1266 1351 1297 dominica
1375 1274 1461 1297 esset
1487 1267 1682 1304 abiicienda,
1709 1269 1734 1297 si
1761 1273 1896 1307 propter
1918 1269 2076 1309 supersti-

1092 1309 1200 1340 tiones
1225 1310 1426 1350 papisticas‚
1451 1310 1548 1341 etiam
1572 1309 1646 1347 illa,
1671 1320 1755 1351 quae
1779 1309 1901 1341 utiliter
1923 1317 2000 1342 sunt
2023 1321 2075 1342 or-

1091 1352 1222 1389 dinata,
1252 1351 1444 1393 simpliciter
1466 1353 1650 1384 abiicienda
1676 1358 1798 1384 essent.
1845 1353 1909 1385 Sed
1930 1354 2007 1385 inde
2028 1354 2075 1385 in—

1091 1393 1182 1425 finita
1207 1395 1376 1426 barbaries
1401 1401 1433 1426 et
1456 1394 1609 1426 confusio
1634 1402 1790 1427 secutura
1813 1401 1914 1427 esset.

1176 1436 1248 1468 Nos
1274 1439 1338 1469 iam
1362 1438 1509 1470 dicemus
1539 1439 1580 1469 de
1607 1439 1797 1471 narratione
1828 1439 1923 1469 istius
1951 1444 2073 1477 mmm,

1090 1480 1122 1510 in
1145 1490 1210 1521 quo
1235 1486 1285 1511 est
1309 1480 1478 1521 multiplex
1502 1481 1670 1519 doctrina,
1698 1487 1733 1512 ut
1765 1479 1837 1512 sere
1867 1482 1899 1512 in
1922 1481 2073 1525 singulis.

1091 1522 1238 1554 Subinde
1263 1530 1328 1555 tam
1350 1523 1473 1555 multae
1495 1524 1653 1555 materiae
1682 1533 1719 1554 se
1751 1524 1892 1555 offerunt
1917 1525 2017 1556 etiam
2039 1525 2073 1556 in

1090 1565 1296 1597 brevissimis
1320 1567 1475 1604 textibus,
1499 1573 1536 1598 ut
1558 1576 1624 1598 non
1648 1567 1815 1608 possimus
1836 1577 1895 1598 eas
1917 1566 2074 1600 evolvere

1091 1609 1183 1640 satis.
1229 1609 1296 1640 Sed
1320 1610 1509 1650 praecipue,
1534 1610 1666 1651 quando
1682 1609 1716 1641 fit
1735 1609 1856 1640 mentio
1875 1608 1998 1652 legum,
2021 1616 2074 1642 est

1090 1651 1225 1682 occasio
1260 1651 1435 1684 multarum
1469 1652 1741 1693 disputationum,
1775 1653 1851 1694 quia
1885 1653 1927 1684 de
1961 1655 2072 1685 causis

1089 1693 1199 1735 legum
1223 1693 1407 1734 impulsivis
1438 1700 1471 1726 et
1500 1693 1654 1726 finalibus
1683 1705 1814 1736 semper
1841 1695 1945 1727 multa
1974 1707 2072 1738 quae-

1089 1743 1205 1767 runtur
1228 1748 1246 1768 a
1270 1738 1485 1778 sapientibus.

1176 1779 1210 1810 ld
1234 1780 1269 1810 fit
1293 1781 1389 1811 etiam
1419 1781 1451 1811 in
1476 1778 1609 1821 legibus
1638 1779 1798 1821 politicis,
1823 1781 1880 1811 ubi
1910 1791 2070 1823 quaeren-

1089 1822 1164 1853 dum
1188 1829 1258 1860 est,
1288 1833 1329 1854 ex
1353 1824 1473 1864 quibus
1496 1822 1644 1854 fontibus
1668 1824 1794 1854 semina
1823 1822 1933 1865 legum
1964 1826 2070 1856 orian-

1089 1871 1152 1902 tur,
1176 1871 1208 1896 et
1224 1876 1309 1907 quae
1323 1864 1444 1897 suerint
1463 1866 1660 1897 occasiones
1679 1868 1926 1898 condendarum
1945 1866 2068 1909 legum,

1088 1908 1174 1939 sicut
1197 1908 1300 1951 vulgo
1324 1909 1458 1940 dicitur:
1494 1909 1544 1940 Ea·
1566 1910 1660 1940 malis
1688 1910 1829 1941 moribus
1857 1910 1958 1942 bonae
1986 1912 2070 1951 [eyes

1088 1955 1183 1982 ortae
1210 1956 1294 1982 mult.
1339 1950 1538 1993 Plerumque
1567 1951 1770 1983 calamitates
1801 1958 1832 1984 et
1861 1954 1937 1984 vitia
1966 1953 2069 1985 homi-

1087 2004 1163 2025 num
1198 2001 1276 2026 sunt
1309 1994 1446 2036 ἀφορμαὶ
1480 1994 1601 2036 legum.
1651 1995 1693 2026 Et
1727 1995 1792 2027 huc
1826 1994 1918 2037 leges
1954 2007 2067 2028 omnes

1087 2037 1273 2068 destinatae
1296 2044 1391 2076 sunt,
1421 2043 1473 2076 ut,
1503 2040 1530 2068 si
1554 2048 1619 2069 non
1643 2039 1772 2079 possint
1795 2040 1927 2069 omnino
1951 2037 2068 2071 tollere

1085 2078 1184 2118 mala,
1208 2079 1326 2112 saltem
1350 2079 1431 2112 foris.
1454 2087 1622 2122 utcunque
1646 2088 1834 2113 coerceant.
1876 2081 1969 2114 Haec
1993 2083 2067 2114 dico

1087 2123 1128 2154 de
1151 2121 1293 2163 politicis
1316 2122 1459 2165 legibus.

1173 2166 1239 2197 Sed
1263 2168 1360 2197 nobis
1382 2167 1414 2197 in
1428 2165 1580 2198 Ecclesia
1603 2165 1706 2198 multo
1730 2167 1833 2208 magis
1854 2167 2066 2208 cogitandum

1086 2215 1138 2240 est
1167 2209 1209 2240 de
1239 2210 1351 2241 causis
1379 2208 1509 2240 illarum
1537 2208 1668 2250 legum,
1696 2220 1780 2251 quae
1809 2210 1841 2240 in
1870 2209 1994 2250 populo
2017 2210 2066 2242 lu—

1085 2252 1180 2282 daico
1210 2250 1343 2284 fuerunt
1372 2253 1525 2283 traditae:
1568 2253 1661 2287 Quae
1689 2258 1765 2282 sunt
1792 2253 1966 2284 admodum
1994 2253 2066 2294 pul-

1086 2294 1187 2326 chrae
1216 2293 1327 2337 legeS,
1359 2296 1445 2326 sicut
1473 2302 1540 2326 tota
1570 2294 1627 2326 illa
1657 2294 1770 2335 politia
1800 2293 1897 2326 valde
1926 2295 2065 2336 pulchra

1085 2336 1154 2368 suit.
1199 2337 1379 2370 Ea‘adhuc
1403 2338 1560 2376 florente,
1594 2338 1704 2368 ludaei
1729 2348 1794 2368 non
1826 2338 1875 2369 sic
1899 2339 2063 2377 vixerunt,

1084 2387 1120 2412 ut
1142 2379 1207 2411 hoc
1231 2386 1378 2422 tempore
1395 2382 1509 2412 vivunt
1528 2381 1559 2411 in
1578 2391 1698 2422 magna
1717 2379 1828 2411 illuvie
1846 2386 1878 2411 et
1897 2383 2063 2413 sordibus.

1172 2422 1232 2454 Hic
1255 2423 1290 2454 fit
1313 2425 1435 2455 mentio
1454 2425 1656 2464 potissimum
1673 2424 1808 2454 duarum
1829 2421 1952 2465 legum,
1976 2425 2064 2457 vide·

1084 2465 1162 2498 licet
1186 2467 1226 2497 de
1250 2466 1479 2507 purificatione
1502 2476 1754 2507 puerperarum,
1783 2472 1815 2497 et
1838 2467 1879 2497 de
1901 2468 2064 2509 primoge-

1084 2509 1171 2540 nitis.
1218 2508 1339 2541 Postea
1363 2516 1438 2540 sunt
1462 2510 1573 2539 addita
1601 2509 1633 2539 in
1665 2509 1728 2540 hoc
1757 2515 1849 2540 textu
1878 2510 2063 2541 testimonia

1085 2552 1126 2582 de
1154 2558 1231 2583 nato
1259 2551 1401 2589 Messia,
1431 2553 1517 2582 sicut
1541 2551 1687 2582 videmus
1715 2551 1748 2582 in
1776 2558 1846 2583 tota
1875 2554 2063 2584 narratione

1053 2562 1060 2632 Ι
1083 2595 1262 2626 nativitatis
1287 2595 1411 2626 Christi
1434 2593 1625 2635 multiplicia
1648 2594 1836 2626 testimonia
1863 2595 1994 2626 recitari
2021 2596 2062 2627 de

1876 2656 1907 2678 22
