<?xml version="1.0" encoding="UTF-8"?>
<!DOCTYPE html PUBLIC "-//W3C//DTD XHTML 1.0 Transitional//EN"
    "http://www.w3.org/TR/xhtml1/DTD/xhtml1-transitional.dtd">
<html xmlns="http://www.w3.org/1999/xhtml" xml:lang="en" lang="en">
 <head>
  <title>
</title>
<meta http-equiv="Content-Type" content="text/html;charset=utf-8" />
  <meta name='ocr-system' content='tesseract 3.04.00' />
  <meta name='ocr-capabilities' content='ocr_page ocr_carea ocr_par ocr_line ocrx_word'/>
</head>
<body>
  <div class='ocr_page' id='page_1' title='image "./operaquaesupersu24melauoft/operaquaesupersu24melauoft_0494.png"; bbox 0 0 2324 2958; ppageno 0'>
   <div class='ocr_carea' id='block_1_1' title="bbox 142 173 207 206">
    <p class='ocr_par' dir='ltr' id='par_1_1' title="bbox 142 173 207 206">
     <span class='ocr_line' id='line_1_1' title="bbox 142 173 207 206; baseline 0 0"><span class='ocrx_word' id='word_1_1' title='bbox 142 173 207 206; x_wconf 78' lang='lat'>935</span> 
     </span>
    </p>
   </div>
   <div class='ocr_carea' id='block_1_2' title="bbox 142 265 1118 1068">
    <p class='ocr_par' dir='ltr' id='par_1_2' title="bbox 142 265 1118 641">
     <span class='ocr_line' id='line_1_2' title="bbox 188 265 1116 307; baseline -0.001 -8"><span class='ocrx_word' id='word_1_2' title='bbox 188 273 271 300; x_wconf 81' lang='lat' dir='ltr'>etas.</span> <span class='ocrx_word' id='word_1_3' title='bbox 325 265 497 298; x_wconf 82' lang='lat' dir='ltr'>Fortassis</span> <span class='ocrx_word' id='word_1_4' title='bbox 525 275 588 297; x_wconf 88' lang='lat' dir='ltr'>nos</span> <span class='ocrx_word' id='word_1_5' title='bbox 615 275 730 298; x_wconf 87' lang='lat' dir='ltr'>sumus</span> <span class='ocrx_word' id='word_1_6' title='bbox 757 276 778 297; x_wconf 86' lang='lat' dir='ltr'>a</span> <span class='ocrx_word' id='word_1_7' title='bbox 799 265 928 307; x_wconf 80' lang='lat' dir='ltr'><strong>Iapeto,</strong></span> <span class='ocrx_word' id='word_1_8' title='bbox 961 273 997 298; x_wconf 90' lang='lat' dir='ltr'>ut</span> <span class='ocrx_word' id='word_1_9' title='bbox 1027 273 1116 298; x_wconf 87' lang='lat' dir='ltr'>certe</span> 
     </span>
     <span class='ocr_line' id='line_1_3' title="bbox 142 278 1116 346; baseline -0.001 -4"><span class='ocrx_word' id='word_1_10' title='bbox 142 278 263 342; x_wconf 47' lang='lat' dir='ltr'>&amp;aeci</span> <span class='ocrx_word' id='word_1_11' title='bbox 292 316 369 341; x_wconf 90' lang='lat' dir='ltr'>sunt</span> <span class='ocrx_word' id='word_1_12' title='bbox 399 310 443 340; x_wconf 90' lang='lat' dir='ltr'>ab</span> <span class='ocrx_word' id='word_1_13' title='bbox 469 307 528 340; x_wconf 89' lang='lat' dir='ltr'>illo</span> <span class='ocrx_word' id='word_1_14' title='bbox 556 309 638 346; x_wconf 92' lang='lat' dir='ltr'>orti,</span> <span class='ocrx_word' id='word_1_15' title='bbox 661 314 692 340; x_wconf 85' lang='lat' dir='ltr'>et</span> <span class='ocrx_word' id='word_1_16' title='bbox 714 307 806 340; x_wconf 90' lang='lat' dir='ltr'>multi</span> <span class='ocrx_word' id='word_1_17' title='bbox 829 309 954 340; x_wconf 78' lang='lat' dir='ltr'>Asiani.</span> <span class='ocrx_word' id='word_1_18' title='bbox 1001 308 1116 341; x_wconf 84' lang='lat' dir='ltr'>Potest</span> 
     </span>
     <span class='ocr_line' id='line_1_4' title="bbox 143 351 1117 393; baseline -0.003 -9"><span class='ocrx_word' id='word_1_19' title='bbox 143 352 230 391; x_wconf 84' lang='lat' dir='ltr'>fieri,</span> <span class='ocrx_word' id='word_1_20' title='bbox 254 359 288 384; x_wconf 92' lang='lat' dir='ltr'>ut</span> <span class='ocrx_word' id='word_1_21' title='bbox 311 362 351 384; x_wconf 85' lang='lat' dir='ltr'>ex</span> <span class='ocrx_word' id='word_1_22' title='bbox 374 352 438 384; x_wconf 87' lang='lat' dir='ltr'>hoc</span> <span class='ocrx_word' id='word_1_23' title='bbox 460 357 568 393; x_wconf 88' lang='lat' dir='ltr'>portu,</span> <span class='ocrx_word' id='word_1_24' title='bbox 585 351 640 393; x_wconf 79' lang='lat' dir='ltr'>qui</span> <span class='ocrx_word' id='word_1_25' title='bbox 661 358 780 393; x_wconf 87' lang='lat' dir='ltr'>postea</span> <span class='ocrx_word' id='word_1_26' title='bbox 803 352 909 383; x_wconf 87' lang='lat' dir='ltr'>dictus</span> <span class='ocrx_word' id='word_1_27' title='bbox 933 358 986 383; x_wconf 75' lang='lat' dir='ltr'>est</span> <span class='ocrx_word' id='word_1_28' title='bbox 1007 351 1117 391; x_wconf 77' lang='lat' dir='ltr'>Ioppe,</span> 
     </span>
     <span class='ocr_line' id='line_1_5' title="bbox 143 393 1115 436; baseline -0.002 -9"><span class='ocrx_word' id='word_1_29' title='bbox 143 402 175 427; x_wconf 88' lang='lat' dir='ltr'>et</span> <span class='ocrx_word' id='word_1_30' title='bbox 196 395 306 427; x_wconf 77' lang='lat' dir='ltr'>adhuc</span> <span class='ocrx_word' id='word_1_31' title='bbox 334 394 431 426; x_wconf 90' lang='lat' dir='ltr'>hodie</span> <span class='ocrx_word' id='word_1_32' title='bbox 459 401 598 427; x_wconf 87' lang='lat' dir='ltr'>vocatur</span> <span class='ocrx_word' id='word_1_33' title='bbox 626 394 745 434; x_wconf 78' lang='lat' dir='ltr'>Iapha,</span> <span class='ocrx_word' id='word_1_34' title='bbox 776 395 960 436; x_wconf 71' lang='lat' dir='ltr'>enavigavit</span> <span class='ocrx_word' id='word_1_35' title='bbox 988 393 1115 432; x_wconf 80' lang='lat' dir='ltr'>laphet,</span> 
     </span>
     <span class='ocr_line' id='line_1_6' title="bbox 142 436 1118 478; baseline -0.002 -8"><span class='ocrx_word' id='word_1_36' title='bbox 142 444 198 470; x_wconf 80' lang='lat' dir='ltr'>aut</span> <span class='ocrx_word' id='word_1_37' title='bbox 220 439 291 469; x_wconf 83' lang='lat' dir='ltr'>eius</span> <span class='ocrx_word' id='word_1_38' title='bbox 312 437 504 478; x_wconf 74' lang='lat' dir='ltr'><strong>posteritas,</strong></span> <span class='ocrx_word' id='word_1_39' title='bbox 522 443 553 468; x_wconf 89' lang='lat' dir='ltr'>et</span> <span class='ocrx_word' id='word_1_40' title='bbox 571 437 647 469; x_wconf 92' lang='lat' dir='ltr'>inde</span> <span class='ocrx_word' id='word_1_41' title='bbox 665 437 792 469; x_wconf 85' lang='lat' dir='ltr'>venerit</span> <span class='ocrx_word' id='word_1_42' title='bbox 810 439 842 468; x_wconf 92' lang='lat' dir='ltr'>in</span> <span class='ocrx_word' id='word_1_43' title='bbox 861 438 987 468; x_wconf 84' lang='lat' dir='ltr'>Asiam.</span> <span class='ocrx_word' id='word_1_44' title='bbox 1030 436 1118 468; x_wconf 85' lang='lat' dir='ltr'>luter</span> 
     </span>
     <span class='ocr_line' id='line_1_7' title="bbox 143 479 1117 522; baseline -0.002 -10"><span class='ocrx_word' id='word_1_45' title='bbox 143 479 229 512; x_wconf 82' lang='lat' dir='ltr'>filios</span> <span class='ocrx_word' id='word_1_46' title='bbox 261 480 374 522; x_wconf 84' lang='lat' dir='ltr'>lapbet</span> <span class='ocrx_word' id='word_1_47' title='bbox 403 481 588 511; x_wconf 85' lang='lat' dir='ltr'>nominatur</span> <span class='ocrx_word' id='word_1_48' title='bbox 620 490 778 522; x_wconf 86' lang='lat' dir='ltr'>expresse</span> <span class='ocrx_word' id='word_1_49' title='bbox 809 480 935 514; x_wconf 82' lang='lat' dir='ltr'>Gomer,</span> <span class='ocrx_word' id='word_1_50' title='bbox 967 485 998 510; x_wconf 85' lang='lat' dir='ltr'>et</span> <span class='ocrx_word' id='word_1_51' title='bbox 1020 479 1117 510; x_wconf 90' lang='lat' dir='ltr'>huius</span> 
     </span>
     <span class='ocr_line' id='line_1_8' title="bbox 142 521 1118 555; baseline -0.003 -1"><span class='ocrx_word' id='word_1_52' title='bbox 142 522 231 555; x_wconf 86' lang='lat' dir='ltr'>filius</span> <span class='ocrx_word' id='word_1_53' title='bbox 253 521 313 554; x_wconf 87' lang='lat' dir='ltr'>fuit</span> <span class='ocrx_word' id='word_1_54' title='bbox 336 523 501 555; x_wconf 82' lang='lat' dir='ltr'>Ascanes.</span> <span class='ocrx_word' id='word_1_55' title='bbox 552 523 581 553; x_wconf 80' lang='lat' dir='ltr'>A</span> <span class='ocrx_word' id='word_1_56' title='bbox 605 523 728 554; x_wconf 90' lang='lat' dir='ltr'>Gomer</span> <span class='ocrx_word' id='word_1_57' title='bbox 751 522 872 554; x_wconf 88' lang='lat' dir='ltr'>habent</span> <span class='ocrx_word' id='word_1_58' title='bbox 895 532 1014 553; x_wconf 88' lang='lat' dir='ltr'>nomen</span> <span class='ocrx_word' id='word_1_59' title='bbox 1038 521 1118 552; x_wconf 83' lang='lat' dir='ltr'>Cim-</span> 
     </span>
     <span class='ocr_line' id='line_1_9' title="bbox 142 563 1117 606; baseline -0.001 -10"><span class='ocrx_word' id='word_1_60' title='bbox 142 567 230 596; x_wconf 72' lang='lat' dir='ltr'>mei-1¹1⁸</span> <span class='ocrx_word' id='word_1_61' title='bbox 236 589 243 601; x_wconf 96' lang='lat'>,</span> <span class='ocrx_word' id='word_1_62' title='bbox 269 564 321 597; x_wconf 84' lang='lat' dir='ltr'>vel</span> <span class='ocrx_word' id='word_1_63' title='bbox 345 565 472 596; x_wconf 79' lang='lat' dir='ltr'><strong><em>Cimbri.</em></strong></span> <span class='ocrx_word' id='word_1_64' title='bbox 515 566 687 604; x_wconf 85' lang='lat' dir='ltr'>Ascanes,</span> <span class='ocrx_word' id='word_1_65' title='bbox 710 564 763 597; x_wconf 79' lang='lat' dir='ltr'>vel</span> <span class='ocrx_word' id='word_1_66' title='bbox 785 565 919 603; x_wconf 86' lang='lat' dir='ltr'>Tuisco,</span> <span class='ocrx_word' id='word_1_67' title='bbox 942 571 1036 606; x_wconf 78' lang='lat' dir='ltr'>pater</span> <span class='ocrx_word' id='word_1_68' title='bbox 1058 563 1117 596; x_wconf 85' lang='lat' dir='ltr'>suit</span> 
     </span>
     <span class='ocr_line' id='line_1_10' title="bbox 142 608 336 641; baseline -0.005 -1"><span class='ocrx_word' id='word_1_69' title='bbox 142 608 336 641; x_wconf 76' lang='lat' dir='ltr'>Teutonum.</span> 
     </span>
    </p>

    <p class='ocr_par' dir='ltr' id='par_1_3' title="bbox 142 649 1117 1068">
     <span class='ocr_line' id='line_1_11' title="bbox 231 649 1116 691; baseline -0.001 -8"><span class='ocrx_word' id='word_1_70' title='bbox 231 650 397 683; x_wconf 86' lang='lat' dir='ltr'>Caesarea</span> <span class='ocrx_word' id='word_1_71' title='bbox 419 652 502 689; x_wconf 86' lang='lat' dir='ltr'>ista,</span> <span class='ocrx_word' id='word_1_72' title='bbox 531 662 596 682; x_wconf 92' lang='lat' dir='ltr'>non</span> <span class='ocrx_word' id='word_1_73' title='bbox 620 657 671 682; x_wconf 87' lang='lat' dir='ltr'>est</span> <span class='ocrx_word' id='word_1_74' title='bbox 694 649 862 682; x_wconf 83' lang='lat' dir='ltr'>Caesarea</span> <span class='ocrx_word' id='word_1_75' title='bbox 884 649 1037 691; x_wconf 88' lang='lat' dir='ltr'>Philippi,</span> <span class='ocrx_word' id='word_1_76' title='bbox 1062 661 1116 682; x_wconf 84' lang='lat' dir='ltr'>cu·</span> 
     </span>
     <span class='ocr_line' id='line_1_12' title="bbox 142 692 1115 730; baseline -0.001 -5"><span class='ocrx_word' id='word_1_77' title='bbox 142 694 193 726; x_wconf 89' lang='lat' dir='ltr'>ius</span> <span class='ocrx_word' id='word_1_78' title='bbox 216 693 251 725; x_wconf 82' lang='lat' dir='ltr'>fit</span> <span class='ocrx_word' id='word_1_79' title='bbox 273 694 394 726; x_wconf 82' lang='lat' dir='ltr'>mentio</span> <span class='ocrx_word' id='word_1_80' title='bbox 418 694 450 725; x_wconf 91' lang='lat' dir='ltr'>in</span> <span class='ocrx_word' id='word_1_81' title='bbox 473 693 654 725; x_wconf 82' lang='lat' dir='ltr'>Matthaeo.</span> <span class='ocrx_word' id='word_1_82' title='bbox 704 693 753 724; x_wconf 83' lang='lat' dir='ltr'>Ea</span> <span class='ocrx_word' id='word_1_83' title='bbox 781 692 840 724; x_wconf 84' lang='lat' dir='ltr'>suit</span> <span class='ocrx_word' id='word_1_84' title='bbox 862 693 1115 730; x_wconf 87' lang='lat' dir='ltr'>mediterranea,</span> 
     </span>
     <span class='ocr_line' id='line_1_13' title="bbox 142 735 1116 778; baseline -0.002 -10"><span class='ocrx_word' id='word_1_85' title='bbox 142 747 246 778; x_wconf 84' lang='lat' dir='ltr'>prope</span> <span class='ocrx_word' id='word_1_86' title='bbox 270 737 440 775; x_wconf 83' lang='lat' dir='ltr'>ituraeam,</span> <span class='ocrx_word' id='word_1_87' title='bbox 462 736 516 768; x_wconf 81' lang='lat' dir='ltr'>vel</span> <span class='ocrx_word' id='word_1_88' title='bbox 534 735 810 768; x_wconf 85' lang='lat' dir='ltr'>Trachonitidem.</span> <span class='ocrx_word' id='word_1_89' title='bbox 856 735 1037 777; x_wconf 79' lang='lat' dir='ltr'>Utrumque</span> <span class='ocrx_word' id='word_1_90' title='bbox 1059 745 1116 766; x_wconf 92' lang='lat' dir='ltr'>no-</span> 
     </span>
     <span class='ocr_line' id='line_1_14' title="bbox 142 777 1116 820; baseline -0.002 -9"><span class='ocrx_word' id='word_1_91' title='bbox 142 789 218 811; x_wconf 89' lang='lat' dir='ltr'>men</span> <span class='ocrx_word' id='word_1_92' title='bbox 240 779 390 812; x_wconf 79' lang='lat' dir='ltr'>lturaeae</span> <span class='ocrx_word' id='word_1_93' title='bbox 413 786 445 811; x_wconf 83' lang='lat' dir='ltr'>et</span> <span class='ocrx_word' id='word_1_94' title='bbox 466 779 710 812; x_wconf 86' lang='lat' dir='ltr'>Trachonitidis</span> <span class='ocrx_word' id='word_1_95' title='bbox 728 778 894 820; x_wconf 87' lang='lat' dir='ltr'>significat</span> <span class='ocrx_word' id='word_1_96' title='bbox 913 777 1023 810; x_wconf 89' lang='lat' dir='ltr'>locum</span> <span class='ocrx_word' id='word_1_97' title='bbox 1041 788 1116 810; x_wconf 87' lang='lat' dir='ltr'>sco-</span> 
     </span>
     <span class='ocr_line' id='line_1_15' title="bbox 143 820 1117 864; baseline -0.002 -10"><span class='ocrx_word' id='word_1_98' title='bbox 143 821 316 863; x_wconf 88' lang='lat' dir='ltr'>pulosum,</span> <span class='ocrx_word' id='word_1_99' title='bbox 346 832 518 863; x_wconf 89' lang='lat' dir='ltr'>asperum,</span> <span class='ocrx_word' id='word_1_100' title='bbox 548 821 783 864; x_wconf 76' lang='lat' dir='ltr'>confragosum</span> <span class='ocrx_word' id='word_1_101' title='bbox 814 821 962 863; x_wconf 82' lang='lat' dir='ltr'>rupibus.</span> <span class='ocrx_word' id='word_1_102' title='bbox 1014 820 1117 852; x_wconf 86' lang='lat' dir='ltr'>Hero-</span> 
     </span>
     <span class='ocr_line' id='line_1_16' title="bbox 144 863 1116 908; baseline -0.002 -12"><span class='ocrx_word' id='word_1_103' title='bbox 144 866 203 897; x_wconf 82' lang='lat' dir='ltr'>des</span> <span class='ocrx_word' id='word_1_104' title='bbox 233 865 322 896; x_wconf 85' lang='lat' dir='ltr'>dedit</span> <span class='ocrx_word' id='word_1_105' title='bbox 351 864 439 896; x_wconf 89' lang='lat' dir='ltr'>hanc</span> <span class='ocrx_word' id='word_1_106' title='bbox 467 866 636 908; x_wconf 80' lang='lat' dir='ltr'>regionem</span> <span class='ocrx_word' id='word_1_107' title='bbox 665 863 833 905; x_wconf 87' lang='lat' dir='ltr'>Philippo,</span> <span class='ocrx_word' id='word_1_108' title='bbox 864 865 957 895; x_wconf 87' lang='lat' dir='ltr'>cuius</span> <span class='ocrx_word' id='word_1_109' title='bbox 981 874 1116 895; x_wconf 85' lang='lat' dir='ltr'>uxorem</span> 
     </span>
     <span class='ocr_line' id='line_1_17' title="bbox 144 906 1117 950; baseline -0.003 -10"><span class='ocrx_word' id='word_1_110' title='bbox 144 909 250 950; x_wconf 83' lang='lat' dir='ltr'>rapuit</span> <span class='ocrx_word' id='word_1_111' title='bbox 270 907 372 940; x_wconf 85' lang='lat' dir='ltr'>frater</span> <span class='ocrx_word' id='word_1_112' title='bbox 392 907 542 939; x_wconf 81' lang='lat' dir='ltr'>Herodes</span> <span class='ocrx_word' id='word_1_113' title='bbox 561 908 713 949; x_wconf 79' lang='lat' dir='ltr'>Antipas.</span> <span class='ocrx_word' id='word_1_114' title='bbox 759 907 825 938; x_wconf 89' lang='lat' dir='ltr'>Sed</span> <span class='ocrx_word' id='word_1_115' title='bbox 843 907 896 938; x_wconf 84' lang='lat' dir='ltr'>hic</span> <span class='ocrx_word' id='word_1_116' title='bbox 913 906 1018 938; x_wconf 87' lang='lat' dir='ltr'>altera</span> <span class='ocrx_word' id='word_1_117' title='bbox 1035 906 1117 938; x_wconf 83' lang='lat' dir='ltr'>Cae—</span> 
     </span>
     <span class='ocr_line' id='line_1_18' title="bbox 143 949 1115 993; baseline -0.003 -11"><span class='ocrx_word' id='word_1_118' title='bbox 143 960 240 982; x_wconf 75' lang='lat' dir='ltr'>sarea</span> <span class='ocrx_word' id='word_1_119' title='bbox 281 949 494 993; x_wconf 86' lang='lat' dir='ltr'>intelligenda</span> <span class='ocrx_word' id='word_1_120' title='bbox 534 957 602 988; x_wconf 85' lang='lat' dir='ltr'>est,</span> <span class='ocrx_word' id='word_1_121' title='bbox 641 960 726 992; x_wconf 92' lang='lat' dir='ltr'>quae</span> <span class='ocrx_word' id='word_1_122' title='bbox 760 957 900 982; x_wconf 86' lang='lat' dir='ltr'>vocatur</span> <span class='ocrx_word' id='word_1_123' title='bbox 939 949 1115 981; x_wconf 79' lang='lat' dir='ltr'>Stratonis.</span> 
     </span>
     <span class='ocr_line' id='line_1_19' title="bbox 142 992 1117 1034; baseline -0.001 -9"><span class='ocrx_word' id='word_1_124' title='bbox 142 993 234 1026; x_wconf 79' lang='lat' dir='ltr'>Haec</span> <span class='ocrx_word' id='word_1_125' title='bbox 256 994 398 1025; x_wconf 84' lang='lat' dir='ltr'>distabat</span> <span class='ocrx_word' id='word_1_126' title='bbox 424 994 539 1025; x_wconf 89' lang='lat' dir='ltr'>decem</span> <span class='ocrx_word' id='word_1_127' title='bbox 561 992 742 1025; x_wconf 81' lang='lat' dir='ltr'>milian&#39;bus</span> <span class='ocrx_word' id='word_1_128' title='bbox 764 1003 784 1024; x_wconf 89' lang='lat' dir='ltr'>a</span> <span class='ocrx_word' id='word_1_129' title='bbox 807 993 916 1034; x_wconf 83' lang='lat' dir='ltr'>ioppe,</span> <span class='ocrx_word' id='word_1_130' title='bbox 933 999 965 1024; x_wconf 88' lang='lat' dir='ltr'>et</span> <span class='ocrx_word' id='word_1_131' title='bbox 987 999 1117 1033; x_wconf 81' lang='lat' dir='ltr'>poterat</span> 
     </span>
     <span class='ocr_line' id='line_1_20' title="bbox 142 1036 476 1068; baseline -0.003 0"><span class='ocrx_word' id='word_1_132' title='bbox 142 1037 203 1068; x_wconf 85' lang='lat' dir='ltr'>iter</span> <span class='ocrx_word' id='word_1_133' title='bbox 225 1036 342 1068; x_wconf 83' lang='lat' dir='ltr'>confici</span> <span class='ocrx_word' id='word_1_134' title='bbox 368 1037 476 1068; x_wconf 79' lang='lat' dir='ltr'>biduo.</span> 
     </span>
    </p>
   </div>
   <div class='ocr_carea' id='block_1_3' title="bbox 143 1094 1116 1266">
    <p class='ocr_par' dir='ltr' id='par_1_4' title="bbox 143 1094 1116 1266">
     <span class='ocr_line' id='line_1_21' title="bbox 229 1094 1114 1138; baseline -0.002 -10"><span class='ocrx_word' id='word_1_135' title='bbox 229 1096 349 1128; x_wconf 88' lang='lat' dir='ltr'>Petrus</span> <span class='ocrx_word' id='word_1_136' title='bbox 377 1094 576 1138; x_wconf 79' lang='lat' dir='ltr'>aliquamdiu</span> <span class='ocrx_word' id='word_1_137' title='bbox 607 1102 831 1127; x_wconf 81' lang='lat' dir='ltr'>commoratus</span> <span class='ocrx_word' id='word_1_138' title='bbox 862 1102 911 1126; x_wconf 80' lang='lat' dir='ltr'>est</span> <span class='ocrx_word' id='word_1_139' title='bbox 941 1096 973 1126; x_wconf 87' lang='lat' dir='ltr'>in</span> <span class='ocrx_word' id='word_1_140' title='bbox 1002 1095 1114 1136; x_wconf 80' lang='lat' dir='ltr'>loppe,</span> 
     </span>
     <span class='ocr_line' id='line_1_22' title="bbox 143 1138 1116 1171; baseline -0.002 -1"><span class='ocrx_word' id='word_1_141' title='bbox 143 1145 175 1171; x_wconf 88' lang='lat' dir='ltr'>et</span> <span class='ocrx_word' id='word_1_142' title='bbox 198 1139 242 1170; x_wconf 93' lang='lat' dir='ltr'>ibi</span> <span class='ocrx_word' id='word_1_143' title='bbox 267 1139 421 1170; x_wconf 75' lang='lat' dir='ltr'>excitavit</span> <span class='ocrx_word' id='word_1_144' title='bbox 451 1139 581 1170; x_wconf 74' lang='lat' dir='ltr'>viduam</span> <span class='ocrx_word' id='word_1_145' title='bbox 604 1138 802 1170; x_wconf 84' lang='lat' dir='ltr'>Thabaeam.</span> <span class='ocrx_word' id='word_1_146' title='bbox 859 1138 930 1169; x_wconf 83' lang='lat' dir='ltr'>Fuit</span> <span class='ocrx_word' id='word_1_147' title='bbox 959 1139 1034 1169; x_wconf 87' lang='lat' dir='ltr'>inde</span> <span class='ocrx_word' id='word_1_148' title='bbox 1061 1148 1116 1169; x_wconf 86' lang='lat' dir='ltr'>oc-</span> 
     </span>
     <span class='ocr_line' id='line_1_23' title="bbox 143 1180 1116 1223; baseline -0.001 -10"><span class='ocrx_word' id='word_1_149' title='bbox 143 1182 234 1214; x_wconf 79' lang='lat' dir='ltr'>casio</span> <span class='ocrx_word' id='word_1_150' title='bbox 257 1188 453 1223; x_wconf 88' lang='lat' dir='ltr'>opportuna,</span> <span class='ocrx_word' id='word_1_151' title='bbox 471 1180 539 1212; x_wconf 88' lang='lat' dir='ltr'>late</span> <span class='ocrx_word' id='word_1_152' title='bbox 561 1181 766 1223; x_wconf 88' lang='lat' dir='ltr'>propagandi</span> <span class='ocrx_word' id='word_1_153' title='bbox 790 1181 976 1212; x_wconf 83' lang='lat' dir='ltr'>testimonia</span> <span class='ocrx_word' id='word_1_154' title='bbox 1000 1181 1041 1213; x_wconf 88' lang='lat' dir='ltr'>de</span> <span class='ocrx_word' id='word_1_155' title='bbox 1060 1181 1116 1212; x_wconf 92' lang='lat' dir='ltr'>do-</span> 
     </span>
     <span class='ocr_line' id='line_1_24' title="bbox 143 1222 453 1266; baseline -0.006 -10"><span class='ocrx_word' id='word_1_156' title='bbox 143 1225 248 1256; x_wconf 78' lang='lat' dir='ltr'>ctrina</span> <span class='ocrx_word' id='word_1_157' title='bbox 271 1222 453 1266; x_wconf 81' lang='lat' dir='ltr'>Evangelii.</span> 
     </span>
    </p>
   </div>
   <div class='ocr_carea' id='block_1_4' title="bbox 141 1282 1119 1668">
    <p class='ocr_par' dir='ltr' id='par_1_5' title="bbox 141 1282 1119 1668">
     <span class='ocr_line' id='line_1_25' title="bbox 229 1282 1116 1318; baseline -0.002 -3"><span class='ocrx_word' id='word_1_158' title='bbox 229 1284 277 1315; x_wconf 76' lang='lat' dir='ltr'>Pit</span> <span class='ocrx_word' id='word_1_159' title='bbox 305 1290 415 1315; x_wconf 84' lang='lat' dir='ltr'>autem</span> <span class='ocrx_word' id='word_1_160' title='bbox 443 1289 476 1314; x_wconf 90' lang='lat' dir='ltr'>et</span> <span class='ocrx_word' id='word_1_161' title='bbox 498 1284 617 1315; x_wconf 88' lang='lat' dir='ltr'>mentio</span> <span class='ocrx_word' id='word_1_162' title='bbox 641 1283 797 1314; x_wconf 88' lang='lat' dir='ltr'>horarum</span> <span class='ocrx_word' id='word_1_163' title='bbox 820 1284 851 1314; x_wconf 91' lang='lat' dir='ltr'>in</span> <span class='ocrx_word' id='word_1_164' title='bbox 875 1282 939 1314; x_wconf 86' lang='lat' dir='ltr'>hac</span> <span class='ocrx_word' id='word_1_165' title='bbox 961 1282 1116 1318; x_wconf 82' lang='lat' dir='ltr'>historia3</span> 
     </span>
     <span class='ocr_line' id='line_1_26' title="bbox 142 1325 1117 1364; baseline -0.002 -6"><span class='ocrx_word' id='word_1_166' title='bbox 142 1325 294 1358; x_wconf 89' lang='lat' dir='ltr'>videlicet</span> <span class='ocrx_word' id='word_1_167' title='bbox 324 1326 426 1358; x_wconf 89' lang='lat' dir='ltr'>horae</span> <span class='ocrx_word' id='word_1_168' title='bbox 454 1336 581 1364; x_wconf 85' lang='lat' dir='ltr'>nonae,</span> <span class='ocrx_word' id='word_1_169' title='bbox 617 1332 649 1357; x_wconf 91' lang='lat' dir='ltr'>et</span> <span class='ocrx_word' id='word_1_170' title='bbox 678 1326 781 1357; x_wconf 88' lang='lat' dir='ltr'>horae</span> <span class='ocrx_word' id='word_1_171' title='bbox 815 1333 950 1364; x_wconf 87' lang='lat' dir='ltr'>sextae,</span> <span class='ocrx_word' id='word_1_172' title='bbox 985 1332 1117 1356; x_wconf 88' lang='lat' dir='ltr'>veteres</span> 
     </span>
     <span class='ocr_line' id='line_1_27' title="bbox 142 1367 1117 1410; baseline -0.001 -10"><span class='ocrx_word' id='word_1_173' title='bbox 142 1370 358 1400; x_wconf 78' lang='lat' dir='ltr'>distinxerunt</span> <span class='ocrx_word' id='word_1_174' title='bbox 386 1369 470 1400; x_wconf 83' lang='lat' dir='ltr'>diem</span> <span class='ocrx_word' id='word_1_175' title='bbox 496 1367 773 1410; x_wconf 78' lang='lat' dir='ltr'>unamquamlibet</span> <span class='ocrx_word' id='word_1_176' title='bbox 800 1369 831 1400; x_wconf 91' lang='lat' dir='ltr'>in</span> <span class='ocrx_word' id='word_1_177' title='bbox 862 1369 964 1400; x_wconf 88' lang='lat' dir='ltr'>horas</span> <span class='ocrx_word' id='word_1_178' title='bbox 993 1368 1117 1400; x_wconf 84' lang='lat' dir='ltr'>duode—</span> 
     </span>
     <span class='ocr_line' id='line_1_28' title="bbox 142 1409 1117 1450; baseline -0.003 -6"><span class='ocrx_word' id='word_1_179' title='bbox 142 1413 224 1450; x_wconf 82' lang='lat' dir='ltr'>cim,</span> <span class='ocrx_word' id='word_1_180' title='bbox 255 1413 327 1443; x_wconf 81' lang='lat' dir='ltr'>sive</span> <span class='ocrx_word' id='word_1_181' title='bbox 349 1418 439 1442; x_wconf 82' lang='lat' dir='ltr'>esset</span> <span class='ocrx_word' id='word_1_182' title='bbox 462 1412 605 1449; x_wconf 85' lang='lat' dir='ltr'>aestiva,</span> <span class='ocrx_word' id='word_1_183' title='bbox 634 1412 705 1442; x_wconf 84' lang='lat' dir='ltr'>sive</span> <span class='ocrx_word' id='word_1_184' title='bbox 728 1412 884 1450; x_wconf 77' lang='lat' dir='ltr'>hiberna,</span> <span class='ocrx_word' id='word_1_185' title='bbox 913 1412 985 1443; x_wconf 85' lang='lat' dir='ltr'>sive</span> <span class='ocrx_word' id='word_1_186' title='bbox 1007 1409 1117 1441; x_wconf 90' lang='lat' dir='ltr'>solsti-</span> 
     </span>
     <span class='ocr_line' id='line_1_29' title="bbox 142 1452 1119 1496; baseline -0.002 -10"><span class='ocrx_word' id='word_1_187' title='bbox 142 1454 242 1493; x_wconf 86' lang='lat' dir='ltr'>tialis,</span> <span class='ocrx_word' id='word_1_188' title='bbox 264 1455 337 1487; x_wconf 91' lang='lat' dir='ltr'>sive</span> <span class='ocrx_word' id='word_1_189' title='bbox 360 1453 529 1488; x_wconf 81' lang='lat' dir='ltr'>brumalis,</span> <span class='ocrx_word' id='word_1_190' title='bbox 553 1455 624 1486; x_wconf 86' lang='lat' dir='ltr'>sive</span> <span class='ocrx_word' id='word_1_191' title='bbox 646 1453 758 1496; x_wconf 87' lang='lat' dir='ltr'>longa,</span> <span class='ocrx_word' id='word_1_192' title='bbox 781 1455 852 1486; x_wconf 82' lang='lat' dir='ltr'>sive</span> <span class='ocrx_word' id='word_1_193' title='bbox 877 1455 999 1486; x_wconf 87' lang='lat' dir='ltr'>brevis.</span> <span class='ocrx_word' id='word_1_194' title='bbox 1040 1452 1119 1484; x_wconf 90' lang='lat' dir='ltr'>lllae</span> 
     </span>
     <span class='ocr_line' id='line_1_30' title="bbox 141 1496 1119 1539; baseline -0.002 -10"><span class='ocrx_word' id='word_1_195' title='bbox 141 1497 246 1530; x_wconf 87' lang='lat' dir='ltr'>horae</span> <span class='ocrx_word' id='word_1_196' title='bbox 273 1497 405 1529; x_wconf 87' lang='lat' dir='ltr'>suerunt</span> <span class='ocrx_word' id='word_1_197' title='bbox 435 1496 647 1539; x_wconf 86' lang='lat' dir='ltr'>inaequales;</span> <span class='ocrx_word' id='word_1_198' title='bbox 677 1503 710 1528; x_wconf 92' lang='lat' dir='ltr'>et</span> <span class='ocrx_word' id='word_1_199' title='bbox 738 1498 846 1529; x_wconf 82' lang='lat' dir='ltr'>dictae</span> <span class='ocrx_word' id='word_1_200' title='bbox 875 1504 954 1528; x_wconf 92' lang='lat' dir='ltr'>sunt</span> <span class='ocrx_word' id='word_1_201' title='bbox 973 1499 1119 1539; x_wconf 80' lang='grc' dir='ltr'><strong><em>καιρικαὶ,</em></strong></span> 
     </span>
     <span class='ocr_line' id='line_1_31' title="bbox 141 1539 1118 1582; baseline -0.002 -10"><span class='ocrx_word' id='word_1_202' title='bbox 141 1541 173 1572; x_wconf 90' lang='lat' dir='ltr'>id</span> <span class='ocrx_word' id='word_1_203' title='bbox 198 1548 268 1579; x_wconf 85' lang='lat' dir='ltr'>est,</span> <span class='ocrx_word' id='word_1_204' title='bbox 303 1550 388 1582; x_wconf 86' lang='lat' dir='ltr'>quae</span> <span class='ocrx_word' id='word_1_205' title='bbox 421 1539 503 1572; x_wconf 65' lang='lat' dir='ltr'>alio«</span> <span class='ocrx_word' id='word_1_206' title='bbox 521 1547 670 1582; x_wconf 88' lang='lat' dir='ltr'>tempore</span> <span class='ocrx_word' id='word_1_207' title='bbox 703 1539 798 1571; x_wconf 89' lang='lat' dir='ltr'>aliter</span> <span class='ocrx_word' id='word_1_208' title='bbox 826 1550 864 1572; x_wconf 91' lang='lat' dir='ltr'>se</span> <span class='ocrx_word' id='word_1_209' title='bbox 894 1541 1027 1571; x_wconf 87' lang='lat' dir='ltr'>habent.</span> <span class='ocrx_word' id='word_1_210' title='bbox 1083 1539 1118 1570; x_wconf 94' lang='lat' dir='ltr'>ln</span> 
     </span>
     <span class='ocr_line' id='line_1_32' title="bbox 141 1581 1118 1625; baseline -0.002 -10"><span class='ocrx_word' id='word_1_211' title='bbox 141 1590 269 1615; x_wconf 79' lang='lat' dir='ltr'>aestate</span> <span class='ocrx_word' id='word_1_212' title='bbox 292 1584 381 1615; x_wconf 86' lang='lat' dir='ltr'>circa</span> <span class='ocrx_word' id='word_1_213' title='bbox 403 1582 579 1614; x_wconf 76' lang='lat' dir='ltr'>solstitium</span> <span class='ocrx_word' id='word_1_214' title='bbox 601 1581 733 1615; x_wconf 80' lang='lat' dir='ltr'>fuerunt</span> <span class='ocrx_word' id='word_1_215' title='bbox 755 1582 941 1625; x_wconf 86' lang='lat' dir='ltr'>longiores,</span> <span class='ocrx_word' id='word_1_216' title='bbox 965 1593 1062 1625; x_wconf 88' lang='lat' dir='ltr'>quam</span> <span class='ocrx_word' id='word_1_217' title='bbox 1086 1583 1118 1613; x_wconf 93' lang='lat' dir='ltr'>in</span> 
     </span>
     <span class='ocr_line' id='line_1_33' title="bbox 144 1625 989 1668; baseline -0.004 -10"><span class='ocrx_word' id='word_1_218' title='bbox 144 1628 267 1659; x_wconf 87' lang='lat' dir='ltr'>bruma.</span> <span class='ocrx_word' id='word_1_219' title='bbox 312 1626 383 1658; x_wconf 86' lang='lat' dir='ltr'>Nos</span> <span class='ocrx_word' id='word_1_220' title='bbox 407 1625 505 1658; x_wconf 90' lang='lat' dir='ltr'>hodie</span> <span class='ocrx_word' id='word_1_221' title='bbox 527 1627 648 1659; x_wconf 79' lang='lat' dir='ltr'>utimur</span> <span class='ocrx_word' id='word_1_222' title='bbox 670 1625 761 1657; x_wconf 86' lang='lat' dir='ltr'>horis</span> <span class='ocrx_word' id='word_1_223' title='bbox 783 1625 989 1668; x_wconf 86' lang='lat' dir='ltr'>aequalibus.</span> 
     </span>
    </p>
   </div>
   <div class='ocr_carea' id='block_1_5' title="bbox 363 1809 889 1864">
    <p class='ocr_par' dir='ltr' id='par_1_6' title="bbox 363 1809 889 1864">
     <span class='ocr_line' id='line_1_34' title="bbox 363 1809 889 1864; baseline 0 -15"><span class='ocrx_word' id='word_1_224' title='bbox 363 1809 474 1850; x_wconf 75' lang='lat' dir='ltr'>Hora</span> <span class='ocrx_word' id='word_1_225' title='bbox 507 1824 613 1850; x_wconf 86' lang='lat' dir='ltr'>nona</span> <span class='ocrx_word' id='word_1_226' title='bbox 645 1817 770 1864; x_wconf 83' lang='lat' dir='ltr'>quota</span> <span class='ocrx_word' id='word_1_227' title='bbox 802 1810 889 1850; x_wconf 67' lang='lat' dir='ltr'>est?</span> 
     </span>
    </p>
   </div>
   <div class='ocr_carea' id='block_1_6' title="bbox 145 1901 1120 2673">
    <p class='ocr_par' dir='ltr' id='par_1_7' title="bbox 145 1901 1120 2673">
     <span class='ocr_line' id='line_1_35' title="bbox 232 1901 1120 1942; baseline -0.001 -10"><span class='ocrx_word' id='word_1_228' title='bbox 232 1901 288 1932; x_wconf 58' lang='lat' dir='ltr'>Est</span> <span class='ocrx_word' id='word_1_229' title='bbox 321 1902 417 1932; x_wconf 87' lang='lat' dir='ltr'>tertia</span> <span class='ocrx_word' id='word_1_230' title='bbox 445 1901 685 1941; x_wconf 83' lang='lat' dir='ltr'>pomeridiana,</span> <span class='ocrx_word' id='word_1_231' title='bbox 717 1902 794 1942; x_wconf 87' lang='lat' dir='ltr'>quia</span> <span class='ocrx_word' id='word_1_232' title='bbox 822 1906 916 1931; x_wconf 78' lang='lat' dir='ltr'>sexta</span> <span class='ocrx_word' id='word_1_233' title='bbox 946 1907 997 1931; x_wconf 83' lang='lat' dir='ltr'>est</span> <span class='ocrx_word' id='word_1_234' title='bbox 1027 1901 1120 1932; x_wconf 88' lang='lat' dir='ltr'>meri-</span> 
     </span>
     <span class='ocr_line' id='line_1_36' title="bbox 146 1942 1118 1985; baseline 0 -11"><span class='ocrx_word' id='word_1_235' title='bbox 146 1946 224 1975; x_wconf 56' lang='lat' dir='ltr'>dies.</span> <span class='ocrx_word' id='word_1_236' title='bbox 271 1944 366 1976; x_wconf 64' lang='lat' dir='ltr'>siren</span> <span class='ocrx_word' id='word_1_237' title='bbox 391 1944 503 1975; x_wconf 71' lang='lat' dir='ltr'>hurum</span> <span class='ocrx_word' id='word_1_238' title='bbox 522 1954 641 1974; x_wconf 83' lang='lat' dir='ltr'>nonam</span> <span class='ocrx_word' id='word_1_239' title='bbox 661 1943 853 1985; x_wconf 86' lang='lat' dir='ltr'>plerumque</span> <span class='ocrx_word' id='word_1_240' title='bbox 873 1942 1025 1974; x_wconf 84' lang='lat' dir='ltr'>solebant</span> <span class='ocrx_word' id='word_1_241' title='bbox 1044 1954 1118 1974; x_wconf 85' lang='lat' dir='ltr'>coe·</span> 
     </span>
     <span class='ocr_line' id='line_1_37' title="bbox 148 1986 1118 2028; baseline -0.003 -10"><span class='ocrx_word' id='word_1_242' title='bbox 148 1997 228 2018; x_wconf 88' lang='lat' dir='ltr'>nare</span> <span class='ocrx_word' id='word_1_243' title='bbox 259 1995 401 2017; x_wconf 65' lang='lat' dir='ltr'>ueteres.</span> <span class='ocrx_word' id='word_1_244' title='bbox 452 1986 489 2016; x_wconf 77' lang='lat' dir='ltr'>Et</span> <span class='ocrx_word' id='word_1_245' title='bbox 515 1986 612 2027; x_wconf 84' lang='lat' dir='ltr'>paulo</span> <span class='ocrx_word' id='word_1_246' title='bbox 641 1993 815 2028; x_wconf 76' lang='lat' dir='ltr'>antequam</span> <span class='ocrx_word' id='word_1_247' title='bbox 839 1993 988 2017; x_wconf 61' lang='lat' dir='ltr'>sumatur</span> <span class='ocrx_word' id='word_1_248' title='bbox 1012 1987 1118 2023; x_wconf 72' lang='lat' dir='ltr'>ribus,</span> 
     </span>
     <span class='ocr_line' id='line_1_38' title="bbox 146 2030 1118 2070; baseline -0.001 -10"><span class='ocrx_word' id='word_1_249' title='bbox 146 2030 244 2061; x_wconf 79' lang='lat' dir='ltr'>hoino</span> <span class='ocrx_word' id='word_1_250' title='bbox 270 2031 409 2060; x_wconf 77' lang='lat' dir='ltr'>maxime</span> <span class='ocrx_word' id='word_1_251' title='bbox 433 2036 482 2060; x_wconf 71' lang='lat' dir='ltr'>est</span> <span class='ocrx_word' id='word_1_252' title='bbox 502 2030 640 2060; x_wconf 81' lang='lat' dir='ltr'>idoneus</span> <span class='ocrx_word' id='word_1_253' title='bbox 660 2030 700 2060; x_wconf 80' lang='lat' dir='ltr'>ad</span> <span class='ocrx_word' id='word_1_254' title='bbox 721 2030 890 2060; x_wconf 82' lang='lat' dir='ltr'>orandum.</span> <span class='ocrx_word' id='word_1_255' title='bbox 927 2030 1024 2060; x_wconf 80' lang='lat' dir='ltr'>Mane</span> <span class='ocrx_word' id='word_1_256' title='bbox 1044 2036 1118 2070; x_wconf 74' lang='lat' dir='ltr'>post</span> 
     </span>
     <span class='ocr_line' id='line_1_39' title="bbox 146 2071 1118 2114; baseline 0 -12"><span class='ocrx_word' id='word_1_257' title='bbox 146 2083 294 2104; x_wconf 61' lang='lat' dir='ltr'>&gt;cinnum</span> <span class='ocrx_word' id='word_1_258' title='bbox 330 2072 450 2114; x_wconf 76' lang='lat' dir='ltr'>aliquid</span> <span class='ocrx_word' id='word_1_259' title='bbox 485 2073 592 2103; x_wconf 82' lang='lat' dir='ltr'>adhuc</span> <span class='ocrx_word' id='word_1_260' title='bbox 627 2078 676 2103; x_wconf 76' lang='lat' dir='ltr'>est</span> <span class='ocrx_word' id='word_1_261' title='bbox 706 2071 866 2103; x_wconf 82' lang='lat' dir='ltr'>fumorum</span> <span class='ocrx_word' id='word_1_262' title='bbox 896 2080 927 2103; x_wconf 78' lang='lat' dir='ltr'>et</span> <span class='ocrx_word' id='word_1_263' title='bbox 950 2071 1118 2110; x_wconf 81' lang='lat' dir='ltr'>halituum,</span> 
     </span>
     <span class='ocr_line' id='line_1_40' title="bbox 145 2113 1116 2158; baseline 0 -13"><span class='ocrx_word' id='word_1_264' title='bbox 145 2117 262 2158; x_wconf 81' lang='lat' dir='ltr'>quibus</span> <span class='ocrx_word' id='word_1_265' title='bbox 287 2116 458 2156; x_wconf 81' lang='lat' dir='ltr'>impeditur</span> <span class='ocrx_word' id='word_1_266' title='bbox 488 2116 621 2146; x_wconf 90' lang='lat' dir='ltr'>intentio</span> <span class='ocrx_word' id='word_1_267' title='bbox 650 2115 868 2157; x_wconf 57' lang='lat' dir='ltr'>cogitationis</span> <span class='ocrx_word' id='word_1_268' title='bbox 921 2114 967 2145; x_wconf 91' lang='lat' dir='ltr'>llli</span> <span class='ocrx_word' id='word_1_269' title='bbox 997 2113 1116 2146; x_wconf 76' lang='lat' dir='ltr'>halitus</span> 
     </span>
     <span class='ocr_line' id='line_1_41' title="bbox 145 2158 1117 2200; baseline -0.001 -11"><span class='ocrx_word' id='word_1_270' title='bbox 145 2165 259 2200; x_wconf 66' lang='lat' dir='ltr'>postea</span> <span class='ocrx_word' id='word_1_271' title='bbox 304 2160 519 2190; x_wconf 79' lang='lat' dir='ltr'>absumuntur</span> <span class='ocrx_word' id='word_1_272' title='bbox 553 2164 642 2190; x_wconf 87' lang='lat' dir='ltr'>motu</span> <span class='ocrx_word' id='word_1_273' title='bbox 674 2164 703 2189; x_wconf 81' lang='lat' dir='ltr'>et</span> <span class='ocrx_word' id='word_1_274' title='bbox 750 2158 938 2198; x_wconf 71' lang='lat' dir='ltr'>agitatione.</span> <span class='ocrx_word' id='word_1_275' title='bbox 1007 2158 1117 2193; x_wconf 82' lang='lat' dir='ltr'>Quare</span> 
     </span>
     <span class='ocr_line' id='line_1_42' title="bbox 145 2200 1117 2243; baseline -0.001 -11"><span class='ocrx_word' id='word_1_276' title='bbox 145 2210 221 2233; x_wconf 79' lang='lat' dir='ltr'>ante</span> <span class='ocrx_word' id='word_1_277' title='bbox 255 2200 333 2232; x_wconf 88' lang='lat' dir='ltr'>illud</span> <span class='ocrx_word' id='word_1_278' title='bbox 370 2209 515 2242; x_wconf 76' lang='lat' dir='ltr'>temqu</span> <span class='ocrx_word' id='word_1_279' title='bbox 555 2212 620 2243; x_wconf 88' lang='lat' dir='ltr'>quo</span> <span class='ocrx_word' id='word_1_280' title='bbox 663 2201 833 2232; x_wconf 71' lang='lat' dir='ltr'>consuevit</span> <span class='ocrx_word' id='word_1_281' title='bbox 871 2200 968 2232; x_wconf 83' lang='lat' dir='ltr'>homo</span> <span class='ocrx_word' id='word_1_282' title='bbox 1007 2202 1117 2238; x_wconf 71' lang='lat' dir='ltr'>edere,</span> 
     </span>
     <span class='ocr_line' id='line_1_43' title="bbox 145 2243 1116 2285; baseline -0.002 -10"><span class='ocrx_word' id='word_1_283' title='bbox 145 2245 284 2275; x_wconf 76' lang='lat' dir='ltr'>maxime</span> <span class='ocrx_word' id='word_1_284' title='bbox 313 2252 360 2275; x_wconf 76' lang='lat' dir='ltr'>est</span> <span class='ocrx_word' id='word_1_285' title='bbox 393 2245 565 2285; x_wconf 77' lang='lat' dir='ltr'>appositus</span> <span class='ocrx_word' id='word_1_286' title='bbox 593 2245 634 2275; x_wconf 85' lang='lat' dir='ltr'>ad</span> <span class='ocrx_word' id='word_1_287' title='bbox 663 2245 919 2275; x_wconf 75' lang='lat' dir='ltr'>invocationem.</span> <span class='ocrx_word' id='word_1_288' title='bbox 976 2243 1116 2274; x_wconf 67' lang='lat' dir='ltr'>von-res</span> 
     </span>
     <span class='ocr_line' id='line_1_44' title="bbox 145 2287 1116 2328; baseline 0 -11"><span class='ocrx_word' id='word_1_289' title='bbox 145 2287 246 2318; x_wconf 74' lang='lat' dir='ltr'>semel</span> <span class='ocrx_word' id='word_1_290' title='bbox 277 2295 398 2318; x_wconf 83' lang='lat' dir='ltr'>tantum</span> <span class='ocrx_word' id='word_1_291' title='bbox 429 2288 653 2319; x_wconf 69' lang='lat' dir='ltr'>accubuerunt</span> <span class='ocrx_word' id='word_1_292' title='bbox 683 2297 818 2317; x_wconf 63' lang='lat' dir='ltr'>mensae</span> <span class='ocrx_word' id='word_1_293' title='bbox 847 2287 1002 2328; x_wconf 78' lang='lat' dir='ltr'>quotidie.</span> <span class='ocrx_word' id='word_1_294' title='bbox 1059 2287 1116 2318; x_wconf 60' lang='lat' dir='ltr'>Usi</span> 
     </span>
     <span class='ocr_line' id='line_1_45' title="bbox 145 2328 1117 2372; baseline 0.001 -12"><span class='ocrx_word' id='word_1_295' title='bbox 145 2338 218 2362; x_wconf 79' lang='lat' dir='ltr'>sunt</span> <span class='ocrx_word' id='word_1_296' title='bbox 246 2342 366 2363; x_wconf 77' lang='lat' dir='ltr'>coena.</span> <span class='ocrx_word' id='word_1_297' title='bbox 398 2336 571 2372; x_wconf 59' lang='lat' dir='ltr'>postquam</span> <span class='ocrx_word' id='word_1_298' title='bbox 602 2331 783 2361; x_wconf 73' lang='lat' dir='ltr'>tribuerunt</span> <span class='ocrx_word' id='word_1_299' title='bbox 812 2328 930 2371; x_wconf 80' lang='lat' dir='ltr'>aliquid</span> <span class='ocrx_word' id='word_1_300' title='bbox 963 2331 1117 2370; x_wconf 66' lang='lat' dir='ltr'>temporis</span> 
     </span>
     <span class='ocr_line' id='line_1_46' title="bbox 145 2372 1118 2405; baseline 0.002 -2"><span class='ocrx_word' id='word_1_301' title='bbox 145 2372 367 2404; x_wconf 68' lang='lat' dir='ltr'>ambulationi.</span> <span class='ocrx_word' id='word_1_302' title='bbox 405 2373 472 2403; x_wconf 78' lang='lat' dir='ltr'>Fuit</span> <span class='ocrx_word' id='word_1_303' title='bbox 493 2384 606 2404; x_wconf 82' lang='lat' dir='ltr'>eorum</span> <span class='ocrx_word' id='word_1_304' title='bbox 626 2374 690 2404; x_wconf 76' lang='lat' dir='ltr'>vitu</span> <span class='ocrx_word' id='word_1_305' title='bbox 712 2374 793 2403; x_wconf 81' lang='lat' dir='ltr'>liene</span> <span class='ocrx_word' id='word_1_306' title='bbox 812 2373 978 2405; x_wconf 79' lang='lat' dir='ltr'>ordinata:</span> <span class='ocrx_word' id='word_1_307' title='bbox 1003 2380 1118 2405; x_wconf 78' lang='lat' dir='ltr'>nostru</span> 
     </span>
     <span class='ocr_line' id='line_1_47' title="bbox 145 2415 1118 2458; baseline 0.002 -13"><span class='ocrx_word' id='word_1_308' title='bbox 145 2423 196 2445; x_wconf 78' lang='lat' dir='ltr'>est</span> <span class='ocrx_word' id='word_1_309' title='bbox 219 2418 362 2458; x_wconf 66' lang='lat' dir='ltr'>agrestis</span> <span class='ocrx_word' id='word_1_310' title='bbox 387 2424 414 2447; x_wconf 84' lang='lat' dir='ltr'>et</span> <span class='ocrx_word' id='word_1_311' title='bbox 442 2417 626 2447; x_wconf 70' lang='lat' dir='ltr'>imi-barim.</span> <span class='ocrx_word' id='word_1_312' title='bbox 679 2417 751 2447; x_wconf 84' lang='lat' dir='ltr'>Non</span> <span class='ocrx_word' id='word_1_313' title='bbox 775 2422 909 2446; x_wconf 75' lang='lat' dir='ltr'>servant</span> <span class='ocrx_word' id='word_1_314' title='bbox 933 2417 1037 2446; x_wconf 71' lang='lat' dir='ltr'>nostri</span> <span class='ocrx_word' id='word_1_315' title='bbox 1062 2415 1118 2447; x_wconf 84' lang='lat' dir='ltr'>lio-</span> 
     </span>
     <span class='ocr_line' id='line_1_48' title="bbox 145 2459 1116 2500; baseline 0.001 -11"><span class='ocrx_word' id='word_1_316' title='bbox 145 2460 248 2489; x_wconf 73' lang='lat' dir='ltr'>mines</span> <span class='ocrx_word' id='word_1_317' title='bbox 284 2461 393 2489; x_wconf 66' lang='lat' dir='ltr'>dvi-ita</span> <span class='ocrx_word' id='word_1_318' title='bbox 429 2466 576 2500; x_wconf 68' lang='lat' dir='ltr'>tempora</span> <span class='ocrx_word' id='word_1_319' title='bbox 606 2460 754 2490; x_wconf 70' lang='lat' dir='ltr'>sumendi</span> <span class='ocrx_word' id='word_1_320' title='bbox 785 2459 863 2490; x_wconf 73' lang='lat' dir='ltr'>ribi:</span> <span class='ocrx_word' id='word_1_321' title='bbox 899 2469 960 2489; x_wconf 76' lang='lat' dir='ltr'>nec</span> <span class='ocrx_word' id='word_1_322' title='bbox 985 2467 1116 2490; x_wconf 71' lang='lat' dir='ltr'>servant</span> 
     </span>
     <span class='ocr_line' id='line_1_49' title="bbox 146 2501 1118 2543; baseline 0.002 -13"><span class='ocrx_word' id='word_1_323' title='bbox 146 2503 292 2533; x_wconf 79' lang='lat' dir='ltr'>ordinem</span> <span class='ocrx_word' id='word_1_324' title='bbox 317 2503 347 2532; x_wconf 80' lang='lat' dir='ltr'>in</span> <span class='ocrx_word' id='word_1_325' title='bbox 372 2501 444 2532; x_wconf 65' lang='lat' dir='ltr'>aliis</span> <span class='ocrx_word' id='word_1_326' title='bbox 469 2503 568 2532; x_wconf 72' lang='lat' dir='ltr'>rebus</span> <span class='ocrx_word' id='word_1_327' title='bbox 591 2503 676 2533; x_wconf 62' lang='lat' dir='ltr'>iusto</span> <span class='ocrx_word' id='word_1_328' title='bbox 699 2510 847 2543; x_wconf 68' lang='lat' dir='ltr'>tvmpore</span> <span class='ocrx_word' id='word_1_329' title='bbox 865 2502 1014 2543; x_wconf 71' lang='lat' dir='ltr'>agundis.</span> <span class='ocrx_word' id='word_1_330' title='bbox 1071 2502 1118 2532; x_wconf 87' lang='lat' dir='ltr'>ln-</span> 
     </span>
     <span class='ocr_line' id='line_1_50' title="bbox 145 2545 1120 2586; baseline 0.001 -11"><span class='ocrx_word' id='word_1_331' title='bbox 145 2546 257 2586; x_wconf 68' lang='lat' dir='ltr'>primis</span> <span class='ocrx_word' id='word_1_332' title='bbox 283 2547 312 2575; x_wconf 91' lang='lat' dir='ltr'>in</span> <span class='ocrx_word' id='word_1_333' title='bbox 337 2546 503 2586; x_wconf 73' lang='lat' dir='ltr'>precando</span> <span class='ocrx_word' id='word_1_334' title='bbox 534 2557 646 2577; x_wconf 66' lang='lat' dir='ltr'>sumus</span> <span class='ocrx_word' id='word_1_335' title='bbox 676 2556 795 2585; x_wconf 73' lang='lat' dir='ltr'>magna</span> <span class='ocrx_word' id='word_1_336' title='bbox 825 2553 864 2576; x_wconf 73' lang='lat' dir='ltr'>cx</span> <span class='ocrx_word' id='word_1_337' title='bbox 895 2553 988 2586; x_wconf 78' lang='lat' dir='ltr'>purte</span> <span class='ocrx_word' id='word_1_338' title='bbox 1019 2545 1120 2584; x_wconf 66' lang='lat' dir='ltr'>negli-</span> 
     </span>
     <span class='ocr_line' id='line_1_51' title="bbox 146 2588 1119 2630; baseline 0.002 -13"><span class='ocrx_word' id='word_1_339' title='bbox 146 2596 273 2629; x_wconf 52' lang='lat' dir='ltr'>gentes.</span> <span class='ocrx_word' id='word_1_340' title='bbox 329 2588 415 2620; x_wconf 64' lang='lat' dir='ltr'>Vera</span> <span class='ocrx_word' id='word_1_341' title='bbox 445 2589 603 2619; x_wconf 78' lang='lat' dir='ltr'>exercitia</span> <span class='ocrx_word' id='word_1_342' title='bbox 630 2589 829 2629; x_wconf 71' lang='lat' dir='ltr'>precationis</span> <span class='ocrx_word' id='word_1_343' title='bbox 849 2589 1015 2630; x_wconf 75' lang='lat' dir='ltr'>requirunt</span> <span class='ocrx_word' id='word_1_344' title='bbox 1042 2597 1119 2619; x_wconf 81' lang='lat' dir='ltr'>wm-</span> 
     </span>
     <span class='ocr_line' id='line_1_52' title="bbox 145 2632 1120 2673; baseline -0.001 -11"><span class='ocrx_word' id='word_1_345' title='bbox 145 2632 337 2671; x_wconf 61' lang='lat' dir='ltr'>pwunstnm,</span> <span class='ocrx_word' id='word_1_346' title='bbox 361 2638 394 2663; x_wconf 84' lang='lat' dir='ltr'>ut</span> <span class='ocrx_word' id='word_1_347' title='bbox 417 2632 521 2673; x_wconf 69' lang='lat' dir='ltr'>possit</span> <span class='ocrx_word' id='word_1_348' title='bbox 547 2642 622 2663; x_wconf 77' lang='lat' dir='ltr'>esse</span> <span class='ocrx_word' id='word_1_349' title='bbox 647 2632 824 2669; x_wconf 84' lang='lat' dir='ltr'>meditatio,</span> <span class='ocrx_word' id='word_1_350' title='bbox 843 2637 874 2662; x_wconf 92' lang='lat' dir='ltr'>et</span> <span class='ocrx_word' id='word_1_351' title='bbox 898 2632 1120 2663; x_wconf 68' lang='lat' dir='ltr'>consideratio</span> 
     </span>
    </p>
   </div>
   <div class='ocr_carea' id='block_1_7' title="bbox 772 171 1500 206">
    <p class='ocr_par' dir='ltr' id='par_1_8' title="bbox 772 171 1500 206">
     <span class='ocr_line' id='line_1_53' title="bbox 772 171 1500 206; baseline 0.003 -2"><span class='ocrx_word' id='word_1_352' title='bbox 772 172 884 205; x_wconf 80' lang='lat' dir='ltr'>PfflL.</span> <span class='ocrx_word' id='word_1_353' title='bbox 907 171 1010 205; x_wconf 78' lang='lat' dir='ltr'>MEL.</span> <span class='ocrx_word' id='word_1_354' title='bbox 1032 172 1217 206; x_wconf 81' lang='lat' dir='ltr'>SCRIPTA</span> <span class='ocrx_word' id='word_1_355' title='bbox 1240 172 1500 206; x_wconf 79' lang='lat' dir='ltr'>EXEGETch.</span> 
     </span>
    </p>
   </div>
   <div class='ocr_carea' id='block_1_8' title="bbox 2076 177 2142 211">
    <p class='ocr_par' dir='ltr' id='par_1_9' title="bbox 2076 177 2142 211">
     <span class='ocr_line' id='line_1_54' title="bbox 2076 177 2142 211; baseline 0 0"><span class='ocrx_word' id='word_1_356' title='bbox 2076 177 2142 211; x_wconf 78' lang='grc'>936</span> 
     </span>
    </p>
   </div>
   <div class='ocr_carea' id='block_1_9' title="bbox 1167 267 2144 1163">
    <p class='ocr_par' dir='ltr' id='par_1_10' title="bbox 1168 267 2142 352">
     <span class='ocr_line' id='line_1_55' title="bbox 1168 267 2142 308; baseline 0.005 -10"><span class='ocrx_word' id='word_1_357' title='bbox 1168 267 1358 305; x_wconf 84' lang='lat' dir='ltr'>doctrinae,</span> <span class='ocrx_word' id='word_1_358' title='bbox 1387 276 1473 308; x_wconf 87' lang='lat' dir='ltr'>quae</span> <span class='ocrx_word' id='word_1_359' title='bbox 1501 277 1568 298; x_wconf 92' lang='lat' dir='ltr'>non</span> <span class='ocrx_word' id='word_1_360' title='bbox 1597 272 1707 308; x_wconf 86' lang='lat' dir='ltr'>potest</span> <span class='ocrx_word' id='word_1_361' title='bbox 1729 277 1824 307; x_wconf 86' lang='lat' dir='ltr'>esse,</span> <span class='ocrx_word' id='word_1_362' title='bbox 1851 268 1908 300; x_wconf 85' lang='lat' dir='ltr'>ubi</span> <span class='ocrx_word' id='word_1_363' title='bbox 1935 269 2142 303; x_wconf 84' lang='lat' dir='ltr'>dominantur</span> 
     </span>
     <span class='ocr_line' id='line_1_56' title="bbox 1168 308 1881 352; baseline 0.004 -12"><span class='ocrx_word' id='word_1_364' title='bbox 1168 308 1341 350; x_wconf 84' lang='lat' dir='ltr'>crapulae,</span> <span class='ocrx_word' id='word_1_365' title='bbox 1363 315 1397 340; x_wconf 92' lang='lat' dir='ltr'>et</span> <span class='ocrx_word' id='word_1_366' title='bbox 1418 310 1694 352; x_wconf 80' lang='lat' dir='ltr'>ingurgitationes</span> <span class='ocrx_word' id='word_1_367' title='bbox 1717 311 1881 343; x_wconf 81' lang='lat' dir='ltr'>assiduae.</span> 
     </span>
    </p>

    <p class='ocr_par' dir='ltr' id='par_1_11' title="bbox 1167 350 2144 1163">
     <span class='ocr_line' id='line_1_57' title="bbox 1256 350 2140 393; baseline 0.002 -9"><span class='ocrx_word' id='word_1_368' title='bbox 1256 350 1432 384; x_wconf 83' lang='lat' dir='ltr'>Cornelius</span> <span class='ocrx_word' id='word_1_369' title='bbox 1453 352 1508 384; x_wconf 86' lang='lat' dir='ltr'>hic</span> <span class='ocrx_word' id='word_1_370' title='bbox 1531 353 1628 390; x_wconf 83' lang='lat' dir='ltr'>dicit,</span> <span class='ocrx_word' id='word_1_371' title='bbox 1655 363 1688 382; x_wconf 79' lang='lat' dir='ltr'>se</span> <span class='ocrx_word' id='word_1_372' title='bbox 1713 357 1853 393; x_wconf 66' lang='lat' dir='ltr'>qimi-lum</span> <span class='ocrx_word' id='word_1_373' title='bbox 1881 355 1943 383; x_wconf 79' lang='lat' dir='ltr'>iam</span> <span class='ocrx_word' id='word_1_374' title='bbox 1965 354 2046 385; x_wconf 76' lang='lat' dir='ltr'>diem</span> <span class='ocrx_word' id='word_1_375' title='bbox 2067 358 2140 386; x_wconf 65' lang='lat' dir='ltr'>idm</span> 
     </span>
     <span class='ocr_line' id='line_1_58' title="bbox 1168 394 2140 434; baseline 0.007 -11"><span class='ocrx_word' id='word_1_376' title='bbox 1168 404 1251 423; x_wconf 82' lang='lat' dir='ltr'>nare.</span> <span class='ocrx_word' id='word_1_377' title='bbox 1298 395 1351 426; x_wconf 87' lang='lat' dir='ltr'>An</span> <span class='ocrx_word' id='word_1_378' title='bbox 1381 394 1480 427; x_wconf 82' lang='lat' dir='ltr'>suerit</span> <span class='ocrx_word' id='word_1_379' title='bbox 1507 395 1694 427; x_wconf 90' lang='lat' dir='ltr'>continuum</span> <span class='ocrx_word' id='word_1_380' title='bbox 1720 396 1891 434; x_wconf 88' lang='lat' dir='ltr'>ieiunium,</span> <span class='ocrx_word' id='word_1_381' title='bbox 1919 396 2000 428; x_wconf 88' lang='lat' dir='ltr'>nihil</span> <span class='ocrx_word' id='word_1_382' title='bbox 2028 398 2140 430; x_wconf 79' lang='lat' dir='ltr'>refert.</span> 
     </span>
     <span class='ocr_line' id='line_1_59' title="bbox 1168 437 2141 481; baseline 0.005 -14"><span class='ocrx_word' id='word_1_383' title='bbox 1168 437 1203 468; x_wconf 88' lang='lat' dir='ltr'>ln</span> <span class='ocrx_word' id='word_1_384' title='bbox 1237 437 1468 478; x_wconf 73' lang='lat' dir='ltr'>scriptioribus</span> <span class='ocrx_word' id='word_1_385' title='bbox 1501 437 1749 470; x_wconf 71' lang='lat' dir='ltr'>Ecclesiasticis</span> <span class='ocrx_word' id='word_1_386' title='bbox 1790 446 1929 471; x_wconf 89' lang='lat' dir='ltr'>vocatur</span> <span class='ocrx_word' id='word_1_387' title='bbox 1960 443 2141 481; x_wconf 74' lang='grc' dir='ltr'><strong><em>ξηροφαγία,</em></strong></span> 
     </span>
     <span class='ocr_line' id='line_1_60' title="bbox 1169 480 2142 521; baseline 0.003 -11"><span class='ocrx_word' id='word_1_388' title='bbox 1169 489 1233 521; x_wconf 83' lang='lat' dir='ltr'>qua</span> <span class='ocrx_word' id='word_1_389' title='bbox 1263 486 1393 511; x_wconf 80' lang='lat' dir='ltr'>veteres</span> <span class='ocrx_word' id='word_1_390' title='bbox 1421 482 1472 512; x_wconf 90' lang='lat' dir='ltr'>usi</span> <span class='ocrx_word' id='word_1_391' title='bbox 1499 487 1575 512; x_wconf 87' lang='lat' dir='ltr'>sunt</span> <span class='ocrx_word' id='word_1_392' title='bbox 1599 481 1688 512; x_wconf 86' lang='lat' dir='ltr'>circa</span> <span class='ocrx_word' id='word_1_393' title='bbox 1711 480 1932 514; x_wconf 72' lang='lat' dir='ltr'>parasceuen.</span> <span class='ocrx_word' id='word_1_394' title='bbox 1988 483 2062 514; x_wconf 86' lang='lat' dir='ltr'>Non</span> <span class='ocrx_word' id='word_1_395' title='bbox 2087 494 2142 515; x_wconf 81' lang='lat' dir='ltr'>co-</span> 
     </span>
     <span class='ocr_line' id='line_1_61' title="bbox 1168 522 2142 563; baseline 0.005 -10"><span class='ocrx_word' id='word_1_396' title='bbox 1168 522 1341 554; x_wconf 89' lang='lat' dir='ltr'>mederunt</span> <span class='ocrx_word' id='word_1_397' title='bbox 1363 529 1440 555; x_wconf 74' lang='lat' dir='ltr'>tunc</span> <span class='ocrx_word' id='word_1_398' title='bbox 1464 524 1557 555; x_wconf 89' lang='lat' dir='ltr'>cibos</span> <span class='ocrx_word' id='word_1_399' title='bbox 1581 530 1714 562; x_wconf 87' lang='lat' dir='ltr'>coctos,</span> <span class='ocrx_word' id='word_1_400' title='bbox 1743 534 1811 555; x_wconf 88' lang='lat' dir='ltr'>non</span> <span class='ocrx_word' id='word_1_401' title='bbox 1841 525 1993 557; x_wconf 89' lang='lat' dir='ltr'>biberunt</span> <span class='ocrx_word' id='word_1_402' title='bbox 2015 526 2142 563; x_wconf 85' lang='lat' dir='ltr'>vinum:</span> 
     </span>
     <span class='ocr_line' id='line_1_62' title="bbox 1167 565 2140 609; baseline 0.004 -13"><span class='ocrx_word' id='word_1_403' title='bbox 1167 565 1307 597; x_wconf 87' lang='lat' dir='ltr'>ederunt</span> <span class='ocrx_word' id='word_1_404' title='bbox 1335 565 1438 604; x_wconf 77' lang='lat' dir='ltr'>ficus,</span> <span class='ocrx_word' id='word_1_405' title='bbox 1467 576 1581 608; x_wconf 87' lang='lat' dir='ltr'>poma,</span> <span class='ocrx_word' id='word_1_406' title='bbox 1612 565 1665 598; x_wconf 82' lang='lat' dir='ltr'>vel</span> <span class='ocrx_word' id='word_1_407' title='bbox 1695 565 1762 598; x_wconf 87' lang='lat' dir='ltr'>tale</span> <span class='ocrx_word' id='word_1_408' title='bbox 1784 565 1906 609; x_wconf 89' lang='lat' dir='ltr'>aliquid</span> <span class='ocrx_word' id='word_1_409' title='bbox 1929 568 1971 599; x_wconf 89' lang='lat' dir='ltr'>ad</span> <span class='ocrx_word' id='word_1_410' title='bbox 1993 570 2140 600; x_wconf 85' lang='lat' dir='ltr'>necessi·</span> 
     </span>
     <span class='ocr_line' id='line_1_63' title="bbox 1167 607 2140 652; baseline 0.005 -14"><span class='ocrx_word' id='word_1_411' title='bbox 1167 614 1279 644; x_wconf 89' lang='lat' dir='ltr'>tatem,</span> <span class='ocrx_word' id='word_1_412' title='bbox 1302 607 1356 639; x_wconf 86' lang='lat' dir='ltr'>vel</span> <span class='ocrx_word' id='word_1_413' title='bbox 1379 609 1497 647; x_wconf 88' lang='lat' dir='ltr'>somni,</span> <span class='ocrx_word' id='word_1_414' title='bbox 1519 608 1572 640; x_wconf 79' lang='lat' dir='ltr'>vel</span> <span class='ocrx_word' id='word_1_415' title='bbox 1595 610 1787 651; x_wconf 80' lang='lat' dir='ltr'>egestionis.</span> <span class='ocrx_word' id='word_1_416' title='bbox 1834 611 1871 641; x_wconf 72' lang='lat' dir='ltr'>Si</span> <span class='ocrx_word' id='word_1_417' title='bbox 1894 611 1967 652; x_wconf 86' lang='lat' dir='ltr'>quis</span> <span class='ocrx_word' id='word_1_418' title='bbox 1991 622 2058 643; x_wconf 92' lang='lat' dir='ltr'>non</span> <span class='ocrx_word' id='word_1_419' title='bbox 2081 613 2140 643; x_wconf 90' lang='lat' dir='ltr'>uti-</span> 
     </span>
     <span class='ocr_line' id='line_1_64' title="bbox 1168 649 2140 693; baseline 0.003 -12"><span class='ocrx_word' id='word_1_420' title='bbox 1168 656 1220 682; x_wconf 79' lang='lat' dir='ltr'>tur</span> <span class='ocrx_word' id='word_1_421' title='bbox 1254 649 1404 692; x_wconf 85' lang='lat' dir='ltr'>liquidis,</span> <span class='ocrx_word' id='word_1_422' title='bbox 1436 658 1493 684; x_wconf 89' lang='lat' dir='ltr'>aut</span> <span class='ocrx_word' id='word_1_423' title='bbox 1521 662 1659 693; x_wconf 87' lang='lat' dir='ltr'>prorsus</span> <span class='ocrx_word' id='word_1_424' title='bbox 1689 662 1755 683; x_wconf 91' lang='lat' dir='ltr'>non</span> <span class='ocrx_word' id='word_1_425' title='bbox 1787 653 1886 690; x_wconf 89' lang='lat' dir='ltr'>bibit,</span> <span class='ocrx_word' id='word_1_426' title='bbox 1921 663 1987 684; x_wconf 92' lang='lat' dir='ltr'>non</span> <span class='ocrx_word' id='word_1_427' title='bbox 2016 661 2140 686; x_wconf 89' lang='lat' dir='ltr'>tantum</span> 
     </span>
     <span class='ocr_line' id='line_1_65' title="bbox 1167 693 2140 737; baseline 0.004 -13"><span class='ocrx_word' id='word_1_428' title='bbox 1167 693 1233 725; x_wconf 88' lang='lat' dir='ltr'>hoc</span> <span class='ocrx_word' id='word_1_429' title='bbox 1256 694 1498 726; x_wconf 86' lang='lat' dir='ltr'>incommodum</span> <span class='ocrx_word' id='word_1_430' title='bbox 1518 696 1676 736; x_wconf 86' lang='lat' dir='ltr'>sequitur,</span> <span class='ocrx_word' id='word_1_431' title='bbox 1694 695 1783 737; x_wconf 89' lang='lat' dir='ltr'>quod</span> <span class='ocrx_word' id='word_1_432' title='bbox 1805 705 1873 726; x_wconf 91' lang='lat' dir='ltr'>non</span> <span class='ocrx_word' id='word_1_433' title='bbox 1895 694 1995 727; x_wconf 89' lang='lat' dir='ltr'>alitur</span> <span class='ocrx_word' id='word_1_434' title='bbox 2012 704 2140 734; x_wconf 69' lang='lat' dir='ltr'>natura.</span> 
     </span>
     <span class='ocr_line' id='line_1_66' title="bbox 1167 734 2140 780; baseline 0.004 -14"><span class='ocrx_word' id='word_1_435' title='bbox 1167 736 1229 768; x_wconf 90' lang='lat' dir='ltr'>sed</span> <span class='ocrx_word' id='word_1_436' title='bbox 1263 734 1360 767; x_wconf 90' lang='lat' dir='ltr'>homo</span> <span class='ocrx_word' id='word_1_437' title='bbox 1391 737 1487 768; x_wconf 90' lang='lat' dir='ltr'>etiam</span> <span class='ocrx_word' id='word_1_438' title='bbox 1516 747 1580 768; x_wconf 89' lang='lat' dir='ltr'>non</span> <span class='ocrx_word' id='word_1_439' title='bbox 1610 737 1709 769; x_wconf 83' lang='lat' dir='ltr'>habet</span> <span class='ocrx_word' id='word_1_440' title='bbox 1737 738 1943 779; x_wconf 82' lang='lat' dir='ltr'>egestiones:</span> <span class='ocrx_word' id='word_1_441' title='bbox 1977 740 2067 780; x_wconf 90' lang='lat' dir='ltr'>quod</span> <span class='ocrx_word' id='word_1_442' title='bbox 2090 747 2140 770; x_wconf 81' lang='lat' dir='ltr'>est</span> 
     </span>
     <span class='ocr_line' id='line_1_67' title="bbox 1167 779 2142 814; baseline 0.005 -5"><span class='ocrx_word' id='word_1_443' title='bbox 1167 779 1341 810; x_wconf 83' lang='lat' dir='ltr'>maximum</span> <span class='ocrx_word' id='word_1_444' title='bbox 1376 779 1529 811; x_wconf 88' lang='lat' dir='ltr'>damnum</span> <span class='ocrx_word' id='word_1_445' title='bbox 1563 779 1769 812; x_wconf 88' lang='lat' dir='ltr'>valetudinis.</span> <span class='ocrx_word' id='word_1_446' title='bbox 1825 780 1948 812; x_wconf 87' lang='lat' dir='ltr'>Noster</span> <span class='ocrx_word' id='word_1_447' title='bbox 1976 781 2142 814; x_wconf 72' lang='lat' dir='ltr'>Hubertus</span> 
     </span>
     <span class='ocr_line' id='line_1_68' title="bbox 1168 821 2141 865; baseline 0.004 -13"><span class='ocrx_word' id='word_1_448' title='bbox 1168 821 1361 863; x_wconf 85' lang='lat' dir='ltr'>Languetus</span> <span class='ocrx_word' id='word_1_449' title='bbox 1396 822 1614 864; x_wconf 79' lang='lat' dir='ltr'>ssurgundus,</span> <span class='ocrx_word' id='word_1_450' title='bbox 1653 824 1703 855; x_wconf 63' lang='grc' dir='ltr'>ηἰ-</span> <span class='ocrx_word' id='word_1_451' title='bbox 1736 824 1871 861; x_wconf 64' lang='lat' dir='ltr'>domm,</span> <span class='ocrx_word' id='word_1_452' title='bbox 1906 833 2002 865; x_wconf 88' lang='lat' dir='ltr'>quem</span> <span class='ocrx_word' id='word_1_453' title='bbox 2036 825 2141 856; x_wconf 77' lang='lat' dir='ltr'>nostis</span> 
     </span>
     <span class='ocr_line' id='line_1_69' title="bbox 1167 863 2143 906; baseline 0.003 -11"><span class='ocrx_word' id='word_1_454' title='bbox 1167 863 1314 905; x_wconf 85' lang='lat' dir='ltr'>plurimi,</span> <span class='ocrx_word' id='word_1_455' title='bbox 1343 875 1445 906; x_wconf 87' lang='lat' dir='ltr'>saepe</span> <span class='ocrx_word' id='word_1_456' title='bbox 1475 865 1550 896; x_wconf 88' lang='lat' dir='ltr'>mihi</span> <span class='ocrx_word' id='word_1_457' title='bbox 1574 866 1673 904; x_wconf 58' lang='lat' dir='ltr'>dixit,</span> <span class='ocrx_word' id='word_1_458' title='bbox 1701 876 1739 898; x_wconf 86' lang='lat' dir='ltr'>se</span> <span class='ocrx_word' id='word_1_459' title='bbox 1762 871 1832 897; x_wconf 85' lang='lat' dir='ltr'>toto</span> <span class='ocrx_word' id='word_1_460' title='bbox 1856 876 1970 898; x_wconf 77' lang='lat' dir='ltr'>mense</span> <span class='ocrx_word' id='word_1_461' title='bbox 1993 869 2025 899; x_wconf 90' lang='lat' dir='ltr'>in</span> <span class='ocrx_word' id='word_1_462' title='bbox 2049 867 2143 899; x_wconf 82' lang='lat' dir='ltr'>ltalia</span> 
     </span>
     <span class='ocr_line' id='line_1_70' title="bbox 1167 907 2139 950; baseline 0.002 -12"><span class='ocrx_word' id='word_1_463' title='bbox 1167 917 1234 938; x_wconf 92' lang='lat' dir='ltr'>non</span> <span class='ocrx_word' id='word_1_464' title='bbox 1269 908 1404 939; x_wconf 80' lang='lat' dir='ltr'>bibisse.</span> <span class='ocrx_word' id='word_1_465' title='bbox 1460 907 1707 950; x_wconf 81' lang='lat' dir='ltr'>interrogabam</span> <span class='ocrx_word' id='word_1_466' title='bbox 1736 909 1777 940; x_wconf 90' lang='lat' dir='ltr'>de</span> <span class='ocrx_word' id='word_1_467' title='bbox 1806 909 1969 941; x_wconf 74' lang='lat' dir='ltr'>beneficio</span> <span class='ocrx_word' id='word_1_468' title='bbox 1999 912 2139 942; x_wconf 81' lang='lat' dir='ltr'>ventris:</span> 
     </span>
     <span class='ocr_line' id='line_1_71' title="bbox 1168 949 2142 993; baseline 0.002 -12"><span class='ocrx_word' id='word_1_469' title='bbox 1168 949 1422 992; x_wconf 86' lang='lat' dir='ltr'>Respondebat,</span> <span class='ocrx_word' id='word_1_470' title='bbox 1455 950 1496 980; x_wconf 79' lang='lat' dir='ltr'>Se</span> <span class='ocrx_word' id='word_1_471' title='bbox 1523 951 1646 981; x_wconf 76' lang='lat' dir='ltr'>solitum</span> <span class='ocrx_word' id='word_1_472' title='bbox 1670 953 1738 989; x_wconf 82' lang='lat' dir='ltr'>frui</span> <span class='ocrx_word' id='word_1_473' title='bbox 1761 953 1864 991; x_wconf 76' lang='lat' dir='ltr'>pomis</span> <span class='ocrx_word' id='word_1_474' title='bbox 1883 954 2031 990; x_wconf 76' lang='lat' dir='ltr'>persicis,</span> <span class='ocrx_word' id='word_1_475' title='bbox 2065 964 2142 993; x_wconf 73' lang='lat' dir='ltr'>quar</span> 
     </span>
     <span class='ocr_line' id='line_1_72' title="bbox 1167 992 2143 1036; baseline 0.004 -14"><span class='ocrx_word' id='word_1_476' title='bbox 1167 997 1238 1022; x_wconf 79' lang='lat' dir='ltr'>sunt</span> <span class='ocrx_word' id='word_1_477' title='bbox 1261 992 1351 1022; x_wconf 71' lang='lat' dir='ltr'>valde</span> <span class='ocrx_word' id='word_1_478' title='bbox 1372 993 1508 1023; x_wconf 70' lang='lat' dir='ltr'>humida.</span> <span class='ocrx_word' id='word_1_479' title='bbox 1552 993 1602 1025; x_wconf 88' lang='lat' dir='ltr'>Ea</span> <span class='ocrx_word' id='word_1_480' title='bbox 1625 1000 1702 1025; x_wconf 89' lang='lat' dir='ltr'>sunt</span> <span class='ocrx_word' id='word_1_481' title='bbox 1720 995 1752 1025; x_wconf 93' lang='lat' dir='ltr'>in</span> <span class='ocrx_word' id='word_1_482' title='bbox 1771 993 1864 1025; x_wconf 86' lang='lat' dir='ltr'>ltalia</span> <span class='ocrx_word' id='word_1_483' title='bbox 1880 993 2026 1033; x_wconf 86' lang='lat' dir='ltr'>meliora,</span> <span class='ocrx_word' id='word_1_484' title='bbox 2045 1005 2143 1036; x_wconf 88' lang='lat' dir='ltr'>quam</span> 
     </span>
     <span class='ocr_line' id='line_1_73' title="bbox 1167 1035 2144 1078; baseline 0.002 -11"><span class='ocrx_word' id='word_1_485' title='bbox 1167 1036 1254 1077; x_wconf 87' lang='lat' dir='ltr'>apud</span> <span class='ocrx_word' id='word_1_486' title='bbox 1279 1046 1351 1066; x_wconf 90' lang='lat' dir='ltr'>nos.</span> <span class='ocrx_word' id='word_1_487' title='bbox 1396 1036 1442 1067; x_wconf 89' lang='lat' dir='ltr'>lbi</span> <span class='ocrx_word' id='word_1_488' title='bbox 1467 1043 1712 1078; x_wconf 86' lang='lat' dir='ltr'>percoquuntur</span> <span class='ocrx_word' id='word_1_489' title='bbox 1734 1035 1864 1068; x_wconf 73' lang='lat' dir='ltr'>melius.</span> <span class='ocrx_word' id='word_1_490' title='bbox 1912 1035 1991 1069; x_wconf 81' lang='lat' dir='ltr'>lude</span> <span class='ocrx_word' id='word_1_491' title='bbox 2014 1038 2144 1069; x_wconf 80' lang='lat' dir='ltr'>dicebat</span> 
     </span>
     <span class='ocr_line' id='line_1_74' title="bbox 1168 1078 2143 1120; baseline 0.001 -11"><span class='ocrx_word' id='word_1_492' title='bbox 1168 1089 1206 1109; x_wconf 84' lang='lat' dir='ltr'>se</span> <span class='ocrx_word' id='word_1_493' title='bbox 1229 1078 1386 1110; x_wconf 83' lang='lat' dir='ltr'>habuisse</span> <span class='ocrx_word' id='word_1_494' title='bbox 1411 1078 1712 1120; x_wconf 82' lang='lat' dir='ltr'>refrigerationem,</span> <span class='ocrx_word' id='word_1_495' title='bbox 1735 1085 1767 1110; x_wconf 82' lang='lat' dir='ltr'>et</span> <span class='ocrx_word' id='word_1_496' title='bbox 1791 1078 1983 1111; x_wconf 81' lang='lat' dir='ltr'>beneficium</span> <span class='ocrx_word' id='word_1_497' title='bbox 2007 1082 2143 1117; x_wconf 79' lang='lat' dir='ltr'>ventris,</span> 
     </span>
     <span class='ocr_line' id='line_1_75' title="bbox 1168 1120 1767 1163; baseline 0.002 -11"><span class='ocrx_word' id='word_1_498' title='bbox 1168 1127 1199 1152; x_wconf 91' lang='lat' dir='ltr'>et</span> <span class='ocrx_word' id='word_1_499' title='bbox 1222 1120 1362 1163; x_wconf 84' lang='lat' dir='ltr'>aliquam</span> <span class='ocrx_word' id='word_1_500' title='bbox 1385 1123 1578 1163; x_wconf 88' lang='lat' dir='ltr'>rigationem</span> <span class='ocrx_word' id='word_1_501' title='bbox 1604 1123 1767 1163; x_wconf 82' lang='lat' dir='ltr'>corporis.</span> 
     </span>
    </p>
   </div>
   <div class='ocr_carea' id='block_1_10' title="bbox 1167 1179 2145 2126">
    <p class='ocr_par' dir='ltr' id='par_1_12' title="bbox 1167 1179 2145 2126">
     <span class='ocr_line' id='line_1_76' title="bbox 1253 1179 2143 1223; baseline 0.003 -12"><span class='ocrx_word' id='word_1_502' title='bbox 1253 1181 1327 1211; x_wconf 77' lang='lat' dir='ltr'>Non</span> <span class='ocrx_word' id='word_1_503' title='bbox 1351 1179 1494 1223; x_wconf 90' lang='lat' dir='ltr'>loquitur</span> <span class='ocrx_word' id='word_1_504' title='bbox 1517 1188 1626 1213; x_wconf 84' lang='lat' dir='ltr'>autem</span> <span class='ocrx_word' id='word_1_505' title='bbox 1646 1181 1822 1213; x_wconf 86' lang='lat' dir='ltr'>Cornelius</span> <span class='ocrx_word' id='word_1_506' title='bbox 1845 1183 1886 1214; x_wconf 89' lang='lat' dir='ltr'>de</span> <span class='ocrx_word' id='word_1_507' title='bbox 1908 1193 1948 1214; x_wconf 88' lang='lat' dir='ltr'>su</span> <span class='ocrx_word' id='word_1_508' title='bbox 1975 1183 2143 1214; x_wconf 76' lang='lat' dir='ltr'>erstitioso</span> 
     </span>
     <span class='ocr_line' id='line_1_77' title="bbox 1167 1223 2142 1266; baseline 0.002 -12"><span class='ocrx_word' id='word_1_509' title='bbox 1167 1223 1307 1262; x_wconf 89' lang='lat' dir='ltr'>ieiunio,</span> <span class='ocrx_word' id='word_1_510' title='bbox 1335 1225 1428 1264; x_wconf 79' lang='lat' dir='ltr'>quasi</span> <span class='ocrx_word' id='word_1_511' title='bbox 1456 1234 1639 1255; x_wconf 82' lang='lat' dir='ltr'>mereamur</span> <span class='ocrx_word' id='word_1_512' title='bbox 1661 1224 1784 1266; x_wconf 88' lang='lat' dir='ltr'>aliquid</span> <span class='ocrx_word' id='word_1_513' title='bbox 1808 1235 1919 1256; x_wconf 87' lang='lat' dir='ltr'>coram</span> <span class='ocrx_word' id='word_1_514' title='bbox 1977 1236 2018 1257; x_wconf 92' lang='lat' dir='ltr'>eo</span> <span class='ocrx_word' id='word_1_515' title='bbox 2041 1226 2142 1256; x_wconf 83' lang='lat' dir='ltr'>absti-</span> 
     </span>
     <span class='ocr_line' id='line_1_78' title="bbox 1168 1267 2144 1307; baseline -0.001 -10"><span class='ocrx_word' id='word_1_516' title='bbox 1168 1267 1278 1297; x_wconf 89' lang='lat' dir='ltr'>nentia</span> <span class='ocrx_word' id='word_1_517' title='bbox 1302 1273 1430 1298; x_wconf 83' lang='lat' dir='ltr'>nostra:</span> <span class='ocrx_word' id='word_1_518' title='bbox 1453 1267 1513 1298; x_wconf 86' lang='lat' dir='ltr'>sed</span> <span class='ocrx_word' id='word_1_519' title='bbox 1538 1267 1614 1298; x_wconf 86' lang='lat' dir='ltr'>dicit</span> <span class='ocrx_word' id='word_1_520' title='bbox 1637 1277 1675 1298; x_wconf 90' lang='lat' dir='ltr'>se</span> <span class='ocrx_word' id='word_1_521' title='bbox 1697 1267 1864 1299; x_wconf 86' lang='lat' dir='ltr'>ieiunasse</span> <span class='ocrx_word' id='word_1_522' title='bbox 1882 1272 2017 1307; x_wconf 73' lang='lat' dir='ltr'>propter</span> <span class='ocrx_word' id='word_1_523' title='bbox 2037 1278 2144 1306; x_wconf 78' lang='lat' dir='ltr'>preca-</span> 
     </span>
     <span class='ocr_line' id='line_1_79' title="bbox 1169 1310 2143 1352; baseline 0.004 -14"><span class='ocrx_word' id='word_1_524' title='bbox 1169 1310 1296 1342; x_wconf 72' lang='lat' dir='ltr'>tionemz</span> <span class='ocrx_word' id='word_1_525' title='bbox 1326 1310 1400 1350; x_wconf 88' lang='lat' dir='ltr'>quia</span> <span class='ocrx_word' id='word_1_526' title='bbox 1427 1315 1518 1341; x_wconf 84' lang='lat' dir='ltr'>certe</span> <span class='ocrx_word' id='word_1_527' title='bbox 1545 1319 1639 1341; x_wconf 90' lang='lat' dir='ltr'>mens</span> <span class='ocrx_word' id='word_1_528' title='bbox 1667 1310 1773 1351; x_wconf 88' lang='lat' dir='ltr'>magis</span> <span class='ocrx_word' id='word_1_529' title='bbox 1801 1316 1854 1341; x_wconf 91' lang='lat' dir='ltr'>est</span> <span class='ocrx_word' id='word_1_530' title='bbox 1881 1311 2006 1342; x_wconf 84' lang='lat' dir='ltr'>intenta</span> <span class='ocrx_word' id='word_1_531' title='bbox 2028 1320 2143 1352; x_wconf 85' lang='lat' dir='ltr'>preca·</span> 
     </span>
     <span class='ocr_line' id='line_1_80' title="bbox 1169 1351 2144 1393; baseline 0.002 -11"><span class='ocrx_word' id='word_1_532' title='bbox 1169 1352 1266 1389; x_wconf 90' lang='lat' dir='ltr'>tioni‚</span> <span class='ocrx_word' id='word_1_533' title='bbox 1294 1352 1426 1393; x_wconf 88' lang='lat' dir='ltr'>quando</span> <span class='ocrx_word' id='word_1_534' title='bbox 1454 1361 1568 1383; x_wconf 90' lang='lat' dir='ltr'>sumus</span> <span class='ocrx_word' id='word_1_535' title='bbox 1597 1352 1707 1383; x_wconf 86' lang='lat' dir='ltr'>ieiuni.</span> <span class='ocrx_word' id='word_1_536' title='bbox 1759 1351 1939 1393; x_wconf 82' lang='lat' dir='ltr'>Postquam</span> <span class='ocrx_word' id='word_1_537' title='bbox 1965 1352 2064 1384; x_wconf 86' lang='lat' dir='ltr'>homo</span> <span class='ocrx_word' id='word_1_538' title='bbox 2089 1363 2144 1384; x_wconf 84' lang='lat' dir='ltr'>co-</span> 
     </span>
     <span class='ocr_line' id='line_1_81' title="bbox 1169 1394 2144 1438; baseline 0 -12"><span class='ocrx_word' id='word_1_539' title='bbox 1169 1394 1285 1431; x_wconf 88' lang='lat' dir='ltr'>medit,</span> <span class='ocrx_word' id='word_1_540' title='bbox 1319 1400 1435 1425; x_wconf 87' lang='lat' dir='ltr'>natura</span> <span class='ocrx_word' id='word_1_541' title='bbox 1469 1400 1521 1425; x_wconf 69' lang='lat' dir='ltr'>est</span> <span class='ocrx_word' id='word_1_542' title='bbox 1551 1400 1715 1436; x_wconf 85' lang='lat' dir='ltr'>occupata</span> <span class='ocrx_word' id='word_1_543' title='bbox 1743 1395 1903 1426; x_wconf 77' lang='lat' dir='ltr'>coctione.</span> <span class='ocrx_word' id='word_1_544' title='bbox 1960 1394 2088 1438; x_wconf 86' lang='lat' dir='ltr'>Singuli</span> <span class='ocrx_word' id='word_1_545' title='bbox 2111 1395 2144 1426; x_wconf 90' lang='lat' dir='ltr'>in</span> 
     </span>
     <span class='ocr_line' id='line_1_82' title="bbox 1170 1436 2144 1479; baseline 0 -10"><span class='ocrx_word' id='word_1_546' title='bbox 1170 1437 1266 1469; x_wconf 86' lang='lat' dir='ltr'>nobis</span> <span class='ocrx_word' id='word_1_547' title='bbox 1291 1437 1370 1478; x_wconf 65' lang='lat' dir='ltr'>ipsis</span> <span class='ocrx_word' id='word_1_548' title='bbox 1396 1437 1569 1475; x_wconf 77' lang='lat' dir='ltr'>sentimus,</span> <span class='ocrx_word' id='word_1_549' title='bbox 1594 1438 1681 1479; x_wconf 89' lang='lat' dir='ltr'>quod</span> <span class='ocrx_word' id='word_1_550' title='bbox 1704 1443 1801 1468; x_wconf 84' lang='lat' dir='ltr'>antea</span> <span class='ocrx_word' id='word_1_551' title='bbox 1824 1436 1906 1469; x_wconf 84' lang='lat' dir='ltr'>dixi:</span> <span class='ocrx_word' id='word_1_552' title='bbox 1929 1437 2004 1470; x_wconf 87' lang='lat' dir='ltr'>Non</span> <span class='ocrx_word' id='word_1_553' title='bbox 2028 1447 2144 1470; x_wconf 76' lang='lat' dir='ltr'>sumus</span> 
     </span>
     <span class='ocr_line' id='line_1_83' title="bbox 1171 1479 2145 1523; baseline 0 -11"><span class='ocrx_word' id='word_1_554' title='bbox 1171 1479 1369 1523; x_wconf 81' lang='lat' dir='ltr'>vegetiores,</span> <span class='ocrx_word' id='word_1_555' title='bbox 1394 1490 1490 1521; x_wconf 89' lang='lat' dir='ltr'>quam</span> <span class='ocrx_word' id='word_1_556' title='bbox 1514 1479 1596 1511; x_wconf 89' lang='lat' dir='ltr'>hora</span> <span class='ocrx_word' id='word_1_557' title='bbox 1620 1479 1687 1518; x_wconf 85' lang='lat' dir='ltr'>illa,</span> <span class='ocrx_word' id='word_1_558' title='bbox 1710 1490 1795 1521; x_wconf 90' lang='lat' dir='ltr'>quae</span> <span class='ocrx_word' id='word_1_559' title='bbox 1817 1481 1984 1512; x_wconf 88' lang='lat' dir='ltr'>antecedit</span> <span class='ocrx_word' id='word_1_560' title='bbox 2007 1491 2145 1513; x_wconf 87' lang='lat' dir='ltr'>coenam</span> 
     </span>
     <span class='ocr_line' id='line_1_84' title="bbox 1170 1521 2143 1564; baseline 0 -9"><span class='ocrx_word' id='word_1_561' title='bbox 1170 1523 1224 1555; x_wconf 76' lang='lat' dir='ltr'>vei</span> <span class='ocrx_word' id='word_1_562' title='bbox 1253 1523 1443 1564; x_wconf 85' lang='lat' dir='ltr'>prandium,</span> <span class='ocrx_word' id='word_1_563' title='bbox 1472 1530 1508 1555; x_wconf 87' lang='lat' dir='ltr'>ut</span> <span class='ocrx_word' id='word_1_564' title='bbox 1538 1529 1655 1554; x_wconf 87' lang='lat' dir='ltr'>nostra</span> <span class='ocrx_word' id='word_1_565' title='bbox 1684 1521 1748 1554; x_wconf 83' lang='lat' dir='ltr'>fert</span> <span class='ocrx_word' id='word_1_566' title='bbox 1776 1524 1994 1555; x_wconf 83' lang='lat' dir='ltr'>consuetudo.</span> <span class='ocrx_word' id='word_1_567' title='bbox 2039 1522 2143 1555; x_wconf 86' lang='lat' dir='ltr'>Paulo</span> 
     </span>
     <span class='ocr_line' id='line_1_85' title="bbox 1169 1562 2144 1611; baseline -0.001 -12"><span class='ocrx_word' id='word_1_568' title='bbox 1169 1573 1245 1609; x_wconf 85' lang='lat' dir='ltr'>post</span> <span class='ocrx_word' id='word_1_569' title='bbox 1258 1567 1429 1611; x_wconf 67' lang='lat' dir='ltr'>prandium</span> <span class='ocrx_word' id='word_1_570' title='bbox 1448 1567 1574 1607; x_wconf 85' lang='lat' dir='ltr'>obrepit</span> <span class='ocrx_word' id='word_1_571' title='bbox 1587 1575 1723 1598; x_wconf 87' lang='lat' dir='ltr'>somnus</span> <span class='ocrx_word' id='word_1_572' title='bbox 1748 1564 1834 1597; x_wconf 89' lang='lat' dir='ltr'>lenis</span> <span class='ocrx_word' id='word_1_573' title='bbox 1858 1572 1890 1598; x_wconf 90' lang='lat' dir='ltr'>et</span> <span class='ocrx_word' id='word_1_574' title='bbox 1908 1562 2077 1608; x_wconf 80' lang='lat' dir='ltr'>placidus3</span> <span class='ocrx_word' id='word_1_575' title='bbox 2100 1573 2144 1605; x_wconf 84' lang='lat' dir='ltr'>et,</span> 
     </span>
     <span class='ocr_line' id='line_1_86' title="bbox 1171 1607 2144 1652; baseline -0.003 -11"><span class='ocrx_word' id='word_1_576' title='bbox 1171 1611 1199 1641; x_wconf 85' lang='lat' dir='ltr'>si</span> <span class='ocrx_word' id='word_1_577' title='bbox 1222 1611 1295 1652; x_wconf 71' lang='lat' dir='ltr'>quis</span> <span class='ocrx_word' id='word_1_578' title='bbox 1319 1608 1372 1641; x_wconf 84' lang='lat' dir='ltr'>vel</span> <span class='ocrx_word' id='word_1_579' title='bbox 1396 1609 1592 1641; x_wconf 78' lang='lat' dir='ltr'>brevissimo</span> <span class='ocrx_word' id='word_1_580' title='bbox 1620 1615 1766 1651; x_wconf 89' lang='lat' dir='ltr'>tempore</span> <span class='ocrx_word' id='word_1_581' title='bbox 1795 1607 1913 1640; x_wconf 83' lang='lat' dir='ltr'>fruitur</span> <span class='ocrx_word' id='word_1_582' title='bbox 1934 1607 1991 1640; x_wconf 86' lang='lat' dir='ltr'>illo</span> <span class='ocrx_word' id='word_1_583' title='bbox 2013 1619 2144 1646; x_wconf 86' lang='lat' dir='ltr'>somno,</span> 
     </span>
     <span class='ocr_line' id='line_1_87' title="bbox 1172 1651 2144 1695; baseline -0.001 -11"><span class='ocrx_word' id='word_1_584' title='bbox 1172 1654 1337 1695; x_wconf 80' lang='lat' dir='ltr'>experitur</span> <span class='ocrx_word' id='word_1_585' title='bbox 1370 1654 1510 1695; x_wconf 88' lang='lat' dir='ltr'>quietem</span> <span class='ocrx_word' id='word_1_586' title='bbox 1544 1662 1620 1684; x_wconf 82' lang='lat' dir='ltr'>esse</span> <span class='ocrx_word' id='word_1_587' title='bbox 1654 1651 1892 1684; x_wconf 86' lang='lat' dir='ltr'>dulcissimam:</span> <span class='ocrx_word' id='word_1_588' title='bbox 1926 1652 2001 1694; x_wconf 81' lang='lat' dir='ltr'>quia</span> <span class='ocrx_word' id='word_1_589' title='bbox 2036 1653 2144 1683; x_wconf 83' lang='lat' dir='ltr'>coctio</span> 
     </span>
     <span class='ocr_line' id='line_1_88' title="bbox 1171 1694 2143 1737; baseline -0.002 -10"><span class='ocrx_word' id='word_1_590' title='bbox 1171 1702 1237 1727; x_wconf 87' lang='lat' dir='ltr'>tum</span> <span class='ocrx_word' id='word_1_591' title='bbox 1272 1702 1321 1727; x_wconf 88' lang='lat' dir='ltr'>est</span> <span class='ocrx_word' id='word_1_592' title='bbox 1360 1694 1527 1737; x_wconf 80' lang='lat' dir='ltr'>perfecta,</span> <span class='ocrx_word' id='word_1_593' title='bbox 1567 1702 1598 1726; x_wconf 92' lang='lat' dir='ltr'>et</span> <span class='ocrx_word' id='word_1_594' title='bbox 1635 1695 1670 1726; x_wconf 85' lang='lat' dir='ltr'>fit</span> <span class='ocrx_word' id='word_1_595' title='bbox 1704 1695 1817 1727; x_wconf 79' lang='lat' dir='ltr'>suavis</span> <span class='ocrx_word' id='word_1_596' title='bbox 1851 1695 1969 1737; x_wconf 86' lang='lat' dir='ltr'>rigatio</span> <span class='ocrx_word' id='word_1_597' title='bbox 2005 1696 2143 1726; x_wconf 83' lang='lat' dir='ltr'>cerebri.</span> 
     </span>
     <span class='ocr_line' id='line_1_89' title="bbox 1173 1738 2144 1780; baseline 0.001 -12"><span class='ocrx_word' id='word_1_598' title='bbox 1173 1740 1289 1770; x_wconf 86' lang='lat' dir='ltr'>Omnia</span> <span class='ocrx_word' id='word_1_599' title='bbox 1323 1741 1468 1771; x_wconf 80' lang='lat' dir='ltr'>membra</span> <span class='ocrx_word' id='word_1_600' title='bbox 1504 1739 1656 1780; x_wconf 87' lang='lat' dir='ltr'>corporis</span> <span class='ocrx_word' id='word_1_601' title='bbox 1690 1743 1766 1770; x_wconf 85' lang='lat' dir='ltr'>sunt</span> <span class='ocrx_word' id='word_1_602' title='bbox 1803 1738 1971 1779; x_wconf 81' lang='lat' dir='ltr'>vegetiora</span> <span class='ocrx_word' id='word_1_603' title='bbox 1999 1743 2084 1775; x_wconf 89' lang='lat' dir='ltr'>tum,</span> <span class='ocrx_word' id='word_1_604' title='bbox 2114 1745 2144 1769; x_wconf 81' lang='lat' dir='ltr'>et</span> 
     </span>
     <span class='ocr_line' id='line_1_90' title="bbox 1171 1781 2144 1819; baseline -0.002 -6"><span class='ocrx_word' id='word_1_605' title='bbox 1171 1781 1344 1813; x_wconf 83' lang='lat' dir='ltr'>alacriora.</span> <span class='ocrx_word' id='word_1_606' title='bbox 1385 1782 1450 1813; x_wconf 79' lang='lat' dir='ltr'>lsta</span> <span class='ocrx_word' id='word_1_607' title='bbox 1474 1782 1701 1819; x_wconf 55' lang='lat' dir='ltr'>considet-aim</span> <span class='ocrx_word' id='word_1_608' title='bbox 1725 1788 1756 1812; x_wconf 89' lang='lat' dir='ltr'>et</span> <span class='ocrx_word' id='word_1_609' title='bbox 1775 1781 1894 1811; x_wconf 78' lang='lat' dir='ltr'>sumite</span> <span class='ocrx_word' id='word_1_610' title='bbox 1913 1781 2008 1811; x_wconf 76' lang='lat' dir='ltr'>vobis</span> <span class='ocrx_word' id='word_1_611' title='bbox 2027 1781 2144 1811; x_wconf 87' lang='lat' dir='ltr'>idonea</span> 
     </span>
     <span class='ocr_line' id='line_1_91' title="bbox 1172 1823 2145 1866; baseline -0.005 -10"><span class='ocrx_word' id='word_1_612' title='bbox 1172 1832 1320 1866; x_wconf 87' lang='lat' dir='ltr'>tempora</span> <span class='ocrx_word' id='word_1_613' title='bbox 1343 1826 1385 1856; x_wconf 90' lang='lat' dir='ltr'>ad</span> <span class='ocrx_word' id='word_1_614' title='bbox 1409 1835 1536 1866; x_wconf 76' lang='lat' dir='ltr'>preces.</span> <span class='ocrx_word' id='word_1_615' title='bbox 1582 1825 1699 1856; x_wconf 70' lang='lat' dir='ltr'>Petrus</span> <span class='ocrx_word' id='word_1_616' title='bbox 1728 1823 1845 1864; x_wconf 87' lang='lat' dir='ltr'>inquit:</span> <span class='ocrx_word' id='word_1_617' title='bbox 1878 1823 1957 1852; x_wconf 77' lang='lat' dir='ltr'>Sitis</span> <span class='ocrx_word' id='word_1_618' title='bbox 1982 1823 2080 1852; x_wconf 72' lang='lat' dir='ltr'>sobrii·</span> <span class='ocrx_word' id='word_1_619' title='bbox 2102 1823 2145 1852; x_wconf 74' lang='lat' dir='ltr'>ad</span> 
     </span>
     <span class='ocr_line' id='line_1_92' title="bbox 1169 1866 2143 1907; baseline 0.001 -11"><span class='ocrx_word' id='word_1_620' title='bbox 1169 1870 1386 1907; x_wconf 63' lang='lat' dir='ltr'>precationem.</span> <span class='ocrx_word' id='word_1_621' title='bbox 1439 1867 1477 1898; x_wconf 87' lang='lat' dir='ltr'>Et</span> <span class='ocrx_word' id='word_1_622' title='bbox 1503 1868 1555 1898; x_wconf 82' lang='lat' dir='ltr'>liic</span> <span class='ocrx_word' id='word_1_623' title='bbox 1579 1867 1695 1898; x_wconf 83' lang='lat' dir='ltr'>dicitur</span> <span class='ocrx_word' id='word_1_624' title='bbox 1721 1866 1838 1897; x_wconf 88' lang='lat' dir='ltr'>l’etrus</span> <span class='ocrx_word' id='word_1_625' title='bbox 1857 1867 1945 1907; x_wconf 78' lang='lat' dir='ltr'>ipse,</span> <span class='ocrx_word' id='word_1_626' title='bbox 1974 1877 2046 1897; x_wconf 89' lang='lat' dir='ltr'>cum</span> <span class='ocrx_word' id='word_1_627' title='bbox 2070 1878 2143 1897; x_wconf 83' lang='lat' dir='ltr'>esu-</span> 
     </span>
     <span class='ocr_line' id='line_1_93' title="bbox 1173 1908 2144 1951; baseline -0.002 -10"><span class='ocrx_word' id='word_1_628' title='bbox 1173 1912 1272 1947; x_wconf 72' lang='lat' dir='ltr'>riret,</span> <span class='ocrx_word' id='word_1_629' title='bbox 1313 1911 1443 1939; x_wconf 69' lang='lat' dir='ltr'>voluisse</span> <span class='ocrx_word' id='word_1_630' title='bbox 1480 1914 1614 1949; x_wconf 60' lang='grc' dir='ltr'>(μαῖαι-ι’.</span> <span class='ocrx_word' id='word_1_631' title='bbox 1679 1910 1749 1940; x_wconf 82' lang='lat' dir='ltr'>llac</span> <span class='ocrx_word' id='word_1_632' title='bbox 1787 1908 1899 1950; x_wconf 72' lang='lat' dir='ltr'>phrasi</span> <span class='ocrx_word' id='word_1_633' title='bbox 1939 1909 2144 1951; x_wconf 68' lang='lat' dir='ltr'>significatur</span> 
     </span>
     <span class='ocr_line' id='line_1_94' title="bbox 1172 1951 2145 1995; baseline -0.003 -11"><span class='ocrx_word' id='word_1_634' title='bbox 1172 1955 1385 1995; x_wconf 79' lang='lat' dir='ltr'>temperantia</span> <span class='ocrx_word' id='word_1_635' title='bbox 1418 1955 1448 1984; x_wconf 89' lang='lat' dir='ltr'>in</span> <span class='ocrx_word' id='word_1_636' title='bbox 1479 1954 1552 1983; x_wconf 71' lang='lat' dir='ltr'>ribo</span> <span class='ocrx_word' id='word_1_637' title='bbox 1577 1960 1606 1983; x_wconf 83' lang='lat' dir='ltr'>et</span> <span class='ocrx_word' id='word_1_638' title='bbox 1631 1960 1720 1994; x_wconf 80' lang='lat' dir='ltr'>putu.</span> <span class='ocrx_word' id='word_1_639' title='bbox 1777 1951 1920 1983; x_wconf 81' lang='lat' dir='ltr'>Prandia</span> <span class='ocrx_word' id='word_1_640' title='bbox 1942 1959 1997 1983; x_wconf 81' lang='lat' dir='ltr'>aut</span> <span class='ocrx_word' id='word_1_641' title='bbox 2020 1962 2145 1984; x_wconf 81' lang='lat' dir='ltr'>coenae</span> 
     </span>
     <span class='ocr_line' id='line_1_95' title="bbox 1172 1994 2134 2037; baseline 0 -11"><span class='ocrx_word' id='word_1_642' title='bbox 1172 2005 1307 2028; x_wconf 53' lang='lat' dir='ltr'>nostrae</span> <span class='ocrx_word' id='word_1_643' title='bbox 1331 1997 1439 2037; x_wconf 63' lang='lat' dir='ltr'>potius</span> <span class='ocrx_word' id='word_1_644' title='bbox 1464 1997 1581 2027; x_wconf 77' lang='lat' dir='ltr'>delwnt</span> <span class='ocrx_word' id='word_1_645' title='bbox 1608 2006 1683 2027; x_wconf 68' lang='lat' dir='ltr'>esse</span> <span class='ocrx_word' id='word_1_646' title='bbox 1703 1996 1858 2037; x_wconf 82' lang='lat' dir='ltr'>gustatio,</span> <span class='ocrx_word' id='word_1_647' title='bbox 1878 2005 1974 2036; x_wconf 90' lang='lat' dir='ltr'>quam</span> <span class='ocrx_word' id='word_1_648' title='bbox 1998 1994 2134 2036; x_wconf 85' lang='lat' dir='ltr'>crapula</span> 
     </span>
     <span class='ocr_line' id='line_1_96' title="bbox 1171 2038 2143 2081; baseline -0.002 -11"><span class='ocrx_word' id='word_1_649' title='bbox 1171 2040 1301 2081; x_wconf 64' lang='lat' dir='ltr'>Forpus</span> <span class='ocrx_word' id='word_1_650' title='bbox 1325 2041 1422 2070; x_wconf 81' lang='lat' dir='ltr'>debet</span> <span class='ocrx_word' id='word_1_651' title='bbox 1446 2038 1507 2071; x_wconf 87' lang='lat' dir='ltr'>ali.</span> <span class='ocrx_word' id='word_1_652' title='bbox 1539 2050 1603 2070; x_wconf 75' lang='lat' dir='ltr'>nnn</span> <span class='ocrx_word' id='word_1_653' title='bbox 1629 2039 1759 2070; x_wconf 85' lang='lat' dir='ltr'>onerari</span> <span class='ocrx_word' id='word_1_654' title='bbox 1782 2048 1883 2078; x_wconf 88' lang='lat' dir='ltr'>supra</span> <span class='ocrx_word' id='word_1_655' title='bbox 1909 2039 2014 2075; x_wconf 61' lang='lat' dir='ltr'>vires,</span> <span class='ocrx_word' id='word_1_656' title='bbox 2048 2039 2143 2069; x_wconf 88' lang='lat' dir='ltr'>nimia</span> 
     </span>
     <span class='ocr_line' id='line_1_97' title="bbox 1170 2083 1803 2126; baseline -0.002 -13"><span class='ocrx_word' id='word_1_657' title='bbox 1170 2084 1355 2126; x_wconf 82' lang='lat' dir='ltr'>ingestione</span> <span class='ocrx_word' id='word_1_658' title='bbox 1379 2083 1458 2114; x_wconf 81' lang='lat' dir='ltr'>cibi.</span> <span class='ocrx_word' id='word_1_659' title='bbox 1483 2089 1536 2113; x_wconf 86' lang='lat' dir='ltr'>nut</span> <span class='ocrx_word' id='word_1_660' title='bbox 1562 2083 1803 2124; x_wconf 77' lang='lat' dir='ltr'>ingurgatione.</span> 
     </span>
    </p>
   </div>
   <div class='ocr_carea' id='block_1_11' title="bbox 1215 2264 2100 2320">
    <p class='ocr_par' dir='ltr' id='par_1_13' title="bbox 1215 2264 2100 2320">
     <span class='ocr_line' id='line_1_98' title="bbox 1215 2264 2100 2320; baseline -0.001 -15"><span class='ocrx_word' id='word_1_661' title='bbox 1215 2266 1322 2317; x_wconf 80' lang='lat' dir='ltr'>Quid</span> <span class='ocrx_word' id='word_1_662' title='bbox 1361 2275 1441 2315; x_wconf 80' lang='lat' dir='ltr'>est,</span> <span class='ocrx_word' id='word_1_663' title='bbox 1481 2266 1590 2320; x_wconf 75' lang='lat' dir='ltr'>quod</span> <span class='ocrx_word' id='word_1_664' title='bbox 1629 2265 1856 2306; x_wconf 76' lang='lat' dir='ltr'>nominatur</span> <span class='ocrx_word' id='word_1_665' title='bbox 1893 2264 2100 2305; x_wconf 80' lang='lat' dir='ltr'>Cornelius</span> 
     </span>
    </p>
   </div>
   <div class='ocr_carea' id='block_1_12' title="bbox 1416 2339 1906 2370">
    <p class='ocr_par' dir='ltr' id='par_1_14' title="bbox 1416 2339 1906 2370">
     <span class='ocr_line' id='line_1_99' title="bbox 1416 2339 1906 2370; baseline -0.004 -1"><span class='ocrx_word' id='word_1_666' title='bbox 1416 2341 1563 2370; x_wconf 62' lang='lat' dir='ltr'>Panem-io</span> <span class='ocrx_word' id='word_1_667' title='bbox 1587 2339 1725 2370; x_wconf 74' lang='lat' dir='ltr'>cohortis</span> <span class='ocrx_word' id='word_1_668' title='bbox 1749 2339 1906 2370; x_wconf 62' lang='lat' dir='ltr'>Italian-⁸?</span> 
     </span>
    </p>
   </div>
   <div class='ocr_carea' id='block_1_13' title="bbox 1171 2417 2144 2672">
    <p class='ocr_par' dir='ltr' id='par_1_15' title="bbox 1171 2417 2144 2672">
     <span class='ocr_line' id='line_1_100' title="bbox 1257 2417 2144 2457; baseline 0 -11"><span class='ocrx_word' id='word_1_669' title='bbox 1257 2418 1475 2449; x_wconf 71' lang='lat' dir='ltr'>t&#39;onturioncs</span> <span class='ocrx_word' id='word_1_670' title='bbox 1501 2417 1628 2448; x_wconf 80' lang='lat' dir='ltr'>suerunt</span> <span class='ocrx_word' id='word_1_671' title='bbox 1653 2418 1739 2448; x_wconf 70' lang='lat' dir='ltr'>sicut</span> <span class='ocrx_word' id='word_1_672' title='bbox 1764 2417 1942 2457; x_wconf 71' lang='lat' dir='ltr'>capitanci.</span> <span class='ocrx_word' id='word_1_673' title='bbox 1967 2426 2026 2447; x_wconf 74' lang='lat' dir='ltr'>seu</span> <span class='ocrx_word' id='word_1_674' title='bbox 2051 2426 2144 2457; x_wconf 86' lang='lat' dir='ltr'>prae-</span> 
     </span>
     <span class='ocr_line' id='line_1_101' title="bbox 1173 2459 2143 2502; baseline 0 -12"><span class='ocrx_word' id='word_1_675' title='bbox 1173 2461 1246 2490; x_wconf 64' lang='lat' dir='ltr'>frmi</span> <span class='ocrx_word' id='word_1_676' title='bbox 1273 2462 1302 2491; x_wconf 91' lang='lat' dir='ltr'>in</span> <span class='ocrx_word' id='word_1_677' title='bbox 1328 2461 1470 2502; x_wconf 62' lang='lat' dir='ltr'>oppidis:</span> <span class='ocrx_word' id='word_1_678' title='bbox 1502 2460 1683 2491; x_wconf 67' lang='lat' dir='ltr'>butun-runi</span> <span class='ocrx_word' id='word_1_679' title='bbox 1711 2460 1827 2490; x_wconf 71' lang='lat' dir='ltr'>indicia</span> <span class='ocrx_word' id='word_1_680' title='bbox 1852 2466 1881 2489; x_wconf 72' lang='lat' dir='ltr'>vt</span> <span class='ocrx_word' id='word_1_681' title='bbox 1907 2459 2143 2490; x_wconf 71' lang='lat' dir='ltr'>executionem.</span> 
     </span>
     <span class='ocr_line' id='line_1_102' title="bbox 1171 2503 2144 2543; baseline -0.002 -10"><span class='ocrx_word' id='word_1_682' title='bbox 1171 2503 1259 2534; x_wconf 51' lang='lat' dir='ltr'>Talis</span> <span class='ocrx_word' id='word_1_683' title='bbox 1297 2503 1351 2534; x_wconf 72' lang='lat' dir='ltr'>t&#39;uit</span> <span class='ocrx_word' id='word_1_684' title='bbox 1389 2505 1484 2535; x_wconf 81' lang='lat' dir='ltr'>etiam</span> <span class='ocrx_word' id='word_1_685' title='bbox 1516 2505 1664 2534; x_wconf 68' lang='lat' dir='ltr'>cvi-,turio</span> <span class='ocrx_word' id='word_1_686' title='bbox 1693 2503 1748 2534; x_wconf 78' lang='lat' dir='ltr'>ille</span> <span class='ocrx_word' id='word_1_687' title='bbox 1779 2504 1808 2533; x_wconf 86' lang='lat' dir='ltr'>in</span> <span class='ocrx_word' id='word_1_688' title='bbox 1834 2503 2054 2543; x_wconf 65' lang='lat' dir='ltr'>l‘npernnum.</span> <span class='ocrx_word' id='word_1_689' title='bbox 2090 2503 2144 2543; x_wconf 84' lang='lat' dir='ltr'>qui</span> 
     </span>
     <span class='ocr_line' id='line_1_103' title="bbox 1172 2546 2144 2586; baseline -0.003 -9"><span class='ocrx_word' id='word_1_690' title='bbox 1172 2547 1226 2577; x_wconf 77' lang='lat' dir='ltr'>suit</span> <span class='ocrx_word' id='word_1_691' title='bbox 1277 2546 1443 2578; x_wconf 61' lang='lat' dir='ltr'>tinnitum-is</span> <span class='ocrx_word' id='word_1_692' title='bbox 1485 2547 1631 2578; x_wconf 66' lang='lat' dir='ltr'>sin-isin.</span> <span class='ocrx_word' id='word_1_693' title='bbox 1707 2546 1814 2577; x_wconf 75' lang='lat' dir='ltr'>ludaei</span> <span class='ocrx_word' id='word_1_694' title='bbox 1867 2553 1942 2576; x_wconf 77' lang='lat' dir='ltr'>tun(-</span> <span class='ocrx_word' id='word_1_695' title='bbox 1987 2547 2144 2586; x_wconf 62' lang='lat' dir='ltr'>temporis</span> 
     </span>
     <span class='ocr_line' id='line_1_104' title="bbox 1172 2588 2144 2628; baseline -0.002 -9"><span class='ocrx_word' id='word_1_696' title='bbox 1172 2589 1335 2619; x_wconf 72' lang='lat' dir='ltr'>hain-liunt</span> <span class='ocrx_word' id='word_1_697' title='bbox 1361 2591 1548 2628; x_wconf 63' lang='grc' dir='ltr'>ηιῖιονομιήκ</span> <span class='ocrx_word' id='word_1_698' title='bbox 1581 2591 1742 2620; x_wconf 72' lang='lat' dir='ltr'>imin-imni</span> <span class='ocrx_word' id='word_1_699' title='bbox 1768 2590 1862 2619; x_wconf 72' lang='lat' dir='ltr'>vniam</span> <span class='ocrx_word' id='word_1_700' title='bbox 1888 2588 2144 2619; x_wconf 63' lang='lat' dir='ltr'>iurisdictionem</span> 
     </span>
     <span class='ocr_line' id='line_1_105' title="bbox 1173 2631 2144 2672; baseline -0.004 -9"><span class='ocrx_word' id='word_1_701' title='bbox 1173 2632 1376 2666; x_wconf 76' lang='lat' dir='ltr'>inferiorem:</span> <span class='ocrx_word' id='word_1_702' title='bbox 1407 2635 1465 2665; x_wconf 61' lang='lat' dir='ltr'>sod</span> <span class='ocrx_word' id='word_1_703' title='bbox 1497 2644 1561 2663; x_wconf 85' lang='lat' dir='ltr'>non</span> <span class='ocrx_word' id='word_1_704' title='bbox 1595 2633 1759 2663; x_wconf 79' lang='lat' dir='ltr'>habebunt</span> <span class='ocrx_word' id='word_1_705' title='bbox 1789 2633 1994 2672; x_wconf 73' lang='lat' dir='ltr'>superiorem</span> <span class='ocrx_word' id='word_1_706' title='bbox 2017 2631 2144 2662; x_wconf 59' lang='lat' dir='ltr'>iuiisdi-</span> 
     </span>
    </p>
   </div>
   <div class='ocr_carea' id='block_1_14' title="bbox 2265 0 2324 2958">
    <p class='ocr_par' dir='ltr' id='par_1_16' title="bbox 2265 0 2324 2958">
     <span class='ocr_line' id='line_1_106' title="bbox 2265 0 2324 2958; baseline 0 0"><span class='ocrx_word' id='word_1_707' title='bbox 2265 0 2324 2958; x_wconf 95' lang='lat' dir='ltr'> </span> 
     </span>
    </p>
   </div>
  </div>
 </body>
</html>
