2324 2958
234 149 292 181 131

230 249 368 283 utraque
401 248 517 272 natura
554 250 633 271 suas
667 241 886 282 proprietates
920 240 1046 271 retinet.

230 287 384 326 operibus
408 282 508 315 officii
531 283 580 314 sic
602 284 670 325 agit
692 290 811 315 natura
838 294 903 315 una
929 294 1001 314 cum
1026 282 1203 313 communi-

230 329 360 360 catione
387 326 541 363 alteriuS,
575 332 610 357 ut
643 333 721 368 agat
750 334 908 368 utraque;
943 326 1031 367 quod
1061 325 1123 355 sibi
1153 330 1204 354 est

229 372 404 412 proprium.
452 369 485 399 ld
510 367 683 411 diligenter
709 370 952 400 observandum
981 374 1047 405 est,
1077 376 1118 398 ne
1146 366 1203 397 fiat

228 422 419 445 naturarum
444 410 619 443 consessio.

316 467 413 499 Plura
437 468 546 499 dicere
570 477 635 498 non
658 477 793 508 possum
818 468 858 497 de
882 473 947 497 tam
969 464 1119 496 miranda
1147 473 1201 495 re:

227 511 405 543 Discamus
423 516 532 542 autem
552 510 638 542 hanc
658 510 849 551 sapientiam
870 507 1047 550 perfectius
1068 507 1202 538 inomni

226 555 428 586 aeternitate.
473 552 514 584 Et
542 560 607 584 tum
638 553 805 583 ardentius
828 552 951 593 gratias
974 560 1111 592 agemus
1134 547 1201 581 filio

226 597 307 634 Dei,
331 597 418 638 quod
441 607 479 627 se
502 597 660 627 immensa
685 597 828 626 bonitate
851 595 935 625 adeo
960 593 1144 630 demiserit,
1169 598 1202 624 et

227 640 413 671 arctissima
437 640 556 670 unione
579 640 641 670 sibi
665 637 845 669 adiunxerit
873 637 957 667 hane
984 635 1200 666 miserrimam

225 693 372 715 massam
395 689 532 714 naturae
555 681 726 718 humanae,
749 681 797 711 sic
820 686 853 710 ut
874 678 972 709 honio
996 677 1105 709 sactus
1122 688 1200 709 vere

225 733 373 768 gestaret
396 735 516 767 corpus
544 731 573 755 et
604 725 760 761 animam,
790 723 860 752 sine
890 728 1028 761 peccato
1058 721 1200 762 quidem,

225 769 284 800 sed
308 775 416 800 tamen
440 767 613 799 habentem
638 766 855 807 proprietates
879 763 1061 802 naturales,
1084 764 1116 795 id
1137 771 1200 802 est,

225 821 339 843 omnes
363 813 450 843 viies
474 818 502 842 et
527 811 743 851 appetitiones
771 813 908 839 naturae
937 807 1101 838 humanae
1125 818 1199 848 pro-

225 855 315 896 prias
340 861 369 885 et
393 854 572 890 ordinatas,
598 852 675 883 Item
699 862 756 895 eas
780 850 996 887 infirmitate&
1020 860 1102 891 quae
1122 856 1200 882 sunt

224 907 368 939 poenae,
394 908 458 928 non
482 901 635 937 peccata,
659 900 693 925 ut
716 894 891 935 passiones
915 899 946 925 et
970 892 1103 925 dolores
1128 903 1201 924 cor-

225 941 314 982 poris
349 946 379 971 et
408 941 544 971 animae.
591 937 657 968 Has
690 937 913 975 infirmitates,
948 937 1010 967 etsi
1045 937 1076 967 in
1112 942 1199 968 statu

226 981 475 1025 glorificationis
499 983 667 1021 deposuit,
695 986 804 1011 tamen
835 980 865 1010 in
891 985 1061 1011 aeternum
1084 981 1202 1011 retinet

226 1032 375 1057 naturam
400 1026 502 1066 ipsam
526 1023 700 1054 humanam
724 1033 798 1054 cum
826 1023 1080 1065 proprietatibus
1108 1030 1203 1054 natu-

225 1079 283 1100 rae
305 1067 547 1099 essentialibus,

311 1119 433 1151 Hortor
456 1125 562 1150 autem
585 1115 839 1155 adolescentes,
864 1122 899 1149 ut
922 1118 1085 1149 retineant
1106 1117 1204 1159 phra-

225 1174 280 1195 ses
306 1169 463 1199 veterum,
489 1168 520 1192 et
543 1170 601 1192 eas
624 1166 717 1191 recte
740 1159 927 1202 intelligere
950 1161 1090 1193 discant.

310 1214 493 1254 Scriptores
523 1213 566 1244 ita
594 1211 753 1243 definiunt
781 1213 934 1244 unionem
962 1213 1203 1255 hypostaticam

224 1259 256 1289 in
274 1257 418 1294 Christo,
442 1257 529 1297 qnod
553 1256 595 1287 sit
618 1255 707 1294 unio,
730 1266 795 1297 qua
818 1266 963 1297 persona
985 1256 1124 1287 assumit
1147 1266 1203 1286 na-

224 1307 346 1337 turam,
376 1300 421 1330 ita
444 1305 479 1330 ut
501 1304 667 1330 sustentet
690 1309 778 1337 eam,
807 1309 892 1341 quae
915 1297 1037 1341 alioqui
1061 1308 1127 1330 non
1151 1308 1203 1330 es-

224 1350 286 1381 set,
309 1342 370 1374 nisi
393 1342 442 1373 sic
463 1347 720 1373 sustentaretur.
757 1342 833 1373 Non
855 1341 1042 1384 intelligunt
1065 1341 1203 1373 Susten-

222 1390 292 1417 tare
316 1386 356 1416 de
380 1384 529 1426 generali
557 1385 689 1417 actione
716 1384 772 1417 vel
803 1387 1064 1423 sustentatione,
1093 1383 1201 1426 qualis

222 1435 271 1460 est
301 1429 331 1460 in
363 1429 512 1460 omnibus
540 1429 701 1460 creaturis
730 1429 820 1460 iuxta
843 1429 975 1460 modum
1000 1426 1201 1459 universalis

220 1472 443 1513 praesentiae,
477 1472 538 1503 sed
567 1478 604 1504 ut
633 1470 753 1503 Graeci
783 1471 913 1510 dicunt,
946 1470 1112 1502 ὑπόστασιν
1140 1480 1202 1502 seu

221 1516 469 1547 subsistentiam
492 1515 668 1556 praebere,
692 1513 777 1550 Quia
799 1513 945 1546 humana
967 1520 1085 1546 natura
1107 1513 1200 1546 Chri·

221 1559 262 1589 sti
286 1564 378 1589 extra
401 1559 554 1590 unionem
576 1556 657 1589 nihil
679 1564 780 1590 esset.
826 1557 878 1589 Fit
902 1563 1011 1589 autem
1033 1557 1120 1597 λόγος
1142 1557 1201 1599 hy-

243 1602 367 1633 ostasis
397 1608 537 1634 naturae
564 1601 743 1640 humanae,
776 1612 849 1632 cum
881 1600 978 1632 simul
1008 1607 1041 1632 et
1069 1606 1201 1632 creatur

230 1654 362 1676 numana
385 1650 503 1676 natura
526 1650 557 1675 et
578 1645 770 1676 assumitur.

219 1730 314 1771 σάρξ,
343 1729 404 1769 ἷίμιι
426 1731 512 1770 λόγου
535 1731 620 1771 σάρξ.
668 1729 772 1762 Simul
795 1731 899 1763 extitit
923 1741 1017 1769 caro,
1047 1737 1080 1761 et
1102 1729 1199 1761 simul

218 1774 310 1805 verbi
335 1784 414 1805 caro
443 1773 531 1805 saeta
561 1780 621 1805 est.
666 1773 744 1805 Ideo
773 1775 955 1815 scriptores
983 1779 1117 1806 utuntur
1145 1773 1198 1804 his

218 1817 314 1848 etiam
343 1817 471 1848 verbis:
506 1816 655 1848 Persona
682 1818 833 1848 terminat
861 1817 1113 1858 dependentiam
1141 1827 1198 1848 na-

217 1866 312 1891 turae
339 1867 547 1902 assumptae,
584 1861 614 1891 id
644 1866 712 1899 est,
743 1860 870 1892 Natura
897 1866 1070 1901 assumpta
1099 1859 1198 1891 talem

216 1902 316 1934 habet
340 1903 487 1934 ordinem
510 1904 552 1934 ad
575 1914 751 1944 personam
774 1909 1011 1941 assumentem,
1035 1909 1068 1935 ut
1086 1913 1198 1935 massa

216 1945 273 1977 illa
296 1956 360 1977 non
384 1953 486 1985 esset,
510 1947 571 1977 nisi
596 1947 646 1978 sic
669 1954 840 1988 assumpta
863 1953 965 1978 esset.

304 2000 525 2034 Considerent
558 2001 790 2034 adolescentes
825 2009 855 2034 et
886 2003 1004 2034 modos
1039 2001 1197 2044 loquendi

217 2045 258 2077 de
293 2046 413 2077 unione
447 2045 667 2087 hypostatica.
713 2045 815 2078 Recte
850 2052 881 2077 et
914 2046 1035 2078 usitate
1067 2046 1197 2084 dicitur,

218 2088 367 2119 Persona
392 2089 477 2128 λόγος
505 2090 683 2130 assumpsit
713 2089 887 2121 humanam
917 2095 1075 2120 naturam.
1122 2089 1196 2120 Non

217 2132 352 2163 dicitur:
388 2131 514 2163 Natura
548 2132 658 2163 divina
691 2133 870 2174 assumpsit
901 2139 1051 2163 naturam
1086 2131 1196 2163 huma-

216 2185 308 2212 nam,
335 2174 418 2210 Quia
443 2181 559 2206 natura
581 2176 692 2207 divina
715 2175 896 2207 connnunis
920 2182 969 2207 est
995 2176 1099 2206 tribus
1123 2187 1196 2217 per-

216 2219 307 2249 sonis
339 2218 525 2249 divinitatis·
570 2218 687 2261 Neque
720 2219 784 2250 hoc:
815 2219 952 2250 dicitur:
988 2218 1115 2250 Natura
1150 2219 1196 2249 di-

216 2262 290 2292 vina
322 2267 371 2292 est
401 2268 589 2303 assumpta:
630 2262 699 2293 Nec
728 2262 862 2299 dicitur,
894 2261 985 2292 Deus
1016 2263 1195 2302 assumpsit

216 2303 397 2340 hominem,
426 2306 555 2336 tametsi
580 2305 741 2337 interdum
768 2312 916 2337 vetustas
939 2306 983 2336 ita
1007 2303 1117 2336 locuta
1141 2306 1195 2343 sit,

216 2354 249 2378 ut
287 2348 316 2379 in
348 2348 484 2379 (lai-tic«)
516 2349 649 2380 dieitur:
683 2348 731 2380 Tu
767 2356 984 2390 suscepturus
1020 2348 1196 2386 hominem,

217 2401 281 2421 non
302 2390 455 2422 hori-uiant
480 2392 618 2433 virginis
643 2399 780 2424 uterum.
828 2392 922 2424 ltem,
946 2391 1081 2423 Pontica
1104 2398 1195 2423 sunt:

219 2433 310 2465 De'us
336 2434 435 2465 induit
465 2434 639 2467 humanam
662 2442 819 2467 naturam.
869 2434 1048 2466 Praeterea
1076 2436 1195 2467 usitate

217 2477 335 2507 dic-itur
359 2478 434 2508 unio
459 2479 594 2510 duarum
620 2485 819 2510 naturarum.
865 2481 960 2511 item:
993 2479 1115 2509 Natura
1139 2479 1196 2510 hu-

216 2531 312 2551 mana
345 2522 431 2551 uinta
466 2529 513 2551 est
547 2529 685 2554 naturae
715 2523 856 2554 «livinae.
904 2522 970 2553 Sed
1007 2520 1196 2562 intelligitur

217 2565 465 2637 naturaldixiim
491 2577 554 2596 nun
578 2564 747 2604 absolute,
773 2566 832 2597 sed
859 2564 994 2597 relative
1017 2566 1057 2596 ad
1082 2562 1196 2607 perso-

217 2617 290 2638 nam
317 2607 334 2638 fi
353 2608 371 2638 ii
399 2608 467 2638 bvi.

817 1644 998 1686 Un'nm‘lue
1021 1654 1107 1675 ⁶¹¹¹¹¹¹
1133 1654 1199 1675 ⁰¹¹⁰
1225 1655 1227 1683 3
1252 1667 1303 1692 tes
1325 1666 1403 1692 sunt
1426 1660 1504 1702 pati,
1529 1658 1707 1698 vulnerari,
1732 1661 1826 1692 mori.
1863 1660 2005 1691 Nomina
2030 1670 2110 1691 vero
2134 1658 2236 1692 officii

218 1694 385 1719 momento
409 1685 532 1718 fficium
556 1693 624 1725 est,
648 1688 734 1719 sicut
757 1689 860 1730 inquit
884 1687 1105 1725 Athanasius,
1137 1685 1200 1726 ἅμα
1224 1691 1226 1715 ἱ

866 146 977 178 l'lllL.
1002 146 1105 177 MEL-
1129 146 1316 178 SCRIPTA
1338 145 1600 178 EXEGETICA.

1097 239 1138 270 Et
1172 239 1203 270 in
1229 246 1231 267 τ

1229 280 1231 289 ’
1256 283 1307 314 usi
1331 288 1417 313 sunt.

1228 1201 1230 1231 Ι

2179 150 2240 183 132

1345 238 1519 271 Vocabulo
1557 240 1688 273 unionis
1724 241 1846 274 Graeci
1887 247 1919 274 et
1952 241 2061 274 Latini
2100 243 2238 277 multum

1342 323 1424 357 Cum
1447 330 1556 357 autem
1577 337 1644 358 una
1667 327 1709 358 sit
1732 337 1877 368 persona
1906 337 1967 359 seu
1995 338 2095 360 unum
2118 328 2234 372 hyphi-

1256 373 1447 407 stamenon,
1480 368 1557 400 Ideo
1586 369 1651 401 hae
1681 371 1928 411 propositiones
1961 378 2117 413 receptae
2147 381 2235 405 sunt.

1256 410 1404 442 Verbum
1426 417 1479 443 est
1501 410 1617 450 homo,
1639 412 1734 444 Deus
1758 419 1810 444 est
1832 413 1944 452 homo,
1968 412 2062 446 Deus
2086 421 2138 446 est
2159 426 2236 457 pas-

1255 463 1326 492 sus,
1349 453 1443 485 Deus
1465 460 1517 486 est
1539 461 1700 487 mortuus.
1741 455 1956 498 significatur
1978 457 2062 489 enim
2085 458 2137 489 his
2160 469 2236 500 pro·

1254 497 1488 538 positionibus,
1511 497 1597 529 hanc
1619 509 1808 540 personam,
1833 509 1918 541 quae
1941 505 1993 531 est
2014 499 2122 539 Deus,
2150 512 2236 533 mor-

1254 547 1343 571 tuam
1382 551 1475 579 esse,
1511 541 1638 573 etiamsi
1678 548 1802 573 tantum
1840 543 2022 574 secundum
2061 544 2236 576 humanam

1253 589 1403 614 naturam
1427 590 1478 615 est
1500 592 1644 616 mortua:
1679 584 1720 616 Et
1749 585 1832 616 haec
1860 584 1968 617 serina
1996 584 2153 628 loquendi
2177 597 2235 619 no-

1253 626 1393 656 minatur
1423 625 1673 659 Cmnmum'cntio
1706 628 1910 666 irh'onmtnnz,
1950 639 2015 670 qua
2045 630 2233 671 proprietas

1253 669 1455 700 conveniens
1478 670 1533 701 uni
1555 677 1694 702 naturae
1720 672 1872 703 tribuitur
1901 681 2066 712 personae
2094 674 2127 704 in
2157 675 2258 705 con-‘

1253 718 1365 749 creto,
1395 718 1588 753 propterea,
1612 715 1688 755 (μιίει
1711 715 1808 746 unica
1831 720 1880 745 est
1903 725 2064 756 persona,
2095 722 2131 748 ut
2154 716 2233 748 dici-

1252 765 1342 785 mus:
1377 753 1483 786 Homo
1517 755 1685 798 intelligit,
1720 758 1848 789 etiamsi
1882 764 2008 789 tantum
2044 765 2153 791 mente
2187 760 2234 791 in-

1252 796 1379 839 telligit.

1339 841 1390 871 Ac
1413 839 1590 882 diligenter
1614 843 1805 874 retinendae
1833 849 1910 875 sunt
1938 843 2003 875 hae
2030 842 2157 877 formae
2185 843 2233 876 lo-

1252 883 1372 926 quendi
1404 884 1498 925 gravi
1525 886 1700 917 autoritate
1730 893 1896 928 receptae.
1940 887 2157 929 Nequaquam
2185 888 2232 919 di-

1254 928 1351 960 citur:
1386 926 1552 958 Divinitas
1576 934 1629 959 est
1651 934 1796 967 mortua,
1818 929 1884 968 vel,
1908 930 2018 961 divina
2040 937 2161 962 natura
2182 937 2234 963 est

1253 976 1401 1007 mortua,
1436 969 1521 1005 Quia
1549 971 1581 1001 in
1610 972 1779 1003 abstracto
1810 972 2016 1013 significatur
2044 980 2163 1005 natura
2184 983 2236 1006 se-

1255 1013 1397 1045 cundum
1429 1023 1466 1044 se
1497 1014 1727 1052 considerata,
1761 1019 1794 1046 et
1827 1016 1981 1047 tribuitur
2013 1017 2069 1048 uni
2099 1024 2238 1049 naturae

1254 1055 1332 1094 hoe,
1354 1056 1444 1098 quod
1467 1058 1668 1088 contrarium
1693 1064 1744 1088 est
1767 1057 1845 1089 huic
1869 1064 2019 1097 naturae,
2041 1065 2075 1090 ut
2097 1061 2127 1091 si
2151 1060 2238 1093 dice-

1254 1110 1340 1131 rem:
1367 1099 1509 1141 Sanguis
1532 1098 1695 1142 intelligit,
1720 1107 1776 1132 aut
1798 1101 1980 1133 brachium.
2020 1101 2240 1144 Nequaquam

1255 1143 1352 1175 etiam
1374 1148 1526 1174 vetustas
1549 1144 1600 1175 sic
1622 1142 1733 1175 locuta
1756 1150 1824 1175 est:
1859 1143 2014 1179 Christus
2044 1151 2096 1176 est
2117 1155 2239 1187 passus

1255 1192 1286 1217 et
1321 1191 1488 1225 mortuus,
1523 1187 1705 1218 secundum
1739 1193 1913 1228 utramque
1946 1194 2112 1226 naturam,
2153 1188 2240 1224 Quia

1227 1243 1230 1254 ι
1254 1229 1425 1260 secumdum
1447 1236 1497 1260 est
1521 1228 1684 1271 particula
1707 1230 1906 1269 distinctiva,
1929 1237 1963 1262 ut
1988 1230 2084 1262 Rom.
2107 1231 2134 1262 l.
2159 1232 2238 1264 dici-

1224 1531 1229 1607 i

1254 1278 1322 1311 tur,
1352 1279 1384 1303 et
1412 1271 1506 1303 Rom.
1529 1273 1560 1304 9.
1601 1272 1751 1305 Dicimus
1779 1274 1878 1315 igitur
1905 1272 2072 1306 Christum
2103 1285 2240 1315 passum

1254 1321 1307 1346 est
1340 1321 1505 1347 mortuum
1539 1326 1617 1347 esse
1650 1317 1833 1348 secundum
1866 1322 2016 1349 naturam
2050 1318 2238 1351 humanam.

1253 1358 1296 1389 Et
1316 1358 1402 1390 haec
1427 1358 1558 1399 quidem
1579 1360 1715 1401 propria
1742 1359 1943 1403 significatio
1973 1366 2026 1392 est
2054 1360 2239 1403 particulae

1253 1402 1434 1433 secundum.

1341 1444 1408 1475 Sed
1432 1444 1673 1476 discernendae
1695 1451 1773 1477 sunt
1794 1446 2058 1487 propositiones,
2082 1456 2168 1489 quae
2189 1445 2239 1479 lo·

1253 1493 1398 1530 quuntur
1425 1487 1466 1519 de
1490 1489 1748 1529 proprietatibus
1771 1495 1978 1527 naturarum,
2008 1496 2040 1521 et
2069 1499 2154 1532 quae
2183 1490 2238 1522 de-

1253 1531 1402 1562 scribunt
1424 1529 1585 1562 officium:
1621 1531 1664 1562 Ut
1689 1533 1910 1574 proprietates
1940 1538 2078 1563 naturae
2106 1533 2238 1564 divinae

1253 1580 1341 1613 sunt,
1365 1575 1556 1612 aeternitas,
1579 1575 1827 1616 omnipotentia,
1850 1585 1916 1606 non
1934 1584 2038 1615 posse
2055 1573 2236 1614 vulnerari,

1252 1628 1319 1649 non
1342 1627 1445 1659 posse
1467 1618 1562 1648 mori.
1603 1618 1671 1649 Sed
1696 1617 1858 1649 humanae
1886 1624 2026 1648 naturae
2054 1617 2237 1658 proprieta-

1252 1709 1347 1741 sunt,
1382 1704 1559 1741 mediator,
1595 1704 1800 1744 redemptor,
1836 1702 2001 1741 salvator,
2033 1710 2096 1734 etc.
2143 1702 2237 1739 Quae

1253 1751 1443 1788 competunt
1465 1755 1631 1787 personae
1654 1747 1743 1778 iuxta
1766 1753 1938 1788 utramque
1962 1753 2122 1778 naturam.

1337 1788 1501 1821 Differunt
1529 1790 1628 1831 igitur
1657 1789 1718 1821 hae
1747 1790 2010 1830 propositiones,
2040 1788 2144 1821 Filius
2168 1787 2234 1821 Dei

1250 1839 1302 1864 est
1323 1839 1487 1870 mortuuS,
1509 1839 1541 1863 et
1565 1832 1653 1864 tilius
1678 1833 1739 1864 Dei
1763 1840 1813 1864 est
1839 1833 2011 1869 mediator,
2042 1832 2128 1868 Quia
2152 1833 2235 1864 mori

1248 1881 1373 1907 tantuin
1395 1875 1559 1907 humanae
1582 1884 1718 1907 naturae
1745 1876 1932 1917 proprietas
1955 1882 2014 1907 est.
2062 1875 2130 1907 Sed
2159 1873 2236 1906 offi-

1249 1919 1334 1951 ciffln
1364 1917 1465 1950 habet
1493 1920 1642 1950 actiones
1672 1919 1799 1960 utrique
1827 1925 1966 1950 naturae
1995 1919 2167 1959 propriaS,
2202 1924 2234 1950 et

1248 1961 1312 1993 hae
1335 1969 1538 1993 concurrunt
1560 1963 1592 1992 in
1617 1961 1846 1993 effectionibus
1870 1972 1931 1993 seu
1951 1962 2122 2003 operibus,
2145 1971 2230 2003 quae

1249 2011 1325 2036 sunt
1349 2003 1460 2036 officii.
1508 2005 1606 2040 Quod
1631 2012 1781 2036 vetustas
1805 2005 1904 2043 dixit,
1933 2011 2082 2037 naturam
2110 2011 2232 2036 utram-

1249 2058 1330 2090 que:
1360 2058 1460 2089 agerc
1490 2059 1563 2080 eum
1593 2049 1821 2080 connnunione
1849 2047 2003 2085 alterius,
2031 2049 2081 2080 sie
2110 2054 2232 2086 tamen,

1248 2097 1284 2124 ut
1306 2101 1526 2133 unaquaeque
1548 2098 1638 2132 agat,
1661 2092 1751 2133 quod
1769 2092 1832 2123 sibi
1857 2098 1908 2123 est
1931 2091 2110 2133 proprium.

1335 2133 1420 2165 olim
1434 2134 1608 2166 Nestorius
1622 2136 1755 2177 negavit
1772 2135 1834 2166 has
1850 2136 2113 2176 propositiones:
2137 2133 2230 2166 Deus

1249 2183 1300 2208 est
1328 2184 1425 2209 natus
1453 2188 1493 2209 ex
1519 2178 1664 2218 virg-ine,
1693 2178 1891 2215 crucifixus,
1919 2184 1950 2209 et
1979 2178 2138 2209 recitatur
2165 2176 2230 2210 hoc

1249 2221 1320 2251 eius
1345 2221 1481 2252 dit-tum:
1507 2221 1586 2252 Noli
1604 2223 1750 2262 plor-fars
1772 2221 1890 2252 lmlac:
1914 2221 1987 2252 Non
2011 2222 2094 2252 mim
2118 2220 2230 2257 Deum,

1247 2264 1304 2293 sm!
1334 2264 1490 2295 lmnu'rwm
1519 2266 1718 2306 ‹truc-isime'ste'.
1765 2264 1850 2296 Hinc
1879 2271 1935 2296 aut
1970 2266 2057 2305 ipse,
2089 2270 2146 2295 ant
2175 2261 2231 2295 alii

1248 2307 1312 2337 hoe
1337 2309 1549 2339 extrui-bant.
1581 2309 1715 2340 Christo
1744 2307 1880 2339 affuisse
1911 2314 2059 2338 naturam
2085 2307 2228 2338 divinam

1247 2361 1307 2391 per
1329 2352 1521 2382 socletamn
1549 2362 1608 2383 ¹seu
1637 2352 1881 2389 assistentiam,
1915 2351 2001 2382 sicut
2026 2348 2143 2381 Heliae
2172 2355 2230 2381 aut

1248 2392 1320 2424 aliis
1344 2394 1513 2435 prophetis
1537 2395 1644 2426 affuit.
1676 2405 1737 2426 nec
1767 2393 1872 2427 fuisse
1895 2394 2049 2426 unionem
2074 2393 2230 2435 hyposta-

1248 2437 1358 2470 ticam.
1383 2448 1440 2468 seu
1466 2449 1561 2468 uitam
1587 2448 1774 2479 personam.

1337 2480 1441 2511 llmlio.
1473 2482 1657 2513 Statu-:mis
1694 2487 1791 2523 negat
1820 2480 1987 2511 Christum
2018 2479 2229 2511 mediatorem

1249 2534 1324 2553 esse
1353 2525 1533 2555 secundum
1565 2531 1737 2566 utramque
1761 2531 1924 2555 naturam:
1957 2524 2007 2554 Ac
2032 2523 2140 2554 tribuit
2164 2521 2228 2554 hoc

1249 2565 1392 2598 ostie-ium
1418 2575 1541 2598 tantmu
1565 2567 1726 2598 lnnnanue
1758 2574 1906 2599 naturae.
1953 2566 2042 2597 llaec
2072 2565 2149 2597 alibi
2180 2575 2228 2596 re-

1250 2610 1424 2641 futaximus
1450 2611 1479 2642 in
1504 2610 1614 2643 libello
1639 2612 1726 2642 edito
1751 2611 1791 2642 tle
1812 2610 2040 2642 eomrovcrsia
2064 2609 2228 2641 Stancari.

2313 948 2324 965 a*
2315 926 2318 932 -
2311 841 2324 907 ⁴¹2?

2317 1222 2324 1284 ι’
