2324 2958
136 152 203 185 895

140 255 248 283 rores,
267 243 367 283 idola,
390 246 600 287 impietatem.
646 244 873 287 Congregatio
885 246 957 278 Arii
980 255 1048 278 non
1072 252 1123 278 est

138 288 311 326 Ecclesia,
346 289 423 329 quia
457 289 638 328 corrumpit
674 288 850 320 articulum
872 289 914 320 de
935 287 1020 320 Filio
1043 288 1123 320 Dei:

137 332 245 373 Negat
262 330 379 362 Filium
402 340 479 362 esse
502 332 543 362 de
562 331 748 362 substantia
761 330 884 367 Patris:
910 332 1029 363 evertit
1050 329 1123 362 fun-

139 376 339 407 damentum.
383 373 492 415 Negat.
514 371 631 405 Filium
653 372 763 405 Deum
792 383 871 405 esse
892 380 1020 406 natura.
1065 373 1122 405 Sic

139 426 357 459 quaecunque
381 417 598 457 congregatio
622 415 765 457 aliquem
789 415 964 448 articulum
978 415 1055 447 fidei
1077 414 1123 446 la-

140 459 301 496 befactat,
336 459 553 500 pertinentem
576 459 619 490 ad
641 457 897 495 fundamentum,
921 469 960 490 ea
981 468 1048 489 non
1072 463 1122 488 est

138 501 294 534 Ecclesia
306 501 379 532 Dei.
416 502 558 543 Oportet
579 501 756 532 discrimen
780 502 935 533 constitui
958 501 1042 532 inter
1061 499 1122 531 Ec-

140 545 287 581 clesiam,
312 554 397 585 quae
414 543 587 585 profitetur
598 543 828 586 Evangelium,
853 550 885 575 et
896 542 981 575 alios
994 550 1123 581 coetus,

137 589 170 620 in
205 588 325 628 quibus
359 586 581 619 defenduntur
615 588 788 628 opiniones
818 585 942 624 falsae,
977 595 1121 624 erroreS‚

139 636 196 663 aut
217 628 307 661 idola
329 631 552 670 pertinaciter.

225 672 355 704 Ethnici
388 671 496 714 palam
531 672 703 710 derident,
737 672 801 703 imo
826 669 938 702 delere
961 676 1123 703 conantur
1146 687 1149 709 ¹

141 713 372 757 Evangelium,
396 715 520 747 habent
543 725 625 747 suos
654 713 786 746 furores
816 712 1029 755 Cyclopicos.
1070 712 1120 745 lu·
1146 712 1148 752 ’ζ

140 759 214 790 daei
237 763 391 789 recentes
414 757 524 799 palam
547 759 645 789 etiam
663 763 890 794 contemnunt,
920 766 1122 797 persequun-
1146 759 1147 774 ³

138 808 204 839 tur,
238 802 393 832 damnant
421 799 653 843 Evangelium:
689 800 819 841 Negant
852 798 1012 831 Messiam
1042 808 1120 830 esse
1146 800 1147 803 ’

139 843 259 875 Filium
281 842 355 875 Dei.
401 843 532 885 Negant
543 842 701 874 Messiam
725 851 811 879 esse,
835 842 890 883 qui
913 851 1036 882 passus
1057 842 1120 878 sit;
1144 847 1148 882 j

138 892 269 918 tuentur
302 887 512 927 pertinaciter
544 895 606 917 sua
638 885 768 916 somnia
792 885 834 916 de
856 883 990 926 politico
1013 894 1120 926 regno
1146 887 1147 890 ’

139 929 296 961 Messiae.
340 928 507 960 Damnant
529 927 617 960 hunc
638 927 756 959 Filium
784 928 1033 965 resuscitatum,
1063 927 1119 959 ha-

140 973 218 1004 bent
241 970 328 1003 alios
351 971 471 1003 multos
496 978 600 1002 tetros
623 980 765 1003 errores.
811 969 991 1002 Praeterea
1002 969 1120 1001 haere·

139 1015 195 1046 tici
223 1014 317 1045 multi
350 1014 459 1056 palam
483 1020 674 1055 oppugnant
698 1013 881 1045 doctrinam
903 1011 1118 1044 fundamenti.

139 1057 296 1098 Papistae
320 1057 497 1089 defendunt
520 1057 610 1088 idola
632 1057 666 1087 in
687 1066 793 1098 regno
816 1055 997 1097 pontificio,
1025 1056 1118 1087 invo-

140 1101 305 1132 cationem
339 1107 544 1137 sanctorum,
577 1109 610 1131 et
642 1094 872 1140 ἇρτολατρείανε
904 1103 1121 1140 corrumpunt

138 1142 315 1174 articulum
354 1142 447 1174 fidei.-
489 1142 598 1173 Credo
637 1143 854 1173 maist-imma
895 1142 1120 1181 peccatovw1i,·
1143 1168 1145 1171 .

139 1185 246 1217 Credo
269 1185 443 1217 Ecclesiam
468 1184 675 1217 Catholicmn.
698 1182 797 1215 Tales
820 1193 937 1215 omnes
960 1193 1027 1215 non
1049 1193 1120 1215 ser-

138 1235 217 1259 vant
239 1238 427 1260 sermonem
446 1227 581 1265 Christi,
605 1238 647 1258 ne
670 1227 801 1268 quidem
830 1224 1044 1267 professione
1066 1236 1120 1257 ex·
1144 1262 1146 1267 ,

138 1277 245 1302 terna.
290 1271 334 1301 At
370 1270 534 1304 Dominus
557 1270 612 1300 hic
635 1268 750 1310 alligat
774 1279 837 1299 nos
860 1269 902 1300 ad
922 1269 1122 1306 doctrinam,
1144 1271 1145 1276 ¹

139 1314 182 1345 ad
224 1323 340 1345 vocem
380 1312 565 1354 Evangelii.
633 1311 816 1353 Distinguit
857 1310 1045 1342 Ecclesiam
1078 1311 1120 1342 ab

140 1357 293 1388 omnibus
327 1356 446 1396 impiis,
481 1356 536 1397 qui
554 1355 792 1392 adversantur,
821 1359 853 1384 et
876 1358 1024 1394 pugnant
1046 1362 1122 1384 cum
1146 1374 1147 1406 1

138 1397 333 1440 Evangelio.
400 1397 472 1429 Etsi
505 1404 615 1429 autem
633 1403 711 1428 sunt
740 1396 773 1427 in
796 1402 895 1427 coetu
917 1393 1038 1427 visibili
1059 1394 1122 1426 Ec·
1146 1425 1149 1437 ,

139 1440 308 1473 clesiaein
322 1441 386 1473 hac
403 1442 482 1479 vita,
503 1439 604 1482 aliqui
615 1449 682 1471 non
704 1439 824 1477 renati,
848 1439 903 1480 qui
925 1438 958 1469 in
978 1438 1123 1479 speciem

139 1490 265 1516 tantum
299 1483 542 1526 amplectuntur
577 1482 760 1514 doctrinam
795 1479 983 1523 Evangelii:
1012 1486 1148 1512 tumens

139 1537 273 1569 semper
307 1525 418 1568 aliqua
441 1532 519 1557 sunt
541 1535 620 1557 vera
643 1526 793 1557 membra
816 1523 1001 1562 Ecclesiae,
1035 1533 1122 1565 quae
1147 1528 1149 1560 Ι

139 1580 220 1602 vera
254 1570 318 1601 fide
351 1568 596 1611 amplectuntur
628 1574 661 1600 et
694 1568 837 1599 retinent
866 1567 1066 1600 doctrinam
1088 1566 1122 1597 id

140 1619 204 1651 est,
239 1614 294 1655 qui
330 1613 373 1644 ita
407 1613 573 1653 accipiunt
607 1622 647 1643 ac
670 1610 866 1652 profitentur
888 1608 1121 1651 Evangelium,

773 151 883 186 mm..
904 151 1010 186 MEL.
1032 152 1218 186 SCRIPTA
1239 151 1505 184 EXEGEthA.

2088 155 2156 190 896

1172 245 1366 277 mansimmn
1393 242 1526 284 facere,
1565 245 1732 289 significat
1770 245 2040 280 inhabitationem
2077 249 2152 282 Dei.

1173 288 1229 319 Sic
1250 293 1480 329 argumentor:

1259 329 1352 361 Deus
1374 334 1421 361 est
1443 331 1570 371 ubique:
1916 362 1917 365 ,

1259 372 1348 413 Eryo
1370 382 1433 404 non
1455 377 1502 404 est
1525 383 1607 414 opus
1629 383 1698 405 eum
1720 374 1884 406 adame.

1259 414 1354 446 item:
1388 415 1514 447 Pauleae
1546 425 1611 447 mm
1642 420 1691 448 est
1722 418 1826 458 maffia
1859 417 2051 450 domicilium
2083 421 2155 459 Det,

1301 467 1397 498 quam
1420 458 1513 490 Cato.

1261 499 1361 541 Eryo.

1259 541 1480 583 Respondeo:
1501 542 1601 576 Aliud
1624 549 1688 582 est,
1710 554 1780 576 esse
1800 544 1925 586 ubique,
1946 552 1979 577 et
1995 545 2083 578 aliud
2096 546 2154 578 lm-

1172 585 1279 617 bitare
1300 584 1405 616 Deum
1426 587 1553 618 alicubi.
1599 586 1678 618 Esse
1700 586 1814 628 ubique
1835 589 1977 628 pertinet
1999 589 2157 631 adgene-

1173 627 1295 666 ralem,
1329 637 1389 660 seu
1406 628 1627 661 universalem
1646 631 1868 671 praesentiam
1889 629 1997 669 illam,
2026 632 2067 663 de
2090 642 2157 674 qua

1173 677 1271 702 antea
1305 671 1386 702 dixi:
1420 671 1530 712 Emer,
1554 677 1758 713 praesenter,
1792 672 1884 705 Deus
1905 672 1957 706 hic
1978 678 2008 706 et
2030 674 2156 716 ubique,

1172 717 1330 754 potenter.
1349 750 1354 753 ,
1375 713 1443 746 Ista
1466 715 1668 755 praesentia,
1710 725 1771 747 uae
1795 726 1832 747 re
1861 716 1934 757 ipsa
1957 722 2008 749 est
2029 718 2154 759 ubiqui-

1175 763 1236 795 ias,
1258 767 1325 787 non
1347 755 1552 798 intelligatur
1580 758 1678 789 modo
1711 757 1808 797 ocali‚
1833 765 1868 790 ut
1891 759 1933 791 de
1955 760 2154 801 corporibus

1173 800 1371 841 cogitamuS,
1394 809 1479 841 quae
1501 799 1624 832 habent
1645 811 1741 832 suam
1769 802 2007 834 extensionem.
2053 802 2155 834 Ilabt'·

1174 846 1258 880 tare,
1282 842 1424 883 pertinet
1446 842 1489 874 ad
1512 844 1734 884 praesentiam
1757 843 1949 884 specialem,
1971 855 2037 886 qua
2059 844 2156 877 Deus

1173 892 1224 917 est
1248 884 1373 916 efficax
1395 884 1520 925 Spiritu
1543 891 1673 924 sancto,
1695 892 1728 918 et
1751 888 1971 919 communicat
1988 898 2084 920 suam
2107 886 2155 920 lu-

1173 939 1255 965 cem,
1279 928 1447 965 iustitiam,
1470 928 1582 959 vitam.
1627 928 1701 960 Hoc
1730 929 1908 961 discrimen
1939 931 2024 962 bene
2047 931 2156 963 consi-

1173 970 1353 1002 derandum
1377 977 1440 1011 est,
1463 978 1495 1002 et
1517 969 1615 1002 simul
1638 971 1815 1013 cogitanda
1837 973 2041 1005 immensitas
2064 973 2157 1005 boni-

1144 1033 1145 1054 3
1172 1013 1249 1045 tatis
1272 1013 1414 1045 divinae.
1459 1011 1548 1044 Nihil
1572 1019 1684 1055 potest
1706 1014 1861 1046 divinitas
1880 1015 1985 1046 maius
2016 1016 2074 1047 tibi
2102 1017 2156 1048 tri—

1173 1057 1286 1094 buere,
1309 1065 1407 1097 quam
1430 1066 1469 1087 se
1491 1056 1607 1096 ipsam.
1640 1054 1731 1088 Nihil
1753 1055 1936 1098 gloriosius
1959 1057 2001 1089 (le
2023 1056 2160 1090 homine

1173 1099 1236 1130 dici
1259 1104 1381 1139 potest,
1404 1109 1503 1140 quam
1526 1105 1561 1130 ut
1583 1099 1626 1130 sit
1639 1099 1839 1130 domicilium
1857 1098 1932 1138 Dei,
1955 1107 1988 1132 et
2006 1099 2101 1134 Deus
2122 1101 2158 1132 in

1173 1151 1213 1173 eo
1246 1140 1384 1179 habitet,
1419 1151 1485 1172 non
1520 1142 1661 1181 otiosus,
1694 1142 1756 1173 sed
1777 1142 1837 1180 ita,
1860 1149 1896 1174 ut
1918 1152 1978 1184 per
1999 1143 2158 1184 Spiritum

1172 1190 1326 1215 sanctum
1337 1184 1499 1215 accendat
1516 1182 1637 1222 lucem,
1660 1191 1694 1215 et
1704 1185 1912 1225 sapientiam,
1935 1192 1968 1217 et
1990 1186 2158 1224 iustitiam,

1173 1232 1206 1258 et
1249 1225 1429 1264 laetitiam,
1474 1232 1712 1268 congruentem
1752 1237 1826 1258 cum
1861 1234 1981 1260 natura
2014 1228 2158 1270 Spiritus

1173 1270 1289 1300 sancti.

1260 1311 1308 1342 lta
1330 1310 1470 1351 pulchre
1492 1311 1678 1343 ostenditur
1707 1311 1790 1341 ordo
1822 1312 1923 1344 totius
1946 1311 2157 1352 salvationis,

1173 1363 1259 1395 quae
1282 1359 1413 1384 constat
1437 1353 1685 1393 praedicatione
1706 1352 1890 1394 Evangelii,
1914 1354 2158 1394 iustificatione,

1174 1403 1207 1428 et
1228 1395 1506 1433 sanctificatione,
1530 1404 1615 1436 quae
1637 1393 1812 1426 inchoatur
1833 1396 1867 1426 in
1890 1394 1955 1427 hac
1967 1397 2046 1435 vita,
2068 1404 2160 1438 post-

1174 1449 1215 1471 ea
1239 1437 1531 1469 consummabitur.
1583 1436 1722 1469 Ordiuu-
1752 1436 1907 1470 Christus
1934 1448 1954 1471 a
1982 1440 2160 1472 vocatione

1173 1491 1233 1524 pet·
1256 1481 1409 1512 verbum:
1440 1479 1509 1512 vult
1531 1480 1637 1512 audiri
1660 1481 1818 1518 verbum,
1849 1487 1883 1512 et
1904 1482 1954 1513 sic
1977 1482 2101 1521 audiri,
2123 1487 2160 1515 ut

1173 1524 1331 1565 accipias,
1364 1533 1432 1554 non
1467 1532 1646 1565 repugnes,
1675 1533 1742 1554 non
1775 1523 1824 1554 sis
1859 1521 2092 1565 blasphemus:
2121 1525 2159 1558 ln

1174 1567 1239 1599 hoc
1262 1567 1379 1604 verbo,
1403 1575 1476 1598 cum
1499 1566 1564 1597 tide
1587 1564 1867 1607 apprehendimus
1880 1565 2061 1606 Christum,
2083 1578 2160 1609 pro·

1174 1609 1268 1641 mittit
1303 1609 1401 1640 nobis
1435 1609 1589 1640 Christus
1620 1607 1831 1640 dilectionem
1853 1608 1975 1647 Patris,
1997 1619 2083 1651 quae
2105 1616 2160 1642 est

140 1662 176 1688 ut
199 1657 295 1687 etiam
319 1665 378 1687 cor
406 1666 484 1687 vere
518 1656 739 1692 assentiatur,
768 1663 848 1685 vere
871 1653 1002 1687 credat;
1032 1659 1064 1683 et
1086 1657 1123 1683 ut
1147 1653 1149 1690 Ι
1174 1652 1374 1684 iustificatio.
1420 1651 1546 1683 Postea
1568 1652 1609 1683 de
1631 1651 1895 1683 sanctificatione
1917 1652 2011 1684 dicit:
2047 1652 2156 1684 ''enie-

141 1699 204 1731 hac
223 1699 288 1730 fide
310 1698 504 1730 inchoentur
526 1699 617 1729 initia
640 1696 858 1734 obedientiae,
882 1706 967 1738 quae
989 1693 1124 1736 placent

142 1750 281 1784 propter
304 1742 529 1773 mediatorem.
574 1741 660 1776 Quid
685 1740 824 1771 traditur
847 1739 878 1770 in
903 1738 1123 1780 sequentibus

142 1786 266 1816 verbis:
292 1787 392 1816 Pam·
414 1795 500 1816 mem
522 1785 633 1826 «litiget
656 1793 736 1821 eum,
759 1787 789 1814 et
802 1783 958 1814 ceru'ernus
981 1782 1026 1812 nd
1045 1790 1124 1820 eum,

142 1833 171 1859 et
194 1829 386 1860 mansionem
410 1829 500 1868 apud
522 1838 589 1859 eum
608 1825 789 1866 faciemus?
856 1826 1039 1867 Postquam
1067 1824 1123 1855 do-

143 1873 220 1909 cuit,
255 1881 351 1912 quae,
386 1878 415 1902 et
442 1872 495 1902 uhi
519 1872 561 1902 sit
585 1880 665 1901 vcra
688 1868 854 1907 Ecclesia,
890 1875 922 1900 et
946 1877 1033 1910 quae
1055 1867 1123 1898 sint

145 1915 219 1945 viva
243 1915 388 1945 membra
403 1913 591 1950 Ecclesiae,
610 1914 699 1944 addit
711 1912 978 1954 promissionem,
1003 1911 1034 1941 in
1058 1919 1124 1951 qua

145 1958 321 1988 recitantur
345 1957 517 1995 beneiicia,
554 1957 594 1987 de
619 1957 738 1997 quibus
765 1953 984 1996 Evangelium
1007 1953 1124 1994 princi-

144 1999 263 2042 paliter
297 2001 535 2032 concionatur.
568 2007 599 2030 et
634 1999 753 2040 quibus
778 1996 944 2029 antecellit
968 1995 1124 2028 Ecclesia
1148 2020 1150 2036 R

144 2042 217 2075 aliis
242 2044 408 2085 gentibus.
461 2043 546 2074 Nam
570 2041 653 2073 haet-
677 2051 812 2082 quoque
836 2042 937 2079 bona,
961 2049 1046 2082 quae
1069 2039 1124 2070 hic
1148 2047 1150 2079 ξ

144 2088 388 2128 promittuntur,
423 2086 598 2124 seiungunt
633 2083 818 2115 Ecclesiam
848 2095 868 2115 n
903 2089 973 2114 toto
995 2081 1151 2123 reliquo}

169 2140 268 2161 enere
293 2130 447 2161 humano.
491 2120 622 2170 &estqui
646 2127 795 2159 homines
820 2137 883 2157 non
902 2126 1082 2167 diliguntur
1104 2135 1124 2155 a

145 2141 255 2204 gatte.
301 2172 364 2204 Sed
387 2173 429 2203 de
452 2173 535 2210 istis,
558 2172 612 2213 qui
636 2176 772 2201 servant
785 2180 970 2201 sermonem
989 2168 1124 2204 Christi,
1148 2188 1150 2209 t

146 2217 280 2247 dicitur:
304 2217 405 2247 Palm·
433 2225 518 2246 meus
541 2216 652 2255 duay«
675 2223 739 2244 cos.
807 2212 895 2243 Nihil
926 2218 1035 2253 potest
1060 2211 1123 2242 dici
1149 2214 1151 2232 ³

146 2260 269 2292 mainsz
289 2266 318 2290 et
344 2265 450 2289 tamt-n
477 2256 662 2289 cumulatur
684 2257 768 2287 haec
791 2254 924 2286 dilectio
947 2256 1042 2286 etiam
1067 2252 1123 2284 illo
1147 2236 1151 2295 ι

146 2302 270 2344 ingenti
297 2303 399 2332 hono:
431 2301 591 2331 smirnam
613 2301 656 2332 ad
676 2309 759 2337 eum,
781 2303 810 2329 et
833 2299 1014 2330 marisiom's
1035 2296 1125 2338 apud

147 2357 213 2377 cum
232 2344 409 2384 l'rm'mmu:
444 2355 530 2386 qnae
557 2350 589 2375 et
619 2345 690 2385 ipsa
721 2343 762 2373 de
792 2342 912 2373 ceteris
940 2340 1126 2372 hominibus

148 2390 211 2420 dici
237 2399 302 2419 non
327 2395 480 2429 poss-unt.
526 2387 699 2427 Significat
728 2391 836 2417 nutem
855 2383 944 2426 diligi
975 2394 993 2414 a
1018 2383 1127 2419 Patre,

147 2432 272 2463 habt-re
286 2432 513 2463 remissionem
527 2437 752 2472 peccatorum.
775 2438 853 2460 esse
865 2425 1127 2464 reconciliatum,

148 2475 352 2516 pronuntiari
376 2475 504 2505 iustum.

238 2517 401 2549 lohannes
425 2518 560 2559 passim,
584 2517 615 2547 in
632 2513 815 2557 Evangelio
838 2521 869 2546 et
883 2511 1031 2555 Epistola
1054 2521 1127 2548 sua,

150 2561 303 2603 dilr'yerm
339 2571 411 2591 cnm
446 2560 520 2591 Dco
553 2560 705 2591 tribuitur
739 2568 821 2597 erga
841 2567 925 2596 nos,
999 2556 1044 2587 nit
1067 2565 1126 2596 pro

151 2605 231 2636 dai-e
261 2604 487 2635 remissionem
522 2610 555 2634 et
581 2600 895 2634 reconciliationem.

1150 2342 1151 2375 ζ
1178 2340 1334 2380 Spiritum
1357 2344 1512 2370 sanctum.

989 2599 1078 2630 em‘re
1099 2602 1130 2628 ee
1152 2606 1154 2623 ι

1462 1696 1529 1733 Quo
1556 1695 1671 1726 ordine
1692 1694 1820 1725 oem‘emt
1850 1693 2018 1727 Personae
2039 1696 2158 1728 ‹licini—

1507 1736 1612 1770 Filius
1645 1737 1832 1769 immediate
1865 1745 1919 1769 est
1948 1737 2070 1770 efficax
2098 1748 2159 1780 per

1174 1705 1243 1727 mus
1265 1695 1311 1727 ad
1334 1705 1412 1726 eum.

1175 1740 1253 1770 latis
1283 1738 1328 1770 ad
1360 1738 1442 1770 nos?

1174 1779 1404 1823 Evangelium,
1426 1779 1571 1812 illustrat
1592 1786 1744 1820 mentem,
1767 1780 1912 1811 ostendit
1935 1779 2080 1814 Patrem.
2108 1781 2158 1814 lta
2204 1796 2211 1803 ·

1176 1825 1274 1856 simul
1309 1824 1406 1856 adest
1435 1823 1551 1855 Pater:
1580 1829 1611 1854 et
1642 1823 1742 1854 Pater
1776 1833 1816 1854 ac
1838 1822 1944 1855 filius
1975 1824 2101 1866 spirant
2125 1824 2158 1856 in

1176 1877 1236 1900 cor
1267 1873 1359 1899 tuum
1395 1865 1551 1908 Spiritum
1588 1872 1750 1897 sanctum.
1817 1865 1936 1898 Sermo
1970 1867 2158 1908 praecedit:

1175 1910 1294 1942 deinde
1316 1908 1420 1941 Filius
1442 1908 1551 1946 adest,
1576 1916 1606 1939 et
1630 1907 1789 1942 illuminat
1811 1916 1942 1941 mentes
1965 1931 1976 1947 ‚
1998 1916 2034 1941 ut
2055 1920 2159 1952 agno-

1176 1960 1270 1985 scant
1295 1951 1357 1984 Dei
1382 1951 1595 1989 voluntatem,
1619 1959 1651 1982 et
1675 1961 1734 1993 per
1757 1949 1871 1984 Filium
1896 1952 1994 1984 Pater
2017 1952 2158 2028 (1⁸:⁸⁸8pr

1175 1997 1272 2028 ritum
1294 2002 1463 2032 sanctum,
1494 1996 1549 2036 qui
1580 1995 1733 2027 accendit
1755 2004 1864 2026 novos
1887 2000 2009 2033 motum,
2039 2006 2062 2037 q
2119 2004 2158 2027 es

1175 2039 1408 2071 describuntur
1431 2039 1462 2069 in
1486 2036 1572 2080 lege.

1263 2081 1359 2112 Haec
1393 2087 1582 2122 congruunt
1616 2090 1690 2112 cum
1712 2080 1810 2112 dictis
1845 2078 1952 2112 Pauli:
1987 2080 2162 2123 laetificati

1174 2124 1249 2166 fide,
1271 2135 1382 2164 pacem
1405 2124 1562 2156 habmus.
1598 2123 1665 2155 Cor
1683 2122 1715 2154 in
1738 2122 1871 2155 homine
1894 2123 2061 2163 credente,
2083 2134 2158 2156 cum

1177 2168 1212 2199 tit
1235 2178 1315 2200 vern
1338 2166 1538 2205 consolatio,
1561 2173 1593 2199 et
1617 2167 1698 2198 fides
1721 2166 1837 2198 statuit
1867 2176 1929 2198 nos
1957 2176 2037 2199 esse
2065 2176 2158 2199 rece-

1176 2217 1252 2252 ptos
1286 2221 1306 2241 a
1339 2209 1430 2248 Deo,
1465 2210 1619 2251 agnoscit
1653 2215 1685 2240 et
1713 2210 1813 2240 sentit
1838 2210 2057 2250 praesentiam
2081 2208 2157 2247 Del,

1177 2253 1336 2296 erigentis
1366 2264 1441 2286 nos.
1475 2260 1508 2284 et
1541 2251 1740 2284 vivificantis
1775 2252 1818 2283 ad
1848 2251 1947 2283 vitam
1975 2259 2158 2288 aeternam.

1178 2296 1271 2327 item:
1304 2296 1418 2335 lislam
1451 2300 1498 2327 cst
1532 2296 1662 2327 ‹idei-tio
1691 2294 1758 2326 Dea·
1779 2295 1812 2325 in
1834 2295 1938 2326 cor-110
1962 2300 2075 2327 nostra
2096 2304 2158 2335 per

1559 2338 1654 2370 ltem:
1681 2337 1772 2376 Quod
1793 2337 2070 2378 praedestinat-it,
2100 2336 2158 2369 1·oe

1178 2384 1322 2414 τουσι-ὕ.-
1346 2393 1425 2423 :suos
1448 2382 1587 2420 πται-αιἰἳ,
1609 2391 1663 2413 cos
1686 2380 1890 2422 iustificat-it.-
1912 2390 1991 2421 quos
2004 2380 2157 2422 iustifica-

1178 2427 1235 2463 νὴ,
1259 2426 1316 2457 hos
1336 2425 1543 2467 ylarificace't.

1266 2469 1318 2500 Sic
1353 2469 1448 2511 igitur
1482 2467 1679 2500 meditemini
1713 2465 1812 2498 hodic
1841 2467 2038 2498 concionem
2060 2465 2158 2507 istam

1180 2511 1319 2544 Christi:
1348 2518 1377 2543 et
1408 2512 1514 2543 seinte
1536 2521 1608 2543 eam
1639 2508 1768 2552 plenam
1791 2519 1870 2541 esse
1893 2507 2158 2542 dulcissimarum

1182 2554 1460 2592 consolationum,
1493 2564 1578 2595 quas
1612 2563 1678 2585 non
1712 2550 1912 2595 intelligunt,
1945 2552 2000 2594 qul
2021 2551 2157 2593 phrasin

1180 2607 1246 2629 non
1270 2604 1360 2629 recte
1382 2598 1649 2638 interpretantur.
