2324 2958
244 158 310 191 691

250 250 359 327 celitus
398 261 463 284 non
505 251 607 284 vitiati
646 250 798 282 humanis
834 250 1042 291 opinionibus
1087 256 1119 281 et
1152 249 1229 281 affe-

250 301 294 328 cti
319 305 368 327 us.
602 307 604 309 ·

884 155 994 188 PHlL:
1015 155 1120 189 MEL.
1143 155 1330 190 SCRIPTA
1352 155 1615 189 EXEGETICA.

2185 158 2250 193 692

1252 286 1255 292 .
1274 249 1322 286 ,ad
1344 259 1414 281 eum
1435 250 1502 282 erit
1519 253 1724 290 conareyatio
1741 253 1941 291 populorum.
1991 249 2048 283 llle
2069 250 2164 283 solus
2181 251 2251 285 Do-

1251 292 1385 339 'minus
1414 294 1631 335 congregabit
1660 292 1860 324 Ecclesiam:
1893 293 2167 334 α’νακεφαλαιώσει,
2201 304 2251 327 re-

289 341 299 359 )
336 337 429 369 Sicut
451 334 646 368 fermentum
671 327 763 366 inflat
792 344 937 374 massam
950 346 959 372 ;
993 335 1037 365 ita
1066 333 1228 366 humanae
1251 345 1255 374 Ι
1278 333 1368 375 diget
1391 333 1577 367 Ecclesiam
1599 336 1640 373 ad
1664 342 1777 377 caput,
1811 335 1935 373 Deum;
1966 335 2102 379 colliget
2123 344 2157 369 et
2180 347 2250 370 ser-

249 380 422 421 opiniones
444 378 561 410 inflant
583 378 736 410 animum.
782 377 924 413 Quando
955 376 1073 418 aliquis
1102 382 1153 407 est
1181 377 1227 407 in-

248 423 348 455 flatus
372 422 541 463 opinione,
572 422 615 453 So
641 423 717 460 yelzt
751 431 790 452 er
821 421 932 452 herec’n
966 422 1014 451 als
1048 429 1133 450 rcere
1165 386 1255 459 illini
1356 455 1358 457 ‚

1250 465 1254 516 Ι
1277 466 1313 492 ut
1333 459 1515 494 liberentur
1536 464 1578 494 ab
1602 464 1650 494 ira
1672 463 1751 501 Dei,
1779 470 1812 495 et
1834 470 1968 495 aeterna
1992 475 2114 503 morte,
2135 472 2172 497 ut
2193 464 2251 497 ht>

248 466 309 498 der
329 467 416 505 kops
431 464 511 496 noch
532 474 568 496 80
586 473 684 503 θνα-ς.-
716 463 856 501 incedit,
878 463 972 504 quasi
996 462 1102 502 capite
1123 459 1226 492 multo

1279 377 1367 408 vabit
1389 375 1574 409 Ecclesiam
1597 384 1834 420 congregatam
1857 385 1890 410 et
1911 380 2094 411 restitutam
2116 379 2202 412 Deo·

1365 419 1490 451 Gentes
1519 421 1560 452 ad
1591 431 1664 452 eum
1695 420 1887 462 confugient
1916 422 1949 452 in
1979 423 2113 453 summis
2142 421 2250 462 malis,

248 508 425 550 grandiore
448 508 492 538 sit⁷
523 507 705 548 praeditus,
738 515 799 537 seu
833 505 926 547 quasi
949 505 1073 536 vertice
1097 502 1227 535 coelum
1250 521 1254 539 ι
1276 504 1377 541 beant
1399 504 1515 536 ducem
1537 512 1569 537 et
1591 506 1762 537 custodem
1781 507 1812 537 in
1831 507 1918 537 omni
1935 507 2145 539 aeternitate:
2164 507 2252 548 sicut

248 556 372 593 tangat.
429 549 577 581 Affectus
611 555 688 581 sunt
723 547 847 584 similes
879 548 996 578 ventis.

248 598 318 624 stas
341 602 403 624 usa
424 598 476 632 est
498 592 562 624 hac
585 592 726 633 imagine
749 592 845 622 etiam
864 591 904 621 de
928 589 1155 631 opinionibus;
1191 595 1227 620 ut

1040 545 1112 577 Etsi
1135 552 1226 577 vetu-
1250 542 1253 608 Ι

1249 612 1252 625 .

1278 547 1398 588 inquit:
1430 547 1528 578 Nemo
1556 550 1659 588 rapiet
1686 559 1740 578 eas
1762 559 1803 578 e-z‘
1824 549 1963 578 manibus
1984 551 2065 579 ηιεὶε.
2112 549 2164 582 De
2185 549 2252 583 hau

1275 598 1405 627 summa
1439 589 1670 623 consolatione
1707 590 1867 633 loquitur:
1907 592 1981 623 ideo
2015 602 2158 624 necesse
2190 591 2252 624 fuit

248 636 381 668 dicitur:
404 634 587 667 Utriculum
611 641 741 670 ventus,
764 634 813 664 sic
836 633 927 664 inssat
951 632 1061 672 opinio
1074 638 1225 663 mentem.
1251 630 1255 686 Ι
1277 641 1351 669 eum
1379 642 1573 675 resurgere:
1607 634 1691 670 Quia
1718 640 1850 675 oportet
1875 633 1941 666 hoc
1964 645 2075 666 semen
2098 645 2252 678 regnare,

334 677 400 709 lam
444 678 590 709 dicemus
634 678 674 708 de
720 676 914 707 testimoniis
959 675 1224 711 resurrectionis,
1251 692 1254 713 Ι
1278 679 1310 705 et
1331 681 1462 715 oportet
1485 676 1526 707 ad
1548 675 1615 708 hoc
1636 687 1751 709 semen
1774 676 1920 709 mulieris
1943 677 2013 708 fieri
2036 688 2250 710 coneursum:

271 731 334 753 uae
357 721 474 752 tradita
499 727 573 751 sunt
597 721 627 750 in
652 719 844 760 Prophetis,
875 724 906 749 et
935 715 1032 748 simul
1055 718 1096 748 de
1119 727 1224 759 regno

248 732 371 796 {bristi
398 763 605 799 resuscitati;
639 763 714 803 quia
737 762 811 793 ideo
845 761 1064 793 resuscitatus
1087 766 1155 798 est,
1191 766 1226 791 ut

248 813 381 850 regnet;
402 817 469 838 non
492 812 526 837 ut
549 806 591 836 sit
615 806 752 836 otiosus

1249 887 1252 949 ἓ

248 970 364 1022 Quae
388 976 482 1012 sunt
503 969 731 1010 testimonia
758 969 921 1009 illustria
948 967 989 1008 in
1011 967 1224 1023 Prophetis

432 1048 484 1088 de
514 1047 820 1088 Resurrectione
854 1044 1034 1087 Christi?

334 1146 486 1180 Christus
511 1153 540 1178 et
565 1144 715 1188 discipuli
739 1146 770 1176 in
793 1145 914 1176 Emaus
946 1150 1079 1182 euntes,
1109 1144 1150 1175 de
1173 1144 1225 1175 his

248 1192 425 1233 disputant.
470 1189 529 1221 llla
564 1189 740 1230 disputatio
769 1187 857 1219 facta
899 1193 949 1218 est
982 1187 1048 1218 hoe
1083 1187 1146 1218 die.
1190 1186 1224 1217 ln

247 1234 354 1266 Moise
388 1239 454 1264 est:
493 1233 642 1265 Comeret
673 1235 769 1272 caput
805 1231 972 1270 serpentis.
1035 1229 1070 1262 ln
1110 1230 1226 1261 eodem

246 1277 355 1309 moise
379 1282 429 1307 est
451 1276 492 1307 de
510 1275 699 1311 mactatione
721 1277 932 1309 victimarum,
957 1283 1040 1313 quae
1063 1272 1227 1314 significa-

247 1321 327 1352 bant
355 1324 492 1350 mortem
515 1317 671 1349 messiae.
727 1315 801 1348 Huc
835 1316 974 1357 pertinet
1003 1321 1105 1346 totum
1129 1320 1227 1355 caput

247 1362 300 1394 53.
324 1361 454 1393 Esaiae.
499 1360 578 1391 Item
600 1359 731 1391 illustre
765 1358 987 1396 testimonium
1017 1363 1068 1388 est
1091 1356 1227 1388 Psalmo

249 1405 300 1437 16.
348 1405 511 1437 Con-verca
533 1413 582 1434 me
604 1405 758 1434 Domine:
781 1401 821 1432 de
842 1411 906 1442 quo
929 1399 1024 1431 alias.

333 1447 401 1479 lam
425 1447 572 1478 dicemus
602 1445 643 1476 de
670 1445 734 1476 ista
757 1443 920 1475 sententia
942 1442 1078 1474 Esaiae:
1110 1444 1148 1475 In
1176 1442 1229 1474 die

248 1493 303 1523 illa
324 1491 423 1523 stabit
445 1491 542 1522 radia·
564 1491 660 1528 Iesse,
683 1490 738 1528 qui
758 1490 825 1518 erit
838 1490 963 1526 siquam
983 1487 1119 1526 populis.

334 1532 510 1565 Construe.
544 1531 605 1563 Est
627 1531 832 1562 constructio
855 1529 896 1560 ad
921 1527 1121 1560 intellectum
1145 1526 1228 1559 refe-

247 1577 370 1614 renda;
392 1579 454 1616 qui,
477 1576 510 1606 id
533 1582 596 1612 est,
620 1573 785 1611 Christus,
817 1582 877 1604 seu
901 1570 1044 1603 Messias
1066 1577 1164 1603 natus
1187 1581 1228 1602 ex

248 1620 356 1652 lesse:
391 1619 422 1650 ls
447 1624 554 1650 autem
578 1616 637 1649 suit
659 1623 754 1658 pater
786 1615 937 1647 Davidis.

249 1705 429 1743 tellectum,
465 1714 550 1746 quae
584 1712 734 1745 propago
769 1708 841 1732 orta
864 1711 904 1732 ex
930 1701 1036 1732 iesse:
1070 1699 1141 1739 vel,
1175 1701 1229 1742 qui

250 1756 344 1781 ortus
368 1755 418 1779 est
441 1758 481 1779 ex
506 1747 609 1785 lesse,
632 1747 742 1776 stabit.
778 1744 837 1775 Est
852 1745 1038 1775 vaticinium
1062 1744 1102 1775 de
1121 1754 1229 1775 resur-

249 1793 408 1833 reetione:
443 1790 483 1821 Et
516 1800 579 1831 ego
615 1789 730 1827 eredo,
764 1787 829 1819 hoc
853 1798 917 1818 non
941 1797 1018 1818 esse
1040 1786 1159 1818 Esaiae
1183 1787 1229 1817 di-

251 1842 350 1873 ctum,
374 1834 433 1865 sed
447 1834 637 1864 vetustioris
649 1831 800 1869 alicuius,
823 1831 907 1861 sicut
931 1825 1112 1871 prophetae
1136 1839 1229 1861 usur·
1254 1829 1257 1861 ἱ

249 1884 329 1920 pant
353 1876 430 1908 talia
454 1877 539 1907 dicta
563 1882 692 1916 sumpta
715 1885 734 1906 a
758 1874 933 1915 prioribus,
979 1873 1145 1904 Fortassis
1169 1871 1229 1904 fuit

251 1922 396 1953 auditum
419 1919 472 1950 vel
496 1929 535 1950 ex
560 1917 642 1956 lilia,
666 1916 719 1948 vel
743 1928 784 1948 ex
808 1915 956 1948 lleliseo:
984 1915 1102 1946 Esaias
1149 1916 1230 1947 otuit

251 1964 364 1996 audire
387 1964 428 1993 al»
451 1961 608 1998 lleliseo,
645 1959 697 1991 vel
732 1971 750 1991 a
775 1958 876 1990 multo
901 1959 1071 1990 vetustiori
1107 1927 1228 2000 aliquo.

339 2006 446 2042 Quum
481 2005 599 2036 dit-itur
632 2004 671 2035 de
705 2004 828 2045 regnis,
863 2003 976 2038 stabit,
1013 2009 1079 2032 tuin
1109 2002 1228 2033 dicitur

252 2049 385 2085 florere,
419 2055 449 2079 et
484 2058 560 2079 csse
592 2047 756 2078 invictum.
803 2045 837 2076 ln
861 2044 999 2076 Daniele
1021 2050 1090 2076 est:
1125 2044 1228 2081 Deus,

253 2098 287 2125 tu
317 2093 406 2132 sacis
433 2096 523 2123 stare
553 2100 670 2129 rryna:
704 2097 735 2120 et
769 2095 901 2129 postea:
938 2092 1004 2119 trrs
1034 2098 1127 2127 reyes
1149 2089 1227 2119 l’er-

995 1614 1056 1650 Qui
1080 1615 1120 1646 ad
1144 1615 1229 1645 radi-

250 1673 321 1695 cem
343 1662 490 1703 respicit,
524 1661 585 1692 sed
609 1660 812 1692 constructio
847 1665 897 1690 est
920 1656 1094 1689 reserenda
1117 1658 1159 1689 ad
1182 1658 1228 1688 in-
1251 1631 1256 1672 ἔ

1251 758 1253 760 q
1277 718 1375 748 etiam
1394 725 1511 759 gentes
1535 725 1664 760 oportet
1687 719 1869 762 confugere
1892 721 1933 751 ad
1956 718 2058 751 illum.
2102 720 2179 762 lpse
2200 721 2251 753 sic

1276 766 1411 801 regnat,
1445 766 1482 792 ut
1503 761 1547 792 sit
1570 768 1685 794 custos
1709 761 1880 795 Ecclesiae
1902 773 2001 800 suae,
2035 761 2172 804 colligat
2189 761 2252 793 Eo-

1278 801 1413 834 clesiam
1435 803 1498 835 sibi
1521 805 1554 834 in
1577 814 1700 846 genere
1721 804 1864 837 humano
1887 806 1972 837 inter
1989 804 2064 836 illas
2082 806 2197 836 ruinas
2218 808 2253 835 et

1246 848 1252 865 '⁴
1273 837 1492 877 'confusiones
1514 846 1733 887 imperiorum.

1362 888 1455 919 Sicut
1471 894 1581 919 autem
1600 887 1725 929 colligit.
1743 888 1940 927 Ecclesiam,
1958 889 2003 920 ita
2026 886 2138 920 servat
2160 888 2252 920 mini»

1277 929 1425 968 sterium,
1444 929 1630 961 sanctificat
1649 931 1822 962 credentes
1845 941 1906 972 per
1928 942 2045 963 vocem
2068 929 2253 973 Evangelii,

1277 972 1355 1004 dato
1379 972 1503 1013 Spiritu
1531 979 1668 1012 sancto,
1701 974 1842 1005 conterit
1865 980 1962 1014 caput
1985 975 2167 1015 serpentiS,
2202 983 2253 1006 m·

1275 1015 1385 1056 priinit
1406 1014 1603 1047 Diabolum:
1638 1026 1704 1047 non
1734 1017 1811 1048 sinit
1840 1026 1914 1048 enm
1936 1015 2136 1048 horribiliter
2158 1025 2253 1058 gras-

1277 1059 1363 1096 sari,
1387 1059 1474 1090 sicut
1497 1057 1614 1090 vellet:
1643 1059 1727 1091 sicut
1751 1069 1870 1091 recens
1894 1059 1925 1090 in
1949 1058 2107 1091 Bohemia
2130 1057 2253 1093 Diabo-
2288 1068 2293 1071 ”

1277 1099 1330 1132 lus
1359 1102 1504 1142 quinque
1531 1101 1719 1133 hominibus
1748 1102 1931 1144 prophanis
1960 1109 1992 1133 et
2015 1101 2199 1144 furentibus
2220 1100 2254 1133 in
2303 1097 2316 1131 .’

1278 1144 1431 1174 convivio
1455 1143 1553 1186 fregit
1577 1143 1709 1175 collum.
2224 1176 2226 1178 .

1364 1185 1436 1217 Hoc
1451 1185 1655 1226 exemplum,
1671 1194 1703 1218 et
1725 1187 1828 1218 multa
1849 1186 1914 1218 alia
1937 1185 2056 1227 similia
2081 1197 2143 1218 nos
2165 1196 2254 1219 com·

1277 1228 1499 1262 monesaciant
1533 1229 1575 1260 de
1607 1230 1751 1270 potentia
1784 1228 1935 1267 Diaboli,
1976 1236 2009 1260 et
2048 1230 2254 1270 protectione

1278 1270 1349 1302 Filii
1371 1271 1444 1302 Dei.
1490 1271 1526 1302 Si
1548 1281 1615 1302 non
1639 1271 1890 1303 defenderemur
1911 1272 2057 1313 potentia
2074 1272 2172 1303 liuius
2190 1270 2253 1303 Ro-

1280 1314 1350 1355 gis,
1382 1313 1545 1345 Diabolus
1580 1315 1725 1345 saeviret
1754 1313 1954 1345 horribiliter
1983 1315 2016 1345 in
2046 1324 2172 1345 omnes.
2216 1312 2253 1346 Si

1279 1362 1396 1397 posset
1419 1355 1582 1387 Diabolus
1612 1366 1679 1387 uno
1707 1362 1872 1387 momento
1900 1362 2052 1387 evertere
2074 1362 2178 1387 totum
2201 1364 2255 1397 ge·

1280 1409 1342 1430 nus
1375 1398 1571 1435 humanum,
1612 1397 1753 1430 libenter
1785 1398 1924 1430 faceret.
1986 1397 2058 1429 Nos
2091 1397 2256 1429 adversus

1279 1440 1458 1473 Diabolum
1480 1441 1639 1472 habemus
1661 1441 1873 1473 constitutum
1896 1440 1983 1472 hune
1995 1439 2186 1478 Dominum,
2207 1448 2255 1471 ro

1279 1485 1471 1525 primentem
1493 1484 1673 1525 potentiam
1695 1483 1842 1523 Diaboli,
1865 1489 2118 1516 conservantem
2139 1481 2256 1514 Eccle-

1280 1528 1362 1558 siam
1385 1528 1416 1558 in
1439 1526 1502 1559 hac
1524 1528 1604 1566 vita,
1627 1528 1756 1559 dantem
1780 1527 2006 1559 remissionem
2031 1532 2256 1568 peccatorum

1281 1577 1311 1602 et
1336 1570 1492 1612 Spiritum
1522 1576 1690 1608 sanctum,
1723 1577 1755 1602 et
1784 1577 1904 1612 postea
1933 1570 2063 1601 dantem
2086 1575 2256 1600 aeternam

1279 1614 1390 1645 vitam.

1368 1656 1457 1698 Ergo
1477 1657 1635 1688 debemus
1653 1657 1809 1688 invocare
1826 1655 1914 1687 hunc
1928 1654 2116 1693 Dominum,
2133 1660 2170 1686 ut
2185 1655 2257 1695 ipse

1281 1700 1364 1731 adsit
1390 1700 1504 1739 nobis,
1527 1707 1561 1731 ut
1583 1710 1642 1741 per
1665 1710 1755 1737 euin,
1779 1707 1810 1730 et
1835 1706 1969 1739 propter
1993 1708 2078 1735 eum,
2100 1704 2256 1729 aeternus

1281 1743 1380 1774 Pater
1403 1743 1598 1774 misereatur
1619 1742 1740 1780 nostri,
1764 1748 1875 1774 servet
1899 1752 1972 1779 nos,
1997 1751 2060 1772 non
2085 1741 2171 1772 sinat
2193 1750 2256 1772 nos

1282 1796 1378 1817 ruere
1400 1786 1432 1817 in
1456 1793 1558 1817 tetras
1579 1784 1794 1823 calamitates,
1813 1795 1879 1815 non
1900 1784 2038 1825 opprimi
2057 1783 2150 1815 tetris
2168 1781 2257 1816 cala·

1283 1829 1467 1867 mitatibus,
1497 1839 1604 1870 neque
1633 1829 1716 1859 sinat
1741 1839 1803 1859 nos
1828 1837 1924 1859 ruere
1947 1828 1977 1858 in
2001 1832 2136 1858 aeterna
2159 1825 2255 1858 mala

1369 1871 1540 1913 Sequitur:
1563 1871 1605 1900 L't
1628 1873 1686 1901 eri!
1710 1873 1827 1911 requies
1849 1872 1914 1900 eius
1936 1869 2065 1909 ylario]
2111 1868 2255 1911 Requies

1282 1916 1352 1948 eius
1382 1921 1432 1946 est
1460 1925 1558 1945 mors.
1617 1914 1663 1945 Ex
1694 1913 1758 1945 hac
1786 1924 1858 1945 cum
1888 1920 2057 1955 resurget,
2086 1912 2256 1954 apparebit

1282 1959 1353 1990 eius
1382 1956 1497 2000 gloria.
1549 1957 1684 1988 Latinus
1713 1962 1822 1988 textus
1850 1956 1961 1987 habet:
1991 1955 2148 1995 sepullum
2179 1956 2255 1989 eius,

1282 2001 1369 2043 quod
1409 2001 1454 2032 ita
1493 2000 1771 2040 interpretationis
1813 2009 1915 2030 causa
1948 1999 2077 2030 dicitur.
2139 1997 2256 2030 Gloria

1282 2043 1461 2076 Alexandri
1495 2053 1560 2074 una
1595 2054 1667 2074 cum
1702 2044 1775 2085 ipso
1810 2043 1931 2073 interit:
1968 2041 2041 2082 lpse
2069 2039 2256 2072 nihilfecit

1281 2086 1438 2129 amplius,
1472 2092 1594 2117 tantuin
1625 2085 1711 2117 fama
1740 2095 1847 2117 rerum
1877 2091 1974 2116 antea
1997 2091 2164 2125 gestarum
2188 2093 2255 2115 ma·

251 2145 364 2168 surum
387 2136 532 2166 stabunt:
566 2134 611 2164 lbi
651 2132 770 2163 indocti
802 2131 910 2162 ludaei
940 2133 1069 2168 dieunt,
1102 2137 1228 2161 tantuin
1281 2138 1353 2167 net,
1389 2140 1483 2171 quum
1513 2131 1609 2160 etiam
1639 2140 1798 2160 vocamus
1825 2138 1958 2169 quoquo
1988 2127 2084 2159 modo
2107 2126 2253 2165 ylen-iam:

253 2186 320 2210 tres
344 2177 455 2220 Reges
480 2177 654 2208 Persarum
679 2173 792 2206 fuisse.
838 2174 911 2205 Non
943 2175 1075 2205 suerunt
1105 2180 1226 2204 tantum

253 2228 333 2259 πρε,
357 2224 416 2252 sed
443 2231 579 2262 regnum
613 2219 699 2249 stetit
723 2219 754 2249 in
779 2218 859 2248 ilore
893 2218 955 2248 sub
990 2218 1096 2248 trihus
1131 2216 1227 2254 lingi-

254 2266 334 2295 bus:
360 2263 466 2305 Cyro,
500 2263 601 2294 Dario
625 2262 783 2299 Assvcro,
808 2267 837 2290 et
861 2261 1055 2295 Artaxerxe,
1078 2260 1140 2291 sut»
1165 2249 1227 2290 illis

254 2308 359 2339 nibus
385 2308 484 2338 stetit.
531 2306 577 2337 lta
601 2304 743 2336 Messias
767 2303 878 2341 stabit,
911 2304 971 2334 crit
994 2303 1146 2339 invictus,
1171 2301 1227 2333 hn-

254 2351 341 2381 bebit
378 2360 533 2391 regnum,
568 2350 688 2385 samir,
733 2352 767 2379 τι(
798 2348 841 2377 sit
872 2350 997 2386 sianum
1030 2347 1228 2386 paludarum.

255 2392 421 2425 Vexillum
452 2394 567 2435 eriget.
626 2389 789 2422 Vexillum
823 2396 873 2420 est
902 2389 1102 2430 praedicatio
1126 2388 1227 2419 verbi.

341 2437 389 2468 Aa
420 2447 490 2468 eum
520 2440 629 2474 arulas·
661 2436 856 2474 consument.
914 2432 1017 2469 Dicit,
1057 2430 1154 2473 quale
1188 2432 1227 2462 sit
1255 2455 1257 2473 Ι

254 2489 403 2519 regnum.
460 2480 608 2509 (iram-us
633 2478 771 2508 reddidit
795 2477 1001 2511 svmentiam.
1030 2475 1112 2506 sicut
1150 2474 1227 2505 l'nu-

257 2521 308 2553 lus
333 2523 425 2553 citat:
453 2523 568 2553 Gruter
591 2524 622 2551 ῐη
646 2531 682 2551 νη
700 2520 882 2560 sperabunt.

342 2563 464 2596 Alludit
490 2564 576 2595 hand
601 2564 698 2594 dubie
720 2563 761 2594 nd
785 2560 861 2593 illud
892 2562 1012 2593 dictum
1037 2561 1067 2592 in
1092 2560 1230 2591 (ti-nesi:

264 2605 480 2639 i'muetsalota.
505 2612 536 2638 (Ἰ
557 2608 602 2638 ad
621 2617 691 2638 eum
714 2606 993 2645 congr-‹rynbnntur
1013 2605 1142 2645 ροιηιΙί.-
1168 2603 1231 2640 xci,

1281 2174 1340 2204 sed
1373 2180 1423 2204 est
1454 2173 1574 2203 misera
1605 2171 1732 2212 gloria,
1767 2183 1839 2203 cum
1871 2171 1943 2212 ipse
1966 2171 2070 2202 iacent
2093 2167 2256 2211 sepultus,

1281 2223 1311 2248 et
1337 2227 1401 2247 not.
1426 2214 1551 2248 fruatur
1575 2216 1636 2246 ista
1661 2214 1778 2257 gloria.

1417 2383 1550 2423 Gloria
1584 2383 1622 2422 in
1655 2397 1736 2436 quo
1768 2380 2120 2436 praedicamento‘.>

1369 2473 1424 2504 Est
1458 2475 1488 2505 in
1519 2474 1784 2515 praedicamento
1813 2471 2004 2503 notationis.
2062 2470 2177 2502 Gloria
2205 2477 2255 2503 est

1255 2502 1392 2558 iopinio
1427 2516 1567 2548 honesta
1603 2517 1643 2548 de
1677 2515 1760 2552 alio,
1794 2514 1846 2547 vel
1878 2514 2056 2546 veh-brutio
2081 2515 2255 2555 potentine,

1284 2561 1482 2601 sapientiae.
1513 2561 1665 2591 xirtutum
1689 2558 1840 2594 ulterius,
1870 2565 1899 2589 et
1924 2558 2053 2588 «uidem
2078 2565 2155 2588 tunc
2177 2566 2256 2588 vere

1284 2610 1356 2634 snm
1383 2602 1449 2634 illa.
1474 2601 1592 2645 gloria.
1616 2602 1747 2643 quando
1767 2609 1853 2632 sunt.
1943 2601 2088 2633 exmider
2106 2607 2255 2632 mortuus
