2324 2958
212 156 274 189 591

341 251 443 289 mino,
483 259 543 281 nec
571 250 730 290 prormmt
762 253 959 290 mercedem
996 253 1057 284 ced
1091 253 1185 284 dicit:

340 297 462 324 tantum
500 294 632 330 dicatis:
673 292 831 325 Dominus
867 295 920 326 lais
956 304 1036 334 opus
1074 296 1184 326 habet:

297 337 382 375 Erqo
409 336 555 367 Christus
574 340 695 375 peccat.

301 377 500 418 Respondeo
523 378 564 408 ad
584 377 759 410 Minorem:
783 378 932 410 Christus
957 386 1005 410 est
1023 378 1182 411 Dominus

211 427 244 452 et
266 420 335 451 Rex
359 419 446 451 illius
471 420 593 461 populi.
638 421 742 452 Habet
762 428 868 452 autem
893 421 964 452 Rex
987 427 1183 462 potestatem

210 463 360 495 sumendi
383 473 423 494 ex
448 461 658 495 facultatibus
689 464 894 495 subditorum
919 474 975 502 ea,
1003 474 1086 506 quae
1111 474 1182 505 per-

210 506 314 537 tinent
347 506 388 537 ad
419 506 620 547 expedienda
647 507 779 548 negotia
802 507 905 548 regni.
961 506 1008 537 lta
1031 506 1182 539 Christus

209 550 311 580 utitur
332 549 445 587 asinis,
470 556 633 590 tamquam
656 559 692 580 re
714 550 903 580 neccssaria
926 549 957 580 in
980 547 1091 580 officio
1108 559 1182 582 suo.

212 589 400 622 Facultates
413 591 618 623 subditorum
641 598 716 622 sunt
730 592 904 623 distinctae
926 602 946 622 a
969 589 1179 624 facultatibus

210 634 426 671 dominorum,
448 634 506 665 sed
532 642 637 665 tamen
663 634 783 676 Reges,
809 635 990 674 Principes,
1013 636 1183 675 magistra-

211 684 264 708 tus
288 675 412 707 habent
435 683 629 717 potestatem
653 677 801 708 sumendi
829 677 991 718 stipendia
1015 687 1055 708 ex
1079 676 1182 709 sacul-

211 720 332 750 tatibus
355 720 575 750 subditorum:
605 720 679 750 item
710 720 821 750 utendi
852 720 952 751 rebus
975 720 1181 751 subditorum

209 762 408 793 necessariis
430 763 471 794 ad
495 762 818 793 administrationem.
865 762 994 793 Interim
1018 772 1082 793 non
1106 770 1181 794 sunt

209 805 319 836 omnia
341 803 483 846 Regum,
515 815 623 845 neque
646 806 797 836 omnibus
826 805 1038 846 temporibus.
1085 806 1182 836 Prae-

209 855 340 888 ceptum
362 847 518 878 divinum:
542 849 609 879 Non
628 849 754 887 furlum
775 850 889 887 facies,
913 847 1039 889 obligat
1068 859 1182 879 omnes

209 890 369 921 homines.
425 889 500 921 ldeo
524 896 639 930 peccat
669 889 884 931 Magistratus
919 901 1052 922 sumens
1076 901 1116 922 ex
1135 891 1182 922 sa-

209 931 388 964 cultatibus
411 933 626 970 subditorum,
651 939 805 974 quantum
829 932 919 970 libet,
943 933 1025 964 sicut
1049 935 1079 964 in
1103 932 1182 965 mul-

210 976 252 1006 tis
274 976 475 1017 principibus
510 982 561 1006 est
582 977 736 1015 βουλιμία,
772 986 856 1017 quae
891 983 942 1007 est
971 977 1102 1018 signum
1125 986 1182 1018 po-

210 1025 352 1050 stremae
375 1019 492 1050 aetatis
516 1018 636 1050 mundi.

417 1140 524 1190 Quid
548 1141 744 1196 signifieat
778 1141 976 1186 βουλιμίαῖ

295 1231 494 1271 Respondeo
517 1238 568 1262 est
591 1231 645 1263 illa
670 1231 784 1271 sames,
809 1242 892 1273 quae
917 1239 1055 1264 vocatur
1077 1231 1180 1264 sames

209 1274 338 1311 canina,
359 1274 392 1305 id
416 1281 478 1312 est,
501 1273 604 1305 tames
617 1275 891 1307 inexsaturabilis.
926 1275 967 1306 Et
989 1281 1042 1306 est
1062 1285 1182 1306 nomen

207 1317 326 1354 morbi,
349 1326 414 1358 quo
439 1317 492 1358 qui
518 1315 679 1355 laborant,
704 1318 829 1349 etiamsi
860 1316 993 1348 multum
1018 1319 1179 1359 ingerant,

207 1361 316 1390 tam'en
344 1359 454 1391 adhuc
483 1369 615 1400 semper
643 1361 801 1391 esuriunt.
854 1358 943 1391 Talis
973 1366 1023 1390 est
1040 1361 1181 1400 βουλιμία

208 1403 240 1433 in
264 1401 374 1434 multis
398 1402 685 1443 gubernatoribus.
731 1402 895 1434 Aulerunt
921 1413 962 1434 ex
986 1403 1081 1433 bonis
1104 1404 1182 1434 snb-

209 1445 360 1481 ditorum‚
394 1451 551 1486 quantum
585 1452 746 1486 possunt;
779 1452 812 1477 et
841 1452 950 1476 tamen
984 1445 1092 1476 omnia
1125 1444 1184 1477 illa

207 1498 274 1519 non
309 1487 475 1519 sufficiunt
508 1489 567 1518 eis.
623 1488 697 1519 Non
732 1495 933 1520 saturantur.
988 1487 1082 1520 Deus
1116 1498 1182 1520 non

209 1531 370 1562 benedicit
393 1531 554 1562 eiusmodi
579 1529 841 1572 expilationibus.

294 1572 448 1605 Christus
482 1580 534 1605 est
556 1584 655 1605 verus
685 1580 717 1605 et
739 1572 902 1616 legitimus
925 1583 984 1605 rex
1007 1574 1103 1605 istius
1126 1584 1183 1615 po-

207 1615 292 1657 puli:
325 1617 385 1648 sed
420 1627 485 1647 non
521 1615 624 1648 voluit
660 1617 703 1648 uti
733 1617 1017 1648 administratione
1038 1615 1181 1657 politica.

208 1659 316 1691 Utitur
335 1666 443 1691 autem
462 1669 579 1701 regno,
599 1660 639 1690 ad
659 1659 746 1700 quod
770 1666 819 1690 est
842 1659 976 1698 missus,
999 1666 1030 1691 et
1053 1660 1094 1690 ad
1118 1659 1182 1692 hoc

209 1703 386 1734 iuvandum
410 1703 516 1744 poscit
547 1703 609 1733 sibi
632 1703 713 1733 mitti
736 1703 872 1733 asinam.
930 1702 1022 1734 Haec
1045 1709 1094 1734 est
1118 1713 1182 1734 una

212 1744 345 1777 soluti0.

298 1787 415 1819 Altera
448 1786 569 1819 solutio
603 1794 675 1820 est:
715 1788 838 1819 Omnes
878 1786 1028 1820 homines
1062 1788 1182 1820 debent

209 1831 364 1863 adiuvare
399 1832 612 1862 ministerium
648 1830 835 1873 Evangelii,
870 1837 1026 1872 quantum
1051 1833 1182 1862 omnino

210 1879 361 1915 possunt.
406 1873 513 1905 Debet
538 1873 796 1905 catechumenus
820 1871 963 1905 officium
987 1873 1050 1911 illi,
1075 1885 1093 1904 a
1117 1883 1182 1915 quo

211 1918 360 1948 docetur.
426 1916 514 1959 Ergo
555 1917 680 1947 etiamsi
721 1927 786 1947 non
822 1915 981 1947 voluisset
1022 1927 1183 1957 usurpare

211 1960 263 1991 ius
285 1961 393 2002 regis,
428 1965 536 1990 tamen
566 1966 601 1991 ut
624 1958 760 1990 Doctori
796 1958 968 1990 Ecclesiae
1003 1959 1184 1990 debebatur

211 2001 368 2039 officium,
390 2013 455 2044 quo
479 2009 603 2043 poterat
629 2002 731 2032 iuvari
757 2002 978 2032 ministerium.

300 2043 422 2077 Paulus
444 2045 564 2086 inquit:
603 2046 661 2082 Qui·
689 2046 768 2076 hene
794 2050 964 2085 praesunt,
992 2046 1111 2085 duple'ct‘
1131 2046 1184 2075 Ιιο-

211 2099 289 2121 nore
322 2090 412 2127 dtqni
443 2092 526 2119 mant.
583 2086 648 2118 lmo
682 2087 758 2118 alibi
794 2088 911 2129 inquit:
948 2089 995 2119 Ila
1023 2089 1183 2119 ordinm-ir

213 2134 379 2168 Dominus,
408 2136 452 2167 ut,
481 2132 536 2171 qui
562 2132 758 2162 annuntiant
780 2131 999 2170 Eranqeln'um,
1029 2135 1123 2161 etiam
1146 2132 1184 2162 de

213 2174 386 2214 Evawelt‘o
419 2175 534 2206 vivant.
596 2173 669 2204 Hoc
703 2173 831 2204 vitietur
864 2174 1010 2204 absurde
1044 2173 1183 2205 dit-tum:

235 2219 288 2249 uia
311 2216 527 2259 Evangelium
563 2226 628 2247 non
663 2216 761 2247 debet
790 2217 886 2247 nobis
916 2226 991 2247 esse
1019 2217 1183 2257 quaestui:

212 2229 326 2292 Z'oluit
360 2267 468 2291 tamen
503 2258 626 2291 Paulus
660 2259 704 2290 ita
742 2259 968 2301 significanter
1002 2258 1111 2300 loqui,
1151 2265 1183 2289 ut

213 2303 358 2335 sciamus
382 2303 495 2334 deberi
519 2302 723 2340 mercedem,
752 2308 784 2333 et
810 2303 1098 2333 renuti-icationem
1129 2301 1185 2332 do-

214 2347 310 2378 centi.
357 2345 479 2388 Magna
503 2352 555 2377 est
578 2345 777 2387 ingratitudo
807 2345 1002 2376 subtrahere
1031 2355 1185 2376 necessa-

213 2391 260 2421 ria
284 2388 421 2421 fideliter
444 2389 651 2421 docentibus.

301 2430 453 2474 Apostoli
477 2433 645 2472 imponunt
669 2429 834 2462 Christum
856 2432 962 2462 asino.
1015 2429 1050 2461 ld
1085 2430 1186 2472 signi-

215 2475 303 2512 fieat,
338 2475 425 2516 quod
459 2474 612 2506 Christus
646 2474 765 2505 debeat
797 2484 948 2516 regnare.
993 2473 1068 2514 lpse
1087 2473 1185 2503 debet

215 2518 367 2555 insidere,
392 2528 455 2548 non
480 2516 648 2559 Apostoli.
694 2517 872 2548 Auditores
902 2522 979 2548 sunt
1002 2516 1184 2547 deducendi

215 2561 256 2592 ad
292 2560 457 2592 Christum
491 2571 549 2601 per
582 2561 749 2591 ministros
782 2558 970 2602 Evangelii.
1011 2566 1046 2591 at
1074 2559 1116 2590 ab
1145 2569 1185 2590 eo

215 2610 374 2646 regantur
396 2610 428 2635 et
450 2603 711 2636 sanctificentur.

841 157 953 189 PfflL.
975 155 1078 190 MEL.
1100 157 1285 192 SCRIPTA
1307 157 1567 192 EXEGETlCA.

1203 450 1214 2637 ——-—.—————-——-————-———————————-·——————————————

1321 251 1404 284 Cum
1425 253 1574 294 procedit
1596 252 1761 295 Christus,
1784 255 1873 287 venit
1894 255 1922 287 ei
1942 256 2072 289 obviam
2089 267 2141 289 ma

1236 295 1344 332 turba,
1367 301 1401 326 et
1421 302 1568 337 praestat
1589 295 1637 328 illl
1661 298 1724 328 tria
1745 307 1869 339 genera
1898 297 2094 331 officiorum.
2166 302 2207 333 ri·

1236 348 1341 376 mum,
1375 338 1515 370 afferunt
1552 340 1581 370 ei
1614 350 1724 371 ramos
1758 339 1939 381 palmarum
1983 348 2015 373 et
2049 341 2206 375 olearum.

1236 379 1375 419 Deinde,
1399 382 1613 413 substernunt
1637 388 1759 414 vestes.
1804 382 1926 422 Tertio,
1957 382 2115 422 clamant3
2145 387 2207 418 llo-

1234 424 1351 497 sBa'anna
1374 425 1454 456 Filio
1479 424 1601 463 David·
1625 427 1810 458 benedictus
1836 430 1891 466 qui
1915 428 2003 459 venit
2025 431 2058 458 tn
2083 429 2208 460 nomine

1265 476 1370 498 mnam.

1235 629 1354 670 Unde
1377 638 1583 686 sumptum
1617 640 1687 679 est,
1721 633 1831 686 quod
1860 640 2022 686 gestant
2045 635 2206 676 ramos?

1320 719 1392 751 Fuit
1425 720 1508 752 haec
1542 724 1748 755 consuetudo
1782 723 1958 755 multarum
1981 726 2138 766 gentium,
2171 733 2205 758 tn

1233 763 1265 793 in
1285 762 1456 804 triumphis
1479 770 1688 806 gestarentur
1711 767 1804 803 rami,
1827 777 1887 798 seu
1911 765 2046 798 frondes
2069 769 2205 800 istarum

1234 805 1400 836 arborum.
1462 806 1583 838 Adhuc
1616 809 1648 839 in
1683 807 1791 840 multis
1824 810 1972 850 partibus
2007 810 2205 843 Germaniae

1233 848 1388 879 usitatum
1412 855 1480 886 est,
1514 856 1548 880 ut
1570 860 1684 882 mense
1706 850 1794 882 Maio
1824 852 1988 883 mittantur
2011 851 2204 885 scholastici

1233 891 1275 921 ad
1313 889 1449 922 frondes
1489 891 1699 929 afferendas,
1745 893 1816 926 Dru
1848 896 1975 927 lueis-ren
2013 899 2060 927 eie
2092 898 2206 936 Μέγα

1232 935 1334 965 bolen.
1378 936 1489 975 Meyen
1522 941 1598 966 sunt
1631 936 1709 967 rami
1744 937 1915 974 arborum,
1948 938 2002 979 qui
2032 944 2206 980 gestantur

1233 975 1377 1007 laetitiae
1396 987 1508 1015 causa,
1541 985 1574 1009 et
1597 979 1716 1019 quibus
1746 986 1904 1010 ornantur
1927 979 2065 1021 templa,
2097 987 2129 1012 et
2153 991 2207 1012 να

1233 1017 1354 1050 stibula
1384 1020 1523 1051 aedium.
1579 1020 1676 1061 Apud
1711 1023 1862 1052 loannem
1895 1029 2076 1063 usutpatur
2108 1033 2207 1054 voca-

1234 1061 1344 1093 bulum
1377 1063 1467 1102 βάϊα,
1500 1073 1572 1103 cap.
1600 1063 1662 1101 12„
1695 1064 1737 1095 ab
1771 1063 1835 1095 hoc
1869 1063 2025 1095 fortassis
2058 1071 2108 1096 aet
2141 1075 2207 1097 vox

1233 1105 1430 1136 Germanica
1442 1107 1553 1146 Meyen
1565 1117 1575 1141 :
1598 1107 1705 1148 quiafl
1717 1113 1748 1137 et
1759 1120 1782 1145 μ
1800 1115 1874 1138 sunt
1894 1105 2006 1138 literae
2025 1114 2206 1150 cognatae:

1232 1147 1294 1178 nisi
1331 1146 1424 1178 malis
1458 1148 1609 1180 derivare
1633 1159 1652 1180 a
1677 1159 1791 1180 mense
1814 1148 1914 1181 Maio.
1970 1148 2022 1181 De
2043 1151 2137 1182 cuius
2161 1158 2207 1182 ta—

1232 1199 1307 1221 men
1331 1189 1542 1232 Etymologia
1567 1201 1682 1221 rursus
1706 1193 1820 1233 quaeri
1845 1199 1967 1233 potest.

1234 1352 1343 1403 Quid
1387 1353 1586 1407 significat:
1630 1355 1848 1408 procedere
1896 1369 1988 1394 cum
2031 1356 2128 1394 oleis
2167 1364 2209 1395 et.

1635 1430 1802 1485 palmis‘?

1318 1528 1531 1570 Respondeo.
1584 1529 1772 1561 Procedere
1802 1541 1876 1562 eum
1905 1528 2010 1567 oleis,
2041 1529 2207 1572 significat

1232 1578 1345 1612 petere
1378 1582 1509 1614 pacem:
1549 1573 1733 1613 procedere
1765 1582 1839 1604 eum
1873 1571 2009 1614 palmis,
2043 1572 2208 1615 signifieat

1232 1615 1414 1665 victoriam.
1455 1613 1508 1646 De
1530 1625 1626 1656 pace,
1647 1625 1746 1657 quam
1768 1621 1997 1657 repraesentat
2019 1613 2106 1654 olea,
2129 1615 2208 1647 diei-

1233 1663 1286 1690 tur
1307 1668 1340 1689 ιη
1364 1668 1485 1690 versu:

1439 1735 1479 1740 —
1503 1735 1544 1740 -
1567 1719 1641 1749 Pas:
1662 1721 1782 1758 optima
1804 1727 1913 1749 rernm

1366 1760 1453 1798 Quas
1485 1761 1605 1792 laomim·
1636 1763 1762 1792 not-ine
1795 1761 1920 1799 datium
1951 1769 2022 1801 pas
2054 1770 2120 1792 m
2150 1763 2208 1792 en·-

1404 1804 1530 1843 umpln‘s

1361 1847 1546 1878 Innumerae
1565 1849 1682 1886 potior.
1710 1865 1743 1869 -—

1320 1913 1379 1944 Est
1403 1914 1489 1955 apud
1512 1913 1640 1945 Livium
1668 1915 1700 1944 in
1730 1913 1866 1945 historia
1888 1913 2064 1954 Scipionis.
2108 1912 2207 1946 Mite·

1236 1962 1348 1988 serunt
1372 1956 1655 1997 Carthaginenses
1684 1957 1792 1988 navim
1823 1967 1895 1988 cum
1925 1955 2045 1993 legatis
2070 1957 2112 1988 ad
2138 1955 2208 1988 sei-

1236 2001 1366 2041 pionem
1406 2000 1537 2041 petitum
1578 2009 1703 2040 pacem.
1771 1999 1816 2029 lbi
1861 1989 2052 2039 speculator
2090 1999 2209 2031 videm

1237 2043 1348 2073 venire
1371 2052 1485 2075 naves.
1508 2042 1628 2073 indicat
1652 2042 1736 2073 duci.
1781 2041 1957 2073 Promovet
1982 2042 2080 2083 igitur
2097 2041 2210 2083 Scipio

1237 2096 1315 2116 suas
1339 2095 1470 2126 quoque
1494 2095 1608 2115 naves.
1653 2085 1719 2116 Sed
1745 2095 1816 2115 cuni
1849 2083 1894 2115 illi
1923 2085 2061 2126 propius
2094 2094 2209 2116 acceo·

1236 2129 1378 2165 sissent,
1409 2128 1487 2158 vidit
1522 2126 1713 2169 speculator
1746 2129 1778 2159 in
1809 2138 1923 2168 prora,
1957 2137 2018 2159 seu
2045 2128 2209 2159 anteriore

1237 2177 1329 2212 parte
1365 2171 1459 2201 navis
1493 2181 1617 2202 ramum
1662 2169 1766 2202 oleae.
1833 2169 1867 2201 ld
1903 2181 1974 2202 cum
2019 2170 2210 2208 indicasset,

1237 2214 1321 2245 sistit
1352 2214 1465 2254 Scipio
1488 2224 1567 2244 suas
1592 2224 1711 2248 ηιμ-ρᾶς
1735 2213 1809 2255 quia
1833 2211 1991 2245 intellexit
2015 2223 2075 2244 eos
2098 2214 2210 2245 venire

1237 2258 1278 2288 ad
1302 2257 1474 2297 petendam
1497 2265 1623 2297 pacem.
1681 2256 1752 2287 Fuit
1780 2256 1878 2297 igitur
1907 2255 2112 2287 consuetudo
2135 2256 2210 2294 ista,

1238 2307 1280 2337 ut,
1315 2311 1388 2330 cum
1411 2297 1510 2341 aliqui
1534 2299 1662 2340 petituri
1696 2305 1810 2330 essent
1843 2309 1976 2339 pacem,
2011 2298 2210 2330 accederent

1237 2344 1278 2415 nit
1313 2343 1496 2378 danninum,
1531 2352 1551 2373 a
1573 2351 1639 2384 quo
1658 2341 1800 2383 petenda
1833 2349 1903 2373 erat
1926 2351 1990 2383 pax
2014 2351 2089 2374 cum
2112 2342 2210 2373 rami·

1237 2396 1256 2417 o
1272 2395 1340 2417 eae.

1324 2427 1458 2459 Palmae
1480 2433 1599 2458 natura
1622 2434 1690 2464 est,
1723 2433 1757 2458 ut
1781 2432 1936 2468 assurgat
1967 2432 2084 2457 contra
2106 2435 2209 2459 onan:

1238 2478 1270 2502 et
1294 2478 1344 2502 est
1367 2470 1489 2512 alioqui
1513 2469 1662 2501 durabile
1686 2469 1824 2511 lignum:
1848 2470 1921 2500 ideo
1942 2469 2118 2511 antiquitas
2135 2478 2209 2500 cum

1238 2515 1312 2545 iecit
1336 2512 1565 2550 fundamenta,
1599 2513 1674 2545 tecit
1703 2523 1744 2545 ea
1776 2523 1815 2544 ex
1846 2510 1929 2554 palis
1949 2510 2148 2553 palmarum:
2175 2517 2210 2543 ut

1238 2558 1353 2589 scribit
1376 2555 1572 2598 Xenophon.

1322 2599 1405 2632 Cum
1439 2599 1538 2642 igitur
1571 2597 1740 2639 preferant
1762 2597 1896 2630 Christo
1930 2607 2040 2629 ramae
2063 2595 2209 2629 &arun
