2324 2958
151 151 214 184 447

152 249 248 286 perat
270 243 369 281 dona,
389 241 558 280 iustitiam,
593 247 626 272 et
647 240 760 279 vitam,
789 246 826 272 ut
847 244 1064 272 conservaret
1086 248 1126 270 ea

147 287 212 318 toti
235 285 433 327 posteritati.
450 283 526 317 ‘Sed
546 288 721 326 superatus
744 289 796 314 est
818 282 925 314 Adam
947 281 1126 313 tentatione

148 330 401 366 satanae,·eum
419 324 630 369 *sollicitaret
660 336 734 357 eum
757 324 932 362 Diabolus,
953 325 985 355 in
1008 329 1125 355 natura

150 370 263 403 adhuc
284 369 672 411 integrasadmimtione
704 368 884 409 sapientiae
907 372 940 398 et
962 364 1124 398 excellen-

151 413 230 450 tiae,
250 419 286 444 et
308 413 696 453 ‹undositate-appetente
717 409 891 452 prohibita.
1064 436 1067 438 .
1111 431 1113 433 -

238 454 318 487 Erat
342 453 421 486 illud
529 460 671 487 mentum
694 451 790 484 valde
813 452 1021 493 speciosum,
1051 460 1125 482 cum

152 497 231 530 dixit
255 496 435 529 Diabolus:
457 498 559 529 Eritis
580 500 663 529 sic-ra
683 497 747 527 Dii.
793 493 920 536 Singuli
938 493 1126 525 intueantur

151 550 232 572 suos
254 538 382 581 lapsus,
403 540 587 572 et--discant
611 549 651 570 ex
674 544 832 580 perpetua
844 536 982 568 historia
999 536 1123 574 mundi,

151 593 250 625 quam
272 581 371 616 facile
401 581 669 615 manthomines
698 580 810 622 specie
833 589 973 620 magnae
994 578 1125 619 sapien-

152 627 227 658 tiae.

237 668 312 700 Fuit
345 674 455 700 autem
488 668 521 698 in
548 667 652 708 prima
681 663 736 697 illa
760 664 938 696 tentatione
959 659 1124 695 Diabolus

152 712 270 749 victor,
292 717 325 742 et
348 711 453 742 Adam
471 708 578 742 factus
602 714 653 741 est
675 708 774 740 totius
797 706 1000 748 posteritatis
1023 706 1125 737 homi-

153 754 239 786 cida.

240 796 307 828 Sed
330 796 362 827 in
386 794 450 826 hac
472 794 579 826 altera
601 803 760 834 persona,
782 792 813 823 id
837 798 898 828 est,
922 792 954 822 in
977 789 1126 829 Christo,

154 838 318 871 Diabolus
352 839 468 870 iterum
491 837 643 874 vincitur,
676 835 772 867 huius
798 834 853 865 filii
885 834 1070 865 obedientia
1093 841 1125 864 et

153 882 291 913 victoria
314 888 364 912 est
387 886 513 917 nostra,
538 880 570 910 id
594 886 656 916 est,
680 869 913 920 propterffiunc
925 875 1039 907 Filium
1057 877 1125 907 vin-

154 930 294 962 centem,
318 923 491 964 recipimur
513 928 545 954 et
567 923 715 953 iuvamur
737 930 810 958 nos,
833 927 865 951 et
888 921 960 960 ipse
983 920 1015 950 in
1028 919 1125 950 nobis

153 968 267 999 vincit:
303 967 387 997 sicut
421 965 523 1006 inquit
557 963 721 996 lohannes
753 964 796 1002 [1.
826 962 920 1003 epist.
945 961 1006 1001 3.]:
1025 964 1127 994 Filius

154 1011 217 1041 Dei
237 1012 398 1050 apparuit,
423 1013 457 1039 ut
477 1009 624 1040 destruat
645 1017 744 1047 opera
770 1006 906 1038 Diaboli.

240 1052 312 1083 Hoc
346 1050 570 1082 dulcissimum
603 1051 723 1082 dictum
746 1050 788 1080 sit
812 1049 908 1079 nobis
931 1049 962 1079 in
987 1057 1124 1089 conspe-

154 1102 225 1131 ctu;
259 1095 345 1136 quod
369 1095 499 1135 quidem
523 1099 575 1124 est
597 1092 761 1124 enarratio
796 1091 919 1133 primae
941 1089 1028 1121 illius
1050 1100 1127 1130 pro·
1150 1114 1152 1117 .

153 1138 338 1177 missionis:
363 1137 478 1169 Semen
500 1137 646 1168 mulieris
667 1139 809 1167 conteret
840 1138 942 1173 capnt
957 1136 1127 1173 serpentia.

239 1179 328 1210 ldem
351 1179 470 1210 dicitur
492 1185 525 1210 et
547 1178 612 1210 hoc
636 1178 724 1210 dicto
749 1176 932 1216 [1011.10.]:
954 1177 1053 1208 Nemo
1075 1186 1128 1207 ra-

150 1226 220 1263 piet
238 1232 313 1254 ovet
333 1232 377 1254 ea:
399 1223 546 1254 manibus
566 1224 654 1253 meis.
721 1220 828 1252 Utitur
849 1219 962 1250 verbis
995 1217 1127 1259 empha-

153 1265 241 1297 ticis:
271 1264 384 1302 Nemo,
418 1264 540 1305 inquit,
573 1267 688 1303 rapiet.
728 1261 900 1304 Significat
931 1261 1029 1303 igitur
1061 1271 1128 1292 ma-

153 1318 254 1350 gnum
277 1317 355 1339 esse
376 1314 555 1339 certamen.
622 1304 743 1337 Postea
772 1305 875 1336 addit:
909 1313 950 1336 ea:
983 1304 1129 1335 manibus

153 1352 242 1388 mech,
271 1357 306 1381 ut
325 1351 438 1390 pingat
462 1349 681 1391 gestationem
710 1347 898 1384 Ecclesiae,
921 1354 1018 1387 quam
1041 1345 1128 1377 filius

153 1392 216 1424 Dei
239 1403 298 1424 ceu
322 1402 419 1423 manu
442 1402 503 1423 sua
527 1392 643 1422 retinet
666 1391 698 1421 in
721 1395 788 1421 tam
807 1388 1018 1421 horribilibus
1042 1386 1129 1420 suro·

152 1437 245 1467 ribus
278 1433 421 1472 Diaboli,
457 1440 490 1466 et
511 1435 543 1465 in
566 1434 665 1464 tantis
689 1433 828 1470 insidiis,
852 1433 971 1473 quibus
994 1431 1128 1463 astutis-

152 1480 234 1510 sime
257 1484 398 1509 conatur
420 1475 582 1509 Diabolus
606 1482 754 1507 evertere
777 1473 973 1507 Ecclesiam.

237 1521 468 1562 Adiungamus
485 1525 518 1550 et
535 1517 609 1550 illas
632 1519 813 1550 sententias
838 1517 932 1555 [Luc.
955 1517 1037 1555 221:
1061 1517 1127 1556 Eyo

152 1567 264 1605 royaoi
281 1573 345 1603 pro
366 1568 407 1601 te,
430 1573 471 1594 ne
492 1563 621 1601 defluat
638 1563 720 1600 fides
743 1565 805 1593 tua.
839 1562 928 1597 Item,
955 1561 1063 1599 Orate,
1086 1569 1127 1592 ne

153 1611 282 1639 intrette
314 1609 347 1637 in
364 1608 596 1644 «tentationem,
630 1605 662 1635 id
696 1611 760 1642 est,
794 1613 835 1635 ne
869 1602 1055 1640 vincamini,
1085 1612 1126 1634 ne

153 1649 378 1682 succumbatis
402 1648 583 1681 tentationi.
608 1646 846 1689 confugiamus
868 1647 912 1677 ad
934 1644 1034 1678 filium
1051 1644 1126 1684 Dei,

153 1699 188 1724 et
209 1692 397 1728 nominatim
419 1690 640 1732 petamusub·
657 1699 713 1721 eo:
737 1689 877 1721 Domine
895 1688 971 1720 lesu
981 1687 1125 1725 Christe,

153 1735 208 1776 qui
231 1741 375 1766 tentatus
399 1744 438 1765 es
459 1740 645 1774 propterea,
662 1741 665 1744 ’
680 1739 714 1763 ut
736 1733 930 1763 ostenderes
957 1731 1126 1762 victoriam

154 1784 270 1809 contra
294 1774 482 1813 Diabolum,
505 1783 537 1807 et
560 1776 614 1817 qui
639 1775 762 1806 dixisti:
797 1785 892 1806 nemo
917 1774 1021 1815 rapiet
1045 1782 1125 1804 oves

154 1830 244 1852 meas
280 1830 320 1851 ex
353 1819 504 1850 manibus
528 1819 626 1856 meis,
649 1817 778 1860 depelle
801 1828 821 1848 a
843 1817 939 1849 nobis
963 1814 1127 1848 Diabolus

154 1863 276 1936 hostes!
303 1869 388 1899 tuOS,
423 1871 504 1903 rege
538 1871 619 1898 nos,
654 1868 684 1892 et
720 1861 806 1892 muni
842 1866 957 1891 contra
991 1859 1124 1890 insidias

157 1905 263 1937 Diabo
279 1906 298 1937 i.

159 2071 451 2125 Antagonistae
496 2069 707 2110 Certantes
746 2069 848 2108 inter
887 2082 928 2107 se
975 2067 1013 2107 in
1054 2067 1127 2107 hac

555 2147 644 2186 hist«
651 2146 727 2185 aia.

243 2248 321 2278 Post
348 2246 432 2277 banc
456 2244 667 2277 collationem
687 2245 803 2276 Adami
834 2251 864 2275 ct
894 2241 1032 2280 (hi-isti,
1067 2244 1128 2273 iam

157 2293 339 2323 intueamur
361 2290 458 2321 etiam
482 2299 658 2329 personam
683 2286 830 2321 Diaboli.
867 2287 952 2318 sicut
974 2286 1006 2316 iu
1031 2285 1129 2316 histo-

158 2335 214 2366 riis
238 2333 451 2364 certaminum
476 2332 727 2363 considerantur
747 2340 910 2372 personne.
946 2340 965 2360 ο
991 2330 1129 2370 positae,

158 2384 191 2408 ut
215 2386 289 2408 cum
303 2376 563 2417 congrediuntur
582 2374 705 2406 Hector
728 2381 759 2406 et
783 2371 943 2409 Achilles,
985 2370 1129 2403 lat-nibal

158 2428 187 2449 et
213 2420 334 2459 Scipio.

244 2461 302 2491 Est
327 2468 433 2492 autem
448 2459 609 2491 Diabolus
622 2459 815 2491 Substantia
828 2455 1019 2499 spiritualis,
1069 2467 1129 2488 uae

161 2505 332 2535 cumbona
357 2510 467 2534 creata
491 2510 592 2541 osset,
615 2501 765 2534 dest-cita
780 2500 865 2533 Deo.
890 2507 918 2531 ct
944 2511 1030 2530 nunc
1044 2468 1129 2530 (lior-

161 2546 244 2578 ribili
268 2547 343 2577 odio
370 2546 429 2577 Dei
454 2546 564 2583 ardet,
598 2554 626 2576 et
652 2553 685 2577 ut
709 2554 812 2587 aegre
837 2543 908 2577 Deo
934 2542 1048 2578 facim.
1083 2542 1130 2574 l'u—

161 2598 268 2621 rentcr
292 2590 472 2620 insectatur
498 2588 696 2625 Ecclesiam,
718 2594 750 2619 et
773 2589 803 2618 in
834 2593 902 2618 toto
926 2596 1049 2628 genere
1073 2586 1130 2618 liu-

782 145 1029 181 Prma..m².1..·
1045 145 1233 179 SCRIPTA
1247 144 1517 179 EXBGETICA.

2083 150 2148 183 448

1169 248 1274 289 ,mano
1307 238 1459 290 cumulat.
1484 240 1615 291 omnia,
1639 248 1727 282 quae
1742 238 1925 281 displicuit
1946 240 2033 280 Deo,
2057 242 2147 294 calu-

1168 281 1698 366 Riffiffi’xffiss’vzz‘ffi
1717 281 1981 367 ῗῗοῗῧᾞὶἶεῗιῗῗ
1983 290 2149 359 ‘1335ss

1174 367 1218 398 ad
1239 365 1473 405 Idololatriam,
1495 372 1532 399 et·
1548 366 1723 399 horribilia
1741 365 1884 400 scelera.
2048 386 2062 398 .-

1260 425 1287 457 E
1311 426 1313 428 ’
1366 426 1496 458 memini
1529 426 1717 468 quendam,
1744 423 1800 469 q'ui
1825 427 1968 469 negabat
1986 424 2150 461 Diaboltia

1176 478 1253 501 esse
1308 467 1397 510 iquid
1415 469 1612 500 subsistens.
1678 468 1876 501 Nominabat
1899 471 2003 502 bonas
2027 471 2150 513 cogita·

1176 512 1284 543 tiones
1307 510 1448 554 angelos
1473 512 1597 547 bon0s;
1627 511 1733 544 malas
1763 513 1984 554 cogitationes
2006 514 2150 546 vocabat

1175 553 1282 586 malos
1304 553 1456 596 angelos.
1500 553 1569 586 Sed
1591 564 1668 586 esse
1690 552 1874 593 Diabolos,
1908 555 2065 597 probatur
2087 557 2151 598 pri-

1175 606 1263 628 mum
1285 606 1326 628 ex
1348 595 1534 628 visibilibus
1557 595 1716 638 exemplis
1741 595 1968 629 obsessorum.

1261 649 1386 683 Multos
1420 650 1570 684 homines
1606 649 1737 687 obsidet
1770 651 1936 685 Diabolus
1959 646 2149 689 visibiliterz

1179 699 1277 725 vexat
1290 701 1322 725 et
1333 692 1451 736 affligit
1464 693 1664 726 horribiliter
1674 693 1804 727 illorum
1825 705 1966 737 corpora
1976 707 1994 732 3-
2008 697 2150 729 abutitur

1177 736 1338 768 membris
1350 735 1489 775 illorum,
1502 735 1686 779 etloquitur
1694 747 1752 779 per
1767 748 1835 770 eOS.
1848 734 1940 770 Talia
1947 738 2150 780 spectacula,

1178 785 1354 821 quaesunt
1374 777 1474 811 valde
1485 778 1656 817 terribilia,
1680 790 1784 822 saepe
1808 788 1997 812 cernuntur.
2044 781 2152 823 Prope

1176 822 1414 895 LurLeburgm
1448 827 1520 853 erat
1551 821 1669 854 mulier
1692 824 1835 855 obsessa
1857 822 1999 865 loquens
2024 824 2152 856 Graece

1177 871 1209 896 et
1261 870 1362 895 atine.

1262 919 1393 951 Deinde
1410 919 1571 961 praebent
1593 929 1630 951 se
1651 919 1784 953 Diaboli
1813 930 2047 963 nonnunquam
2071 932 2150 954 con·

1176 962 1377 1005 spiciendes.
1423 961 1562 997 Quidam
1586 962 1716 994 dicebat
1738 973 1776 995 se
1799 964 1910 996 videre
1938 971 2058 996 tectum
2081 964 2152 1006 ple·

1177 1016 1254 1038 num
1288 1003 1517 1037 Diabolorum.
1582 1004 1644 1037 Hic
1677 1012 1816 1037 mortem
1844 1007 1907 1037 sibi
1936 1014 2052 1047 postea
2073 1016 2151 1038 con-

1177 1049 1287 1080 scivit.
2058 1060 2061 1063 ·

1265 1090 1454 1123 Cernuntur
1475 1097 1509 1122 et
1531 1089 1620 1122 facta
1642 1089 1871 1129 Diabolorum,
1893 1097 1928 1122 ut
1950 1089 2065 1122 mulier
2087 1089 2153 1129 bic,

1177 1140 1254 1166 aute
1272 1132 1406 1171 bellum,
1429 1134 1582 1171 obsessa,
1605 1134 1637 1164 in
1651 1134 1824 1175 puerperio
1837 1133 2053 1165 interficiebat
2065 1133 2151 1165 duos

1177 1187 1312 1218 pueroS.
1345 1181 1461 1217 postea
1494 1176 1708 1217 interrogata,
1744 1177 1824 1207 dixit
1847 1186 1885 1208 se
1906 1177 2051 1214 nescire,
2073 1186 2153 1218 quo-

1178 1220 1279 1251 modo
1303 1219 1388 1250 haec
1409 1217 1499 1250 sacta
1523 1218 1674 1250 fuissent.

1264 1261 1330 1293 Alii
1348 1262 1445 1293 etiam
1466 1261 1558 1293 multi
1581 1260 1730 1293 homines
1753 1271 1823 1292 non
1846 1261 1998 1293 videntur
2010 1262 2154 1299 obsessi,

1178 1311 1214 1336 ut
1237 1304 1348 1342 ludas,
1371 1304 1426 1345 qui
1448 1310 1556 1335 tamen
1579 1313 1695 1335 revera
1718 1310 1790 1336 erat
1811 1304 1994 1342 obsessus,
2024 1311 2058 1336 ut
2086 1310 2154 1336 tex-

1179 1353 1233 1378 tus
1268 1347 1360 1379 dicit:
1391 1346 1532 1378 Intravit
1552 1349 1587 1378 in
1609 1356 1682 1378 eum
1703 1346 1855 1378 Satanas.
1922 1345 2068 1378 Currunt
2089 1348 2153 1378 iam

1179 1388 1313 1422 fanatici
1336 1388 1497 1427 homines,
1521 1387 1638 1430 quales
1661 1395 1739 1421 sunt
1763 1388 2002 1430 Anabaptistae
2031 1396 2064 1421 et
2086 1387 2153 1427 alii,

1179 1433 1233 1474 qui
1257 1442 1374 1464 revera
1396 1438 1474 1463 sunt
1498 1431 1659 1462 obsesssi.
1705 1431 1740 1462 ld
1763 1438 1899 1472 apparet
1923 1438 2000 1463 tunc
2023 1432 2155 1474 potissi—

1177 1486 1275 1514 mum,
1298 1475 1429 1517 quando
1453 1474 1710 1510 incanduerunt;
1735 1480 1801 1505 tum
1820 1474 1905 1506 enim
1918 1484 2059 1516 prorsus
2073 1474 2154 1506 fiunt

1178 1518 1296 1556 insani,
1319 1523 1351 1549 et
1373 1516 1542 1549 effundunt
1563 1515 1776 1558 blasphemas
1799 1526 1913 1549 voce&

1264 1560 1408 1592 Fanatici
1431 1559 1551 1591 habent
1574 1569 1692 1591 nomen
1712 1558 1766 1591 vel
1784 1570 1804 1590 a
1827 1561 1926 1598 Fano,
1948 1558 2001 1590 vel
2026 1569 2045 1590 a
2063 1560 2152 1598 Far-1¹,

1177 1604 1254 1646 quia
1276 1604 1422 1635 iactitant
1443 1612 1524 1637 snas
1547 1603 1708 1644 quasdam
1730 1601 1932 1643 prophetias.

1179 1689 1199 1721 b
1224 1688 1234 1720 ¹
1262 1646 1354 1678 Haec
1387 1651 1464 1677 sunt
1494 1643 1635 1676 visibilia
1658 1645 1856 1683 testimonia,
1881 1644 1968 1686 quod
1987 1644 2052 1676 sint
2073 1643 2151 1675 Dia-

1202 1700 1222 1721 0
1237 1700 1257 1720 ¹·
2055 1705 2060 1718 Ζ

1197 1757 1199 1762 t
1236 1756 1238 1761 .
1262 1731 1386 1764 Postea
1405 1729 1545 1804 fflufim
1565 1735 1644 1762 sunt
1666 1730 1753 1762 dicta
1771 1729 1976 1771 scriptume,
2022 1735 2092 1762 uae>
2106 1728 2152 1761 lo·

1179 1780 1322 1816 quuntur
1343 1775 1392 1806 de·
1441 1784 1503 1814 psu
1526 1780 1570 1804 et·
1587 1773 1679 1804 rabie
1701 1771 1931 1804 Diabolomm.
1952 1792 1954 1794 v
2028 1771 2152 1805 hristus

1179 1817 1274 1848 dicit:
1302 1818 1434 1855 Quando
1459 1817 1609 1849 Diabolus
1631 1817 1830 1847 mendacium
1848 1817 1995 1855 quuimr,
2017 1825 2061 1847 ea·
2079 1825 2153 1856 pro-

1175 1863 1265 1901 priis
1297 1862 1444 1899 loquitur.
1511 1857 1678 1890 Discernit
1712 1859 1929 1889 substantiam
1952 1856 2098 1896 Diaboli,
2120 1865 2152 1889 et

1179 1904 1258 1934 vitia
1281 1908 1394 1934 secuta
1419 1908 1494 1942 post
1517 1899 1654 1941 lapsum.
1723 1900 1844 1932 Postea
1873 1901 1975 1938 addit,
1998 1901 2087 1942 quod
2110 1901 2151 1932 sit

1180 1946 1322 1987 Spiritus
1345 1946 1485 1976 mendax
1509 1951 1539 1975 ct
1564 1943 1736 1975 homicida.

1266 1988 1318 2019 Ad
1342 1988 1544 2018 mendacium
1559 1985 1719 2018 reseiatur
1743 1985 1940 2024 idololatria,
1965 1984 2072 2028 qualis
2094 1985 2153 2018 [uit

1179 2031 1266 2072 apud
1289 2030 1459 2067 Etlinicos,
1483 2037 1512 2061 et
1537 2029 1644 2061 adhuc
1668 2036 1718 2060 est
1741 2030 1771 2060 in
1797 2029 1932 2069 l‘apatu.
1978 2030 2082 2064 Quam
2102 2037 2150 2060 est

1181 2072 1347 2105 horribilis
1372 2084 1426 2103 res
1449 2073 1612 2103 invocatio
1636 2072 1849 2104 sauctorum?
1895 2071 1933 2103 Et
1957 2082 2153 2113 quamquam

1182 2127 1247 2147 non
1284 2115 1395 2147 volunt
1432 2116 1533 2146 videri
1569 2114 1733 2156 l'apistac‚
1767 2115 1855 2156 quod
1893 2121 2036 2145 statuant
2063 2114 2152 2156 ipsas

1182 2165 1308 2190 statuas
1342 2169 1419 2190 esse
1452 2158 1572 2196 Deum,
1606 2164 1713 2190 tamen
1737 2168 1856 2199 magna
1880 2155 2067 2189 idololatria
2089 2164 2153 2194 est,

1181 2202 1267 2244 quod
1289 2209 1400 2242 putant
1421 2200 1527 2233 Deum
1550 2201 1591 2232 ad
1616 2200 1712 2237 lianc,
1738 2199 1787 2231 vel
1813 2199 1900 2231 illam
1925 2207 2065 2231 statuam
2088 2210 2153 2231 mn-

1182 2245 1233 2318 gis
1265 2256 1340 2275 csso
1375 2250 1581 2285 praesentem
1614 2249 1646 2274 et
1679 2244 1865 2284 propitium,
1901 2253 1997 2284 quam
2027 2243 2058 2273 iu
2088 2240 2153 2273 alio

1197 2298 1268 2318 nco.

1269 2330 1320 2361 Ad
1344 2329 1551 2361 homicidium
1567 2327 1727 2360 reseratur
1749 2332 1984 2368 ἐποχωρειαιίσ.
2032 2325 2152 2358 Diabo-

1183 2372 1233 2404 lus
1257 2381 1303 2404 est
1340 2383 1440 2404 causa
1472 2371 1704 2403 calamitatum:
1740 2369 1865 2402 lacerat
1895 2379 2028 2412 quoquo
2057 2369 2153 2401 modo

1184 2416 1382 2449 tivctcsiam:
1406 2422 1436 2447 et
1484 2415 1578 2447 audet
1604 2415 1634 2446 in
1659 2413 1897 2445 calamitatibus
1922 2414 2100 2450 honorum,
2122 2419 2154 2444 ct

1183 2458 1313 2490 insultat
1339 2460 1398 2490 eis.
1500 2457 1624 2489 istraliit
1660 2457 1831 2499 coniuges,
1855 2454 1953 2489 tilios.
1981 2461 2153 2496 parentes:

1184 2503 1292 2533 incitat
1318 2502 1467 2533 homines
1496 2501 1538 2532 nd
1569 2500 1689 2531 caedes
1720 2506 1865 2536 titutum,
1888 2506 1919 2530 ct
1943 2497 2024 2529 hacc
2048 2498 2155 2529 omnia

1184 2543 1259 2576 facit
1282 2551 1404 2576 tantum
1429 2545 1504 2575 odio
1519 2542 1592 2576 Dei.
1616 2553 1688 2574 cum
1712 2543 1739 2573 ei
1761 2541 1837 2573 nihil
1855 2542 1971 2582 prosit.
1993 2541 2057 2572 imo
2081 2541 2154 2581 ipsc

1184 2586 1326 2619 cumulat
1351 2589 1430 2619 iram
1455 2587 1515 2619 Dci
1539 2593 1570 2617 ct
1596 2595 1721 2627 {menas
1746 2595 1835 2617 suns.
