2324 2958
206 207 272 240 299

208 302 280 334 eius
304 299 503 337 admiratus,
532 297 671 331 alteram
699 297 746 330 illi
773 308 815 331 ex
845 296 976 331 filiabus
1000 308 1073 330 curn
1096 298 1190 339 regni

283 354 302 375 e
335 353 473 374 uxorem
507 342 605 373 dedit.
652 341 749 377 Quod
789 352 864 374 cum
897 342 1045 374 audisset
1082 340 1190 371 Praeti

209 387 350 423 Coniux,
374 384 595 417 Schenobaea
618 384 698 424 (hoc
722 385 809 417 enim
831 394 952 417 nomen
975 385 1004 415 ei
1027 382 1102 419 fuit)
1128 383 1191 414 sibi
1215 401 1217 413 2

208 431 272 472 ipsi
295 435 432 460 mortem
456 429 629 459 conscivit.

297 471 382 503 Sunt
405 469 557 512 exempla
580 471 743 503 castitatis
768 470 924 502 divinitus
944 475 1079 501 ornatae
1097 478 1191 509 prae·
1216 487 1217 494 κ

335 513 430 545 Deus
454 520 567 546 castos
591 514 735 546 adiuvat.

295 556 421 589 Verum
451 555 733 598 Bellerophontes
768 555 858 587 felici
887 564 996 586 rerum
1027 563 1191 585 successu

209 600 333 639 elatus,
364 610 438 632 cum
461 600 495 631 in
519 599 648 632 coelum
672 597 807 631 evolare
831 609 904 630 cum
929 596 1061 639 Pegaso
1091 607 1191 629 cona-

207 651 312 682 retur,
333 643 482 675 immisso
505 653 525 674 a
553 642 630 675 love
655 648 786 681 aestro,
817 651 902 683 equo
933 649 1097 672 excussus
1127 646 1191 678 est,

209 693 243 719 et
267 685 375 718 fracto
398 692 502 726 tarso,
524 696 584 717 seu
603 687 689 727 pede
707 686 784 723 imo,
807 690 924 726 postea
942 682 1082 714 claudus
1100 693 1191 714 man-

209 731 253 762 sit
282 730 314 760 in
342 730 430 760 omni
462 730 538 761 vita.
584 729 697 760 Incidit
731 729 827 759 etiam
862 727 894 758 in
925 724 1190 758 melancholiam.

208 772 362 815 Vagatus
385 778 437 803 est
458 770 553 804 solus
576 773 608 803 in
631 771 739 813 agris,
767 771 840 811 ipse
869 780 964 801 suum
993 779 1052 800 cor
1075 770 1190 807 edens,

208 815 375 847 hominum
399 816 542 858 vestigia
565 815 689 852 vitans,
719 819 753 845 ut
780 813 885 855 inquit
908 812 1084 844 Homerus.
1130 811 1190 843 Pe-

209 868 328 901 gasum
352 857 473 900 Iupiter
496 856 662 889 transtulit
685 857 716 888 in
741 855 887 894 coelum,
918 862 950 887 et
974 856 1058 886 inter
1081 856 1192 887 sidera

208 902 369 943 reposuit.

299 944 442 982 Videtis,
476 943 641 985 quomodo
676 943 876 973 misceantur
908 942 1058 983 poeticae
1090 940 1190 982 phan-

209 988 328 1025 tasiae,
352 988 412 1018 sed
436 994 543 1018 tamen
568 987 685 1017 subest
708 984 831 1027 aliquid
853 984 1065 1023 historicum,
1090 991 1122 1016 et
1144 985 1192 1015 in-

208 1029 345 1062 volutae
368 1035 444 1061 sunt
469 1040 522 1061 res
547 1028 800 1070 pulcherrimae.

296 1074 447 1115 Pegasus
465 1073 630 1115 significat
646 1072 814 1103 heroicam
832 1068 1056 1102 fortitudinem
1072 1076 1104 1102 et
1116 1080 1192 1111 pro·

209 1116 402 1157 speritatem
432 1116 464 1146 in
493 1116 592 1147 rebus
621 1114 750 1157 magnis
782 1113 948 1157 gerendiS.
1005 1114 1072 1145 Sed
1103 1114 1192 1155 quod

207 1159 312 1191 voluit
332 1157 555 1200 Bellerophon
578 1164 752 1199 penetrare
774 1158 807 1189 in
831 1156 973 1195 coelum,
996 1164 1030 1188 ut
1053 1157 1192 1193 videret,

209 1203 286 1244 quid
315 1203 360 1233 ibi
390 1211 500 1234 rerum
528 1201 648 1243 Iupiter
680 1206 814 1243 ageret,
847 1200 1068 1243 significatur,
1104 1200 1193 1242 quod

209 1246 319 1278 factus
340 1243 438 1277 fuerit
460 1243 668 1282 insolentior,
692 1251 724 1275 et
747 1244 836 1286 quod
859 1250 1038 1285 propterea
1060 1244 1192 1285 punitus

209 1289 252 1321 sit
280 1299 300 1319 a
329 1288 413 1320 Deo:
445 1289 529 1319 sicut
563 1287 713 1319 Phaeton
743 1294 775 1318 et
804 1286 916 1318 Icarus
945 1293 1113 1318 tentantes
1142 1296 1194 1324 ea,

208 1341 296 1374 quae
325 1338 418 1362 erant
447 1341 549 1373 supra
577 1332 666 1362 vires
696 1331 877 1367 humanas,
907 1330 1076 1372 finguntur
1104 1329 1192 1360 deci-

209 1375 300 1407 disse
324 1385 366 1405 ex
390 1373 469 1406 alto.
510 1373 551 1405 Et
574 1380 625 1405 est
644 1374 799 1405 usitatum
821 1373 954 1411 dictum,
979 1373 1068 1415 quod
1087 1373 1192 1404 Adra-

207 1419 292 1455 stin,
320 1427 376 1449 seu
398 1417 544 1448 Nemesis
567 1417 679 1448 «licina
702 1417 817 1457 puniat
840 1417 1050 1447 insolentiam.
1097 1416 1193 1449 QBctm

209 1471 276 1493 maa
300 1462 369 1499 stole
393 1461 485 1497 mitbt,
511 1462 536 1492 io
560 1461 684 1492 iomtucn
708 1460 852 1502 ‚qemifilicb
876 1459 920 1491 bie
944 1459 1066 1497 t'trctffcn.
1101 1458 1193 1489 Deus

207 1504 357 1545 superbis
380 1504 520 1535 resistit:
554 1502 734 1534 Humilae‘bzas·
758 1503 818 1533 dat
843 1502 998 1543 qratiam.
1045 1500 1192 1533 Alexan-

209 1548 268 1579 der
298 1553 461 1587 occupata
490 1546 685 1578 Monarchia
715 1545 751 1577 fit
781 1544 950 1583 insolens,
981 1543 1192 1582 temulentus,

209 1589 365 1623 crudelis.
404 1590 482 1621 Ideo
507 1591 561 1621 dat
584 1598 722 1630 poenas.
757 1587 870 1620 David
893 1589 925 1619 in
948 1589 1049 1619 rebus
1073 1598 1193 1619 secun-

208 1633 259 1665 dis
282 1631 357 1674 plus
380 1633 442 1664 sibi
465 1631 624 1674 indulget,
647 1631 724 1663 Ideo
747 1632 889 1673 punitur.
924 1631 1102 1673 Pompeius
1124 1641 1193 1661 mo-

209 1683 263 1708 vet
295 1674 418 1708 bellum
449 1686 516 1707 non
545 1676 791 1714 necessarium,
826 1681 859 1706 et
888 1675 1029 1706 vincitur
1064 1685 1083 1706 a
1111 1672 1193 1705 Iulio

208 1718 366 1751 Caesare.

296 1762 345 1793 Sit
372 1762 472 1804 igitur
501 1762 652 1793 omnibus
683 1760 817 1792 infixum
842 1759 1031 1792 Salomonis
1055 1760 1192 1792 dictum:

210 1805 333 1837 Beatus
354 1804 456 1843 homo,
481 1806 538 1845 qm·
557 1814 682 1845 semper
706 1805 803 1842 It'mct,
828 1804 859 1835 id
884 1810 946 1842 est,
970 1804 1024 1845 qui
1048 1803 1193 1844 reprimit

208 1847 436 1886 insolentiam,
466 1849 619 1879 cohercet
647 1854 798 1879 errantes
821 1848 981 1888 impetus,
1011 1847 1124 1878 metuit
1147 1847 1193 1877 iu-

209 1892 327 1923 dicium
350 1889 425 1929 Dei,
448 1890 527 1922 nihil
552 1892 663 1923 sciens
687 1901 727 1921 ac
751 1889 870 1922 volens
894 1889 972 1921 secit
997 1897 1113 1921 contra
1130 1888 1192 1921 Dei

208 1934 414 1967 voluntatem
437 1933 634 1975 petulanter.
680 1933 786 1965 Multa
809 1933 887 1965 talia
910 1943 947 1964 se
971 1932 1130 1971 offerunt,
1160 1933 1193 1963 in

209 1976 415 2019 explicandis
439 1976 560 2009 sabulis
583 1977 734 2018 poeticis,
758 1986 842 2018 quas
865 1977 1043 2018 antiquitas
1066 1974 1123 2007 illa
1144 1976 1194 2008 sic

207 2019 358 2057 involuit,
382 2027 417 2051 ut
439 2019 780 2052 commonefactiones
804 2020 845 2051 de
869 2021 969 2051 rebus
994 2020 1122 2062 magnis
1141 2029 1194 2051 es—

208 2070 284 2096 sent
307 2064 483 2105 gratiores.

295 2105 361 2138 Alii
389 2117 507 2138 nomen
535 2106 629 2138 Tarsi
657 2107 698 2137 ad
728 2105 825 2137 aliam
862 2104 1007 2137 saladam
1038 2105 1193 2137 referunt.

208 2150 330 2182 Dicunt
352 2150 511 2182 Perseum
536 2148 635 2181 filium
660 2149 747 2181 Iovis
772 2156 804 2180 et
827 2148 963 2180 Danaes
987 2150 1091 2180 fuisse
1116 2159 1194 2180 con—

208 2194 347 2225 ditorem
377 2193 492 2232 Tarsi,
526 2200 558 2225 et
590 2193 639 2223 sic
672 2193 870 2224 nominatam
901 2203 978 2224 esse
1007 2194 1121 2224 urbem
1152 2193 1193 2223 ab

208 2235 333 2280 ungula
352 2236 486 2279 Pegasi,
509 2236 586 2278 quia
610 2236 653 2267 ibi
675 2237 825 2279 Pegasus
850 2237 1034 2267 excusserit
1059 2235 1194 2267 fontem.

208 2280 292 2311 Nam
316 2281 424 2322 τάρσος
448 2280 613 2322 significat
636 2280 734 2310 etiam
758 2278 913 2321 ungulam
937 2280 1022 2321 equi.
1070 2278 1107 2309 Et
1136 2278 1194 2309 iin-

209 2330 289 2366 gunt
312 2330 441 2365 poetae,
465 2323 631 2365 Pegasum
651 2323 742 2354 initio
766 2322 869 2354 fuisse
893 2323 1048 2354 donatum
1069 2322 1194 2353 Perseo

208 2377 228 2398 a
259 2365 408 2399 Minerva
443 2377 516 2398 cum
553 2365 646 2397 freno
681 2375 792 2397 aureo.
841 2365 1010 2407 Pegasus,
1045 2372 1078 2396 ut
1115 2366 1192 2403 dixi,

209 2410 373 2452 significat
398 2416 521 2441 motum
546 2410 715 2441 heroicum
741 2409 959 2445 fortitudinis,
982 2410 1193 2440 coniunctum

210 2463 284 2484 cum
310 2452 465 2485 felicitate
484 2459 516 2483 et
535 2463 699 2485 successu
718 2463 827 2484 rerum
848 2453 1077 2495 gerendarum.
1115 2451 1192 2483 Ideo

210 2497 294 2528 enim
319 2496 451 2537 fingitur
476 2495 578 2527 fuisse
603 2506 707 2538 equus
730 2496 849 2527 alatus.
892 2496 1031 2527 Frenum
1056 2505 1192 2527 aureum

210 2539 376 2612 sifnificat
400 2541 610 2581 sapientiam,
639 2541 715 2582 quia
739 2540 779 2570 ad
812 2538 1053 2570 fortitudinem.
1085 2545 1117 2570 ut
1151 2539 1191 2568 sit

210 2581 242 2614 fe
258 2584 300 2620 ix,
324 2590 452 2624 oportet
478 2584 639 2614 accedere
665 2581 851 2613 consilium.
899 2581 937 2614 E·
964 2583 1044 2613 haer.
1069 2582 1191 2613 donan-

208 2632 262 2657 tur
285 2637 302 2656 a
329 2625 479 2657 Pallade.
511 2627 540 2656 id
566 2634 633 2663 est,
667 2624 784 2657 Nullae
808 2635 861 2657 res
885 2635 1026 2668 magnae
1053 2623 1191 2656 felic-iter

211 2676 382 2710 geruntur,
405 2671 466 2700 nisi
489 2668 559 2700 Deo
580 2671 678 2701 dante
697 2669 839 2701 heroicis
859 2670 938 2700 viris
957 2667 1191 2701 fortitudinem.

208 515 289 547 miis.

846 203 960 236 PHIL.
982 203 1084 236 MEL.
1108 202 1296 236 SCRIPTA
1319 200 1582 234 EXEGETch.

2158 201 2223 234 30⁰

1243 296 1454 337 sapientiam,
1477 300 1511 326 et
1532 304 1737 326 successum.
1774 293 1818 326 Ut
1841 294 1996 326 heroicus
2020 295 2161 336 impetus
2190 296 2224 328 in

1215 337 1217 382 i
1242 337 1435 371 Alexandro
1457 344 1510 370 est
1531 344 1641 370 motus
1664 338 1805 369 divinus.
1850 337 1912 369 Est
1936 337 2085 376 invenis,
2113 345 2144 370 et
2169 339 2224 371 vix

1243 388 1342 414 natus
1370 388 1422 413 est
1448 391 1556 413 annos
1582 381 1635 412 21.
1665 391 1739 412 cum
1765 379 1888 412 bellum
1918 387 2027 412 movet
2058 381 2224 414 adversus

1215 436 1218 463 ι
1243 424 1377 456 Persas.
1417 423 1625 456 Macedonici
1648 424 1743 465 regni
1765 424 1912 464 potentia
1930 421 1990 455 fuit
2010 423 2115 465 impar
2133 434 2224 456 mon—

1243 466 1378 500 archiae
1410 466 1582 499 Persicae:
1627 466 1669 498 Et
1703 473 1812 498 tamen
1847 476 1920 499 cum
1955 465 2063 498 30000
2096 468 2225 500 traiecit

1243 509 1433 542 Alexander
1455 511 1486 541 in
1511 510 1635 541 Asiam.
1676 508 1801 540 Invasit
1823 519 1960 551 regnum
1983 508 2155 542 Persicum
2176 510 2225 542 in-

1242 560 1401 585 structum
1425 553 1554 594 magnis
1579 553 1698 594 opibus.
1728 559 1759 583 et
1789 552 1998 584 exercitibus.
2044 552 2135 585 Haec
2159 551 2224 585 sor-

1242 597 1346 628 titudo
1369 597 1401 627 in
1424 596 1544 627 iuvene
1566 595 1625 627 fuit
1647 595 1804 637 quiddam
1827 595 1982 627 divinum.
2024 595 2094 628 Nec
2117 595 2225 628 solum

1214 646 1218 687 ρ
1242 637 1432 671 fortitudine
1455 637 1629 674 excelluit,
1655 639 1715 670 sed
1739 638 1836 670 etiam
1859 637 2009 670 consilio.
2055 638 2226 671 Dissensit

1215 690 1218 738 ἲ
1242 691 1345 723 saepe
1367 682 1400 713 in
1423 680 1572 714 consiliis
1595 680 1736 723 publicis
1755 691 1774 712 a
1794 681 2012 713 Parmenione
2029 688 2061 713 et
2079 680 2153 713 aliis
2172 692 2226 714 sa·

1215 745 1218 787 ¹
1243 725 1455 766 pientissimis
1480 723 1696 762 consiliariis,
1726 725 1780 766 qui
1811 725 1865 756 (liu
1895 725 1981 765 apud
2005 731 2132 765 patrem
2154 726 2227 757 eius

1216 792 1218 807 Ι
1244 767 1429 810 Philippum
1452 766 1600 806 fuerant,
1631 774 1662 799 et
1688 767 1856 798 habebant
1881 776 1977 798 usum
2001 778 2110 800 rerum
2134 767 2226 800 belli-

1245 822 1368 843 carum.
1409 810 1485 851 Ipse
1508 816 1618 841 tamen
1642 809 1783 842 consilia
1806 809 1908 841 multo
1931 811 2131 852 sapientiora
2151 822 2227 853 pro·

1244 853 1333 891 tulit,
1357 854 1476 895 quibus
1500 863 1602 893 saepe
1625 860 1657 884 et
1676 860 1795 894 sponte
1815 854 1977 884 cedebant
1998 855 2226 886 senesssconsi·

1216 901 1220 944 Ι
1244 895 1336 928 liarii.
1382 896 1535 937 Denique
1557 897 1698 937 impetus
1729 903 1761 927 et
1789 895 1927 927 consilia
1959 897 2064 937 ipsius
2093 895 2226 930 suerunt.

1216 946 1220 980 1
1244 939 1364 972 felicia.
1410 939 1457 970 Ita
1480 949 1560 970 vere
1582 939 1703 970 insedit
1724 939 1917 970 Alexander
1940 939 2084 981 Pegaso.

1332 983 1434 1020 Fons,
1457 992 1555 1024 quem
1579 980 1704 1023 ungula
1727 992 1788 1013 sua
1811 981 1915 1013 effecit
1939 982 2103 1025 Pegasus,
2127 983 2227 1025 signi·

1246 1025 1325 1057 ficat
1353 1036 1470 1057 venam
1495 1025 1675 1066 poeticam,
1703 1025 1756 1056 cui
1785 1026 1991 1057 exercendae
2015 1027 2229 1058 occasionem

1245 1070 1405 1111 praebent
1430 1069 1490 1099 viri
1514 1067 1652 1105 heroici,
1674 1066 1772 1100 sactis
1791 1068 1861 1099 suis
1881 1066 1980 1100 laude
1999 1069 2119 1112 dignis,
2143 1069 2230 1104 Quia

1245 1113 1287 1144 ad
1310 1112 1407 1143 istum
1430 1111 1554 1143 fontem
1573 1110 1691 1142 Musae
1715 1111 1868 1143 dicuntur
1892 1111 2072 1143 habitasse.
2116 1111 2158 1143 Et
2182 1110 2228 1144 sa-

1246 1161 1300 1187 cta
1322 1156 1458 1198 egregia
1481 1161 1649 1186 merentur
1672 1153 1939 1186 celebrationem.

1331 1199 1402 1230 Nos
1429 1199 1606 1229 retinemus
1629 1196 1872 1239 Etymologiam
1896 1197 1991 1229 Tarsi
2018 1208 2060 1229 ex
2089 1197 2229 1229 historia

1245 1240 1394 1281 Biblica,
1427 1240 1512 1277 Quia
1546 1247 1679 1272 constat
1713 1242 1939 1282 posteritatem
1975 1243 2093 1278 Iavan,
2131 1250 2230 1283 quem

1247 1284 1369 1316 Graeci
1392 1290 1553 1315 vocarunt
1577 1283 1707 1321 Ionem,
1735 1292 1770 1318 (a
1800 1294 1864 1325 quo
1890 1291 1921 1315 et
1945 1284 2031 1326 apud
2056 1282 2230 1316 Danielem

1246 1327 1436 1360 Alexander
1459 1337 1598 1359 eversor
1621 1328 1713 1368 regni
1740 1326 1878 1365 Persici,
1902 1337 1962 1357 rar
1987 1331 2094 1361 lomna
2117 1325 2229 1369 appel-

1246 1370 1349 1403 latur)
1373 1370 1596 1411 complevisse
1619 1371 1776 1401 minorem
1796 1370 1922 1407 Asiam,
1946 1371 2021 1401 item
2041 1370 2230 1408 Graeciam,

1245 1420 1277 1445 et
1300 1415 1427 1445 vicinas
1455 1412 1583 1454 aliquas
1607 1413 1762 1453 Europae
1790 1419 1919 1453 partes:
1948 1413 2033 1444 sicut
2065 1419 2230 1445 testantur

1246 1457 1377 1488 nomina
1397 1455 1578 1488 Aeolomm
1603 1457 1634 1486 in
1658 1457 1784 1487 minore
1805 1456 1897 1493 Asia,
1920 1457 1962 1486 ab
1987 1455 2093 1486 Elisa:
2119 1454 2230 1486 Doda-

1245 1510 1402 1531 naeorum
1427 1499 1459 1529 in
1482 1498 1601 1540 Epiro,
1632 1509 1651 1529 a
1674 1497 1858 1529 Dodanim:
1890 1506 1918 1530 et
1944 1497 2182 1535 Macedonum,
2210 1507 2231 1529 a

1246 1542 1355 1574 Cittim
1379 1543 1540 1573 desumta.
1576 1541 1611 1572 In
1636 1540 1767 1572 Graeca
1792 1541 1904 1583 lingua
1927 1542 2036 1582 τάρσος
2065 1540 2232 1583 significat

1246 1587 1343 1618 etiam
1366 1584 1567 1616 latitudinem
1590 1585 1681 1616 remi.
1729 1583 1841 1616 Potest
1870 1584 1957 1616 fieri.
1987 1591 2021 1616 ut
2049 1595 2069 1616 a
2098 1585 2232 1616 civitate

1245 1629 1353 1661 Tarso
1383 1629 1465 1660 haec
1494 1626 1673 1669 appellatio
1705 1634 1776 1658 orta
1806 1628 1866 1665 sit,
1900 1628 1983 1662 Quia
2018 1626 2151 1659 suerunt
2185 1627 2231 1658 ibi

1245 1679 1366 1704 nautae
1391 1677 1422 1703 et
1445 1677 1585 1713 pyratae
1609 1669 1771 1702 celebres.
1819 1670 1859 1701 Et
1888 1671 1963 1702 inde
1993 1670 2148 1703 fortassis
2171 1680 2231 1712 per

1245 1715 1483 1756 metaphoram,
1506 1712 1642 1745 latitudo
1666 1714 1761 1755 pedis
1785 1714 1872 1745 dicta
1895 1720 1945 1744 est
1970 1716 2087 1754 η’ρσος.

1332 1760 1439 1799 Saepe
1463 1763 1513 1788 est
1536 1763 1644 1788 autem
1673 1758 1704 1787 in
1728 1757 1861 1798 scriptis
1886 1757 2118 1798 prophetarum
2142 1766 2231 1788 men-

1218 1791 1221 1833 Ι
1246 1802 1291 1833 tio
1314 1802 1445 1833 naw'um
1464 1799 1590 1837 Tarsis,
1614 1810 1674 1840 pro
1698 1801 1838 1831 navibus
1862 1801 1963 1831 maris
1986 1799 2231 1838 Mediterranei,

1246 1852 1279 1877 ut
1303 1845 1334 1876 in
1355 1844 1435 1875 Iona
1458 1844 1591 1881 dicitur,
1616 1843 1704 1884 quod
1728 1843 1888 1874 invenerit
1913 1853 2032 1874 navem
2053 1844 2086 1875 in
2105 1842 2234 1881 Tarsis,

1246 1889 1278 1919 id
1308 1895 1378 1925 est,
1412 1888 1443 1918 in
1475 1888 1554 1918 mari
1578 1886 1735 1917 'rm-sensi
1766 1897 1826 1917 seu
1851 1885 2112 1925 Mediterraneo,
2143 1886 2232 1928 quod

1246 1942 1366 1963 nomen
1396 1929 1508 1962 habuit
1541 1941 1560 1960 a
1588 1929 1712 1967 Tarso,
1744 1936 1775 1960 et
1806 1929 1923 1960 vicinis
1954 1930 2092 1961 urbibus
2121 1928 2233 1961 litora·

1246 1974 1345 2012 libus,
1369 1983 1452 2016 quas
1477 1973 1622 2005 condidit
1647 1972 1760 2004 Tarsis
1785 1971 1871 2004 iilius
1896 1971 2006 2004 Iavan.
2050 1971 2155 2004 Maria
2177 1983 2233 2004 ac-

1247 2019 1370 2059 cipiunt
1394 2017 1524 2048 nomina
1555 2017 1597 2047 ab
1632 2015 1742 2058 aliquo
1773 2016 1943 2047 insiwniori
1974 2014 2068 2048 ioco.
2101 2014 2154 2047 vel
2188 2015 2232 2047 ab

1247 2060 1357 2102 aliqua
1382 2066 1480 2103 gente
1505 2057 1641 2097 celebri,
1666 2066 1700 2091 ut
1724 2069 1815 2091 mare
1834 2041 2041 2101 ''I'jrrhenum
2065 2069 2084 2089 a
2109 2057 2232 2101 populo

1246 2104 1437 2146 Tyrrheno:
1464 2103 1668 2145 Ligusticum
1688 2114 1707 2134 a
1728 2102 1921 2144 Liguribus:
1948 2100 2232 2143 Hellesponticum

1246 2149 1289 2179 ab
1314 2146 1534 2188 Hellesponto
1558 2146 1686 2177 dicitur.

1335 2190 1439 2221 Etiam
1475 2191 1505 2220 in
1541 2189 1722 2231 prophanis
1757 2188 1907 2220 historiis
1945 2189 1989 2219 ita
2022 2186 2144 2219 nobilis
2180 2194 2232 2219 est

1246 2235 1327 2266 urbs
1350 2233 1493 2270 Tarsus,
1519 2239 1551 2264 ut
1577 2231 1826 2273 Sardanapalus
1849 2232 1948 2263 inscri
1975 2232 2055 2262 serit
2079 2242 2142 2263 suo
2165 2240 2232 2263 mo-

1217 2282 1223 2431 1
1247 2278 1409 2314 nimento,
1438 2277 1524 2318 quod
1555 2277 1628 2317 ipse
1656 2276 1839 2307 condiderit
1870 2275 1956 2316 Amp
1982 2273 2070 2306 ialen
2098 2280 2129 2305 et
2152 2273 2231 2305 Tar—

1247 2331 1330 2352 sum.
1369 2319 1538 2350 Fortassis
1562 2317 1746 2360 collapsam
1769 2319 1977 2356 instauravit,
2001 2318 2085 2349 sicut
2111 2318 2143 2349 in
2167 2315 2230 2349 bel-

1246 2363 1288 2395 lis
1311 2370 1476 2395 mutantur
1501 2361 1612 2394 multa.

1333 2405 1584 2447 sardanapalus
1610 2404 1667 2437 fuit
1691 2406 1782 2437 initio
1809 2403 1977 2447 gloriosus
2031 2403 2154 2435 Postea
2174 2413 2232 2434 vo·

1218 2463 1221 2469 ¹
1247 2450 1426 2492 luptatihus
1461 2462 1497 2480 se
1533 2450 1664 2480 dedidit.
1711 2449 1838 2480 Nomen
1870 2454 1921 2479 est
1953 2447 2052 2478 valde
2083 2446 2232 2487 mag-niti-

1247 2505 1328 2525 cum.
1377 2495 1456 2529 Sar,
1486 2494 1516 2523 id
1542 2499 1610 2529 est.
1640 2493 1796 2533 princeps
1825 2490 1973 2523 militiae:
2011 2490 2086 2521 Dan
2117 2489 2230 2521 iudex:

1246 2544 1276 2568 et
1303 2535 1381 2567 Poel
1405 2535 1553 2567 etti—«mr.
1595 2536 1759 2567 Ilomerus
1785 2534 2013 2576 complectitur
2038 2531 2147 2564 officia
2171 2543 2230 2575 gu-

1247 2581 1431 2611 bernatoris
1461 2581 1492 2611 in
1522 2579 1586 2610 hoc
1609 2589 1726 2611 versu.
1755 2589 1852 2620 quem
1879 2577 2068 2608 Alexander
2092 2585 2229 2618 usurp·-

1217 2618 1221 2696 Ι
1246 2625 1288 2654 vit
1316 2622 1391 2653 loro
1415 2621 1576 2664 Sytnholit

1289 2667 1455 2706 η’μιμὶυρον
1477 2666 1619 2704 βασιλούς
1642 2665 1810 2703 ι’ἀγαθός,
1835 2665 1975 2704 ιρσηρός
1998 2662 2185 2701 πἠἱχμήῐςις.
