2324 2958
47 215 114 250 ⁶29

567 301 718 339 Sponsus
757 307 913 339 sponsam
949 293 1019 326 vult

9 301 20 306 “
50 311 192 351 officium
221 309 255 338 in
287 307 404 338 ornatu
436 311 502 334 ouo.
941 337 957 369 f
997 338 1019 368 ’t

955 349 1005 369 ael

51 362 129 385 esse
150 348 345 382 incolumen.
389 345 453 377 Hic
470 352 552 385 ergo
565 346 634 377 *stat
655 339 712 372 ille
741 349 904 381 sponsus,

52 393 239 428 sacerdotis
263 389 406 422 officium
424 386 586 422 docendo,
609 384 746 421 orando,
771 382 934 424 patiendo.

137 435 225 467 Vere
243 439 307 464 stat
336 431 461 463 faciens
490 427 634 461 officium
664 426 697 456 in
728 431 846 456 ornatu
870 434 943 462 suc,
967 422 1021 464 qui

53 477 176 520 duplex
210 482 272 508 est.
339 473 470 510 Primo,
510 480 608 503 cruor
648 468 820 509 sanguinis
862 466 1022 503 defluens,

54 521 185 564 quando
207 518 304 550 sudat
317 517 521 558 sanguinem,
544 512 675 554 quando
697 519 818 550 corpus
842 515 892 539 est
908 518 1022 540 cruen-

54 571 173 599 tatum3
203 560 257 593 ille
281 565 331 591 est
361 564 498 591 ornatus
526 554 690 597 passionis
721 559 751 584 et
775 550 1022 583 humiliationis:

53 607 86 646 2,
109 605 191 637 alter
213 608 349 635 ornatus
375 607 427 633 est
455 597 708 631 resurrectitmis
739 602 770 626 et
802 593 946 636 gloriam
980 593 1024 624 ibi

54 649 187 680 indutus
210 653 262 677 est
284 650 378 676 veste
405 640 577 677 immortali
612 646 645 670 et
680 648 740 670 sua
770 636 885 679 gloria.
931 637 1023 667 Simi-

53 689 129 722 liter
151 695 218 720 stat
241 698 352 720 coram
397 692 478 723 atre,
501 681 686 724 interpellat
709 691 769 722 pro
792 681 901 718 nobis,
932 678 1024 710 colli-

55 733 103 776 git
124 739 156 764 et
179 738 291 763 servat
313 730 381 761 Ecc
396 729 507 759 esiam.

141 772 298 806 Conferte
327 771 471 803 membra
501 767 700 810 precationis
737 776 811 798 cum
847 766 906 803 iiS,
941 773 1024 804 quac

55 823 170 860 petunt
203 817 263 847 viri
297 814 374 846 boni
407 814 439 844 in
473 811 636 843 communi
672 810 756 841 vita:
795 806 1024 848 Unusquilibet

55 857 292 902 paterfamilias
314 856 457 887 moriens
481 859 582 895 optat,
605 863 698 884 suam
729 850 882 882 familiam
912 855 945 880 et
967 859 1025 889 po-

56 903 237 934 steritatem
260 909 336 930 esse
357 896 573 929 incolumem:
597 902 716 936 postea
739 895 850 931 etiam,
874 898 908 924 ut
931 891 1026 922 liberi

56 945 122 976 sint
145 942 340 974 concordes,
401 939 524 981 Magna
561 945 611 969 est
639 938 780 974 miseria,
809 935 943 977 quando
967 943 1024 975 pa-

4 996 11 1004 ’
54 992 178 1023 rentes,
197 984 391 1027 praesertim
426 982 604 1024 principeS‚
632 979 818 1020 relinquunt
838 976 923 1008 filios
942 977 1025 1007 inter

56 1039 94 1061 se
117 1029 326 1059 dimicantes:
350 1032 406 1058 aut
431 1025 562 1067 quando
585 1022 650 1054 hoc
679 1022 724 1060 fit,
755 1021 843 1062 quod
865 1026 916 1051 est
938 1018 1025 1060 apud

55 1071 199 1103 Livium:
234 1069 325 1101 Sedit
351 1074 444 1109 pater
479 1067 680 1098 miserrimus
709 1064 910 1095 iudicaturus
943 1062 1026 1092 inter

57 1114 143 1145 dnos
166 1112 264 1144 filios.
299 1112 366 1143 Sed
391 1109 444 1141 :lla
468 1115 541 1140 sunt
564 1114 687 1139 tantum
706 1108 792 1138 bona
805 1106 901 1137 huius
925 1105 1028 1139 vitae3

739 202 954 236 POSTILLA
976 199 1372 233 MELANTHOMANA.

1049 1085 1053 1121 l

57 1155 211 1188 Christus
233 1155 324 1196 petit,
347 1160 381 1185 ut
393 1151 545 1184 Ecclesia
567 1152 609 1182 sit
632 1150 810 1180 constituta
833 1148 934 1179 verbo
951 1146 1028 1183 Dei,
1052 1147 1055 1177 i

59 1206 92 1230 et
114 1198 163 1230 sic
187 1199 228 1229 sit
252 1206 404 1231 concors⁷
439 1202 474 1226 ut
506 1200 632 1225 mentes
665 1193 802 1233 primum
835 1190 901 1220 sint
930 1199 1029 1229 copu-
1053 1198 1055 1215 ὲ

58 1240 146 1272 latae
168 1241 200 1271 in
224 1238 312 1276 Deo,
345 1239 430 1269 sicr-t
454 1237 569 1278 inquit:
602 1241 636 1267 tc!
663 1238 729 1266 siut
749 1244 843 1265 unum
865 1233 899 1264 in
922 1233 1030 1264 nobis:
1053 1230 1056 1261 ὲ

56 1284 90 1314 id
112 1288 176 1318 est,
198 1282 263 1313 sint
285 1279 439 1322 alligatae
462 1280 516 1311 uni
539 1288 619 1310 vero
642 1277 728 1315 Deo,
758 1282 789 1307 et
812 1276 948 1306 eandem
972 1275 1029 1305 do·
1053 1265 1056 1316 f

57 1325 195 1357 ctrinam
219 1323 471 1364 amplectantur,
495 1328 526 1353 et
548 1331 607 1362 per
625 1330 722 1351 unum
736 1319 854 1356 Deum,
878 1323 908 1349 et
932 1328 1029 1349 unam
1054 1326 1055 1345 ι

57 1368 242 1400 doctrinam
265 1367 351 1397 inter
373 1375 410 1396 se
433 1370 626 1405 congruant.

55 1408 210 1442 Ecclesia
232 1408 350 1439 habeat
376 1408 475 1439 vitam
499 1412 678 1437 aeternam.

58 1483 65 1486 ,
144 1451 238 1483 Hanc
261 1460 420 1481 summam
443 1448 642 1489 precationis
657 1446 781 1478 Christi
804 1456 877 1478 cum
900 1445 1029 1482 tenetis,

57 1492 156 1526 facile
177 1495 241 1525 iam
265 1494 367 1524 verba
396 1492 470 1533 ipsa
491 1491 623 1532 assequi
646 1490 814 1530 poteritis,
848 1489 880 1519 in
911 1489 1029 1529 quibus

59 1537 176 1568 crebra
195 1542 245 1567 est
267 1535 443 1566 earundem
466 1544 572 1565 rerum
592 1533 751 1574 repetitio,
785 1533 891 1571 Pater,
914 1531 1027 1572 inquit,

57 1589 152 1611 serva
173 1588 228 1610 eos
249 1579 283 1609 in
311 1581 435 1608 nomine
457 1581 529 1608 tuo:
561 1576 594 1607 id
629 1581 696 1613 est,
729 1575 761 1605 in
796 1575 963 1616 agnitione
996 1579 1029 1604 et

56 1621 266 1652 invocatione
290 1620 344 1650 tui.
380 1619 512 1661 Agnitio
531 1617 757 1659 complectitur
773 1617 1027 1654 invocationem,

56 1663 235 1706 gratiarum
270 1663 445 1699 actionem,
479 1661 594 1698 fidem,
627 1670 738 1701 spem,
766 1659 1027 1700 expectationem

55 1704 177 1738 auxilii.
221 1707 339 1737 Nomen
362 1703 555 1745 plerumque
577 1702 740 1745 significat
763 1703 965 1742 aqm'tz'onem,
995 1706 1029 1732 ut

55 1749 88 1781 in
113 1748 224 1780 verbis
236 1748 413 1789 Baptismi:
437 1748 504 1786 Eyo
526 1748 649 1786 baptiso
670 1750 701 1777 te
720 1749 753 1777 in
765 1755 895 1777 nomen.-
912 1745 944 1775 id
967 1750 1030 1782 est,

56 1791 256 1833 agnitionem
268 1796 301 1831 et
313 1789 554 1821 invocationem
566 1788 662 1820 huius
684 1787 759 1826 Dei,
782 1788 837 1829 qui
855 1794 905 1818 est
919 1787 1028 1824 Pater,

56 1833 172 1872 Filius,
196 1839 228 1864 et
251 1832 392 1873 Spiritus
411 1837 558 1863 sanetus.
604 1829 707 1862 Simul
738 1838 847 1861 autem
873 1829 1029 1861 describit

56 1877 142 1909 haec
165 1875 332 1909 clausula,
366 1873 472 1916 qualis
506 1875 547 1905 sit
569 1873 733 1912 Ecclesia,
762 1872 915 1904 videlicet
945 1882 1030 1915 quae

57 1920 212 1962 agnoscit
237 1917 324 1949 hunc
354 1927 468 1948 verum
490 1916 608 1948 Deum.
653 1916 794 1952 Quando
817 1917 914 1957 igitur
939 1916 1030 1947 dicit:

58 1963 160 1995 Serva
182 1972 237 1993 eos
259 1962 291 1992 in
312 1961 433 1991 nmm'no‘
455 1964 526 1991 tuo:
557 1959 622 1990 hoc
656 1960 761 2000 ipsum
785 1959 883 2000 petit,
918 1958 971 1990 fac
994 1965 1027 1989 ut

58 2005 105 2036 nit
125 2003 294 2036 Ecclesia:
317 2009 445 2044 postea,
467 2008 502 2033 ut
524 2002 566 2033 sit
588 2001 674 2039 talis,
693 2012 779 2043 quae
803 2010 834 2033 te
857 2008 1028 2044 agnoscat.

142 2046 273 2088 Repetit
306 2051 414 2077 autem
449 2044 613 2082 subinde,
645 2046 730 2085 quod
766 2046 934 2076 credentes
966 2045 1032 2076 sint

58 2090 125 2131 ipsi
154 2090 267 2121 datia
289 2090 397 2127 Patre,
426 2088 511 2127 quod
536 2088 623 2127 ipsos
660 2089 798 2119 servarit
832 2091 865 2119 in
905 2088 1031 2119 nomine

59 2133 178 2171 Patris,
199 2133 274 2164 dum
297 2131 463 2163 visibiliter
495 2140 565 2161 cum
599 2133 646 2161 eis
667 2135 812 2162 versatus
839 2133 918 2170 sitit,
948 2131 1033 2171 quod

60 2184 150 2207 nemo
171 2184 214 2206 ez·
231 2175 279 2206 eis
298 2175 436 2215 perierit
456 2177 588 2213 praeter
611 2172 730 2211 Iudam,
753 2174 808 2212 qui
823 2172 928 2213 fuerit
945 2175 1030 2212 filius

58 2217 268 2258 perditiom's:
300 2217 332 2248 id
356 2222 420 2254 est,
454 2225 519 2246 non
543 2213 640 2246 fuerit
662 2225 701 2246 ex
726 2214 782 2246 illo
806 2226 941 2248 numero
965 2214 1030 2246 sal-

60 2259 253 2292 vandorum.
309 2259 409 2290 Addit
432 2267 470 2290 se
491 2258 619 2298 precari
649 2268 709 2299 pro
733 2259 800 2296 eis,
829 2264 865 2290 ut
884 2260 1029 2299 habeant,

59 2302 174 2344 inquit,
192 2302 345 2342 wadium
368 2311 470 2333 meum
493 2301 649 2341 nnmerum
671 2302 704 2332 in
726 2311 762 2333 ee
791 2304 882 2342 ipsis:
913 2302 944 2333 id
967 2307 1029 2340 est,

59 2350 95 2376 ut
117 2343 260 2376 habeant
285 2343 546 2377 consolationem
576 2353 706 2382 veram,
740 2353 805 2374 non
833 2343 1029 2383 simulatam,

60 2397 126 2419 non
158 2386 438 2429 philosophicam,
466 2395 533 2417 non
567 2396 679 2417 curam
713 2385 930 2427 palliativam,
962 2397 1028 2418 non

61 2429 288 2462 destituentem
313 2430 415 2461 corda
437 2430 469 2460 in
493 2429 642 2460 maximis
665 2428 830 2470 periculis.
886 2429 958 2460 Non
981 2428 1027 2461 lo-

61 2472 171 2513 quitur
209 2473 250 2504 de
289 2471 491 2514 perfectione
528 2471 698 2513 graduum.
756 2471 864 2503 Vocat
897 2472 1029 2514 plenum

62 2514 215 2556 gaudium
234 2525 345 2546 veram
367 2521 397 2546 et
417 2514 540 2545 firmant
557 2513 816 2546 consolationem
840 2514 1028 2547 dissimilem

61 2556 212 2588 humanis
252 2556 552 2594 consolationibus,
596 2557 691 2588 etiam
732 2558 759 2587 si
799 2558 942 2588 nondum
980 2563 1030 2589 est

61 2599 213 2631 omnibus
242 2601 399 2642 gradibus
432 2598 626 2641 perfectum,
660 2605 709 2637 ut,
745 2599 830 2631 Puer
853 2606 903 2631 est
924 2599 1030 2642 perfe-

49 2648 136 2683 „ctus
158 2641 257 2674 homo
280 2644 477 2681 substantia,
510 2642 570 2674 etsi
604 2642 746 2673 nondum
769 2643 963 2684 quantitate:
997 2643 1030 2674 id

1052 1406 1056 1585 1

1051 2217 1059 2683 t

1065 2006 1116 2033 'ut
1140 2002 1181 2032 sit
1216 2001 1412 2032 destinatum
1440 2002 1556 2032 usibus
1591 2001 1719 2032 divinis·

1975 192 2040 224 630

1071 301 1138 332 est,
1179 293 1240 324 Est
1269 302 1386 323 revera
1418 291 1536 328 homo,
1578 291 1639 321 etsi
1680 289 1823 320 nondum
1866 293 2041 319 creverunt

1072 337 1180 368 omnia
1217 336 1363 366 membra
1404 334 1446 364 ad
1485 344 1556 364 eam
1591 332 1808 369 altitudinem,
1843 329 1895 362 vel
1936 340 2042 367 usum,

1072 389 1167 421 quem
1201 384 1318 419 postea
1350 376 1530 407 habebunt.
1592 375 1626 405 ln
1666 375 1729 405 hac
1769 375 1837 405 vita
1870 373 2044 404 inchoatur

1074 422 1234 465 gaudium.
1288 421 1409 451 Postea
1437 419 1495 449 erit
1526 416 1658 459 plenum
1692 418 1843 448 omnibus
1874 415 2042 457 gradibus.

1160 464 1213 495 Ad
1235 461 1382 504 pericula
1404 462 1554 502 pertinet,
1578 461 1666 501 quod
1686 470 1761 490 mox
1781 459 1885 490 addit:
1909 459 2045 490 Mundus

1074 517 1128 539 eos
1150 508 1221 538 odi0
1243 507 1369 537 habuit:
1392 505 1476 542 Qum
1500 513 1564 534 non
1586 508 1661 534 sunt
1688 503 1727 533 de
1750 503 1875 532 mundo.
1922 500 1988 532 Sed
2011 500 2045 531 in

1075 550 1125 580 his
1159 547 1311 590 periculis
1344 547 1541 589 promittitur
1575 543 1743 576 defensio:
1783 543 1857 574 Non
1891 553 1978 582 royo,
2012 547 2048 574 ut

1075 595 1168 624 tollas
1201 602 1256 623 eos
1289 592 1328 622 de
1361 591 1487 623 munda
1521 589 1580 620 sed
1607 592 1642 619 ut
1673 596 1783 618 sert-es
1817 596 1871 618 eos
1904 597 1924 617 a
1957 588 2045 617 malo.

1076 636 1226 666 Sciamus
1249 634 1348 675 igitur
1370 631 1555 664 Ecclesiam
1584 631 1617 661 in
1644 629 1760 661 mediis
1790 628 1944 669 periculis
1969 638 2046 659 con—

1076 677 1216 708 servari:
1240 676 1336 712 Quod
1354 674 1454 707 multo
1479 680 1529 705 est
1551 671 1742 710 mirabilius,
1767 681 1862 712 quam
1886 671 1913 700 si
1938 671 2046 701 statim

1076 720 1255 751 abduceret
1277 718 1369 749 Deus
1394 729 1434 749 ex
1458 716 1523 747 hac
1545 716 1610 746 vita
1634 715 1725 756 pios.
1757 723 1841 755 quos
1865 713 1931 743 vult
1957 714 2047 754 prius

1077 764 1109 793 in
1132 762 1195 793 hac
1217 760 1346 793 mortali
1369 762 1436 792 vita
1465 760 1594 790 discere
1617 759 1798 789 doctrinam
1829 756 1870 787 de
1892 755 1983 792 Deo,
2016 762 2047 786 et

1078 815 1148 836 eam
1171 814 1348 841 exercere,
1385 810 1416 835 et
1438 811 1626 844 propagare
1655 802 1694 831 ad
1719 799 1821 836 alios,
1853 806 1882 830 et
1908 798 2048 839 experiri

1078 849 1141 878 vim
1165 854 1195 878 et
1220 847 1402 878 efficaciam
1426 845 1606 881 doctrinae,
1631 849 1661 873 et
1685 842 1909 874 defensionem
1934 853 1953 872 a
1972 840 2048 871 Deo

1080 898 1276 931 exspectare
1299 890 1330 920 in
1354 888 1463 920 multis
1476 890 1518 918 *et
1542 887 1669 928 magnis
1683 886 1822 917 miseriis
1835 883 1930 915 huius
1953 884 2049 914 vitae.

1164 932 1207 963 Ut
1230 938 1336 963 autem
1359 931 1442 963 haec
1463 931 1626 972 pertinent
1659 929 1701 959 ad
1729 929 1918 969 petitionem
1948 925 2049 966 illam,

1078 981 1114 1007 ut
1136 985 1267 1015 semper
1290 975 1331 1005 sit
1349 984 1388 1005 ac
1411 979 1539 1005 maneat
1561 970 1725 1009 Ecclesia,
1750 971 1806 1008 ita,
1843 969 1951 1011 qualis
1975 979 2050 999 esse

1080 1019 1209 1055 debeat,
1232 1018 1416 1048 ostenditur
1438 1016 1489 1047 his
1512 1016 1638 1047 verbis:
1673 1015 1842 1053 Sancte’fica
1872 1022 1924 1044 eos
1947 1016 1980 1043 m
2003 1022 2051 1043 re-

1079 1062 1191 1092 ritate.-
1224 1070 1328 1092 sermo
1358 1064 1430 1092 tuus
1457 1064 1507 1090 est
1530 1061 1658 1090 ceritas.
1715 1057 1787 1088 Hoc
1816 1057 1936 1087 dictum
1968 1056 2051 1086 bene

1079 1109 1276 1134 mementote
1300 1103 1395 1133 etiam
1431 1108 1564 1142 propter
1596 1099 1682 1131 hanc
1719 1109 1876 1137 causam,
1918 1104 1953 1129 ut
1986 1098 2052 1128 sint

1079 1147 1175 1177 vobis
1205 1145 1481 1176 commendatiora
1513 1144 1621 1175 studia
1656 1143 1842 1179 doctrinae,
1882 1149 1918 1173 ut
1946 1141 2051 1182 magis

1079 1189 1195 1220 ametis
1220 1189 1338 1219 studia.

1166 1232 1374 1270 Sanctificate
1403 1229 1634 1261 universaliter
1670 1236 1722 1260 est
1752 1228 1906 1259 dedicare
1935 1227 2051 1258 usibus

1081 1275 1210 1306 divinis.
1268 1273 1374 1305 Homo
1410 1271 1609 1304 transfertur
1645 1283 1685 1303 ex
1724 1281 1827 1313 regno
1858 1270 1984 1311 peccati
2020 1269 2052 1299 in

1080 1327 1218 1359 regnum
1242 1316 1315 1348 Dei.
1362 1316 1452 1348 Haec
1476 1322 1527 1347 est
1549 1315 1767 1346 stiitzetificatio
1794 1314 1949 1350 hominiS,
1973 1313 2053 1343 Sem-

682 1361 834 1402 Denique
868 1367 960 1399 orat,
995 1366 1030 1392 ut
1053 1360 1056 1402 1
1079 1363 1185 1400 ctoefi'ca
1207 1370 1279 1392 eos:
1313 1359 1346 1390 id
1374 1366 1440 1398 est,
1479 1365 1635 1390 converte
1665 1368 1723 1389 eos
1751 1358 1792 1388 ad
1823 1363 1872 1395 te,
1907 1354 2053 1387 transfer

1081 1413 1140 1434 eos
1164 1413 1204 1434 ex
1238 1412 1341 1444 regno
1378 1402 1505 1443 peccati
1539 1401 1580 1431 ad
1614 1408 1655 1432 te.
1711 1400 1783 1431 lloc
1819 1406 1926 1431 autem
1964 1398 1997 1429 fit
2019 1398 2052 1429 ίιι

1081 1450 1221 1486 veritate,
1244 1446 1332 1486 quod
1355 1445 1426 1486 ipse
1449 1444 1600 1485 exponit:
1623 1453 1726 1475 sermo
1749 1448 1822 1475 emt-s·
1845 1447 1894 1474 est
1914 1444 2053 1473 ceritas:

1080 1489 1112 1518 id
1137 1494 1200 1526 est,
1223 1489 1319 1518 unica
1340 1486 1397 1518 illa
1422 1488 1554 1524 veritate,
1578 1487 1610 1517 in
1625 1497 1689 1528 qua
1708 1492 1741 1517 tu
1755 1495 1833 1516 vere
1846 1484 2051 1527 agnosceriS.

1080 1531 1162 1562 Nam
1186 1531 1321 1561 verbum
1345 1536 1396 1561 est
1413 1531 1534 1561 veritas
1561 1529 1668 1567 unica,
1698 1530 1730 1559 in
1754 1539 1818 1570 qua
1832 1528 1926 1560 Deus
1949 1537 2051 1568 agno-

1081 1574 1193 1605 scitur·
1251 1572 1354 1603 Effice
1380 1573 1499 1615 igitur,
1532 1580 1566 1603 ut
1596 1573 1662 1603 sint
1695 1572 1788 1613 pueri
1823 1572 1855 1602 in
1885 1571 2050 1601 doctrina:

1081 1626 1146 1647 non
1177 1616 1382 1647 dominentur
1411 1614 1633 1656 corruptelae:
1667 1624 1733 1646 non
1761 1614 1961 1645 misceantur
1994 1618 2049 1643 aut

1080 1661 1312 1701 inspergantur
1326 1656 1533 1689 idololatrica
1550 1659 1604 1689 isti
1620 1658 1801 1695 doctrinae,
1824 1658 1907 1688 sicut
1920 1665 2050 1696 semper

1080 1701 1115 1733 fit
1135 1702 1285 1732 omnibus
1308 1702 1520 1742 temporibus,
1552 1706 1587 1731 ut
1609 1711 1682 1731 cum
1706 1701 1888 1742 cogitamus
1912 1700 1953 1730 de
1974 1697 2050 1729 hor-

1082 1743 1164 1775 ribili
1188 1743 1374 1783 idololatria
1401 1745 1433 1774 in
1456 1743 1561 1774 Missa
1584 1743 1764 1784 papistica,
1795 1744 1824 1773 in
1854 1740 1945 1774 cultu
1968 1741 2050 1772 San-

1082 1793 1220 1824 ctorum,
1245 1794 1275 1817 et
1299 1787 1340 1817 (le
1363 1786 1435 1817 aliis
1459 1785 1569 1818 multis
1594 1787 1717 1817 crassis
1741 1786 1920 1817 erroribus.

1167 1828 1274 1860 Valde
1296 1828 1396 1861 multa
1418 1830 1626 1860 continentur
1655 1830 1687 1860 in
1715 1828 1766 1859 bis
1801 1829 1922 1859 verbis.
1977 1826 2050 1869 Ego

1083 1872 1304 1904 Grammatica
1328 1878 1451 1903 tantum
1475 1883 1562 1904 nunc
1585 1878 1709 1909 tracto,
1733 1882 1817 1913 quae
1841 1871 2049 1903 occasionem

1081 1917 1239 1957 praebent
1261 1915 1301 1946 ad
1322 1916 1530 1957 cogitandum
1554 1915 1594 1946 de
1617 1916 1716 1946 rebus
1737 1915 1829 1956 ipsis.

1167 1960 1317 1990 Sanctum
1331 1958 1495 1999 significat
1508 1969 1636 1999 purum,
1659 1964 1691 1989 et
1703 1958 1831 1999 quidem
1855 1957 1906 1987 sic
1922 1966 2049 1997 pumnn,

1775 2001 1984 2039 Sanctificare
2017 1999 2049 2029 in

1081 2047 1221 2083 feritate,
1245 2049 1294 2074 est
1317 2054 1453 2075 servare
1475 2041 1703 2085 Evangelium,
1731 2050 1764 2075 et
1785 2053 1897 2074 veram
1920 2048 2050 2073 senten-

1081 2089 1157 2118 tiam
1180 2088 1211 2118 in
1234 2087 1398 2118 mentibus
1420 2087 1564 2128 piorum:
1591 2087 1710 2118 deinde
1738 2086 1859 2117 addere
1888 2095 1958 2116 eam
1982 2082 2050 2115 effi-

1081 2131 1205 2162 caciam
1227 2130 1259 2160 in
1284 2129 1451 2167 cordibus,
1474 2140 1515 2161 ne
1538 2131 1577 2161 sit
1603 2131 1711 2161 otiosa
1733 2128 1865 2166 notitia,
1894 2129 1953 2159 sed
1974 2137 2050 2158 vere

1081 2174 1218 2204 ardeant
1241 2173 1272 2204 in
1296 2173 1414 2203 animis
1434 2174 1529 2204 timor
1552 2173 1625 2211 Dei,
1661 2173 1753 2210 tides,
1780 2170 1921 2202 dilectio.
1966 2170 2050 2201 [linc

1080 2216 1241 2258 sequitur:
1270 2215 1359 2256 Ergo
1389 2225 1498 2247 sermo
1530 2217 1706 2247 discendus
1731 2220 1793 2252 est,
1824 2214 1961 2245 amanda
1985 2219 2048 2243 stu-

1082 2260 1146 2297 dia,
1168 2258 1258 2300 Ergo
1283 2259 1494 2290 ministerium
1517 2259 1711 2290 audiendum
1735 2264 1795 2289 est.
1841 2257 1932 2288 Item.
1959 2255 2048 2298 Ergo

1080 2312 1145 2333 non
1169 2307 1220 2332 est
1241 2301 1347 2332 inanis
1370 2311 1474 2333 sonus
1498 2302 1646 2333 doctrina
1669 2298 1851 2342 Evangelii,
1892 2300 1930 2330 ed
1955 2297 2049 2330 Deus

1080 2352 1129 2376 est
1149 2343 1267 2375 efficax
1290 2354 1349 2385 per
1372 2354 1487 2376 vocem
1517 2345 1677 2376 docentis.
1734 2343 1819 2374 ldem
1849 2343 1970 2373 dictum
1998 2348 2049 2373 est

1079 2388 1299 2419 testimonium
1324 2388 1365 2418 de
1378 2386 1542 2426 Ecclesia,
1566 2387 1653 2429 quod
1670 2384 1845 2428 colligatur
1860 2395 1917 2427 per
1933 2394 2049 2416 vocem

1080 2429 1263 2472 Evangelii.

1166 2471 1340 2504 Manifesta
1375 2478 1426 2503 est
1461 2473 1556 2503 etiam
1587 2471 1639 2503 hic
1675 2472 1834 2503 institutio
1865 2471 2047 2502 ministerii:

1080 2516 1171 2548 Sicut
1189 2521 1224 2548 tu
1242 2526 1289 2547 me
1311 2516 1430 2547 misisti
1449 2516 1481 2546 in
1504 2517 1665 2553 mundum,
1689 2518 1733 2546 ila
1755 2519 1787 2546 et
1807 2525 1864 2554 eqo
1891 2524 1943 2545 eos
1966 2517 2050 2546 mitto

1082 2563 1114 2590 ἰη
1137 2560 1290 2597 ηιτιπιίιιηι,
1314 2565 1346 2589 et
1368 2557 1464 2588 simul
1487 2556 1670 2589 consolatio
1694 2558 1734 2589 de
1759 2555 1909 2589 efficacia
1932 2563 1963 2588 et
1985 2556 2047 2588 sru-

1083 2608 1137 2633 ctu
1160 2601 1339 2633 ministerii.
1385 2600 1516 2631 Certum
1544 2608 1592 2632 est
1615 2599 1729 2632 Filium
1753 2599 1816 2631 Dei
1838 2611 1903 2632 non
1927 2598 2049 2631 frustra

1082 2645 1217 2675 missum
1241 2653 1328 2680 esse,
1363 2653 1436 2675 cum
1455 2643 1548 2674 Deus
1583 2649 1630 2675 tot
1661 2643 1834 2675 manifesta
1863 2644 2049 2674 testimonia

1793 2703 1845 2727 40·
