2324 2958
228 228 295 262 283

231 328 358 353 tantum
382 323 453 360 duo,
476 320 509 351 id
533 325 595 357 est,
618 327 691 350 mas
708 327 794 350 unus
818 324 849 350 et
861 317 1005 350 foemina
1016 327 1081 349 una
1098 317 1213 347 vivere

233 366 352 396 debent
375 365 407 394 in
432 363 598 404 coniugio,
621 362 781 404 sequitur,
803 361 970 403 prohiberi
995 368 1110 391 omnes
1129 357 1213 389 alias

233 407 482 438 commixtiones
506 411 598 436 extra
628 405 867 442 institutionem
894 403 993 435 illam.
1047 399 1213 433 Particula

238 459 329 481 vero:
364 453 396 480 1'11
431 457 563 479 carnem
596 457 713 487 unam,
753 447 922 490 significat
949 441 1212 486 -inseparabilem

233 492 504 524 coniunctionem.

319 534 411 565 llaec
452 539 503 564 est
543 533 769 574 antiquissima
803 531 857 562 lex
902 529 1043 570 coniugii
1085 527 1214 559 sancita

231 578 340 608 statim
366 578 397 607 in
420 575 590 618 paradiso.
615 586 687 606 eum
705 580 821 605 natura
833 574 943 604 adhuc
966 578 1056 603 esset
1073 571 1214 612 integra.

232 619 327 651 Hanc
352 617 550 650 voluntatem
570 619 633 649 Dei
658 626 798 648 necesse
812 622 862 648 est
885 626 947 646 nos
971 614 1100 652 intueri,
1120 613 1214 648 Quae

232 672 306 693 cum
331 661 490 704 singulari
515 660 752 692 deliberatione
772 661 813 690 sit
836 659 976 694 sancita,
994 656 1156 698 sequitur,
1178 661 1214 687 ut

232 714 447 747 quaeramus,
481 715 582 745 quare
616 703 709 734 Deus
755 703 838 733 duos
881 699 1084 732 condiderit?
1147 698 1214 730 Cur

233 749 317 779 enim
357 757 423 778 non
458 747 603 778 condidit.
638 754 743 776 <renus
778 745 978 781 humanum,
1022 747 1057 773 ut
1091 740 1213 783 singuli

232 796 449 821 nascerentur
484 799 523 820 ex
553 772 712 830 singtilis,
744 787 829 817 sieut
853 796 891 816 ex
916 795 984 816 uno
1007 785 1133 816 semine
1157 794 1214 815 na·

232 834 337 864 scitur
359 834 471 870 arbor,
497 837 527 862 vt
551 843 591 862 ex
616 841 679 861 uua
703 828 814 869 planta
839 828 987 859 nascitur
1015 837 1129 859 semen
1152 836 1214 868 pro

231 875 405 917 pluribus?
453 874 665 915 Respondeo:
699 870 822 913 placuit
845 871 919 902 Deo
942 871 1026 902 duos
1057 871 1213 908 condere,

232 924 267 950 ut
292 926 379 950 esset
404 917 571 954 Ecclesia,
610 923 639 946 et
665 921 698 946 ut
729 915 760 945 in
790 915 954 945 societate
977 913 1213 945 celebraretur.

233 959 333 992 Plura
354 961 463 992 dicere
489 970 553 990 uon
578 969 726 1000 possum,
749 957 808 987 sed
832 957 864 987 in
877 957 944 987 vita
963 962 1102 988 aeterna
1124 956 1213 988 vide-

232 1005 340 1036 bimus
364 1002 499 1034 altiores
523 1008 553 1032 et
577 998 812 1041 profundiores
837 1008 971 1031 causas,

321 1047 387 1077 Sed
418 1055 534 1077 rursus
569 1044 749 1085 quaeritur:
789 1041 900 1077 Quare
929 1041 1028 1073 'Deus
1068 1042 1215 1074 condidit

233 1099 356 1121 marem
381 1095 410 1118 ot
434 1087 620 1123 foeminam,
644 1096 703 1117 cur
726 1086 775 1116 sic
788 1091 839 1115 est
858 1085 1009 1116 ordinata
1032 1085 1214 1127 generatio,

233 1138 267 1164 ut
292 1132 332 1162 sit
362 1132 461 1162 maris
496 1136 526 1160 et
562 1128 726 1160 foeminae
760 1127 952 1169 copulatio?
996 1127 1213 1169 Respondeo:

232 1181 267 1207 ut
287 1175 327 1205 sit
351 1184 443 1204 auio:-
466 1183 577 1210 verus,
603 1178 635 1202 et
659 1172 841 1209 ordinatus,
864 1170 943 1201 ltem
962 1171 1214 1212 significationis

234 1227 359 1254 causa,
393 1223 424 1247 ut
461 1214 584 1246 Paulus
615 1215 708 1245 dicit:
743 1216 933 1254 xilysterium
967 1224 1118 1253 magnum
1151 1219 1216 1245 est:

234 1260 317 1291 Daca
339 1264 443 1290 aulem
467 1260 506 1289 {le
533 1259 659 1290 (Ἤν-,ἐτη
681 1261 713 1288 ec
735 1258 888 1288 Ecclesia.
934 1255 1030 1287 Multi
1048 1257 1216 1297 disputant

234 1303 275 1334 de
299 1312 398 1332 causa
422 1301 555 1339 amoris,
575 1300 634 1331 sed
658 1298 844 1341 sympathia
873 1298 1033 1330 naturalis
1063 1307 1113 1331 est
1135 1309 1216 1331 vera

234 1355 335 1377 causa
359 1346 490 1375 amoris.
542 1343 577 1374 ln
607 1343 729 1384 nuptiis
753 1342 867 1373 Cadmi
891 1342 1010 1373 Musae
1041 1348 1216 1374 cantarunt

232 1388 319 1419 hunc
344 1397 494 1418 versum:
523 1385 585 1417 ἕῐτι
611 1385 714 1423 xatas,
740 1387 830 1426 φίλον
852 1387 926 1424 ἐστὶ,
950 1385 982 1416 -ιό
1007 1385 1032 1416 δ’
1056 1385 1091 1416 οὔ
1114 1385 1214 1425 καλὸν,

233 1431 267 1461 οὐ
290 1432 376 1471 φίλον
398 1432 472 1468 ἐστί,
495 1429 528 1460 id
554 1435 616 1467 est,
644 1430 734 1466 Quod
749 1429 922 1469 pulchrum
944 1433 1001 1470 est,
1024 1438 1136 1460 carum
1159 1433 1215 1468 est,

232 1475 316 1514 qnod
348 1483 410 1504 mm
436 1474 607 1514 pulchrum
641 1477 701 1509 est,
735 1481 798 1503 non
833 1475 884 1503 est
913 1480 1035 1503 carum.
1092 1471 1214 1503 Verum

234 1526 334 1557 saepe
359 1516 410 1554 fit,
444 1521 477 1547 ut
509 1515 628 1556 aliquis
651 1520 738 1545 amet
760 1515 869 1545 minus
892 1513 1076 1556 pulchrum.
1122 1513 1157 1545 ld
1182 1514 1217 1545 fit

232 1565 369 1600 propter
403 1557 646 1590 similitudinem
680 1557 879 1588 animorum:
912 1557 983 1588 Nec
1011 1562 1061 1589 est
1085 1557 1216 1588 univer—

233 1600 348 1633 saliter
372 1608 467 1632 vetus
491 1611 609 1632 versus
635 1600 814 1642 Propertii:
843 1599 912 1632 Cur
941 1603 1087 1640 quaeris:
1117 1610 1218 1639 qnare

231 1655 296 1677 aon
318 1646 413 1676 habet
433 1646 516 1675 ullus
538 1646 652 1675 amor?

319 1687 380 1718 Est
403 1685 552 1718 Fabella.
598 1686 740 1721 Quidam
770 1684 918 1716 Eremita
950 1685 1093 1717 ducebat
1115 1684 1218 1717 filium

233 1740 328 1761 suum
353 1740 465 1761 seeum
490 1731 521 1760 in
547 1729 723 1760 civitatem.
754 1727 852 1759 Videt
873 1727 928 1759 ille
950 1729 1109 1770 virgines,
1133 1738 1218 1769 quas

232 1782 399 1814 nunquam
424 1778 647 1813 conspexerat
666 1777 752 1802 ante.
787 1771 924 1806 Quaerit
947 1781 987 1802 ex
1011 1777 1120 1813 patre:
1141 1771 1218 1813 quid

232 1815 299 1847 hoc
318 1822 369 1846 est
393 1815 566 1846 animalis?
601 1814 741 1845 Miratur
764 1821 869 1855 pater,
894 1824 968 1845 eum
986 1815 1097 1845 statim
1117 1815 1218 1845 conii—

235 1867 311 1889 cere
335 1857 451 1889 oculos
476 1858 507 1889 iu
530 1855 679 1899 puellas3
702 1864 777 1887 suut
801 1867 952 1895 anseres,
980 1857 1091 1899 inquit.
1136 1856 1218 1888 Tum

234 1899 306 1932 ille:
332 1911 351 1931 o
374 1902 497 1932 utinam
522 1908 551 1931 et
576 1911 637 1930 nos
662 1899 859 1931 haberemus
884 1899 969 1931 tales
993 1909 1140 1932 anseres.

323 1943 389 1975 Sed
413 1944 609 1975 concinnius
639 1950 687 1973 est
723 1942 803 1974 illud
827 1943 1056 1985 Epigramma,
1090 1945 1121 1973 in
1176 1953 1219 1974 uo

236 1987 354 2018 dicitur
377 1985 575 2018 adolescens
600 1987 730 2028 quidam
754 1987 896 2017 iussisse
919 1987 1078 2027 virginem
1102 1995 1164 2017 ocu
1181 1996 1219 2017 os

236 2030 402 2062 coniicere
422 2031 452 2061 in
478 2037 610 2066 terram,
636 2039 709 2061 cum
740 2035 847 2060 tamen
875 2029 947 2070 ipse
976 2028 1063 2060 iliam
1088 2034 1220 2060 contue-

236 2080 339 2111 retur,
362 2072 419 2104 illa
441 2071 550 2115 lepide
574 2072 770 2113 respondet:
794 2071 844 2103 Tu
868 2082 904 2103 es
924 2082 964 2103 ex
984 2077 1085 2103 terra:
1109 2073 1220 2114 potius

236 2122 271 2148 tu
291 2118 416 2147 intuere
439 2122 576 2147 terram:
607 2114 725 2147 Mulier
749 2126 790 2146 ex
814 2116 885 2146 viro
909 2121 1040 2157 sumpta
1065 2122 1131 2146 est:
1162 2126 1220 2146 cur

237 2170 319 2201 ergo
355 2170 420 2190 non
455 2160 596 2191 intueret
635 2159 815 2196 materiam,
849 2169 890 2189 ex
925 2169 990 2200 qua
1024 2165 1096 2189 orta
1127 2159 1221 2189 sum?

237 2202 469 2244 significatur,
503 2203 591 2244 quod
615 2202 721 2244 στοργή
751 2202 792 2233 sit
817 2207 927 2233 mutua
952 2207 983 2232 et
1006 2200 1165 2233 naturalis
1189 2202 1220 2232 iu

238 2247 310 2277 viro
334 2252 365 2276 et
389 2244 535 2277 muliere.

323 2287 391 2319 Res
425 2289 524 2331 digna
558 2287 773 2319 admiratione
814 2293 880 2318 est:
922 2287 1075 2319 Omnium
1109 2286 1220 2319 adole-

239 2338 388 2363 scentum
423 2341 554 2362 amores
614 2331 682 2362 rimi
718 2336 794 2362 sunt
828 2331 922 2362 casti.
969 2331 1076 2372 Saepe
1100 2330 1153 2369 fit,
1186 2338 1219 2362 ut

239 2374 439 2406 adolescens
463 2381 495 2406 et
517 2385 581 2417 pue
610 2385 628 2405 a
647 2379 758 2405 mutuo
781 2384 893 2405 amore
908 2384 944 2405 se
964 2380 1220 2415 prosequantur,

240 2424 273 2449 et
296 2418 327 2448 in
352 2416 448 2449 coelo
483 2427 520 2449 se
544 2427 620 2448 esse
643 2423 775 2458 putent,
818 2417 846 2447 si
880 2417 1031 2458 aspicere.
1065 2424 1119 2448 aut
1144 2427 1221 2448 con-

240 2461 324 2492 tueri
348 2472 385 2491 sc
409 2462 547 2492 invit-em
571 2459 680 2498 liceat,
703 2460 752 2491 Ne
776 2470 816 2492 ue
839 2461 977 2491 auderet
1001 2460 1150 2501 quisdam
1175 2461 1221 2491 iu-

239 2503 417 2535 honestum
443 2506 578 2535 verbum
602 2504 712 2534 dicere
736 2471 852 2540 aliteri,
885 2501 988 2535 multo
1017 2503 1123 2535 minus
1145 2502 1221 2535 mali

242 2544 364 2588 aliquid
390 2554 555 2588 expo-tere.
601 2545 659 2577 lile
683 2553 734 2578 est
758 2552 871 2578 castus
893 2552 925 2578 et
944 2546 1096 2577 sincerus
1119 2556 1222 2578 amor.

193 2616 202 2623 .
242 2588 283 2620 Et
307 2588 404 2620 talem
429 2589 497 2621 vult
520 2601 582 2621 nos
607 2589 731 2622 Paulus
755 2590 903 2632 cogitare
926 2589 957 2620 in
977 2588 1110 2620 Christo
1134 2599 1223 2620 amo-

242 2640 428 2708 zlemberga
461 2639 630 2671 naturam,
664 2643 763 2676 quam
797 2632 978 2675 assumpsit
1006 2638 1040 2664 et
1062 2641 1143 2675 erga
1163 2631 1224 2664 En-

277 2685 312 2707 es
347 2685 390 2707 m.

866 223 980 257 PmL.
1003 222 1104 256 MEL.
1129 220 1316 256 scmPrA
1337 218 1600 254 EXEGE'rtcA.

1350 314 1494 347 Discunt
1525 320 1635 348 antem
1677 315 1732 347 hie
1771 314 2007 349 adolescentes
2040 317 2246 359 respondere

1264 358 1362 390 etiam
1384 358 1427 389 ad
1449 356 1589 400 vulgare
1611 364 1855 401 argumentum:

1368 417 1463 450 Deus
1484 419 1586 450 davit:
1607 428 1671 450 non
1690 419 1805 450 bonum
1827 423 1879 451 est
1897 420 2019 451 hornini
2039 429 2112 452 esse
2132 422 2245 452 solum.

1372 462 1494 493 Paulus
1522 471 1596 493 vero
1629 465 1692 494 ait.-
1725 463 1840 494 bonum
1862 466 1912 494 est
1937 463 2060 494 homini
2079 463 2247 495 mulierem

1435 513 1500 536 non
1521 508 1665 544 tanqere.

1351 571 1526 607 Quomodo
1549 571 1632 604 haee
1655 578 1732 604 sunt
1756 571 1987 605 concilianda?
2031 571 2246 615 Respondeo.

1264 614 1299 646 ln
1334 615 1458 646 Genesi
1491 615 1610 647 dicitur
1643 615 1685 646 de
1718 616 1830 657 specie
1865 617 1996 658 generis
2029 615 2182 654 humani,
2212 615 2248 647 id

1266 663 1330 696 est,
1353 658 1394 689 tle
1417 663 1487 689 tota
1509 664 1627 690 natura
1642 657 1821 697 hominum,
1845 668 1931 700 quae
1952 659 2002 690 sic
2026 660 2159 690 condita
2180 664 2247 698 est,

1264 706 1300 733 ut
1322 701 1366 731 sit
1388 698 1562 732 foecunda.
1606 700 1682 732 Non
1704 707 1822 743 posset
1845 711 1951 743 genus
1973 700 2149 734 humanum
2171 711 2249 744 pro·

1264 743 1392 785 pagari,
1411 742 1474 773 nisi
1498 742 1591 775 fieret
1612 745 1799 784 procreatio
1829 743 1966 776 sobolis.
2023 744 2059 776 Si
2083 745 2192 776 Adam
2215 749 2249 776 et

1264 786 1337 818 Eva
1359 786 1502 818 fuissent
1535 785 1700 825 coelibes,
1734 788 1889 819 desiisset
1922 788 1955 818 in
1983 788 2032 818 eis
2058 797 2164 830 genus
2188 787 2249 819 hu·

1265 839 1407 861 manum.

1353 871 1477 903 Paulus
1501 881 1582 903 vero
1604 869 1760 913 ‚loquitur
1781 872 1823 904 de
1846 873 2026 911 individuo,
2060 873 2091 904 id
2115 878 2180 911 est,
2208 872 2251 905 de

1267 915 1383 957 paucis
1408 915 1615 957 quibusdam,
1638 913 1837 946 habentibus
1864 916 1987 947 donum
2017 916 2251 954 continentiae,

1267 959 1347 989 ltem
1371 958 1412 989 de
1434 958 1485 996 iis,
1509 958 1562 999 qui
1587 967 1653 988 non
1678 963 1755 989 sunt
1769 958 1887 990 'idonei
1917 959 1959 989 ad
1989 959 2194 1001 coniugium,
2214 963 2252 990 ut

1267 1011 1380 1039 senes,
1402 999 1597 1039 imbecilles,
1620 1001 1747 1031 onerati
1760 1002 1889 1043 magnis
1902 999 2086 1039 doloribus,
2109 1007 2142 1034 et
2159 1001 2252 1033 curis

1267 1042 1496 1085 Reipublicae,
1520 1050 1554 1075 ut
1577 1042 1680 1075 multa
1703 1050 1792 1082 sunt,
1815 1053 1901 1085 quae
1922 1050 2063 1085 possunt
2086 1043 2252 1076 hominem

1267 1086 1515 1129 lauguefacere.
1561 1086 1636 1117 Non
1659 1086 1758 1128 igitur
1783 1086 1866 1118 tollit
1885 1085 2020 1124 Paulus,
2044 1096 2107 1118 nec
2130 1087 2251 1129 impro-

1267 1131 1324 1162 bat
1358 1129 1507 1161 ordinem
1531 1129 1693 1171 coniugii,
1729 1130 1806 1170 quia
1828 1130 1901 1171 ipse
1935 1139 1974 1161 se
2002 1130 2252 1171 interpretatur:

1266 1175 1381 1205 Melius
1403 1177 1454 1204 est
1484 1174 1604 1204 nubere
1617 1196 1625 1210 ,
1658 1182 1752 1212 quam
1782 1173 1845 1204 uri.
1898 1171 1996 1211 item,
2033 1173 2254 1213 bina-equiem

1267 1225 1359 1248 suum
1392 1216 1509 1247 donum
1543 1216 1646 1247 Imber.
1702 1213 1802 1246 Tollit
1831 1221 1941 1246 autem
1966 1216 2248 1256 superstitionem,

1267 1268 1328 1290 seu
1361 1259 1548 1299 opinionem
1583 1258 1815 1296 necessitatis,
1860 1258 1954 1299 quasi
1989 1259 2143 1290 omnibus
2177 1259 2251 1290 sine

1267 1302 1462 1342 exceptione
1485 1301 1679 1332 necessario
1713 1301 1946 1341 imponendum
1980 1302 2022 1332 sit
2050 1301 2250 1344 coniugium.

1354 1343 1528 1375 Hominem
1568 1344 1820 1385 sexagenarium
1856 1344 1979 1374 ducere
2020 1353 2159 1376 uxorem
2199 1349 2254 1375 est

1266 1385 1401 1418 fatuitas
1431 1392 1464 1418 et
1499 1386 1656 1423 stultitia,
1690 1393 1722 1417 et
1745 1385 1868 1427 aliquid
1898 1385 2039 1417 alienum
2074 1396 2095 1417 a
2122 1392 2253 1425 natura,

1268 1439 1353 1471 quae
1377 1428 1500 1470 alioqui
1525 1435 1576 1460 est
1609 1428 1737 1459 infirma
1769 1429 1803 1459 in
1827 1429 1973 1459 senibus.
2018 1427 2132 1469 Aliqui
2151 1437 2252 1460 senes

1267 1473 1313 1504 ita
1336 1478 1410 1503 sunt
1442 1472 1581 1512 stupidi,
1615 1477 1650 1501 ut
1685 1471 1834 1502 secundo
1858 1469 1913 1501 vel
1936 1471 2031 1502 tertio
2055 1470 2256 1502 contrahant

1267 1514 1519 1546 matrimonium.
1567 1513 1658 1545 Haec
1679 1519 1730 1544 est
1753 1511 1856 1544 stulta
1878 1513 2039 1554 quaedam
2062 1512 2256 1555 imaginatio

1269 1563 1301 1589 et
1323 1556 1511 1599 phantasia,
1541 1562 1573 1587 et
1595 1561 1687 1588 recte
1716 1556 1848 1587 dicitur:
1888 1557 1994 1597 Turpe
2023 1565 2127 1588 aenea·
2154 1558 2255 1596 miles,

1268 1605 1363 1641 turpe
1384 1602 1497 1632 senilis
1519 1609 1620 1631 amor.
1655 1599 1754 1641 Apud
1767 1598 1976 1630 Athenaeum
1989 1606 2040 1630 est
2052 1599 2106 1630 hic
2116 1607 2255 1630 versus:

1356 1641 1423 1685 ἅτ’ρα
1446 1641 1477 1673 δὲ
1512 1643 1593 1684 ἐρᾶν,
1621 1640 1686 1683 ὥρα
1715 1641 1747 1673 δὲ
1771 1645 1886 1681 γαμεῖν,
1917 1640 1983 1682 ὥρα
2007 1641 2038 1672 δὲ
2062 1643 2253 1673 πεπαῦσθαι.

1272 1687 1411 1727 Tempus
1434 1690 1484 1717 est
1503 1687 1644 1724 amandi,
1668 1691 1791 1726 ternpms
1807 1685 1947 1716 ducendi
1961 1694 2108 1726 taz-orem,
2131 1689 2256 1726 tempus

1269 1738 1400 1761 cessare
1422 1730 1462 1760 ab
1484 1730 1657 1760 amoribus.
1692 1728 1770 1759 item
1783 1733 1833 1759 est
1851 1725 1936 1758 alius
1951 1737 2070 1759 versus
2083 1727 2253 1759 Graecum

1355 1771 1465 1811 ἐσχάτη
1489 1771 1633 1811 δυστυχία
1656 1775 1748 1812 γέρων
1770 1771 1902 1812 ἐραστής.
1937 1772 2129 1803 Estrenmm
2151 1771 2256 1812 infor·

1270 1818 1392 1847 mnium
1415 1819 1466 1846 est
1485 1824 1589 1846 sem-a·
1610 1823 1733 1845 amans.

1357 1857 1484 1899 Capnio
1508 1857 1636 1888 ridebat
1658 1866 1758 1887 senes
1781 1863 1947 1887 amatores
1971 1856 2038 1887 hoc
2065 1856 2152 1888 ioco.
2195 1854 2256 1888 Di·

1271 1901 1369 1932 cebat
1391 1906 1547 1941 oportere
1565 1909 1679 1931 senem
1703 1906 1879 1937 atuautem,
1902 1900 2104 1941 marsupium
2121 1897 2257 1941 plenum

1271 1943 1381 1974 aureis
1404 1943 1593 1985 appendere
1615 1943 1656 1974 ad
1681 1941 1815 1983 longam
1842 1941 1986 1980 furcam,
2022 1948 2055 1974 et
2084 1942 2256 1974 demittere

1271 1993 1332 2028 per
1352 1984 1546 2024 fenestram,
1569 1991 1602 2017 et
1625 1985 1899 2023 animadvertere,
1931 1994 2008 2016 num
2031 1985 2138 2019 amica
2159 1994 2255 2019 acee-

1272 2029 1340 2067 dat,
1364 2034 1395 2060 et
1418 2029 1540 2067 videat,
1563 2029 1640 2070 quid
1664 2029 1705 2059 sit
1730 2029 1761 2059 in
1786 2028 1954 2069 marsupio
1977 2034 2104 2069 aperto.

1358 2071 1426 2103 Sed
1452 2072 1550 2103 redeo
1581 2073 1621 2102 ad
1658 2069 1922 2103 conciliationem
1955 2071 2034 2102 dicti
2056 2070 2201 2103 Genesis
2223 2076 2257 2103 et

1274 2113 1377 2146 Pauli.
1422 2114 1527 2146 Etiam
1558 2114 1778 2156 {lieronymus
1805 2120 1837 2145 et
1871 2113 1927 2146 alii
1948 2114 2171 2156 scripserunt:
2194 2116 2257 2147 Bo-

1272 2167 1347 2190 num
1371 2162 1422 2189 es!
1441 2159 1563 2189 homine·
1584 2167 1720 2189 morem
1743 2167 1805 2189 non
1834 2161 1978 2197 tanqere.
2024 2158 2111 2197 Eryo
2138 2159 2257 2189 maban

1273 2205 1324 2233 est
1342 2205 1484 2241 tanyere.
1532 2199 1672 2232 Valetne
1695 2201 1956 2243 consequentia?

1361 2243 1571 2286 Respoudeo.
1608 2244 1694 2282 Non,
1717 2243 1802 2279 Quia
1816 2244 1981 2275 contraria
1994 2243 2115 2274 debent
2131 2243 2256 2285 opponi

1272 2287 1362 2318 iuxta
1385 2287 1599 2326 differentias,
1633 2297 1699 2318 non
1733 2287 1822 2318 iuxta
1853 2297 1961 2329 genus
1991 2293 2046 2318 aut
2070 2286 2257 2318 communia

1272 2330 1465 2362 accidentia.
1502 2330 1592 2370 item,
1614 2336 1742 2361 remoto
1755 2339 1821 2362 uuo
1834 2329 2012 2367 contrario,
2036 2338 2102 2360 non
2114 2335 2257 2362 necem

1273 2380 1322 2405 est
1345 2373 1422 2415 poni
1446 2372 1598 2411 alterum,
1622 2373 1817 2415 praesertim
1841 2372 1872 2403 in
1897 2372 2074 2404 contrariis
2092 2372 2255 2404 mediatis.

1272 2415 1346 2447 Non
1370 2418 1534 2458 sequitur:
1569 2417 1653 2449 haec
1676 2417 1786 2448 tunica
1807 2423 1874 2447 non
1898 2421 1948 2446 est
1972 2413 2064 2446 alba:
2098 2424 2180 2457 ergo
2203 2420 2256 2446 oet

1273 2459 1390 2497 rubra,
1424 2461 1499 2501 quia
1528 2466 1638 2502 potest
1668 2469 1745 2491 esse
1774 2459 1880 2501 nigra.
1926 2457 2055 2490 Bonum
2079 2465 2111 2490 et
2134 2455 2256 2490 malum

1274 2509 1349 2534 sunt
1373 2504 1538 2534 contrariu
1561 2503 1712 2535 mediata.
1745 2501 1873 2533 Bonum
1892 2499 2019 2533 morale
2041 2508 2092 2533 oet
2114 2499 2256 2533 medium

1274 2546 1358 2577 iuter
1382 2547 1502 2578 bouum
1527 2544 1688 2584 naturale,
1711 2551 1743 2577 et
1765 2544 1885 2577 malum
1909 2543 2071 2576 naturale.

1361 2587 1490 2621 Bonum
1525 2588 1678 2621 naturaie
1701 2597 1900 2621 concessum
1928 2592 1999 2625 est,
2030 2586 2119 2628 quod
2151 2591 2205 2618 est
2222 2591 2256 2618 et

1275 2632 1462 2674 coniugium
1502 2639 1534 2664 et
1573 2639 1677 2675 purus
1716 2629 1901 2664 coelibatus
1916 2652 1926 2669 ,
1973 2629 2025 2662 vel
2069 2628 2254 2672 virginitat-

1276 2673 1430 2707 loannem
1453 2674 1650 2716 Baptiatm'n⁹
1682 2673 1864 2712 Christum,
1894 2679 1927 2705 et
1950 2672 2087 2705 Paulum
2110 2680 2177 2704 non
2198 2680 2255 2704 n&
