<?xml version="1.0" encoding="UTF-8"?>
<!DOCTYPE html PUBLIC "-//W3C//DTD XHTML 1.0 Transitional//EN"
    "http://www.w3.org/TR/xhtml1/DTD/xhtml1-transitional.dtd">
<html xmlns="http://www.w3.org/1999/xhtml" xml:lang="en" lang="en">
 <head>
  <title>
</title>
<meta http-equiv="Content-Type" content="text/html;charset=utf-8" />
  <meta name='ocr-system' content='tesseract 3.04.00' />
  <meta name='ocr-capabilities' content='ocr_page ocr_carea ocr_par ocr_line ocrx_word'/>
</head>
<body>
  <div class='ocr_page' id='page_1' title='image "./operaquaesupersu24melauoft_0306.png"; bbox 0 0 2324 2958; ppageno 0'>
   <div class='ocr_carea' id='block_1_1' title="bbox 162 125 2170 195">
    <p class='ocr_par' dir='ltr' id='par_1_1' title="bbox 162 125 2170 195">
     <span class='ocr_line' id='line_1_1' title="bbox 162 125 2170 195; baseline 0 -29"><span class='ocrx_word' id='word_1_1' title='bbox 162 134 228 166; x_wconf 80' lang='lat'><strong>559</strong></span> <span class='ocrx_word' id='word_1_2' title='bbox 799 132 907 165; x_wconf 58' lang='lat' dir='ltr'><strong>Pau„</strong></span> <span class='ocrx_word' id='word_1_3' title='bbox 929 132 1034 165; x_wconf 81' lang='lat' dir='ltr'><strong>MEL.</strong></span> <span class='ocrx_word' id='word_1_4' title='bbox 1057 125 1241 166; x_wconf 74' lang='lat' dir='ltr'><strong>scRiP&#39;rA</strong></span> <span class='ocrx_word' id='word_1_5' title='bbox 1263 133 1526 195; x_wconf 66' lang='lat' dir='ltr'><strong>EXEGETtCA.</strong></span> <span class='ocrx_word' id='word_1_6' title='bbox 2105 140 2170 174; x_wconf 73' lang='lat'><strong>500</strong></span> 
     </span>
    </p>
   </div>
   <div class='ocr_carea' id='block_1_2' title="bbox 161 226 1139 612">
    <p class='ocr_par' dir='ltr' id='par_1_2' title="bbox 163 226 1137 347">
     <span class='ocr_line' id='line_1_2' title="bbox 163 226 1136 270; baseline -0.003 -9"><span class='ocrx_word' id='word_1_7' title='bbox 163 230 265 262; x_wconf 90' lang='lat' dir='ltr'><strong>missa</strong></span> <span class='ocrx_word' id='word_1_8' title='bbox 291 230 331 261; x_wconf 88' lang='lat' dir='ltr'><strong>ad</strong></span> <span class='ocrx_word' id='word_1_9' title='bbox 367 228 572 267; x_wconf 78' lang='lat' dir='ltr'><strong>Ecclesiam,</strong></span> <span class='ocrx_word' id='word_1_10' title='bbox 605 238 664 270; x_wconf 90' lang='lat' dir='ltr'><strong>per</strong></span> <span class='ocrx_word' id='word_1_11' title='bbox 696 238 794 270; x_wconf 87' lang='lat' dir='ltr'><strong>quam</strong></span> <span class='ocrx_word' id='word_1_12' title='bbox 826 228 1010 260; x_wconf 81' lang='lat' dir='ltr'><strong>immediate</strong></span> <span class='ocrx_word' id='word_1_13' title='bbox 1043 226 1136 259; x_wconf 88' lang='lat' dir='ltr'><strong>Deus</strong></span> 
     </span>
     <span class='ocr_line' id='line_1_3' title="bbox 163 269 1137 314; baseline -0.003 -10"><span class='ocrx_word' id='word_1_14' title='bbox 163 271 289 314; x_wconf 80' lang='lat' dir='ltr'>colligit</span> <span class='ocrx_word' id='word_1_15' title='bbox 318 279 348 303; x_wconf 87' lang='lat' dir='ltr'><strong>et</strong></span> <span class='ocrx_word' id='word_1_16' title='bbox 379 277 491 303; x_wconf 85' lang='lat' dir='ltr'><strong>servat</strong></span> <span class='ocrx_word' id='word_1_17' title='bbox 519 269 717 303; x_wconf 78' lang='lat' dir='ltr'><strong>Ecclesiam.</strong></span> <span class='ocrx_word' id='word_1_18' title='bbox 758 271 848 303; x_wconf 90' lang='lat' dir='ltr'><strong>ldem</strong></span> <span class='ocrx_word' id='word_1_19' title='bbox 869 269 970 302; x_wconf 87' lang='lat' dir='ltr'><strong>Filius</strong></span> <span class='ocrx_word' id='word_1_20' title='bbox 992 269 1137 312; x_wconf 77' lang='lat' dir='ltr'><strong>loquitur</strong></span> 
     </span>
     <span class='ocr_line' id='line_1_4' title="bbox 163 312 600 347; baseline -0.005 0"><span class='ocrx_word' id='word_1_21' title='bbox 163 314 333 347; x_wconf 75' lang='lat' dir='ltr'>visibiliter</span> <span class='ocrx_word' id='word_1_22' title='bbox 356 324 429 347; x_wconf 88' lang='lat' dir='ltr'><strong>cum</strong></span> <span class='ocrx_word' id='word_1_23' title='bbox 451 312 600 346; x_wconf 76' lang='lat' dir='ltr'><strong>Daniele.</strong></span> 
     </span>
    </p>

    <p class='ocr_par' dir='ltr' id='par_1_3' title="bbox 161 355 1139 612">
     <span class='ocr_line' id='line_1_5' title="bbox 247 355 1138 399; baseline -0.004 -10"><span class='ocrx_word' id='word_1_24' title='bbox 247 357 305 390; x_wconf 90' lang='lat' dir='ltr'><strong>Sic</strong></span> <span class='ocrx_word' id='word_1_25' title='bbox 326 358 426 399; x_wconf 87' lang='lat' dir='ltr'><strong>igitur</strong></span> <span class='ocrx_word' id='word_1_26' title='bbox 448 357 539 388; x_wconf 88' lang='lat' dir='ltr'><strong>dico:</strong></span> <span class='ocrx_word' id='word_1_27' title='bbox 563 355 730 388; x_wconf 87' lang='lat' dir='ltr'><strong>Abraham</strong></span> <span class='ocrx_word' id='word_1_28' title='bbox 758 356 837 388; x_wconf 68' lang='lat' dir='ltr'><strong>w‘dtt</strong></span> <span class='ocrx_word' id='word_1_29' title='bbox 859 355 1027 393; x_wconf 85' lang='lat' dir='ltr'><strong>Messiam,</strong></span> <span class='ocrx_word' id='word_1_30' title='bbox 1049 360 1138 386; x_wconf 88' lang='lat' dir='ltr'><strong>utro·</strong></span> 
     </span>
     <span class='ocr_line' id='line_1_6' title="bbox 161 398 1138 442; baseline -0.005 -9"><span class='ocrx_word' id='word_1_31' title='bbox 161 410 225 442; x_wconf 88' lang='lat' dir='ltr'><strong>que</strong></span> <span class='ocrx_word' id='word_1_32' title='bbox 254 400 369 431; x_wconf 85' lang='lat' dir='ltr'><strong>modo:</strong></span> <span class='ocrx_word' id='word_1_33' title='bbox 403 399 557 440; x_wconf 84' lang='lat' dir='ltr'><strong>Primum,</strong></span> <span class='ocrx_word' id='word_1_34' title='bbox 591 400 623 430; x_wconf 91' lang='lat' dir='ltr'><strong>in</strong></span> <span class='ocrx_word' id='word_1_35' title='bbox 656 400 887 441; x_wconf 78' lang='lat' dir='ltr'>promissione,</span> <span class='ocrx_word' id='word_1_36' title='bbox 921 407 1017 439; x_wconf 85' lang='lat' dir='ltr'><strong>quam</strong></span> <span class='ocrx_word' id='word_1_37' title='bbox 1050 398 1138 429; x_wconf 90' lang='lat' dir='ltr'><strong>acci-</strong></span> 
     </span>
     <span class='ocr_line' id='line_1_7' title="bbox 161 438 1138 484; baseline -0.004 -9"><span class='ocrx_word' id='word_1_38' title='bbox 161 444 254 484; x_wconf 83' lang='lat' dir='ltr'><strong>piens</strong></span> <span class='ocrx_word' id='word_1_39' title='bbox 275 443 379 474; x_wconf 81' lang='lat' dir='ltr'><strong>sensit</strong></span> <span class='ocrx_word' id='word_1_40' title='bbox 402 452 440 474; x_wconf 87' lang='lat' dir='ltr'><strong>se</strong></span> <span class='ocrx_word' id='word_1_41' title='bbox 462 453 541 475; x_wconf 74' lang='lat' dir='ltr'><strong>vere</strong></span> <span class='ocrx_word' id='word_1_42' title='bbox 563 441 722 474; x_wconf 83' lang='lat' dir='ltr'><strong>vivificari</strong></span> <span class='ocrx_word' id='word_1_43' title='bbox 745 452 804 484; x_wconf 91' lang='lat' dir='ltr'><strong>per</strong></span> <span class='ocrx_word' id='word_1_44' title='bbox 826 439 941 472; x_wconf 77' lang='lat' dir='ltr'><strong>filium</strong></span> <span class='ocrx_word' id='word_1_45' title='bbox 965 439 1037 471; x_wconf 90' lang='lat' dir='ltr'><strong>Dei.</strong></span> <span class='ocrx_word' id='word_1_46' title='bbox 1072 438 1138 471; x_wconf 90' lang='lat' dir='ltr'><strong>De-</strong></span> 
     </span>
     <span class='ocr_line' id='line_1_8' title="bbox 162 480 1138 527; baseline -0.003 -10"><span class='ocrx_word' id='word_1_47' title='bbox 162 486 237 517; x_wconf 83' lang='lat' dir='ltr'><strong>inde</strong></span> <span class='ocrx_word' id='word_1_48' title='bbox 260 486 355 517; x_wconf 85' lang='lat' dir='ltr'><strong>etiam</strong></span> <span class='ocrx_word' id='word_1_49' title='bbox 379 484 546 527; x_wconf 87' lang='lat' dir='ltr'><strong>corporali</strong></span> <span class='ocrx_word' id='word_1_50' title='bbox 569 486 694 516; x_wconf 81' lang='lat' dir='ltr'><strong>visione</strong></span> <span class='ocrx_word' id='word_1_51' title='bbox 729 495 803 517; x_wconf 90' lang='lat' dir='ltr'><strong>cum</strong></span> <span class='ocrx_word' id='word_1_52' title='bbox 837 494 875 515; x_wconf 89' lang='lat' dir='ltr'><strong>se</strong></span> <span class='ocrx_word' id='word_1_53' title='bbox 899 484 926 514; x_wconf 90' lang='lat' dir='ltr'><strong>ei</strong></span> <span class='ocrx_word' id='word_1_54' title='bbox 949 480 1138 514; x_wconf 83' lang='lat' dir='ltr'><strong>manifesta-</strong></span> 
     </span>
     <span class='ocr_line' id='line_1_9' title="bbox 161 525 1139 570; baseline -0.003 -11"><span class='ocrx_word' id='word_1_55' title='bbox 161 529 208 559; x_wconf 82' lang='lat' dir='ltr'><strong>vit</strong></span> <span class='ocrx_word' id='word_1_56' title='bbox 230 529 368 560; x_wconf 84' lang='lat' dir='ltr'><strong>vestitus</strong></span> <span class='ocrx_word' id='word_1_57' title='bbox 393 537 545 570; x_wconf 89' lang='lat' dir='ltr'><strong>corpore,</strong></span> <span class='ocrx_word' id='word_1_58' title='bbox 581 528 705 559; x_wconf 80' lang='lat' dir='ltr'>assedit</span> <span class='ocrx_word' id='word_1_59' title='bbox 740 528 769 559; x_wconf 91' lang='lat' dir='ltr'><strong>ei</strong></span> <span class='ocrx_word' id='word_1_60' title='bbox 793 528 825 558; x_wconf 88' lang='lat' dir='ltr'><strong>in</strong></span> <span class='ocrx_word' id='word_1_61' title='bbox 849 535 975 563; x_wconf 88' lang='lat' dir='ltr'><strong>mensa,</strong></span> <span class='ocrx_word' id='word_1_62' title='bbox 1007 525 1139 557; x_wconf 81' lang='lat' dir='ltr'><strong>tradidit</strong></span> 
     </span>
     <span class='ocr_line' id='line_1_10' title="bbox 161 571 741 612; baseline -0.003 -9"><span class='ocrx_word' id='word_1_63' title='bbox 161 571 190 603; x_wconf 74' lang='lat' dir='ltr'><strong>ei</strong></span> <span class='ocrx_word' id='word_1_64' title='bbox 214 571 246 602; x_wconf 91' lang='lat' dir='ltr'><strong>in</strong></span> <span class='ocrx_word' id='word_1_65' title='bbox 270 571 520 612; x_wconf 81' lang='lat' dir='ltr'><strong>promissionem</strong></span> <span class='ocrx_word' id='word_1_66' title='bbox 544 571 585 602; x_wconf 86' lang='lat' dir='ltr'><strong>de</strong></span> <span class='ocrx_word' id='word_1_67' title='bbox 607 571 741 602; x_wconf 77' lang='lat' dir='ltr'><strong>semine.</strong></span> 
     </span>
    </p>
   </div>
   <div class='ocr_carea' id='block_1_3' title="bbox 246 611 1168 655">
    <p class='ocr_par' dir='ltr' id='par_1_4' title="bbox 246 611 1168 655">
     <span class='ocr_line' id='line_1_11' title="bbox 246 611 1168 655; baseline 0 -10"><span class='ocrx_word' id='word_1_68' title='bbox 246 614 454 655; x_wconf 80' lang='lat' dir='ltr'><strong>Augustinus</strong></span> <span class='ocrx_word' id='word_1_69' title='bbox 482 613 580 644; x_wconf 91' lang='lat' dir='ltr'><strong>habet</strong></span> <span class='ocrx_word' id='word_1_70' title='bbox 609 611 780 654; x_wconf 87' lang='lat' dir='ltr'><strong>pulchrum</strong></span> <span class='ocrx_word' id='word_1_71' title='bbox 810 613 950 645; x_wconf 83' lang='lat' dir='ltr'><strong>dictum:</strong></span> <span class='ocrx_word' id='word_1_72' title='bbox 983 614 1139 654; x_wconf 82' lang='lat' dir='ltr'><strong>Corpora·</strong></span> <span class='ocrx_word' id='word_1_73' title='bbox 1166 634 1168 638; x_wconf 66' lang='lat'>,</span> 
     </span>
    </p>
   </div>
   <div class='ocr_carea' id='block_1_4' title="bbox 158 657 1138 1254">
    <p class='ocr_par' dir='ltr' id='par_1_5' title="bbox 160 657 1138 695">
     <span class='ocr_line' id='line_1_12' title="bbox 160 657 1138 695; baseline -0.001 -7"><span class='ocrx_word' id='word_1_74' title='bbox 160 657 235 688; x_wconf 62' lang='lat' dir='ltr'><strong>liter</strong></span> <span class='ocrx_word' id='word_1_75' title='bbox 256 658 365 689; x_wconf 72' lang='lat' dir='ltr'><strong>videre</strong></span> <span class='ocrx_word' id='word_1_76' title='bbox 389 657 564 695; x_wconf 76' lang='lat' dir='ltr'><strong>Christum,</strong></span> <span class='ocrx_word' id='word_1_77' title='bbox 587 657 668 687; x_wconf 74' lang='lat' dir='ltr'><strong>nihil</strong></span> <span class='ocrx_word' id='word_1_78' title='bbox 688 661 745 690; x_wconf 65' lang='lat' dir='ltr'><strong>psl,</strong></span> <span class='ocrx_word' id='word_1_79' title='bbox 778 660 844 688; x_wconf 75' lang='lat' dir='ltr'><strong>nisi</strong></span> <span class='ocrx_word' id='word_1_80' title='bbox 866 657 926 695; x_wconf 77' lang='lat' dir='ltr'><strong>fiat</strong></span> <span class='ocrx_word' id='word_1_81' title='bbox 950 659 1045 688; x_wconf 77' lang='lat' dir='ltr'><strong>etiam</strong></span> <span class='ocrx_word' id='word_1_82' title='bbox 1065 657 1138 695; x_wconf 82' lang='lat' dir='ltr'><strong>fide.</strong></span> 
     </span>
    </p>

    <p class='ocr_par' dir='ltr' id='par_1_6' title="bbox 160 698 1138 741">
     <span class='ocr_line' id='line_1_13' title="bbox 160 698 1138 741; baseline 0 -11"><span class='ocrx_word' id='word_1_83' title='bbox 160 698 239 731; x_wconf 84' lang='lat' dir='ltr'><strong>Item</strong></span> <span class='ocrx_word' id='word_1_84' title='bbox 263 700 378 737; x_wconf 89' lang='lat' dir='ltr'><strong>oratio,</strong></span> <span class='ocrx_word' id='word_1_85' title='bbox 402 709 486 741; x_wconf 87' lang='lat' dir='ltr'><strong>quae</strong></span> <span class='ocrx_word' id='word_1_86' title='bbox 509 708 575 730; x_wconf 90' lang='lat' dir='ltr'><strong>non</strong></span> <span class='ocrx_word' id='word_1_87' title='bbox 599 698 633 729; x_wconf 84' lang='lat' dir='ltr'><strong>fit</strong></span> <span class='ocrx_word' id='word_1_88' title='bbox 658 705 792 740; x_wconf 86' lang='lat' dir='ltr'><strong>propter</strong></span> <span class='ocrx_word' id='word_1_89' title='bbox 815 698 995 730; x_wconf 86' lang='lat' dir='ltr'><strong>Christum:</strong></span> <span class='ocrx_word' id='word_1_90' title='bbox 1020 699 1051 730; x_wconf 85' lang='lat' dir='ltr'><strong>id</strong></span> <span class='ocrx_word' id='word_1_91' title='bbox 1074 705 1138 735; x_wconf 87' lang='lat' dir='ltr'><strong>est.</strong></span> 
     </span>
    </p>

    <p class='ocr_par' dir='ltr' id='par_1_7' title="bbox 158 739 1138 825">
     <span class='ocr_line' id='line_1_14' title="bbox 158 739 1138 784; baseline 0 -11"><span class='ocrx_word' id='word_1_92' title='bbox 158 742 192 773; x_wconf 89' lang='lat' dir='ltr'><strong>in</strong></span> <span class='ocrx_word' id='word_1_93' title='bbox 215 742 383 784; x_wconf 73' lang='lat' dir='ltr'><strong>agnitione</strong></span> <span class='ocrx_word' id='word_1_94' title='bbox 412 749 443 773; x_wconf 89' lang='lat' dir='ltr'><strong>et</strong></span> <span class='ocrx_word' id='word_1_95' title='bbox 468 741 532 773; x_wconf 89' lang='lat' dir='ltr'><strong>fide</strong></span> <span class='ocrx_word' id='word_1_96' title='bbox 561 740 694 779; x_wconf 87' lang='lat' dir='ltr'><strong>Christi,</strong></span> <span class='ocrx_word' id='word_1_97' title='bbox 724 751 788 772; x_wconf 94' lang='lat' dir='ltr'><strong>non</strong></span> <span class='ocrx_word' id='word_1_98' title='bbox 823 739 1018 773; x_wconf 84' lang='lat' dir='ltr'><strong>solum&#39;non</strong></span> <span class='ocrx_word' id='word_1_99' title='bbox 1049 741 1138 773; x_wconf 90' lang='lat' dir='ltr'><strong>delet</strong></span> 
     </span>
     <span class='ocr_line' id='line_1_15' title="bbox 264 783 687 825; baseline -0.005 -9"><span class='ocrx_word' id='word_1_100' title='bbox 264 791 342 822; x_wconf 84' lang='lat' dir='ltr'><strong>tum,</strong></span> <span class='ocrx_word' id='word_1_101' title='bbox 364 785 424 815; x_wconf 87' lang='lat' dir='ltr'><strong>sed</strong></span> <span class='ocrx_word' id='word_1_102' title='bbox 449 783 483 815; x_wconf 84' lang='lat' dir='ltr'><strong>fit</strong></span> <span class='ocrx_word' id='word_1_103' title='bbox 507 791 687 825; x_wconf 87' lang='lat' dir='ltr'><strong>peccatum.</strong></span> 
     </span>
    </p>

    <p class='ocr_par' dir='ltr' id='par_1_8' title="bbox 158 826 1137 1254">
     <span class='ocr_line' id='line_1_16' title="bbox 245 826 1137 867; baseline 0 -9"><span class='ocrx_word' id='word_1_104' title='bbox 245 827 314 858; x_wconf 88' lang='lat' dir='ltr'><strong>Has</strong></span> <span class='ocrx_word' id='word_1_105' title='bbox 338 827 565 858; x_wconf 74' lang='lat' dir='ltr'><strong>distinctiones</strong></span> <span class='ocrx_word' id='word_1_106' title='bbox 588 833 715 867; x_wconf 88' lang='lat' dir='ltr'><strong>oportet</strong></span> <span class='ocrx_word' id='word_1_107' title='bbox 739 837 801 857; x_wconf 87' lang='lat' dir='ltr'><strong>nos</strong></span> <span class='ocrx_word' id='word_1_108' title='bbox 830 827 914 858; x_wconf 88' lang='lat' dir='ltr'><strong>bene</strong></span> <span class='ocrx_word' id='word_1_109' title='bbox 937 826 1137 864; x_wconf 81' lang='lat' dir='ltr'><strong>meminisse,</strong></span> 
     </span>
     <span class='ocr_line' id='line_1_17' title="bbox 159 868 1136 912; baseline -0.002 -10"><span class='ocrx_word' id='word_1_110' title='bbox 159 879 244 912; x_wconf 84' lang='lat' dir='ltr'><strong>quae</strong></span> <span class='ocrx_word' id='word_1_111' title='bbox 267 870 308 901; x_wconf 87' lang='lat' dir='ltr'><strong>sit</strong></span> <span class='ocrx_word' id='word_1_112' title='bbox 331 868 502 907; x_wconf 81' lang='lat' dir='ltr'><strong>Ecclesia,</strong></span> <span class='ocrx_word' id='word_1_113' title='bbox 525 879 610 910; x_wconf 88' lang='lat' dir='ltr'><strong>quae</strong></span> <span class='ocrx_word' id='word_1_114' title='bbox 633 869 672 900; x_wconf 90' lang='lat' dir='ltr'><strong>sit</strong></span> <span class='ocrx_word' id='word_1_115' title='bbox 697 868 769 907; x_wconf 82' lang='lat' dir='ltr'><strong>lex,</strong></span> <span class='ocrx_word' id='word_1_116' title='bbox 793 869 882 910; x_wconf 90' lang='lat' dir='ltr'><strong>quod</strong></span> <span class='ocrx_word' id='word_1_117' title='bbox 906 868 1136 911; x_wconf 81' lang='lat' dir='ltr'><strong>Evangelium,</strong></span> 
     </span>
     <span class='ocr_line' id='line_1_18' title="bbox 159 910 1136 955; baseline -0.001 -11"><span class='ocrx_word' id='word_1_118' title='bbox 159 923 257 955; x_wconf 84' lang='lat' dir='ltr'><strong>quam</strong></span> <span class='ocrx_word' id='word_1_119' title='bbox 284 913 464 944; x_wconf 84' lang='lat' dir='ltr'><strong>doctrinam</strong></span> <span class='ocrx_word' id='word_1_120' title='bbox 498 911 648 943; x_wconf 84' lang='lat' dir='ltr'><strong>Ecclesia</strong></span> <span class='ocrx_word' id='word_1_121' title='bbox 683 912 843 950; x_wconf 88' lang='lat' dir='ltr'><strong>habuerit,</strong></span> <span class='ocrx_word' id='word_1_122' title='bbox 876 912 951 953; x_wconf 87' lang='lat' dir='ltr'><strong>quid</strong></span> <span class='ocrx_word' id='word_1_123' title='bbox 984 910 1136 954; x_wconf 78' lang='lat' dir='ltr'><strong>singulae</strong></span> 
     </span>
     <span class='ocr_line' id='line_1_19' title="bbox 158 955 1135 996; baseline -0.002 -9"><span class='ocrx_word' id='word_1_124' title='bbox 158 962 286 987; x_wconf 87' lang='lat' dir='ltr'><strong>aetates</strong></span> <span class='ocrx_word' id='word_1_125' title='bbox 309 955 473 986; x_wconf 79' lang='lat' dir='ltr'><strong>senserint</strong></span> <span class='ocrx_word' id='word_1_126' title='bbox 496 955 536 986; x_wconf 90' lang='lat' dir='ltr'><strong>de</strong></span> <span class='ocrx_word' id='word_1_127' title='bbox 560 955 719 992; x_wconf 87' lang='lat' dir='ltr'><strong>doctrina,</strong></span> <span class='ocrx_word' id='word_1_128' title='bbox 743 955 907 996; x_wconf 90' lang='lat' dir='ltr'><strong>quomodo</strong></span> <span class='ocrx_word' id='word_1_129' title='bbox 931 955 994 987; x_wconf 87' lang='lat' dir='ltr'><strong>hac</strong></span> <span class='ocrx_word' id='word_1_130' title='bbox 1017 955 1135 986; x_wconf 85' lang='lat' dir='ltr'><strong>doctri-</strong></span> 
     </span>
     <span class='ocr_line' id='line_1_20' title="bbox 160 996 1136 1030; baseline -0.002 0"><span class='ocrx_word' id='word_1_131' title='bbox 160 1008 203 1030; x_wconf 89' lang='lat' dir='ltr'><strong>na</strong></span> <span class='ocrx_word' id='word_1_132' title='bbox 235 998 288 1030; x_wconf 89' lang='lat' dir='ltr'><strong>usi</strong></span> <span class='ocrx_word' id='word_1_133' title='bbox 321 998 386 1028; x_wconf 81' lang='lat' dir='ltr'><strong>sint</strong></span> <span class='ocrx_word' id='word_1_134' title='bbox 416 998 531 1029; x_wconf 87' lang='lat' dir='ltr'><strong>sancti.</strong></span> <span class='ocrx_word' id='word_1_135' title='bbox 581 997 738 1028; x_wconf 84' lang='lat' dir='ltr'><strong>Latomus</strong></span> <span class='ocrx_word' id='word_1_136' title='bbox 773 998 885 1029; x_wconf 81' lang='lat' dir='ltr'><strong>scribit</strong></span> <span class='ocrx_word' id='word_1_137' title='bbox 916 996 1136 1029; x_wconf 81' lang='lat' dir='ltr'><strong>Abrahamum</strong></span> 
     </span>
     <span class='ocr_line' id='line_1_21' title="bbox 160 1039 1136 1082; baseline -0.001 -10"><span class='ocrx_word' id='word_1_138' title='bbox 160 1051 226 1073; x_wconf 91' lang='lat' dir='ltr'><strong>non</strong></span> <span class='ocrx_word' id='word_1_139' title='bbox 249 1041 405 1072; x_wconf 90' lang='lat' dir='ltr'><strong>habuisse</strong></span> <span class='ocrx_word' id='word_1_140' title='bbox 428 1039 524 1071; x_wconf 90' lang='lat' dir='ltr'><strong>aliam</strong></span> <span class='ocrx_word' id='word_1_141' title='bbox 547 1041 694 1072; x_wconf 81' lang='lat' dir='ltr'><strong>notitiam</strong></span> <span class='ocrx_word' id='word_1_142' title='bbox 719 1041 760 1071; x_wconf 91' lang='lat' dir='ltr'><strong>de</strong></span> <span class='ocrx_word' id='word_1_143' title='bbox 782 1039 868 1078; x_wconf 92' lang='lat' dir='ltr'><strong>Deo,</strong></span> <span class='ocrx_word' id='word_1_144' title='bbox 887 1051 984 1082; x_wconf 89' lang='lat' dir='ltr'><strong>quam</strong></span> <span class='ocrx_word' id='word_1_145' title='bbox 1007 1039 1136 1082; x_wconf 89' lang='lat' dir='ltr'><strong>qualem</strong></span> 
     </span>
     <span class='ocr_line' id='line_1_22' title="bbox 159 1081 1136 1124; baseline -0.001 -9"><span class='ocrx_word' id='word_1_146' title='bbox 159 1082 272 1115; x_wconf 88' lang='lat' dir='ltr'><strong>habuit</strong></span> <span class='ocrx_word' id='word_1_147' title='bbox 296 1081 409 1121; x_wconf 74' lang='lat' dir='ltr'><strong>Plato,</strong></span> <span class='ocrx_word' id='word_1_148' title='bbox 436 1082 620 1124; x_wconf 81' lang='lat' dir='ltr'><strong>Xenophon</strong></span> <span class='ocrx_word' id='word_1_149' title='bbox 643 1089 699 1114; x_wconf 90' lang='lat' dir='ltr'><strong>aut</strong></span> <span class='ocrx_word' id='word_1_150' title='bbox 721 1082 850 1115; x_wconf 90' lang='lat' dir='ltr'><strong>Cicero.</strong></span> <span class='ocrx_word' id='word_1_151' title='bbox 895 1083 966 1114; x_wconf 84' lang='lat' dir='ltr'><strong>Hoc</strong></span> <span class='ocrx_word' id='word_1_152' title='bbox 989 1089 1039 1115; x_wconf 82' lang='lat' dir='ltr'><strong>est</strong></span> <span class='ocrx_word' id='word_1_153' title='bbox 1060 1081 1136 1114; x_wconf 90' lang='lat' dir='ltr'><strong>hor-</strong></span> 
     </span>
     <span class='ocr_line' id='line_1_23' title="bbox 159 1124 1135 1167; baseline -0.003 -8"><span class='ocrx_word' id='word_1_154' title='bbox 159 1124 254 1159; x_wconf 85' lang='lat' dir='ltr'><strong>ribile</strong></span> <span class='ocrx_word' id='word_1_155' title='bbox 276 1126 498 1157; x_wconf 86' lang='lat' dir='ltr'><strong>mendacium:</strong></span> <span class='ocrx_word' id='word_1_156' title='bbox 521 1132 636 1157; x_wconf 88' lang='lat' dir='ltr'><strong>contra</strong></span> <span class='ocrx_word' id='word_1_157' title='bbox 658 1125 722 1157; x_wconf 88' lang='lat' dir='ltr'><strong>hoc</strong></span> <span class='ocrx_word' id='word_1_158' title='bbox 745 1127 850 1167; x_wconf 90' lang='lat' dir='ltr'><strong>ipsum</strong></span> <span class='ocrx_word' id='word_1_159' title='bbox 868 1126 988 1157; x_wconf 84' lang='lat' dir='ltr'><strong>dictum</strong></span> <span class='ocrx_word' id='word_1_160' title='bbox 1000 1125 1135 1163; x_wconf 88' lang='lat' dir='ltr'><strong>Christi,</strong></span> 
     </span>
     <span class='ocr_line' id='line_1_24' title="bbox 159 1167 1136 1211; baseline -0.001 -10"><span class='ocrx_word' id='word_1_161' title='bbox 159 1175 193 1201; x_wconf 87' lang='grc' dir='ltr'><strong>ει</strong></span> <span class='ocrx_word' id='word_1_162' title='bbox 215 1178 354 1201; x_wconf 86' lang='lat' dir='ltr'><strong>necesse</strong></span> <span class='ocrx_word' id='word_1_163' title='bbox 376 1175 427 1200; x_wconf 88' lang='lat' dir='ltr'><strong>est</strong></span> <span class='ocrx_word' id='word_1_164' title='bbox 450 1169 580 1200; x_wconf 84' lang='lat' dir='ltr'><strong>retineri</strong></span> <span class='ocrx_word' id='word_1_165' title='bbox 615 1168 790 1200; x_wconf 85' lang='lat' dir='ltr'><strong>discrimen</strong></span> <span class='ocrx_word' id='word_1_166' title='bbox 819 1169 995 1211; x_wconf 80' lang='lat' dir='ltr'><strong>agnitionis</strong></span> <span class='ocrx_word' id='word_1_167' title='bbox 1018 1167 1081 1200; x_wconf 91' lang='lat' dir='ltr'><strong>Dei</strong></span> <span class='ocrx_word' id='word_1_168' title='bbox 1103 1169 1136 1200; x_wconf 89' lang='lat' dir='ltr'><strong>in</strong></span> 
     </span>
     <span class='ocr_line' id='line_1_25' title="bbox 160 1210 635 1254; baseline -0.004 -10"><span class='ocrx_word' id='word_1_169' title='bbox 160 1210 323 1249; x_wconf 82' lang='lat' dir='ltr'><strong>Ecclesia,</strong></span> <span class='ocrx_word' id='word_1_170' title='bbox 345 1217 377 1242; x_wconf 89' lang='lat' dir='ltr'><strong>et</strong></span> <span class='ocrx_word' id='word_1_171' title='bbox 398 1212 485 1253; x_wconf 82' lang='lat' dir='ltr'><strong>apud</strong></span> <span class='ocrx_word' id='word_1_172' title='bbox 508 1218 635 1254; x_wconf 85' lang='lat' dir='ltr'><strong>gentes.</strong></span> 
     </span>
    </p>
   </div>
   <div class='ocr_carea' id='block_1_5' title="bbox 229 1325 1048 1379">
    <p class='ocr_par' dir='ltr' id='par_1_9' title="bbox 229 1325 1048 1379">
     <span class='ocr_line' id='line_1_26' title="bbox 229 1325 1048 1379; baseline -0.001 -13"><span class='ocrx_word' id='word_1_173' title='bbox 229 1325 382 1366; x_wconf 87' lang='lat' dir='ltr'><strong>Notitia</strong></span> <span class='ocrx_word' id='word_1_174' title='bbox 414 1325 491 1365; x_wconf 83' lang='lat' dir='ltr'><strong>Dei</strong></span> <span class='ocrx_word' id='word_1_175' title='bbox 522 1325 562 1364; x_wconf 87' lang='lat' dir='ltr'><strong>in</strong></span> <span class='ocrx_word' id='word_1_176' title='bbox 594 1325 771 1366; x_wconf 83' lang='lat' dir='ltr'><strong>Ethnicis</strong></span> <span class='ocrx_word' id='word_1_177' title='bbox 803 1327 928 1379; x_wconf 79' lang='lat' dir='ltr'><strong>qualis</strong></span> <span class='ocrx_word' id='word_1_178' title='bbox 960 1326 1048 1366; x_wconf 74' lang='lat' dir='ltr'><strong>est?</strong></span> 
     </span>
    </p>
   </div>
   <div class='ocr_carea' id='block_1_6' title="bbox 157 1413 1136 2273">
    <p class='ocr_par' dir='ltr' id='par_1_10' title="bbox 157 1413 1136 1662">
     <span class='ocr_line' id='line_1_27' title="bbox 244 1413 1135 1458; baseline 0.002 -12"><span class='ocrx_word' id='word_1_179' title='bbox 244 1414 305 1447; x_wconf 84' lang='lat' dir='ltr'><strong>Est</strong></span> <span class='ocrx_word' id='word_1_180' title='bbox 327 1421 493 1457; x_wconf 89' lang='lat' dir='ltr'><strong>utcunque</strong></span> <span class='ocrx_word' id='word_1_181' title='bbox 522 1413 656 1457; x_wconf 81' lang='lat' dir='ltr'><strong>legalis,</strong></span> <span class='ocrx_word' id='word_1_182' title='bbox 686 1426 884 1458; x_wconf 85' lang='lat' dir='ltr'><strong>quamquam</strong></span> <span class='ocrx_word' id='word_1_183' title='bbox 915 1427 988 1448; x_wconf 93' lang='lat' dir='ltr'><strong>cum</strong></span> <span class='ocrx_word' id='word_1_184' title='bbox 1015 1426 1135 1458; x_wconf 87' lang='lat' dir='ltr'><strong>magna</strong></span> 
     </span>
     <span class='ocr_line' id='line_1_28' title="bbox 159 1456 1135 1501; baseline 0 -11"><span class='ocrx_word' id='word_1_185' title='bbox 159 1456 309 1501; x_wconf 84' lang='lat' dir='ltr'><strong>caligine.</strong></span> <span class='ocrx_word' id='word_1_186' title='bbox 353 1458 426 1489; x_wconf 89' lang='lat' dir='ltr'><strong>Non</strong></span> <span class='ocrx_word' id='word_1_187' title='bbox 456 1464 562 1489; x_wconf 87' lang='lat' dir='ltr'><strong>autem</strong></span> <span class='ocrx_word' id='word_1_188' title='bbox 591 1464 642 1489; x_wconf 91' lang='lat' dir='ltr'><strong>est</strong></span> <span class='ocrx_word' id='word_1_189' title='bbox 672 1458 786 1490; x_wconf 86' lang='lat' dir='ltr'><strong>notitia</strong></span> <span class='ocrx_word' id='word_1_190' title='bbox 815 1457 955 1497; x_wconf 81' lang='lat' dir='ltr'><strong>Christi,</strong></span> <span class='ocrx_word' id='word_1_191' title='bbox 986 1469 1045 1491; x_wconf 86' lang='lat' dir='ltr'><strong>seu</strong></span> <span class='ocrx_word' id='word_1_192' title='bbox 1069 1469 1135 1490; x_wconf 90' lang='lat' dir='ltr'><strong>non</strong></span> 
     </span>
     <span class='ocr_line' id='line_1_29' title="bbox 157 1499 1135 1543; baseline 0 -10"><span class='ocrx_word' id='word_1_193' title='bbox 157 1507 209 1533; x_wconf 75' lang='lat' dir='ltr'><strong>est</strong></span> <span class='ocrx_word' id='word_1_194' title='bbox 242 1500 355 1533; x_wconf 84' lang='lat' dir='ltr'><strong>notitia</strong></span> <span class='ocrx_word' id='word_1_195' title='bbox 393 1501 590 1532; x_wconf 77' lang='lat' dir='ltr'><strong>mediatoris.</strong></span> <span class='ocrx_word' id='word_1_196' title='bbox 646 1499 687 1532; x_wconf 78' lang='lat' dir='ltr'><strong>Et</strong></span> <span class='ocrx_word' id='word_1_197' title='bbox 725 1501 800 1532; x_wconf 88' lang='lat' dir='ltr'><strong>hinc</strong></span> <span class='ocrx_word' id='word_1_198' title='bbox 834 1503 929 1533; x_wconf 80' lang='lat' dir='ltr'><strong>etiam</strong></span> <span class='ocrx_word' id='word_1_199' title='bbox 962 1503 1135 1543; x_wconf 86' lang='lat' dir='ltr'><strong>responsio</strong></span> 
     </span>
     <span class='ocr_line' id='line_1_30' title="bbox 157 1543 1136 1585; baseline 0.002 -10"><span class='ocrx_word' id='word_1_200' title='bbox 157 1545 316 1575; x_wconf 85' lang='lat' dir='ltr'><strong>sumenda</strong></span> <span class='ocrx_word' id='word_1_201' title='bbox 339 1550 391 1575; x_wconf 89' lang='lat' dir='ltr'><strong>est</strong></span> <span class='ocrx_word' id='word_1_202' title='bbox 413 1544 456 1575; x_wconf 89' lang='lat' dir='ltr'><strong>ad</strong></span> <span class='ocrx_word' id='word_1_203' title='bbox 479 1550 706 1585; x_wconf 83' lang='lat' dir='ltr'><strong>argumentum</strong></span> <span class='ocrx_word' id='word_1_204' title='bbox 728 1543 920 1576; x_wconf 82' lang='lat' dir='ltr'><strong>Theowaldi</strong></span> <span class='ocrx_word' id='word_1_205' title='bbox 939 1544 1136 1583; x_wconf 88' lang='lat' dir='ltr'><strong>Thammeri,</strong></span> 
     </span>
     <span class='ocr_line' id='line_1_31' title="bbox 158 1585 1136 1631; baseline 0.001 -13"><span class='ocrx_word' id='word_1_206' title='bbox 158 1588 214 1629; x_wconf 83' lang='lat' dir='ltr'><strong>qui</strong></span> <span class='ocrx_word' id='word_1_207' title='bbox 236 1597 323 1619; x_wconf 87' lang='lat' dir='ltr'><strong>nunc</strong></span> <span class='ocrx_word' id='word_1_208' title='bbox 355 1593 494 1618; x_wconf 88' lang='lat' dir='ltr'><strong>renovat</strong></span> <span class='ocrx_word' id='word_1_209' title='bbox 527 1585 753 1618; x_wconf 82' lang='lat' dir='ltr'><strong>confusionem</strong></span> <span class='ocrx_word' id='word_1_210' title='bbox 786 1587 958 1619; x_wconf 87' lang='lat' dir='ltr'><strong>Ecclesiae</strong></span> <span class='ocrx_word' id='word_1_211' title='bbox 991 1594 1025 1620; x_wconf 92' lang='lat' dir='ltr'><strong>et</strong></span> <span class='ocrx_word' id='word_1_212' title='bbox 1058 1598 1136 1631; x_wconf 84' lang='lat' dir='ltr'><strong>gen-</strong></span> 
     </span>
     <span class='ocr_line' id='line_1_32' title="bbox 158 1631 246 1662; baseline -0.011 -1"><span class='ocrx_word' id='word_1_213' title='bbox 158 1631 246 1662; x_wconf 84' lang='lat' dir='ltr'><strong>tium.</strong></span> 
     </span>
    </p>

    <p class='ocr_par' dir='ltr' id='par_1_11' title="bbox 245 1673 990 1715">
     <span class='ocr_line' id='line_1_33' title="bbox 245 1673 990 1715; baseline 0 -10"><span class='ocrx_word' id='word_1_214' title='bbox 245 1675 373 1712; x_wconf 67' lang='lat' dir='ltr'><strong>Gentes,</strong></span> <span class='ocrx_word' id='word_1_215' title='bbox 397 1673 512 1715; x_wconf 88' lang='lat' dir='ltr'><strong>inquit,</strong></span> <span class='ocrx_word' id='word_1_216' title='bbox 536 1677 691 1705; x_wconf 64' lang='lat' dir='ltr'><strong>noret-nme</strong></span> <span class='ocrx_word' id='word_1_217' title='bbox 712 1675 886 1714; x_wconf 78' lang='lat' dir='ltr'><strong>potentiam</strong></span> <span class='ocrx_word' id='word_1_218' title='bbox 909 1673 990 1705; x_wconf 77' lang='lat' dir='ltr'><strong>Dei:</strong></span> 
     </span>
    </p>

    <p class='ocr_par' dir='ltr' id='par_1_12' title="bbox 247 1716 979 1758">
     <span class='ocr_line' id='line_1_34' title="bbox 247 1716 979 1758; baseline -0.001 -10"><span class='ocrx_word' id='word_1_219' title='bbox 247 1717 396 1748; x_wconf 69' lang='lat' dir='ltr'><strong>Pht-istus</strong></span> <span class='ocrx_word' id='word_1_220' title='bbox 419 1721 447 1748; x_wconf 80' lang='lat' dir='ltr'><strong>et</strong></span> <span class='ocrx_word' id='word_1_221' title='bbox 470 1718 613 1758; x_wconf 77' lang='lat' dir='ltr'><strong>potentia</strong></span> <span class='ocrx_word' id='word_1_222' title='bbox 640 1717 712 1754; x_wconf 74' lang='lat' dir='ltr'><strong>Dei,</strong></span> <span class='ocrx_word' id='word_1_223' title='bbox 739 1717 753 1747; x_wconf 85' lang='lat' dir='ltr'><strong>l</strong></span> <span class='ocrx_word' id='word_1_224' title='bbox 780 1716 926 1748; x_wconf 88' lang='lat' dir='ltr'><strong>Corinth.</strong></span> <span class='ocrx_word' id='word_1_225' title='bbox 954 1718 979 1748; x_wconf 87' lang='lat' dir='ltr'><strong>l.</strong></span> 
     </span>
    </p>

    <p class='ocr_par' dir='ltr' id='par_1_13' title="bbox 245 1760 834 1801">
     <span class='ocr_line' id='line_1_35' title="bbox 245 1760 834 1801; baseline -0.002 -10"><span class='ocrx_word' id='word_1_226' title='bbox 245 1760 333 1801; x_wconf 76' lang='lat' dir='ltr'><strong>Eryo</strong></span> <span class='ocrx_word' id='word_1_227' title='bbox 353 1763 462 1801; x_wconf 74' lang='lat' dir='ltr'><strong>yentes</strong></span> <span class='ocrx_word' id='word_1_228' title='bbox 484 1764 639 1791; x_wconf 74' lang='lat' dir='ltr'><strong>nor-erunt</strong></span> <span class='ocrx_word' id='word_1_229' title='bbox 662 1760 834 1791; x_wconf 74' lang='lat' dir='ltr'><strong>Christum.</strong></span> 
     </span>
    </p>

    <p class='ocr_par' dir='ltr' id='par_1_14' title="bbox 158 1802 1135 2273">
     <span class='ocr_line' id='line_1_36' title="bbox 245 1802 1134 1845; baseline -0.002 -11"><span class='ocrx_word' id='word_1_230' title='bbox 245 1803 315 1835; x_wconf 82' lang='lat' dir='ltr'><strong>Hoc</strong></span> <span class='ocrx_word' id='word_1_231' title='bbox 337 1809 564 1845; x_wconf 82' lang='lat' dir='ltr'><strong>argumentum</strong></span> <span class='ocrx_word' id='word_1_232' title='bbox 576 1803 703 1844; x_wconf 82' lang='lat' dir='ltr'><strong>spargit</strong></span> <span class='ocrx_word' id='word_1_233' title='bbox 722 1802 853 1844; x_wconf 70' lang='lat' dir='ltr'><strong>publice</strong></span> <span class='ocrx_word' id='word_1_234' title='bbox 876 1802 1025 1840; x_wconf 89' lang='lat' dir='ltr'><strong>inlibris,</strong></span> <span class='ocrx_word' id='word_1_235' title='bbox 1050 1813 1134 1845; x_wconf 84' lang='lat' dir='ltr'><strong>quos</strong></span> 
     </span>
     <span class='ocr_line' id='line_1_37' title="bbox 158 1845 1134 1886; baseline -0.001 -8"><span class='ocrx_word' id='word_1_236' title='bbox 158 1845 268 1878; x_wconf 83' lang='lat' dir='ltr'><strong>edidit.</strong></span> <span class='ocrx_word' id='word_1_237' title='bbox 313 1847 366 1877; x_wconf 90' lang='lat' dir='ltr'><strong>Sic</strong></span> <span class='ocrx_word' id='word_1_238' title='bbox 389 1852 496 1876; x_wconf 84' lang='lat' dir='ltr'><strong>autem</strong></span> <span class='ocrx_word' id='word_1_239' title='bbox 519 1847 723 1886; x_wconf 89' lang='lat' dir='ltr'><strong>respondeo:</strong></span> <span class='ocrx_word' id='word_1_240' title='bbox 759 1845 875 1876; x_wconf 70' lang='lat' dir='ltr'><strong>Gentes</strong></span> <span class='ocrx_word' id='word_1_241' title='bbox 904 1850 1057 1876; x_wconf 72' lang='lat' dir='ltr'><strong>noret-unt</strong></span> <span class='ocrx_word' id='word_1_242' title='bbox 1078 1856 1134 1886; x_wconf 75' lang='lat' dir='ltr'><strong>po-</strong></span> 
     </span>
     <span class='ocr_line' id='line_1_38' title="bbox 159 1887 1135 1926; baseline -0.001 -6"><span class='ocrx_word' id='word_1_243' title='bbox 159 1890 289 1920; x_wconf 76' lang='lat' dir='ltr'><strong>lentiam</strong></span> <span class='ocrx_word' id='word_1_244' title='bbox 312 1888 386 1926; x_wconf 71' lang='lat' dir='ltr'><strong>Dei,</strong></span> <span class='ocrx_word' id='word_1_245' title='bbox 420 1887 559 1926; x_wconf 84' lang='lat' dir='ltr'><strong>scilicet,</strong></span> <span class='ocrx_word' id='word_1_246' title='bbox 584 1889 772 1926; x_wconf 80' lang='lat' dir='ltr'><strong>creationis,</strong></span> <span class='ocrx_word' id='word_1_247' title='bbox 808 1895 839 1919; x_wconf 92' lang='lat' dir='ltr'><strong>et</strong></span> <span class='ocrx_word' id='word_1_248' title='bbox 873 1889 1135 1920; x_wconf 71' lang='lat' dir='ltr'><strong>conservationis</strong></span> 
     </span>
     <span class='ocr_line' id='line_1_39' title="bbox 161 1930 1134 1971; baseline -0.001 -8"><span class='ocrx_word' id='word_1_249' title='bbox 161 1938 395 1963; x_wconf 85' lang='lat' dir='ltr'><strong>creaturarum.</strong></span> <span class='ocrx_word' id='word_1_250' title='bbox 442 1930 594 1962; x_wconf 85' lang='lat' dir='ltr'><strong>Christus</strong></span> <span class='ocrx_word' id='word_1_251' title='bbox 629 1938 679 1962; x_wconf 84' lang='lat' dir='ltr'><strong>est</strong></span> <span class='ocrx_word' id='word_1_252' title='bbox 703 1932 847 1971; x_wconf 85' lang='lat' dir='ltr'><strong>potentia</strong></span> <span class='ocrx_word' id='word_1_253' title='bbox 871 1931 944 1969; x_wconf 86' lang='lat' dir='ltr'><strong>Dei,</strong></span> <span class='ocrx_word' id='word_1_254' title='bbox 968 1931 1134 1969; x_wconf 78' lang='lat' dir='ltr'><strong>videlicet,</strong></span> 
     </span>
     <span class='ocr_line' id='line_1_40' title="bbox 159 1973 1134 2016; baseline -0.002 -10"><span class='ocrx_word' id='word_1_255' title='bbox 159 1985 224 2006; x_wconf 81' lang='lat' dir='ltr'><strong>uon</strong></span> <span class='ocrx_word' id='word_1_256' title='bbox 237 1980 361 2006; x_wconf 84' lang='lat' dir='ltr'><strong>tantum</strong></span> <span class='ocrx_word' id='word_1_257' title='bbox 370 1974 559 2010; x_wconf 83' lang='lat' dir='ltr'><strong>creationis,</strong></span> <span class='ocrx_word' id='word_1_258' title='bbox 574 1974 630 2005; x_wconf 89' lang='lat' dir='ltr'><strong>sed</strong></span> <span class='ocrx_word' id='word_1_259' title='bbox 641 1975 736 2004; x_wconf 82' lang='lat' dir='ltr'><strong>etiam</strong></span> <span class='ocrx_word' id='word_1_260' title='bbox 745 1973 954 2005; x_wconf 75' lang='lat' dir='ltr'><strong>salvationis:</strong></span> <span class='ocrx_word' id='word_1_261' title='bbox 968 1982 996 2005; x_wconf 88' lang='lat' dir='ltr'><strong>et</strong></span> <span class='ocrx_word' id='word_1_262' title='bbox 1007 1975 1134 2016; x_wconf 85' lang='lat' dir='ltr'><strong>quidem</strong></span> 
     </span>
     <span class='ocr_line' id='line_1_41' title="bbox 158 2015 1134 2058; baseline 0 -10"><span class='ocrx_word' id='word_1_263' title='bbox 158 2024 209 2048; x_wconf 82' lang='lat' dir='ltr'><strong>est</strong></span> <span class='ocrx_word' id='word_1_264' title='bbox 254 2017 376 2049; x_wconf 87' lang='lat' dir='ltr'><strong>otentia</strong></span> <span class='ocrx_word' id='word_1_265' title='bbox 398 2015 593 2058; x_wconf 83' lang='lat' dir='ltr'><strong>personalis.</strong></span> <span class='ocrx_word' id='word_1_266' title='bbox 628 2017 702 2057; x_wconf 82' lang='lat' dir='ltr'><strong>lpse</strong></span> <span class='ocrx_word' id='word_1_267' title='bbox 725 2022 816 2047; x_wconf 86' lang='lat' dir='ltr'><strong>creat</strong></span> <span class='ocrx_word' id='word_1_268' title='bbox 840 2028 912 2048; x_wconf 90' lang='lat' dir='ltr'><strong>cum</strong></span> <span class='ocrx_word' id='word_1_269' title='bbox 936 2024 1038 2057; x_wconf 86' lang='lat' dir='ltr'><strong>patre.</strong></span> <span class='ocrx_word' id='word_1_270' title='bbox 1069 2018 1134 2048; x_wconf 83' lang='lat' dir='ltr'><strong>Sed</strong></span> 
     </span>
     <span class='ocr_line' id='line_1_42' title="bbox 158 2028 1135 2102; baseline 0 -11"><span class='ocrx_word' id='word_1_271' title='bbox 158 2061 190 2091; x_wconf 90' lang='lat' dir='ltr'><strong>in</strong></span> <span class='ocrx_word' id='word_1_272' title='bbox 214 2028 397 2101; x_wconf 35' lang='lat' dir='ltr'><strong>&amp;vani-:elio</strong></span> <span class='ocrx_word' id='word_1_273' title='bbox 426 2060 474 2090; x_wconf 87' lang='lat' dir='ltr'><strong>sic</strong></span> <span class='ocrx_word' id='word_1_274' title='bbox 500 2060 596 2090; x_wconf 82' lang='lat' dir='ltr'><strong>nohis</strong></span> <span class='ocrx_word' id='word_1_275' title='bbox 626 2057 810 2100; x_wconf 74' lang='lat' dir='ltr'><strong>patefactus</strong></span> <span class='ocrx_word' id='word_1_276' title='bbox 834 2067 902 2097; x_wconf 83' lang='lat' dir='ltr'><strong>est,</strong></span> <span class='ocrx_word' id='word_1_277' title='bbox 927 2061 1013 2101; x_wconf 79' lang='lat' dir='ltr'><strong>quod</strong></span> <span class='ocrx_word' id='word_1_278' title='bbox 1037 2071 1135 2102; x_wconf 89' lang='lat' dir='ltr'><strong>pecu·</strong></span> 
     </span>
     <span class='ocr_line' id='line_1_43' title="bbox 158 2101 1132 2144; baseline -0.001 -10"><span class='ocrx_word' id='word_1_279' title='bbox 158 2102 281 2134; x_wconf 83' lang='lat' dir='ltr'><strong>liariter</strong></span> <span class='ocrx_word' id='word_1_280' title='bbox 302 2104 446 2134; x_wconf 83' lang='lat' dir='ltr'><strong>mittatur</strong></span> <span class='ocrx_word' id='word_1_281' title='bbox 468 2103 509 2133; x_wconf 86' lang='lat' dir='ltr'><strong>ad</strong></span> <span class='ocrx_word' id='word_1_282' title='bbox 532 2101 596 2133; x_wconf 91' lang='lat' dir='ltr'><strong>hoc</strong></span> <span class='ocrx_word' id='word_1_283' title='bbox 619 2112 721 2143; x_wconf 79' lang='lat' dir='ltr'><strong>opus,</strong></span> <span class='ocrx_word' id='word_1_284' title='bbox 743 2109 776 2133; x_wconf 91' lang='lat' dir='ltr'><strong>ut</strong></span> <span class='ocrx_word' id='word_1_285' title='bbox 806 2104 847 2134; x_wconf 81' lang='lat' dir='ltr'><strong>sit</strong></span> <span class='ocrx_word' id='word_1_286' title='bbox 871 2103 1079 2144; x_wconf 71' lang='lat' dir='ltr'><strong>propitiator,</strong></span> <span class='ocrx_word' id='word_1_287' title='bbox 1102 2109 1132 2133; x_wconf 93' lang='lat' dir='ltr'><strong>et</strong></span> 
     </span>
     <span class='ocr_line' id='line_1_44' title="bbox 159 2144 1133 2187; baseline -0.001 -9"><span class='ocrx_word' id='word_1_288' title='bbox 159 2144 319 2183; x_wconf 80' lang='lat' dir='ltr'><strong>salvator,</strong></span> <span class='ocrx_word' id='word_1_289' title='bbox 341 2144 534 2177; x_wconf 79' lang='lat' dir='ltr'><strong>iustificetur</strong></span> <span class='ocrx_word' id='word_1_290' title='bbox 558 2152 588 2176; x_wconf 86' lang='lat' dir='ltr'><strong>et</strong></span> <span class='ocrx_word' id='word_1_291' title='bbox 617 2145 812 2176; x_wconf 74' lang='lat' dir='ltr'><strong>vivificator.</strong></span> <span class='ocrx_word' id='word_1_292' title='bbox 860 2145 950 2177; x_wconf 82' lang='lat' dir='ltr'><strong>llaec</strong></span> <span class='ocrx_word' id='word_1_293' title='bbox 969 2156 1033 2177; x_wconf 88' lang='lat' dir='ltr'><strong>non</strong></span> <span class='ocrx_word' id='word_1_294' title='bbox 1058 2156 1133 2187; x_wconf 90' lang='lat' dir='ltr'><strong>pos-</strong></span> 
     </span>
     <span class='ocr_line' id='line_1_45' title="bbox 159 2187 1133 2229; baseline 0.001 -10"><span class='ocrx_word' id='word_1_295' title='bbox 159 2195 236 2221; x_wconf 81' lang='lat' dir='ltr'><strong>sunt</strong></span> <span class='ocrx_word' id='word_1_296' title='bbox 258 2189 339 2220; x_wconf 86' lang='lat' dir='ltr'><strong>satis</strong></span> <span class='ocrx_word' id='word_1_297' title='bbox 363 2187 540 2225; x_wconf 85' lang='lat' dir='ltr'><strong>inculcari,</strong></span> <span class='ocrx_word' id='word_1_298' title='bbox 576 2196 609 2219; x_wconf 87' lang='lat' dir='ltr'><strong>ut</strong></span> <span class='ocrx_word' id='word_1_299' title='bbox 643 2194 770 2219; x_wconf 72' lang='lat' dir='ltr'><strong>mentes</strong></span> <span class='ocrx_word' id='word_1_300' title='bbox 813 2189 877 2219; x_wconf 73' lang='lat' dir='ltr'><strong>t-int</strong></span> <span class='ocrx_word' id='word_1_301' title='bbox 912 2190 1133 2229; x_wconf 83' lang='lat' dir='ltr'><strong>praemunitae</strong></span> 
     </span>
     <span class='ocr_line' id='line_1_46' title="bbox 160 2231 979 2273; baseline -0.002 -9"><span class='ocrx_word' id='word_1_302' title='bbox 160 2238 276 2265; x_wconf 88' lang='lat' dir='ltr'><strong>contra</strong></span> <span class='ocrx_word' id='word_1_303' title='bbox 300 2240 451 2269; x_wconf 73' lang='lat' dir='ltr'><strong>erroreS,</strong></span> <span class='ocrx_word' id='word_1_304' title='bbox 474 2231 528 2272; x_wconf 82' lang='lat' dir='ltr'><strong>qui</strong></span> <span class='ocrx_word' id='word_1_305' title='bbox 550 2241 638 2262; x_wconf 92' lang='lat' dir='ltr'><strong>nunc</strong></span> <span class='ocrx_word' id='word_1_306' title='bbox 661 2232 783 2273; x_wconf 84' lang='lat' dir='ltr'><strong>passim</strong></span> <span class='ocrx_word' id='word_1_307' title='bbox 807 2239 979 2273; x_wconf 79' lang='lat' dir='ltr'><strong>vagantur.</strong></span> 
     </span>
    </p>
   </div>
   <div class='ocr_carea' id='block_1_7' title="bbox 258 2396 1025 2452">
    <p class='ocr_par' dir='ltr' id='par_1_15' title="bbox 258 2396 1025 2452">
     <span class='ocr_line' id='line_1_47' title="bbox 258 2396 1025 2452; baseline -0.001 -15"><span class='ocrx_word' id='word_1_308' title='bbox 258 2397 549 2438; x_wconf 87' lang='lat' dir='ltr'><strong>Testimonium</strong></span> <span class='ocrx_word' id='word_1_309' title='bbox 581 2397 632 2437; x_wconf 80' lang='lat' dir='ltr'><strong>de</strong></span> <span class='ocrx_word' id='word_1_310' title='bbox 669 2412 837 2452; x_wconf 70' lang='lat' dir='ltr'><strong>persona</strong></span> <span class='ocrx_word' id='word_1_311' title='bbox 868 2396 1025 2438; x_wconf 85' lang='lat' dir='ltr'><strong>Christi.</strong></span> 
     </span>
    </p>
   </div>
   <div class='ocr_carea' id='block_1_8' title="bbox 247 2488 1164 2529">
    <p class='ocr_par' dir='ltr' id='par_1_16' title="bbox 247 2488 1164 2529">
     <span class='ocr_line' id='line_1_48' title="bbox 247 2488 1164 2529; baseline 0 -10"><span class='ocrx_word' id='word_1_312' title='bbox 247 2488 401 2529; x_wconf 80' lang='lat' dir='ltr'><strong>Sequitur</strong></span> <span class='ocrx_word' id='word_1_313' title='bbox 425 2489 559 2520; x_wconf 89' lang='lat' dir='ltr'><strong>dictum:</strong></span> <span class='ocrx_word' id='word_1_314' title='bbox 587 2490 760 2529; x_wconf 73' lang='lat' dir='ltr'><strong>Antequam</strong></span> <span class='ocrx_word' id='word_1_315' title='bbox 786 2489 948 2520; x_wconf 74' lang='lat' dir='ltr'><strong>Abraham</strong></span> <span class='ocrx_word' id='word_1_316' title='bbox 972 2493 1056 2521; x_wconf 63' lang='lat' dir='ltr'><strong>erat.</strong></span> <span class='ocrx_word' id='word_1_317' title='bbox 1079 2500 1136 2529; x_wconf 72' lang='lat' dir='ltr'><strong>eyn</strong></span> <span class='ocrx_word' id='word_1_318' title='bbox 1161 2503 1164 2515; x_wconf 70' lang='grc' dir='ltr'>ι</span> 
     </span>
    </p>
   </div>
   <div class='ocr_carea' id='block_1_9' title="bbox 160 2531 1137 2608">
    <p class='ocr_par' dir='ltr' id='par_1_17' title="bbox 160 2531 1137 2608">
     <span class='ocr_line' id='line_1_49' title="bbox 160 2531 1137 2574; baseline 0 -10"><span class='ocrx_word' id='word_1_319' title='bbox 160 2541 238 2564; x_wconf 68' lang='lat' dir='ltr'><strong>nn.</strong></span> <span class='ocrx_word' id='word_1_320' title='bbox 282 2531 410 2562; x_wconf 84' lang='lat' dir='ltr'><strong>ludaeis</strong></span> <span class='ocrx_word' id='word_1_321' title='bbox 432 2532 602 2563; x_wconf 75' lang='lat' dir='ltr'><strong>videbatur</strong></span> <span class='ocrx_word' id='word_1_322' title='bbox 624 2533 801 2564; x_wconf 76' lang='lat' dir='ltr'><strong>absurdum</strong></span> <span class='ocrx_word' id='word_1_323' title='bbox 825 2542 918 2570; x_wconf 82' lang='lat' dir='ltr'><strong>esse,</strong></span> <span class='ocrx_word' id='word_1_324' title='bbox 941 2533 1026 2574; x_wconf 87' lang='lat' dir='ltr'><strong>quod</strong></span> <span class='ocrx_word' id='word_1_325' title='bbox 1047 2531 1137 2564; x_wconf 65' lang='lat' dir='ltr'><strong>Chri·</strong></span> 
     </span>
     <span class='ocr_line' id='line_1_50' title="bbox 163 2574 1137 2608; baseline -0.001 -1"><span class='ocrx_word' id='word_1_326' title='bbox 163 2582 234 2608; x_wconf 69' lang='lat' dir='ltr'><strong>ntus</strong></span> <span class='ocrx_word' id='word_1_327' title='bbox 257 2574 398 2605; x_wconf 64' lang='lat' dir='ltr'><strong>dixerat:</strong></span> <span class='ocrx_word' id='word_1_328' title='bbox 430 2575 591 2606; x_wconf 70' lang='lat' dir='ltr'><strong>Abraham</strong></span> <span class='ocrx_word' id='word_1_329' title='bbox 616 2576 694 2606; x_wconf 64' lang='lat' dir='ltr'><strong>uidit</strong></span> <span class='ocrx_word' id='word_1_330' title='bbox 717 2575 800 2606; x_wconf 70' lang='lat' dir='ltr'><strong>dit-m</strong></span> <span class='ocrx_word' id='word_1_331' title='bbox 823 2585 934 2607; x_wconf 74' lang='lat' dir='ltr'><strong>meum.</strong></span> <span class='ocrx_word' id='word_1_332' title='bbox 981 2574 1057 2607; x_wconf 84' lang='lat' dir='ltr'><strong>ldeo</strong></span> <span class='ocrx_word' id='word_1_333' title='bbox 1093 2575 1137 2606; x_wconf 85' lang='lat' dir='ltr'><strong>di·</strong></span> 
     </span>
    </p>
   </div>
   <div class='ocr_carea' id='block_1_10' title="bbox 1187 227 2171 309">
    <p class='ocr_par' dir='ltr' id='par_1_18' title="bbox 1187 227 2171 309">
     <span class='ocr_line' id='line_1_51' title="bbox 1187 227 2171 309; baseline 0.008 -8"><span class='ocrx_word' id='word_1_334' title='bbox 1187 227 1546 304; x_wconf 51' lang='lat' dir='ltr'><strong>ssiii&#39;iiitfflfflgitna</strong></span> <span class='ocrx_word' id='word_1_335' title='bbox 1557 230 1868 305; x_wconf 55' lang='lat' dir='ltr'><strong>ffl⁸b⁷igm1¹n¹il⁷ieh⁰</strong></span> <span class='ocrx_word' id='word_1_336' title='bbox 1869 231 1990 306; x_wconf 56' lang='lat' dir='ltr'><strong>ffiits‘³²</strong></span> <span class='ocrx_word' id='word_1_337' title='bbox 1999 233 2171 309; x_wconf 54' lang='lat' dir='ltr'><strong>ssisffl</strong></span> 
     </span>
    </p>
   </div>
   <div class='ocr_carea' id='block_1_11' title="bbox 1160 311 2169 625">
    <p class='ocr_par' dir='ltr' id='par_1_19' title="bbox 1160 311 2169 625">
     <span class='ocr_line' id='line_1_52' title="bbox 1188 311 2169 360; baseline 0.008 -17"><span class='ocrx_word' id='word_1_338' title='bbox 1188 311 1354 345; x_wconf 87' lang='lat' dir='ltr'><strong>Christum</strong></span> <span class='ocrx_word' id='word_1_339' title='bbox 1377 313 1558 347; x_wconf 85' lang='lat' dir='ltr'><strong>exhibitum</strong></span> <span class='ocrx_word' id='word_1_340' title='bbox 1581 315 1614 346; x_wconf 89' lang='lat' dir='ltr'><strong>in</strong></span> <span class='ocrx_word' id='word_1_341' title='bbox 1637 325 1748 348; x_wconf 86' lang='lat' dir='ltr'><strong>carne.</strong></span> <span class='ocrx_word' id='word_1_342' title='bbox 1780 315 1841 348; x_wconf 86' lang='lat' dir='ltr'><strong>Est</strong></span> <span class='ocrx_word' id='word_1_343' title='bbox 1864 322 1972 349; x_wconf 87' lang='lat' dir='ltr'><strong>autem</strong></span> <span class='ocrx_word' id='word_1_344' title='bbox 1996 323 2169 360; x_wconf 88' lang='lat' dir='ltr'><strong>utrumque</strong></span> 
     </span>
     <span class='ocr_line' id='line_1_53' title="bbox 1187 355 2168 399; baseline 0.006 -13"><span class='ocrx_word' id='word_1_345' title='bbox 1187 365 1319 387; x_wconf 82' lang='lat' dir='ltr'><strong>verum:</strong></span> <span class='ocrx_word' id='word_1_346' title='bbox 1342 355 1491 388; x_wconf 63' lang='lat' dir='ltr'><strong>Christus</strong></span> <span class='ocrx_word' id='word_1_347' title='bbox 1513 361 1560 389; x_wconf 83' lang='lat' dir='ltr'><strong>est</strong></span> <span class='ocrx_word' id='word_1_348' title='bbox 1591 362 1687 389; x_wconf 76' lang='lat' dir='ltr'><strong>natus</strong></span> <span class='ocrx_word' id='word_1_349' title='bbox 1706 362 1782 399; x_wconf 81' lang='lat' dir='ltr'><strong>post</strong></span> <span class='ocrx_word' id='word_1_350' title='bbox 1799 359 1984 391; x_wconf 69' lang='lat' dir='ltr'><strong>Abraham:</strong></span> <span class='ocrx_word' id='word_1_351' title='bbox 2009 366 2052 399; x_wconf 82' lang='lat' dir='ltr'><strong>et,</strong></span> <span class='ocrx_word' id='word_1_352' title='bbox 2076 360 2168 392; x_wconf 67' lang='lat' dir='ltr'><strong>Chre·-</strong></span> 
     </span>
     <span class='ocr_line' id='line_1_54' title="bbox 1160 392 2169 441; baseline 0.005 -11"><span class='ocrx_word' id='word_1_353' title='bbox 1160 392 1165 441; x_wconf 64' lang='lat' dir='ltr'><strong>l</strong></span> <span class='ocrx_word' id='word_1_354' title='bbox 1187 402 1256 430; x_wconf 76' lang='lat' dir='ltr'><strong>stus</strong></span> <span class='ocrx_word' id='word_1_355' title='bbox 1277 402 1325 430; x_wconf 77' lang='lat' dir='ltr'><strong>est</strong></span> <span class='ocrx_word' id='word_1_356' title='bbox 1345 403 1421 431; x_wconf 75' lang='lat' dir='ltr'><strong>ante</strong></span> <span class='ocrx_word' id='word_1_357' title='bbox 1442 400 1621 432; x_wconf 70' lang='lat' dir='ltr'><strong>Abraham.</strong></span> <span class='ocrx_word' id='word_1_358' title='bbox 1655 401 1696 432; x_wconf 81' lang='lat' dir='ltr'><strong>Et</strong></span> <span class='ocrx_word' id='word_1_359' title='bbox 1718 406 1770 432; x_wconf 87' lang='lat' dir='ltr'><strong>est</strong></span> <span class='ocrx_word' id='word_1_360' title='bbox 1792 400 1917 434; x_wconf 86' lang='lat' dir='ltr'><strong>clarum</strong></span> <span class='ocrx_word' id='word_1_361' title='bbox 1939 403 2169 441; x_wconf 82' lang='lat' dir='ltr'><strong>testimouium,</strong></span> 
     </span>
     <span class='ocr_line' id='line_1_55' title="bbox 1161 441 2169 486; baseline 0.005 -14"><span class='ocrx_word' id='word_1_362' title='bbox 1161 455 1165 482; x_wconf 68' lang='lat' dir='ltr'><strong>t</strong></span> <span class='ocrx_word' id='word_1_363' title='bbox 1188 442 1276 483; x_wconf 88' lang='lat' dir='ltr'><strong>quod</strong></span> <span class='ocrx_word' id='word_1_364' title='bbox 1298 441 1333 473; x_wconf 82' lang='lat' dir='ltr'><strong>in</strong></span> <span class='ocrx_word' id='word_1_365' title='bbox 1354 441 1491 474; x_wconf 88' lang='lat' dir='ltr'><strong>Christo</strong></span> <span class='ocrx_word' id='word_1_366' title='bbox 1514 449 1594 475; x_wconf 89' lang='lat' dir='ltr'><strong>nato</strong></span> <span class='ocrx_word' id='word_1_367' title='bbox 1617 453 1658 475; x_wconf 87' lang='lat' dir='ltr'><strong>ex</strong></span> <span class='ocrx_word' id='word_1_368' title='bbox 1682 443 1810 486; x_wconf 81' lang='lat' dir='ltr'><strong>virgine</strong></span> <span class='ocrx_word' id='word_1_369' title='bbox 1839 445 1923 477; x_wconf 88' lang='lat' dir='ltr'><strong>duae</strong></span> <span class='ocrx_word' id='word_1_370' title='bbox 1944 451 2081 477; x_wconf 83' lang='lat' dir='ltr'><strong>naturae</strong></span> <span class='ocrx_word' id='word_1_371' title='bbox 2104 446 2169 478; x_wconf 90' lang='lat' dir='ltr'><strong>sint</strong></span> 
     </span>
     <span class='ocr_line' id='line_1_56' title="bbox 1162 488 1430 526; baseline 0.004 -11"><span class='ocrx_word' id='word_1_372' title='bbox 1162 488 1166 524; x_wconf 65' lang='lat' dir='ltr'><strong>t</strong></span> <span class='ocrx_word' id='word_1_373' title='bbox 1188 493 1253 516; x_wconf 87' lang='lat' dir='ltr'><strong>una</strong></span> <span class='ocrx_word' id='word_1_374' title='bbox 1275 494 1430 526; x_wconf 84' lang='lat' dir='ltr'><strong>persona.</strong></span> 
     </span>
     <span class='ocr_line' id='line_1_57' title="bbox 1165 604 1168 625; baseline 0 0"><span class='ocrx_word' id='word_1_375' title='bbox 1165 604 1168 625; x_wconf 86' lang='lat' dir='ltr'><strong>t</strong></span> 
     </span>
    </p>
   </div>
   <div class='ocr_carea' id='block_1_12' title="bbox 1160 646 2166 947">
    <p class='ocr_par' dir='ltr' id='par_1_20' title="bbox 1160 646 2166 947">
     <span class='ocr_line' id='line_1_58' title="bbox 1191 646 2166 706; baseline 0.005 -18"><span class='ocrx_word' id='word_1_376' title='bbox 1191 646 1273 689; x_wconf 87' lang='lat' dir='ltr'><strong>Sed</strong></span> <span class='ocrx_word' id='word_1_377' title='bbox 1303 650 1509 703; x_wconf 87' lang='lat' dir='ltr'><strong>quomodo</strong></span> <span class='ocrx_word' id='word_1_378' title='bbox 1538 650 1639 691; x_wconf 89' lang='lat' dir='ltr'><strong>haec</strong></span> <span class='ocrx_word' id='word_1_379' title='bbox 1669 651 1775 692; x_wconf 80' lang='lat' dir='ltr'><strong>dicta</strong></span> <span class='ocrx_word' id='word_1_380' title='bbox 1807 658 1902 691; x_wconf 86' lang='lat' dir='ltr'><strong>sunt</strong></span> <span class='ocrx_word' id='word_1_381' title='bbox 1930 652 2166 706; x_wconf 84' lang='lat' dir='ltr'><strong>applicanda</strong></span> 
     </span>
     <span class='ocr_line' id='line_1_59' title="bbox 1160 687 2014 947; baseline 0.006 -183"><span class='ocrx_word' id='word_1_382' title='bbox 1160 687 1166 947; x_wconf 64' lang='grc' dir='ltr'><strong><em>Ι</em></strong></span> <span class='ocrx_word' id='word_1_383' title='bbox 1344 725 1398 765; x_wconf 85' lang='lat' dir='ltr'><strong>ad</strong></span> <span class='ocrx_word' id='word_1_384' title='bbox 1427 725 1722 768; x_wconf 80' lang='lat' dir='ltr'><strong>distinctionem</strong></span> <span class='ocrx_word' id='word_1_385' title='bbox 1752 728 2014 769; x_wconf 86' lang='lat' dir='ltr'><strong>naturarum?</strong></span> 
     </span>
    </p>
   </div>
   <div class='ocr_carea' id='block_1_13' title="bbox 1158 822 2167 2614">
    <p class='ocr_par' dir='ltr' id='par_1_21' title="bbox 1187 822 2166 984">
     <span class='ocr_line' id='line_1_60' title="bbox 1275 822 2166 865; baseline 0.007 -11"><span class='ocrx_word' id='word_1_386' title='bbox 1275 822 1488 865; x_wconf 85' lang='lat' dir='ltr'><strong>Respondeo.</strong></span> <span class='ocrx_word' id='word_1_387' title='bbox 1545 824 1694 857; x_wconf 85' lang='lat' dir='ltr'><strong>Humana</strong></span> <span class='ocrx_word' id='word_1_388' title='bbox 1735 833 1851 858; x_wconf 89' lang='lat' dir='ltr'><strong>natura</strong></span> <span class='ocrx_word' id='word_1_389' title='bbox 1884 837 1951 859; x_wconf 91' lang='lat' dir='ltr'><strong>nou</strong></span> <span class='ocrx_word' id='word_1_390' title='bbox 1996 826 2056 859; x_wconf 85' lang='lat' dir='ltr'><strong>suit</strong></span> <span class='ocrx_word' id='word_1_391' title='bbox 2090 835 2166 860; x_wconf 82' lang='lat' dir='ltr'><strong>ante</strong></span> 
     </span>
     <span class='ocr_line' id='line_1_61' title="bbox 1187 866 2165 911; baseline 0.004 -13"><span class='ocrx_word' id='word_1_392' title='bbox 1187 866 1370 904; x_wconf 82' lang='lat' dir='ltr'><strong>Abraham,</strong></span> <span class='ocrx_word' id='word_1_393' title='bbox 1393 872 1425 898; x_wconf 86' lang='lat' dir='ltr'><strong>et</strong></span> <span class='ocrx_word' id='word_1_394' title='bbox 1445 871 1555 898; x_wconf 83' lang='lat' dir='ltr'><strong>tamen</strong></span> <span class='ocrx_word' id='word_1_395' title='bbox 1576 866 1660 899; x_wconf 89' lang='lat' dir='ltr'><strong>haec</strong></span> <span class='ocrx_word' id='word_1_396' title='bbox 1672 870 1855 911; x_wconf 79' lang='lat' dir='ltr'><strong>propositio</strong></span> <span class='ocrx_word' id='word_1_397' title='bbox 1879 877 1929 901; x_wconf 88' lang='lat' dir='ltr'><strong>est</strong></span> <span class='ocrx_word' id='word_1_398' title='bbox 1953 881 2045 902; x_wconf 76' lang='lat' dir='ltr'><strong>vera:</strong></span> <span class='ocrx_word' id='word_1_399' title='bbox 2070 872 2165 902; x_wconf 69' lang='lat' dir='ltr'><strong>Anto·</strong></span> 
     </span>
     <span class='ocr_line' id='line_1_62' title="bbox 1188 909 2166 953; baseline 0.005 -12"><span class='ocrx_word' id='word_1_400' title='bbox 1188 918 1285 950; x_wconf 82' lang='lat' dir='ltr'><strong>quam</strong></span> <span class='ocrx_word' id='word_1_401' title='bbox 1308 909 1476 940; x_wconf 76' lang='lat' dir='ltr'><strong>Abraham</strong></span> <span class='ocrx_word' id='word_1_402' title='bbox 1495 913 1579 948; x_wconf 82' lang='lat' dir='ltr'><strong>erat,</strong></span> <span class='ocrx_word' id='word_1_403' title='bbox 1600 920 1658 952; x_wconf 71' lang='lat' dir='ltr'><strong>eqo</strong></span> <span class='ocrx_word' id='word_1_404' title='bbox 1669 921 1751 950; x_wconf 79' lang='lat' dir='ltr'><strong>sum,</strong></span> <span class='ocrx_word' id='word_1_405' title='bbox 1776 912 1986 953; x_wconf 82' lang='lat' dir='ltr'><strong>respiciendo</strong></span> <span class='ocrx_word' id='word_1_406' title='bbox 2009 913 2052 945; x_wconf 84' lang='lat' dir='ltr'><strong>ad</strong></span> <span class='ocrx_word' id='word_1_407' title='bbox 2075 920 2166 947; x_wconf 84' lang='lat' dir='ltr'><strong>natu—</strong></span> 
     </span>
     <span class='ocr_line' id='line_1_63' title="bbox 1188 952 1433 984; baseline 0.004 -1"><span class='ocrx_word' id='word_1_408' title='bbox 1188 963 1258 983; x_wconf 86' lang='lat' dir='ltr'><strong>ram</strong></span> <span class='ocrx_word' id='word_1_409' title='bbox 1281 952 1433 984; x_wconf 88' lang='lat' dir='ltr'><strong>divinam.</strong></span> 
     </span>
    </p>

    <p class='ocr_par' dir='ltr' id='par_1_22' title="bbox 1186 993 2167 1336">
     <span class='ocr_line' id='line_1_64' title="bbox 1274 993 2166 1037; baseline 0.004 -12"><span class='ocrx_word' id='word_1_410' title='bbox 1274 993 1336 1026; x_wconf 86' lang='lat' dir='ltr'><strong>Hic</strong></span> <span class='ocrx_word' id='word_1_411' title='bbox 1357 995 1456 1037; x_wconf 86' lang='lat' dir='ltr'><strong>igitur</strong></span> <span class='ocrx_word' id='word_1_412' title='bbox 1477 995 1608 1037; x_wconf 83' lang='lat' dir='ltr'><strong>insigne</strong></span> <span class='ocrx_word' id='word_1_413' title='bbox 1641 994 1828 1036; x_wconf 82' lang='lat' dir='ltr'><strong>exemplum</strong></span> <span class='ocrx_word' id='word_1_414' title='bbox 1862 996 2023 1029; x_wconf 88' lang='lat' dir='ltr'><strong>habemus</strong></span> <span class='ocrx_word' id='word_1_415' title='bbox 2047 997 2166 1029; x_wconf 81' lang='lat' dir='ltr'><strong>doctri·</strong></span> 
     </span>
     <span class='ocr_line' id='line_1_65' title="bbox 1188 1037 2166 1081; baseline 0.003 -13"><span class='ocrx_word' id='word_1_416' title='bbox 1188 1047 1251 1069; x_wconf 89' lang='lat' dir='ltr'><strong>nae</strong></span> <span class='ocrx_word' id='word_1_417' title='bbox 1274 1037 1315 1069; x_wconf 91' lang='lat' dir='ltr'><strong>de</strong></span> <span class='ocrx_word' id='word_1_418' title='bbox 1339 1038 1635 1070; x_wconf 88' lang='lat' dir='ltr'><strong>communicatione</strong></span> <span class='ocrx_word' id='word_1_419' title='bbox 1658 1037 1863 1077; x_wconf 82' lang='lat' dir='ltr'><strong>idiomatum,</strong></span> <span class='ocrx_word' id='word_1_420' title='bbox 1895 1049 1980 1080; x_wconf 89' lang='lat' dir='ltr'><strong>quae</strong></span> <span class='ocrx_word' id='word_1_421' title='bbox 2003 1045 2054 1071; x_wconf 86' lang='lat' dir='ltr'><strong>est</strong></span> <span class='ocrx_word' id='word_1_422' title='bbox 2071 1049 2166 1081; x_wconf 84' lang='lat' dir='ltr'><strong>prae-</strong></span> 
     </span>
     <span class='ocr_line' id='line_1_66' title="bbox 1188 1081 2167 1122; baseline 0.003 -11"><span class='ocrx_word' id='word_1_423' title='bbox 1188 1081 1320 1118; x_wconf 89' lang='lat' dir='ltr'><strong>dicatio,</strong></span> <span class='ocrx_word' id='word_1_424' title='bbox 1353 1081 1386 1112; x_wconf 89' lang='lat' dir='ltr'><strong>in</strong></span> <span class='ocrx_word' id='word_1_425' title='bbox 1409 1091 1474 1122; x_wconf 91' lang='lat' dir='ltr'><strong>qua</strong></span> <span class='ocrx_word' id='word_1_426' title='bbox 1492 1081 1677 1122; x_wconf 81' lang='lat' dir='ltr'><strong>proprietas</strong></span> <span class='ocrx_word' id='word_1_427' title='bbox 1712 1082 1808 1113; x_wconf 89' lang='lat' dir='ltr'><strong>unius</strong></span> <span class='ocrx_word' id='word_1_428' title='bbox 1843 1086 1981 1113; x_wconf 85' lang='lat' dir='ltr'><strong>naturae</strong></span> <span class='ocrx_word' id='word_1_429' title='bbox 2014 1082 2167 1115; x_wconf 84' lang='lat' dir='ltr'><strong>tribuitur</strong></span> 
     </span>
     <span class='ocr_line' id='line_1_67' title="bbox 1187 1123 2166 1164; baseline 0.003 -11"><span class='ocrx_word' id='word_1_430' title='bbox 1187 1132 1352 1164; x_wconf 86' lang='lat' dir='ltr'><strong>personae</strong></span> <span class='ocrx_word' id='word_1_431' title='bbox 1379 1123 1412 1153; x_wconf 89' lang='lat' dir='ltr'><strong>in</strong></span> <span class='ocrx_word' id='word_1_432' title='bbox 1442 1129 1609 1155; x_wconf 85' lang='lat' dir='ltr'><strong>concreto.</strong></span> <span class='ocrx_word' id='word_1_433' title='bbox 1654 1123 1740 1155; x_wconf 82' lang='lat' dir='ltr'><strong>Esse</strong></span> <span class='ocrx_word' id='word_1_434' title='bbox 1767 1130 1843 1155; x_wconf 90' lang='lat' dir='ltr'><strong>ante</strong></span> <span class='ocrx_word' id='word_1_435' title='bbox 1872 1124 2060 1163; x_wconf 84' lang='lat' dir='ltr'><strong>Abraham,</strong></span> <span class='ocrx_word' id='word_1_436' title='bbox 2090 1125 2166 1157; x_wconf 89' lang='lat' dir='ltr'><strong>item</strong></span> 
     </span>
     <span class='ocr_line' id='line_1_68' title="bbox 1187 1166 2167 1208; baseline 0.003 -12"><span class='ocrx_word' id='word_1_437' title='bbox 1187 1170 1264 1197; x_wconf 80' lang='lat' dir='ltr'><strong>ante</strong></span> <span class='ocrx_word' id='word_1_438' title='bbox 1295 1166 1496 1197; x_wconf 83' lang='lat' dir='ltr'><strong>creationem</strong></span> <span class='ocrx_word' id='word_1_439' title='bbox 1518 1166 1640 1203; x_wconf 88' lang='lat' dir='ltr'><strong>mundi,</strong></span> <span class='ocrx_word' id='word_1_440' title='bbox 1673 1173 1725 1197; x_wconf 90' lang='lat' dir='ltr'><strong>est</strong></span> <span class='ocrx_word' id='word_1_441' title='bbox 1753 1167 1937 1208; x_wconf 89' lang='lat' dir='ltr'><strong>proprietas</strong></span> <span class='ocrx_word' id='word_1_442' title='bbox 1961 1174 2098 1199; x_wconf 85' lang='lat' dir='ltr'><strong>naturae</strong></span> <span class='ocrx_word' id='word_1_443' title='bbox 2120 1167 2167 1199; x_wconf 74' lang='lat' dir='ltr'><strong>di-</strong></span> 
     </span>
     <span class='ocr_line' id='line_1_69' title="bbox 1187 1207 2167 1250; baseline 0.003 -11"><span class='ocrx_word' id='word_1_444' title='bbox 1187 1209 1295 1246; x_wconf 82' lang='lat' dir='ltr'><strong>vinae,</strong></span> <span class='ocrx_word' id='word_1_445' title='bbox 1329 1214 1362 1239; x_wconf 90' lang='lat' dir='ltr'><strong>et</strong></span> <span class='ocrx_word' id='word_1_446' title='bbox 1384 1209 1534 1239; x_wconf 87' lang='lat' dir='ltr'><strong>tribuitur</strong></span> <span class='ocrx_word' id='word_1_447' title='bbox 1565 1207 1641 1239; x_wconf 89' lang='lat' dir='ltr'><strong>huic</strong></span> <span class='ocrx_word' id='word_1_448' title='bbox 1674 1218 1849 1249; x_wconf 86' lang='lat' dir='ltr'><strong>personae,</strong></span> <span class='ocrx_word' id='word_1_449' title='bbox 1884 1219 1968 1250; x_wconf 85' lang='lat' dir='ltr'><strong>quae</strong></span> <span class='ocrx_word' id='word_1_450' title='bbox 2001 1216 2051 1240; x_wconf 87' lang='lat' dir='ltr'><strong>est</strong></span> <span class='ocrx_word' id='word_1_451' title='bbox 2074 1208 2167 1242; x_wconf 77' lang='lat' dir='ltr'><strong>Deus</strong></span> 
     </span>
     <span class='ocr_line' id='line_1_70' title="bbox 1187 1249 2165 1288; baseline 0.003 -7"><span class='ocrx_word' id='word_1_452' title='bbox 1187 1257 1219 1282; x_wconf 91' lang='lat' dir='ltr'><strong>et</strong></span> <span class='ocrx_word' id='word_1_453' title='bbox 1242 1251 1352 1282; x_wconf 89' lang='lat' dir='ltr'><strong>homo.</strong></span> <span class='ocrx_word' id='word_1_454' title='bbox 1396 1250 1471 1282; x_wconf 87' lang='lat' dir='ltr'><strong>Noa</strong></span> <span class='ocrx_word' id='word_1_455' title='bbox 1495 1250 1634 1288; x_wconf 88' lang='lat' dir='ltr'><strong>dicitur,</strong></span> <span class='ocrx_word' id='word_1_456' title='bbox 1664 1249 1807 1282; x_wconf 61' lang='lat' dir='ltr'><strong>humana</strong></span> <span class='ocrx_word' id='word_1_457' title='bbox 1828 1258 1946 1283; x_wconf 88' lang='lat' dir='ltr'><strong>natura</strong></span> <span class='ocrx_word' id='word_1_458' title='bbox 1969 1251 2091 1283; x_wconf 84' lang='lat' dir='ltr'><strong>Christi</strong></span> <span class='ocrx_word' id='word_1_459' title='bbox 2114 1259 2165 1284; x_wconf 83' lang='lat' dir='ltr'><strong>est</strong></span> 
     </span>
     <span class='ocr_line' id='line_1_71' title="bbox 1186 1292 2164 1336; baseline 0.002 -12"><span class='ocrx_word' id='word_1_460' title='bbox 1186 1299 1262 1324; x_wconf 88' lang='lat' dir='ltr'><strong>ante</strong></span> <span class='ocrx_word' id='word_1_461' title='bbox 1282 1292 1461 1324; x_wconf 81' lang='lat' dir='ltr'><strong>Abraham.</strong></span> <span class='ocrx_word' id='word_1_462' title='bbox 1505 1293 1572 1324; x_wconf 87' lang='lat' dir='ltr'><strong>Sed</strong></span> <span class='ocrx_word' id='word_1_463' title='bbox 1598 1292 1652 1325; x_wconf 91' lang='lat' dir='ltr'><strong>hic</strong></span> <span class='ocrx_word' id='word_1_464' title='bbox 1683 1294 1781 1325; x_wconf 91' lang='lat' dir='ltr'><strong>homo</strong></span> <span class='ocrx_word' id='word_1_465' title='bbox 1805 1293 1970 1333; x_wconf 89' lang='lat' dir='ltr'><strong>Christus,</strong></span> <span class='ocrx_word' id='word_1_466' title='bbox 1992 1294 2046 1336; x_wconf 90' lang='lat' dir='ltr'><strong>qui</strong></span> <span class='ocrx_word' id='word_1_467' title='bbox 2067 1295 2164 1326; x_wconf 83' lang='lat' dir='ltr'><strong>etiam</strong></span> 
     </span>
    </p>

    <p class='ocr_par' dir='ltr' id='par_1_23' title="bbox 1159 1334 2166 1418">
     <span class='ocr_line' id='line_1_72' title="bbox 1159 1334 2166 1374; baseline 0.003 -9"><span class='ocrx_word' id='word_1_468' title='bbox 1159 1353 1162 1371; x_wconf 76' lang='grc'><strong>,</strong></span> <span class='ocrx_word' id='word_1_469' title='bbox 1186 1341 1237 1366; x_wconf 91' lang='lat' dir='ltr'><strong>est</strong></span> <span class='ocrx_word' id='word_1_470' title='bbox 1260 1334 1364 1372; x_wconf 79' lang='lat' dir='ltr'><strong>Deus,</strong></span> <span class='ocrx_word' id='word_1_471' title='bbox 1387 1341 1477 1366; x_wconf 88' lang='lat' dir='ltr'><strong>recte</strong></span> <span class='ocrx_word' id='word_1_472' title='bbox 1501 1335 1618 1366; x_wconf 88' lang='lat' dir='ltr'><strong>dicitur</strong></span> <span class='ocrx_word' id='word_1_473' title='bbox 1640 1345 1717 1367; x_wconf 88' lang='lat' dir='ltr'><strong>esse</strong></span> <span class='ocrx_word' id='word_1_474' title='bbox 1739 1341 1816 1366; x_wconf 83' lang='lat' dir='ltr'><strong>ante</strong></span> <span class='ocrx_word' id='word_1_475' title='bbox 1828 1335 2010 1374; x_wconf 85' lang='lat' dir='ltr'><strong>Abraham,</strong></span> <span class='ocrx_word' id='word_1_476' title='bbox 2033 1342 2067 1367; x_wconf 75' lang='lat' dir='ltr'><strong>ot</strong></span> <span class='ocrx_word' id='word_1_477' title='bbox 2088 1342 2166 1368; x_wconf 74' lang='lat' dir='ltr'><strong>ante</strong></span> 
     </span>
     <span class='ocr_line' id='line_1_73' title="bbox 1159 1377 1498 1418; baseline -0.006 -9"><span class='ocrx_word' id='word_1_478' title='bbox 1159 1377 1162 1403; x_wconf 75' lang='lat'>¹</span> <span class='ocrx_word' id='word_1_479' title='bbox 1185 1378 1308 1409; x_wconf 88' lang='lat' dir='ltr'><strong>initium</strong></span> <span class='ocrx_word' id='word_1_480' title='bbox 1331 1378 1498 1418; x_wconf 87' lang='lat' dir='ltr'><strong>temporis.</strong></span> 
     </span>
    </p>

    <p class='ocr_par' dir='ltr' id='par_1_24' title="bbox 1185 1418 2167 1590">
     <span class='ocr_line' id='line_1_74' title="bbox 1271 1418 2166 1462; baseline 0.001 -11"><span class='ocrx_word' id='word_1_481' title='bbox 1271 1419 1328 1452; x_wconf 90' lang='lat' dir='ltr'><strong>Sic</strong></span> <span class='ocrx_word' id='word_1_482' title='bbox 1351 1420 1436 1461; x_wconf 89' lang='lat' dir='ltr'><strong>apud</strong></span> <span class='ocrx_word' id='word_1_483' title='bbox 1464 1418 1657 1451; x_wconf 82' lang='lat' dir='ltr'><strong>Zachariam</strong></span> <span class='ocrx_word' id='word_1_484' title='bbox 1691 1419 1794 1461; x_wconf 87' lang='lat' dir='ltr'><strong>inquit</strong></span> <span class='ocrx_word' id='word_1_485' title='bbox 1825 1419 1927 1451; x_wconf 87' lang='lat' dir='ltr'><strong>Filius</strong></span> <span class='ocrx_word' id='word_1_486' title='bbox 1957 1419 2036 1452; x_wconf 87' lang='lat' dir='ltr'><strong>Dei:</strong></span> <span class='ocrx_word' id='word_1_487' title='bbox 2070 1421 2166 1462; x_wconf 70' lang='grc' dir='ltr'>Διρί-</span> 
     </span>
     <span class='ocr_line' id='line_1_75' title="bbox 1186 1462 2167 1504; baseline 0.003 -11"><span class='ocrx_word' id='word_1_488' title='bbox 1186 1463 1267 1494; x_wconf 79' lang='lat' dir='ltr'><strong>cient</strong></span> <span class='ocrx_word' id='word_1_489' title='bbox 1291 1463 1336 1494; x_wconf 84' lang='lat' dir='ltr'><strong>ad</strong></span> <span class='ocrx_word' id='word_1_490' title='bbox 1356 1472 1415 1500; x_wconf 87' lang='lat' dir='ltr'><strong>me,</strong></span> <span class='ocrx_word' id='word_1_491' title='bbox 1438 1471 1527 1503; x_wconf 82' lang='lat' dir='ltr'><strong>quem</strong></span> <span class='ocrx_word' id='word_1_492' title='bbox 1549 1462 1764 1504; x_wconf 73' lang='lat' dir='ltr'><strong>confi-rerunt:</strong></span> <span class='ocrx_word' id='word_1_493' title='bbox 1796 1468 1828 1494; x_wconf 89' lang='lat' dir='ltr'><strong>et</strong></span> <span class='ocrx_word' id='word_1_494' title='bbox 1850 1468 1959 1494; x_wconf 87' lang='lat' dir='ltr'><strong>tamen</strong></span> <span class='ocrx_word' id='word_1_495' title='bbox 1994 1469 2093 1495; x_wconf 84' lang='lat' dir='ltr'><strong>natus</strong></span> <span class='ocrx_word' id='word_1_496' title='bbox 2115 1469 2167 1496; x_wconf 76' lang='lat' dir='ltr'><strong>est</strong></span> 
     </span>
     <span class='ocr_line' id='line_1_76' title="bbox 1185 1503 2166 1548; baseline 0.001 -11"><span class='ocrx_word' id='word_1_497' title='bbox 1185 1511 1262 1547; x_wconf 88' lang='lat' dir='ltr'><strong>post</strong></span> <span class='ocrx_word' id='word_1_498' title='bbox 1285 1504 1477 1537; x_wconf 87' lang='lat' dir='ltr'><strong>Zachariam</strong></span> <span class='ocrx_word' id='word_1_499' title='bbox 1499 1503 1625 1547; x_wconf 83' lang='lat' dir='ltr'><strong>aliquot</strong></span> <span class='ocrx_word' id='word_1_500' title='bbox 1648 1504 1809 1538; x_wconf 80' lang='lat' dir='ltr'><strong>saeculis:</strong></span> <span class='ocrx_word' id='word_1_501' title='bbox 1834 1505 1892 1537; x_wconf 87' lang='lat' dir='ltr'><strong>sed</strong></span> <span class='ocrx_word' id='word_1_502' title='bbox 1915 1515 1995 1537; x_wconf 86' lang='lat' dir='ltr'><strong>vera</strong></span> <span class='ocrx_word' id='word_1_503' title='bbox 2017 1513 2068 1537; x_wconf 89' lang='lat' dir='ltr'><strong>est</strong></span> <span class='ocrx_word' id='word_1_504' title='bbox 2089 1516 2166 1548; x_wconf 80' lang='lat' dir='ltr'><strong>pro·</strong></span> 
     </span>
     <span class='ocr_line' id='line_1_77' title="bbox 1185 1547 1848 1590; baseline 0 -11"><span class='ocrx_word' id='word_1_505' title='bbox 1185 1549 1306 1590; x_wconf 89' lang='lat' dir='ltr'><strong>positio</strong></span> <span class='ocrx_word' id='word_1_506' title='bbox 1329 1549 1624 1580; x_wconf 87' lang='lat' dir='ltr'><strong>communicatione</strong></span> <span class='ocrx_word' id='word_1_507' title='bbox 1647 1547 1848 1579; x_wconf 79' lang='lat' dir='ltr'><strong>idiomatum.</strong></span> 
     </span>
    </p>

    <p class='ocr_par' dir='ltr' id='par_1_25' title="bbox 1187 1589 2165 1675">
     <span class='ocr_line' id='line_1_78' title="bbox 1271 1589 2165 1632; baseline 0 -10"><span class='ocrx_word' id='word_1_508' title='bbox 1271 1590 1362 1623; x_wconf 84' lang='lat' dir='ltr'><strong>Haec</strong></span> <span class='ocrx_word' id='word_1_509' title='bbox 1383 1591 1635 1622; x_wconf 85' lang='lat' dir='ltr'><strong>communicatio</strong></span> <span class='ocrx_word' id='word_1_510' title='bbox 1657 1600 1724 1621; x_wconf 92' lang='lat' dir='ltr'><strong>non</strong></span> <span class='ocrx_word' id='word_1_511' title='bbox 1747 1597 1798 1622; x_wconf 90' lang='lat' dir='ltr'><strong>est</strong></span> <span class='ocrx_word' id='word_1_512' title='bbox 1816 1589 1997 1622; x_wconf 78' lang='lat' dir='ltr'><strong>transfusio</strong></span> <span class='ocrx_word' id='word_1_513' title='bbox 2020 1591 2165 1632; x_wconf 80' lang='lat' dir='ltr'><strong>proprio-</strong></span> 
     </span>
     <span class='ocr_line' id='line_1_79' title="bbox 1187 1632 2165 1675; baseline 0 -10"><span class='ocrx_word' id='word_1_514' title='bbox 1187 1639 1300 1672; x_wconf 88' lang='lat' dir='ltr'><strong>tatum,</strong></span> <span class='ocrx_word' id='word_1_515' title='bbox 1322 1640 1358 1666; x_wconf 83' lang='lat' dir='ltr'><strong>ut</strong></span> <span class='ocrx_word' id='word_1_516' title='bbox 1379 1632 1479 1674; x_wconf 85' lang='lat' dir='ltr'><strong>aliqui</strong></span> <span class='ocrx_word' id='word_1_517' title='bbox 1509 1633 1716 1675; x_wconf 82' lang='lat' dir='ltr'><strong>phantastice</strong></span> <span class='ocrx_word' id='word_1_518' title='bbox 1749 1633 1985 1675; x_wconf 79' lang='lat' dir='ltr'><strong>imaginantur;</strong></span> <span class='ocrx_word' id='word_1_519' title='bbox 2020 1633 2080 1664; x_wconf 79' lang='lat' dir='ltr'><strong>sed</strong></span> <span class='ocrx_word' id='word_1_520' title='bbox 2114 1639 2165 1665; x_wconf 84' lang='lat' dir='ltr'><strong>est</strong></span> 
     </span>
    </p>

    <p class='ocr_par' dir='ltr' id='par_1_26' title="bbox 1161 1674 2164 1846">
     <span class='ocr_line' id='line_1_80' title="bbox 1161 1674 2163 1722; baseline -0.002 -14"><span class='ocrx_word' id='word_1_521' title='bbox 1161 1683 1165 1722; x_wconf 63' lang='grc' dir='ltr'>Ι</span> <span class='ocrx_word' id='word_1_522' title='bbox 1187 1677 1400 1717; x_wconf 82' lang='lat' dir='ltr'><strong>praedicatio,</strong></span> <span class='ocrx_word' id='word_1_523' title='bbox 1424 1687 1484 1708; x_wconf 90' lang='lat' dir='ltr'><strong>seu</strong></span> <span class='ocrx_word' id='word_1_524' title='bbox 1496 1676 1613 1707; x_wconf 88' lang='lat' dir='ltr'><strong>modus</strong></span> <span class='ocrx_word' id='word_1_525' title='bbox 1632 1674 1799 1717; x_wconf 84' lang='lat' dir='ltr'><strong>loquendi,</strong></span> <span class='ocrx_word' id='word_1_526' title='bbox 1823 1686 1882 1707; x_wconf 83' lang='lat' dir='ltr'><strong>seu</strong></span> <span class='ocrx_word' id='word_1_527' title='bbox 1906 1675 2036 1717; x_wconf 81' lang='lat' dir='ltr'><strong>phrasis</strong></span> <span class='ocrx_word' id='word_1_528' title='bbox 2061 1682 2163 1714; x_wconf 82' lang='lat' dir='ltr'><strong>certa,</strong></span> 
     </span>
     <span class='ocr_line' id='line_1_81' title="bbox 1187 1717 2162 1760; baseline 0.001 -10"><span class='ocrx_word' id='word_1_529' title='bbox 1187 1720 1308 1751; x_wconf 84' lang='lat' dir='ltr'><strong>usitata</strong></span> <span class='ocrx_word' id='word_1_530' title='bbox 1330 1719 1522 1760; x_wconf 87' lang='lat' dir='ltr'><strong>Scripturae</strong></span> <span class='ocrx_word' id='word_1_531' title='bbox 1544 1725 1575 1750; x_wconf 93' lang='lat' dir='ltr'><strong>et</strong></span> <span class='ocrx_word' id='word_1_532' title='bbox 1588 1719 1722 1750; x_wconf 89' lang='lat' dir='ltr'><strong>eruditis</strong></span> <span class='ocrx_word' id='word_1_533' title='bbox 1737 1719 1967 1759; x_wconf 72' lang='lat' dir='ltr'><strong>scriptoribus,</strong></span> <span class='ocrx_word' id='word_1_534' title='bbox 1990 1718 2032 1749; x_wconf 88' lang='lat' dir='ltr'><strong>ad</strong></span> <span class='ocrx_word' id='word_1_535' title='bbox 2055 1717 2162 1751; x_wconf 79' lang='lat' dir='ltr'><strong>decla·</strong></span> 
     </span>
     <span class='ocr_line' id='line_1_82' title="bbox 1188 1760 2164 1812; baseline -0.001 -19"><span class='ocrx_word' id='word_1_536' title='bbox 1188 1762 1323 1793; x_wconf 90' lang='lat' dir='ltr'><strong>randam</strong></span> <span class='ocrx_word' id='word_1_537' title='bbox 1342 1762 1494 1793; x_wconf 87' lang='lat' dir='ltr'><strong>unionem</strong></span> <span class='ocrx_word' id='word_1_538' title='bbox 1507 1760 1715 1803; x_wconf 87' lang='lat' dir='ltr'><strong>personalem</strong></span> <span class='ocrx_word' id='word_1_539' title='bbox 1730 1771 1790 1792; x_wconf 79' lang='lat' dir='ltr'><strong>seu</strong></span> <span class='ocrx_word' id='word_1_540' title='bbox 1802 1761 2056 1812; x_wconf 46' lang='lat' dir='ltr'><strong>hypostaticanu</strong></span> <span class='ocrx_word' id='word_1_541' title='bbox 2078 1770 2164 1803; x_wconf 85' lang='lat' dir='ltr'><strong>quae</strong></span> 
     </span>
     <span class='ocr_line' id='line_1_83' title="bbox 1188 1804 2026 1846; baseline -0.002 -10"><span class='ocrx_word' id='word_1_542' title='bbox 1188 1806 1262 1836; x_wconf 89' lang='lat' dir='ltr'><strong>ideo</strong></span> <span class='ocrx_word' id='word_1_543' title='bbox 1285 1805 1334 1836; x_wconf 88' lang='lat' dir='ltr'><strong>sic</strong></span> <span class='ocrx_word' id='word_1_544' title='bbox 1358 1810 1506 1841; x_wconf 80' lang='lat' dir='ltr'><strong>vocatur,</strong></span> <span class='ocrx_word' id='word_1_545' title='bbox 1530 1806 1605 1846; x_wconf 90' lang='lat' dir='ltr'><strong>quia</strong></span> <span class='ocrx_word' id='word_1_546' title='bbox 1628 1810 1678 1835; x_wconf 83' lang='lat' dir='ltr'><strong>est</strong></span> <span class='ocrx_word' id='word_1_547' title='bbox 1702 1814 1799 1835; x_wconf 90' lang='lat' dir='ltr'><strong>unum</strong></span> <span class='ocrx_word' id='word_1_548' title='bbox 1818 1804 2026 1843; x_wconf 72' lang='grc' dir='ltr'><strong>υφιστάμενον.</strong></span> 
     </span>
    </p>

    <p class='ocr_par' dir='ltr' id='par_1_27' title="bbox 1185 1845 2164 2144">
     <span class='ocr_line' id='line_1_84' title="bbox 1275 1845 2164 1888; baseline -0.001 -10"><span class='ocrx_word' id='word_1_549' title='bbox 1275 1847 1341 1878; x_wconf 88' lang='lat' dir='ltr'><strong>lsta</strong></span> <span class='ocrx_word' id='word_1_550' title='bbox 1359 1847 1435 1878; x_wconf 92' lang='lat' dir='ltr'><strong>unio</strong></span> <span class='ocrx_word' id='word_1_551' title='bbox 1466 1857 1532 1877; x_wconf 92' lang='lat' dir='ltr'><strong>non</strong></span> <span class='ocrx_word' id='word_1_552' title='bbox 1561 1854 1668 1888; x_wconf 89' lang='lat' dir='ltr'><strong>potest</strong></span> <span class='ocrx_word' id='word_1_553' title='bbox 1699 1845 1857 1877; x_wconf 80' lang='lat' dir='ltr'><strong>illustrius</strong></span> <span class='ocrx_word' id='word_1_554' title='bbox 1881 1846 2041 1879; x_wconf 72' lang='lat' dir='ltr'><strong>describi.</strong></span> <span class='ocrx_word' id='word_1_555' title='bbox 2066 1855 2164 1887; x_wconf 76' lang='lat' dir='ltr'><strong>quam</strong></span> 
     </span>
     <span class='ocr_line' id='line_1_85' title="bbox 1187 1889 2163 1931; baseline -0.002 -9"><span class='ocrx_word' id='word_1_556' title='bbox 1187 1889 1338 1931; x_wconf 77' lang='lat' dir='ltr'><strong>exemplo</strong></span> <span class='ocrx_word' id='word_1_557' title='bbox 1361 1889 1513 1923; x_wconf 80' lang='lat' dir='ltr'><strong>hominis,</strong></span> <span class='ocrx_word' id='word_1_558' title='bbox 1536 1890 1566 1920; x_wconf 84' lang='lat' dir='ltr'><strong>in</strong></span> <span class='ocrx_word' id='word_1_559' title='bbox 1591 1899 1655 1930; x_wconf 88' lang='lat' dir='ltr'><strong>quo</strong></span> <span class='ocrx_word' id='word_1_560' title='bbox 1679 1897 1727 1919; x_wconf 76' lang='lat' dir='ltr'><strong>est</strong></span> <span class='ocrx_word' id='word_1_561' title='bbox 1743 1889 1849 1920; x_wconf 88' lang='lat' dir='ltr'><strong>anima</strong></span> <span class='ocrx_word' id='word_1_562' title='bbox 1866 1895 1897 1920; x_wconf 82' lang='lat' dir='ltr'><strong>et</strong></span> <span class='ocrx_word' id='word_1_563' title='bbox 1921 1899 2053 1930; x_wconf 80' lang='lat' dir='ltr'><strong>corpus,</strong></span> <span class='ocrx_word' id='word_1_564' title='bbox 2078 1897 2163 1930; x_wconf 77' lang='lat' dir='ltr'><strong>quae</strong></span> 
     </span>
     <span class='ocr_line' id='line_1_86' title="bbox 1186 1931 2163 1973; baseline 0 -10"><span class='ocrx_word' id='word_1_565' title='bbox 1186 1939 1261 1964; x_wconf 86' lang='lat' dir='ltr'><strong>sunt</strong></span> <span class='ocrx_word' id='word_1_566' title='bbox 1285 1943 1348 1963; x_wconf 89' lang='lat' dir='ltr'><strong>una</strong></span> <span class='ocrx_word' id='word_1_567' title='bbox 1372 1942 1525 1973; x_wconf 87' lang='lat' dir='ltr'><strong>persona.</strong></span> <span class='ocrx_word' id='word_1_568' title='bbox 1567 1931 1637 1962; x_wconf 73' lang='lat' dir='ltr'><strong>Hoc</strong></span> <span class='ocrx_word' id='word_1_569' title='bbox 1661 1931 1812 1971; x_wconf 65' lang='lat' dir='ltr'><strong>exemplo</strong></span> <span class='ocrx_word' id='word_1_570' title='bbox 1836 1932 1884 1962; x_wconf 79' lang='lat' dir='ltr'><strong>usi</strong></span> <span class='ocrx_word' id='word_1_571' title='bbox 1908 1938 1985 1963; x_wconf 75' lang='lat' dir='ltr'><strong>sunt</strong></span> <span class='ocrx_word' id='word_1_572' title='bbox 2009 1932 2163 1963; x_wconf 77' lang='lat' dir='ltr'><strong>lustinus.</strong></span> 
     </span>
     <span class='ocr_line' id='line_1_87' title="bbox 1189 1973 2162 2016; baseline -0.001 -11"><span class='ocrx_word' id='word_1_573' title='bbox 1189 1975 1399 2007; x_wconf 79' lang='lat' dir='ltr'><strong>Athanasius.</strong></span> <span class='ocrx_word' id='word_1_574' title='bbox 1425 1974 1468 2016; x_wconf 65' lang='lat' dir='ltr'><strong>C)</strong></span> <span class='ocrx_word' id='word_1_575' title='bbox 1478 1973 1581 2007; x_wconf 83' lang='lat' dir='ltr'><strong>rillus.</strong></span> <span class='ocrx_word' id='word_1_576' title='bbox 1605 1982 1636 2005; x_wconf 85' lang='lat' dir='ltr'><strong>et</strong></span> <span class='ocrx_word' id='word_1_577' title='bbox 1660 1973 1712 2005; x_wconf 86' lang='lat' dir='ltr'><strong>alii</strong></span> <span class='ocrx_word' id='word_1_578' title='bbox 1738 1974 1948 2005; x_wconf 78' lang='lat' dir='ltr'><strong>vetustissimi</strong></span> <span class='ocrx_word' id='word_1_579' title='bbox 1972 1974 2162 2015; x_wconf 74' lang='lat' dir='ltr'><strong>scriptores.</strong></span> 
     </span>
     <span class='ocr_line' id='line_1_88' title="bbox 1186 2017 2164 2058; baseline -0.001 -9"><span class='ocrx_word' id='word_1_580' title='bbox 1186 2018 1288 2050; x_wconf 86' lang='lat' dir='ltr'><strong>Tuutn</strong></span> <span class='ocrx_word' id='word_1_581' title='bbox 1308 2028 1428 2058; x_wconf 85' lang='lat' dir='ltr'><strong>corpus</strong></span> <span class='ocrx_word' id='word_1_582' title='bbox 1453 2028 1518 2048; x_wconf 83' lang='lat' dir='ltr'><strong>non</strong></span> <span class='ocrx_word' id='word_1_583' title='bbox 1541 2024 1591 2048; x_wconf 86' lang='lat' dir='ltr'><strong>est</strong></span> <span class='ocrx_word' id='word_1_584' title='bbox 1614 2028 1768 2057; x_wconf 78' lang='lat' dir='ltr'><strong>persona.</strong></span> <span class='ocrx_word' id='word_1_585' title='bbox 1791 2028 1850 2049; x_wconf 81' lang='lat' dir='ltr'><strong>seu</strong></span> <span class='ocrx_word' id='word_1_586' title='bbox 1873 2018 2081 2057; x_wconf 65' lang='grc' dir='ltr'><strong>ὑφιστάμενον,</strong></span> <span class='ocrx_word' id='word_1_587' title='bbox 2105 2017 2164 2048; x_wconf 79' lang='lat' dir='ltr'><strong>sed</strong></span> 
     </span>
     <span class='ocr_line' id='line_1_89' title="bbox 1185 2057 2162 2102; baseline -0.001 -11"><span class='ocrx_word' id='word_1_588' title='bbox 1185 2062 1291 2092; x_wconf 88' lang='lat' dir='ltr'><strong>anima</strong></span> <span class='ocrx_word' id='word_1_589' title='bbox 1315 2067 1422 2102; x_wconf 82' lang='lat' dir='ltr'><strong>gestat</strong></span> <span class='ocrx_word' id='word_1_590' title='bbox 1448 2070 1587 2100; x_wconf 80' lang='lat' dir='ltr'><strong>corpuS‚</strong></span> <span class='ocrx_word' id='word_1_591' title='bbox 1610 2069 1641 2091; x_wconf 87' lang='lat' dir='ltr'><strong>et</strong></span> <span class='ocrx_word' id='word_1_592' title='bbox 1665 2061 1855 2092; x_wconf 72' lang='lat' dir='ltr'><strong>discedente</strong></span> <span class='ocrx_word' id='word_1_593' title='bbox 1882 2060 1990 2090; x_wconf 82' lang='lat' dir='ltr'><strong>nnitnn</strong></span> <span class='ocrx_word' id='word_1_594' title='bbox 2012 2057 2162 2090; x_wconf 74' lang='lat' dir='ltr'><strong>dissolvl-</strong></span> 
     </span>
     <span class='ocr_line' id='line_1_90' title="bbox 1187 2103 2163 2144; baseline -0.001 -10"><span class='ocrx_word' id='word_1_595' title='bbox 1187 2110 1239 2135; x_wconf 93' lang='lat' dir='ltr'><strong>tur</strong></span> <span class='ocrx_word' id='word_1_596' title='bbox 1274 2113 1406 2144; x_wconf 75' lang='lat' dir='ltr'><strong>corpus.</strong></span> <span class='ocrx_word' id='word_1_597' title='bbox 1462 2103 1519 2134; x_wconf 81' lang='lat' dir='ltr'><strong>Est</strong></span> <span class='ocrx_word' id='word_1_598' title='bbox 1555 2103 1654 2144; x_wconf 76' lang='lat' dir='ltr'><strong>igitur</strong></span> <span class='ocrx_word' id='word_1_599' title='bbox 1682 2110 1770 2135; x_wconf 85' lang='lat' dir='ltr'><strong>totus</strong></span> <span class='ocrx_word' id='word_1_600' title='bbox 1804 2103 1900 2134; x_wconf 89' lang='lat' dir='ltr'><strong>homo</strong></span> <span class='ocrx_word' id='word_1_601' title='bbox 1928 2108 2090 2134; x_wconf 85' lang='lat' dir='ltr'><strong>constans</strong></span> <span class='ocrx_word' id='word_1_602' title='bbox 2123 2111 2163 2133; x_wconf 71' lang='grc' dir='ltr'><strong>α</strong></span> 
     </span>
    </p>

    <p class='ocr_par' dir='ltr' id='par_1_28' title="bbox 1158 2144 2165 2192">
     <span class='ocr_line' id='line_1_91' title="bbox 1158 2144 2165 2192; baseline -0.002 -15"><span class='ocrx_word' id='word_1_603' title='bbox 1158 2150 1161 2192; x_wconf 74' lang='lat'>1</span> <span class='ocrx_word' id='word_1_604' title='bbox 1185 2147 1291 2177; x_wconf 84' lang='lat' dir='ltr'><strong>anima</strong></span> <span class='ocrx_word' id='word_1_605' title='bbox 1321 2152 1351 2177; x_wconf 91' lang='lat' dir='ltr'><strong>et</strong></span> <span class='ocrx_word' id='word_1_606' title='bbox 1376 2156 1517 2187; x_wconf 70' lang='lat' dir='ltr'><strong>corpore</strong></span> <span class='ocrx_word' id='word_1_607' title='bbox 1545 2146 1753 2185; x_wconf 68' lang='grc' dir='ltr'><strong>ὑφιστάμενον.</strong></span> <span class='ocrx_word' id='word_1_608' title='bbox 1799 2146 1856 2178; x_wconf 81' lang='lat' dir='ltr'><strong>Sic</strong></span> <span class='ocrx_word' id='word_1_609' title='bbox 1885 2144 2026 2176; x_wconf 84' lang='lat' dir='ltr'><strong>humana</strong></span> <span class='ocrx_word' id='word_1_610' title='bbox 2048 2151 2165 2176; x_wconf 87' lang='lat' dir='ltr'><strong>natura</strong></span> 
     </span>
    </p>

    <p class='ocr_par' dir='ltr' id='par_1_29' title="bbox 1158 2186 2163 2230">
     <span class='ocr_line' id='line_1_92' title="bbox 1158 2186 2163 2230; baseline -0.002 -10"><span class='ocrx_word' id='word_1_611' title='bbox 1158 2194 1160 2223; x_wconf 84' lang='lat'>!</span> <span class='ocrx_word' id='word_1_612' title='bbox 1185 2195 1316 2220; x_wconf 84' lang='lat' dir='ltr'><strong>nonest</strong></span> <span class='ocrx_word' id='word_1_613' title='bbox 1361 2198 1491 2222; x_wconf 66' lang='lat' dir='ltr'><strong>ersona,</strong></span> <span class='ocrx_word' id='word_1_614' title='bbox 1515 2190 1575 2219; x_wconf 88' lang='lat' dir='ltr'><strong>sed</strong></span> <span class='ocrx_word' id='word_1_615' title='bbox 1600 2189 1762 2230; x_wconf 83' lang='lat' dir='ltr'><strong>dependet</strong></span> <span class='ocrx_word' id='word_1_616' title='bbox 1777 2199 1796 2219; x_wconf 91' lang='lat' dir='ltr'><strong>a</strong></span> <span class='ocrx_word' id='word_1_617' title='bbox 1820 2189 1928 2220; x_wconf 76' lang='lat' dir='ltr'><strong>divina</strong></span> <span class='ocrx_word' id='word_1_618' title='bbox 1957 2194 2074 2219; x_wconf 85' lang='lat' dir='ltr'><strong>natura</strong></span> <span class='ocrx_word' id='word_1_619' title='bbox 2097 2186 2163 2218; x_wconf 79' lang='lat' dir='ltr'><strong>fim-</strong></span> 
     </span>
    </p>

    <p class='ocr_par' dir='ltr' id='par_1_30' title="bbox 1158 2230 2164 2274">
     <span class='ocr_line' id='line_1_93' title="bbox 1158 2230 2164 2274; baseline -0.002 -11"><span class='ocrx_word' id='word_1_620' title='bbox 1158 2235 1161 2274; x_wconf 55' lang='grc' dir='ltr'>ζ</span> <span class='ocrx_word' id='word_1_621' title='bbox 1186 2231 1225 2263; x_wconf 84' lang='lat' dir='ltr'><strong>Et</strong></span> <span class='ocrx_word' id='word_1_622' title='bbox 1255 2232 1316 2263; x_wconf 76' lang='lat' dir='ltr'><strong>iste</strong></span> <span class='ocrx_word' id='word_1_623' title='bbox 1355 2230 1439 2263; x_wconf 70' lang='lat' dir='ltr'><strong>&#39;ilius</strong></span> <span class='ocrx_word' id='word_1_624' title='bbox 1470 2230 1607 2262; x_wconf 71' lang='lat' dir='ltr'><strong>visibilis</strong></span> <span class='ocrx_word' id='word_1_625' title='bbox 1661 2238 1714 2262; x_wconf 91' lang='lat' dir='ltr'><strong>ost</strong></span> <span class='ocrx_word' id='word_1_626' title='bbox 1737 2232 1996 2271; x_wconf 79' lang='lat' dir='ltr'><strong>assumptionem</strong></span> <span class='ocrx_word' id='word_1_627' title='bbox 2029 2236 2164 2261; x_wconf 78' lang='lat' dir='ltr'><strong>naturae</strong></span> 
     </span>
    </p>

    <p class='ocr_par' dir='ltr' id='par_1_31' title="bbox 1158 2242 2164 2315">
     <span class='ocr_line' id='line_1_94' title="bbox 1158 2242 2164 2315; baseline -0.001 -10"><span class='ocrx_word' id='word_1_628' title='bbox 1158 2281 1161 2313; x_wconf 59' lang='lat' dir='ltr'><strong>t</strong></span> <span class='ocrx_word' id='word_1_629' title='bbox 1186 2275 1348 2306; x_wconf 82' lang='lat' dir='ltr'><strong>humanae</strong></span> <span class='ocrx_word' id='word_1_630' title='bbox 1371 2281 1421 2305; x_wconf 82' lang='lat' dir='ltr'><strong>est</strong></span> <span class='ocrx_word' id='word_1_631' title='bbox 1445 2284 1589 2315; x_wconf 88' lang='lat' dir='ltr'><strong>persona</strong></span> <span class='ocrx_word' id='word_1_632' title='bbox 1615 2242 1701 2312; x_wconf 65' lang='lat' dir='ltr'><strong>usis,</strong></span> <span class='ocrx_word' id='word_1_633' title='bbox 1735 2275 1765 2305; x_wconf 89' lang='lat' dir='ltr'><strong>in</strong></span> <span class='ocrx_word' id='word_1_634' title='bbox 1790 2285 1855 2315; x_wconf 91' lang='lat' dir='ltr'><strong>qua</strong></span> <span class='ocrx_word' id='word_1_635' title='bbox 1889 2279 1963 2304; x_wconf 86' lang='lat' dir='ltr'><strong>sunt</strong></span> <span class='ocrx_word' id='word_1_636' title='bbox 2001 2273 2085 2304; x_wconf 86' lang='lat' dir='ltr'><strong>duae</strong></span> <span class='ocrx_word' id='word_1_637' title='bbox 2108 2282 2164 2304; x_wconf 81' lang='lat' dir='ltr'><strong>na·</strong></span> 
     </span>
    </p>

    <p class='ocr_par' dir='ltr' id='par_1_32' title="bbox 1158 2316 1652 2350">
     <span class='ocr_line' id='line_1_95' title="bbox 1158 2316 1652 2350; baseline -0.002 -2"><span class='ocrx_word' id='word_1_638' title='bbox 1158 2319 1160 2338; x_wconf 57' lang='lat'><strong>¹¹</strong></span> <span class='ocrx_word' id='word_1_639' title='bbox 1186 2324 1290 2350; x_wconf 75' lang='lat' dir='ltr'><strong>turae.</strong></span> <span class='ocrx_word' id='word_1_640' title='bbox 1315 2318 1423 2348; x_wconf 76' lang='lat' dir='ltr'><strong>divina</strong></span> <span class='ocrx_word' id='word_1_641' title='bbox 1446 2324 1478 2348; x_wconf 85' lang='lat' dir='ltr'><strong>et</strong></span> <span class='ocrx_word' id='word_1_642' title='bbox 1501 2316 1652 2348; x_wconf 88' lang='lat' dir='ltr'><strong>humana.</strong></span> 
     </span>
    </p>

    <p class='ocr_par' dir='ltr' id='par_1_33' title="bbox 1272 2357 2166 2401">
     <span class='ocr_line' id='line_1_96' title="bbox 1272 2357 2166 2401; baseline -0.003 -10"><span class='ocrx_word' id='word_1_643' title='bbox 1272 2360 1498 2391; x_wconf 69' lang='lat' dir='ltr'><strong>nnnmcenus</strong></span> <span class='ocrx_word' id='word_1_644' title='bbox 1521 2361 1564 2391; x_wconf 83' lang='lat' dir='ltr'><strong>ita</strong></span> <span class='ocrx_word' id='word_1_645' title='bbox 1587 2358 1744 2401; x_wconf 86' lang='lat' dir='ltr'><strong>loquitur:</strong></span> <span class='ocrx_word' id='word_1_646' title='bbox 1775 2359 1926 2391; x_wconf 74' lang='lat' dir='ltr'><strong>Humano</strong></span> <span class='ocrx_word' id='word_1_647' title='bbox 1952 2362 2073 2390; x_wconf 65' lang='lat' dir='ltr'><strong>nawa</strong></span> <span class='ocrx_word' id='word_1_648' title='bbox 2094 2357 2166 2389; x_wconf 69' lang='lat' dir='ltr'><strong>ub-</strong></span> 
     </span>
    </p>

    <p class='ocr_par' dir='ltr' id='par_1_34' title="bbox 1158 2395 2165 2443">
     <span class='ocr_line' id='line_1_97' title="bbox 1158 2395 2165 2443; baseline -0.003 -9"><span class='ocrx_word' id='word_1_649' title='bbox 1158 2395 1162 2440; x_wconf 74' lang='grc' dir='ltr'>Ι</span> <span class='ocrx_word' id='word_1_650' title='bbox 1186 2404 1269 2434; x_wconf 56' lang='lat' dir='ltr'><strong>stetit</strong></span> <span class='ocrx_word' id='word_1_651' title='bbox 1293 2404 1324 2434; x_wconf 77' lang='grc' dir='ltr'>ιίι</span> <span class='ocrx_word' id='word_1_652' title='bbox 1347 2404 1469 2435; x_wconf 69' lang='lat' dir='ltr'><strong>dit-ina,</strong></span> <span class='ocrx_word' id='word_1_653' title='bbox 1516 2401 1579 2434; x_wconf 78' lang='lat' dir='ltr'><strong>Alii</strong></span> <span class='ocrx_word' id='word_1_654' title='bbox 1603 2403 1791 2443; x_wconf 84' lang='lat' dir='ltr'><strong>Scriptores</strong></span> <span class='ocrx_word' id='word_1_655' title='bbox 1815 2403 2019 2433; x_wconf 81' lang='lat' dir='ltr'><strong>nominarunt</strong></span> <span class='ocrx_word' id='word_1_656' title='bbox 2044 2400 2165 2442; x_wconf 75' lang='lat' dir='ltr'><strong>depen-</strong></span> 
     </span>
    </p>

    <p class='ocr_par' dir='ltr' id='par_1_35' title="bbox 1188 2444 2165 2487">
     <span class='ocr_line' id='line_1_98' title="bbox 1188 2444 2165 2487; baseline -0.002 -11"><span class='ocrx_word' id='word_1_657' title='bbox 1188 2447 1340 2477; x_wconf 75' lang='lat' dir='ltr'><strong>dentium.</strong></span> <span class='ocrx_word' id='word_1_658' title='bbox 1375 2445 1480 2477; x_wconf 84' lang='lat' dir='ltr'><strong>llomo</strong></span> <span class='ocrx_word' id='word_1_659' title='bbox 1503 2451 1670 2487; x_wconf 67' lang='lat' dir='ltr'><strong>uteunque</strong></span> <span class='ocrx_word' id='word_1_660' title='bbox 1694 2453 1744 2476; x_wconf 83' lang='lat' dir='ltr'><strong>est</strong></span> <span class='ocrx_word' id='word_1_661' title='bbox 1764 2446 1872 2487; x_wconf 76' lang='lat' dir='ltr'><strong>imago</strong></span> <span class='ocrx_word' id='word_1_662' title='bbox 1886 2444 2053 2475; x_wconf 85' lang='lat' dir='ltr'><strong>mirandae</strong></span> <span class='ocrx_word' id='word_1_663' title='bbox 2066 2453 2165 2484; x_wconf 75' lang='lat' dir='ltr'><strong>copu-</strong></span> 
     </span>
    </p>

    <p class='ocr_par' dir='ltr' id='par_1_36' title="bbox 1189 2486 2165 2520">
     <span class='ocr_line' id='line_1_99' title="bbox 1189 2486 2165 2520; baseline -0.002 -1"><span class='ocrx_word' id='word_1_664' title='bbox 1189 2488 1318 2520; x_wconf 79' lang='lat' dir='ltr'><strong>lationis</strong></span> <span class='ocrx_word' id='word_1_665' title='bbox 1342 2489 1479 2520; x_wconf 87' lang='lat' dir='ltr'><strong>duarum</strong></span> <span class='ocrx_word' id='word_1_666' title='bbox 1502 2494 1691 2520; x_wconf 85' lang='lat' dir='ltr'><strong>naturarum</strong></span> <span class='ocrx_word' id='word_1_667' title='bbox 1717 2488 1749 2519; x_wconf 84' lang='lat' dir='ltr'><strong>in</strong></span> <span class='ocrx_word' id='word_1_668' title='bbox 1768 2487 1913 2519; x_wconf 71' lang='lat' dir='ltr'><strong>Christo.</strong></span> <span class='ocrx_word' id='word_1_669' title='bbox 1958 2486 1997 2518; x_wconf 79' lang='lat' dir='ltr'><strong>Et</strong></span> <span class='ocrx_word' id='word_1_670' title='bbox 2020 2492 2097 2518; x_wconf 76' lang='lat' dir='ltr'><strong>sunt</strong></span> <span class='ocrx_word' id='word_1_671' title='bbox 2118 2492 2165 2517; x_wconf 68' lang='lat' dir='ltr'><strong>t»-</strong></span> 
     </span>
    </p>

    <p class='ocr_par' dir='ltr' id='par_1_37' title="bbox 1161 2524 2164 2574">
     <span class='ocr_line' id='line_1_100' title="bbox 1161 2524 2164 2574; baseline -0.004 -11"><span class='ocrx_word' id='word_1_672' title='bbox 1161 2524 1165 2565; x_wconf 48' lang='lat'>5</span> <span class='ocrx_word' id='word_1_673' title='bbox 1189 2542 1262 2563; x_wconf 72' lang='lat' dir='ltr'><strong>nien</strong></span> <span class='ocrx_word' id='word_1_674' title='bbox 1286 2532 1317 2563; x_wconf 93' lang='lat' dir='ltr'><strong>in</strong></span> <span class='ocrx_word' id='word_1_675' title='bbox 1341 2531 1403 2562; x_wconf 86' lang='lat' dir='ltr'><strong>hac</strong></span> <span class='ocrx_word' id='word_1_676' title='bbox 1427 2531 1567 2574; x_wconf 75' lang='lat' dir='ltr'><strong>imagine</strong></span> <span class='ocrx_word' id='word_1_677' title='bbox 1601 2529 1643 2562; x_wconf 82' lang='lat' dir='ltr'><strong>ali</strong></span> <span class='ocrx_word' id='word_1_678' title='bbox 1669 2542 1711 2562; x_wconf 86' lang='lat' dir='ltr'><strong>ua</strong></span> <span class='ocrx_word' id='word_1_679' title='bbox 1739 2529 1926 2567; x_wconf 79' lang='lat' dir='ltr'><strong>dissimilia,</strong></span> <span class='ocrx_word' id='word_1_680' title='bbox 1957 2530 2041 2560; x_wconf 77' lang='lat' dir='ltr'><strong>sicut</strong></span> <span class='ocrx_word' id='word_1_681' title='bbox 2068 2528 2164 2560; x_wconf 81' lang='lat' dir='ltr'><strong>etiam</strong></span> 
     </span>
    </p>

    <p class='ocr_par' dir='ltr' id='par_1_38' title="bbox 1161 2568 2162 2614">
     <span class='ocr_line' id='line_1_101' title="bbox 1161 2568 2162 2614; baseline -0.004 -8"><span class='ocrx_word' id='word_1_682' title='bbox 1161 2578 1165 2588; x_wconf 79' lang='lat'>⁸</span> <span class='ocrx_word' id='word_1_683' title='bbox 1190 2574 1330 2606; x_wconf 80' lang='lat' dir='ltr'><strong>lustinus</strong></span> <span class='ocrx_word' id='word_1_684' title='bbox 1349 2574 1438 2611; x_wconf 81' lang='lat' dir='ltr'><strong>dicit,</strong></span> <span class='ocrx_word' id='word_1_685' title='bbox 1462 2575 1525 2606; x_wconf 85' lang='lat' dir='ltr'><strong>hoc</strong></span> <span class='ocrx_word' id='word_1_686' title='bbox 1537 2583 1652 2614; x_wconf 78' lang='lat' dir='ltr'><strong>exemp</strong></span> <span class='ocrx_word' id='word_1_687' title='bbox 1668 2584 1720 2606; x_wconf 81' lang='lat' dir='ltr'><strong>uni</strong></span> <span class='ocrx_word' id='word_1_688' title='bbox 1733 2584 1798 2605; x_wconf 90' lang='lat' dir='ltr'><strong>non</strong></span> <span class='ocrx_word' id='word_1_689' title='bbox 1811 2573 1942 2605; x_wconf 84' lang='lat' dir='ltr'><strong>cumino</strong></span> <span class='ocrx_word' id='word_1_690' title='bbox 1954 2582 2032 2604; x_wconf 73' lang='lat' dir='ltr'><strong>essa</strong></span> <span class='ocrx_word' id='word_1_691' title='bbox 2044 2568 2162 2603; x_wconf 57' lang='lat' dir='ltr'><strong>simil&amp;</strong></span> 
     </span>
    </p>
   </div>
   <div class='ocr_carea' id='block_1_14' title="bbox 2301 1534 2315 1735">
    <p class='ocr_par' dir='ltr' id='par_1_39' title="bbox 2301 1534 2315 1735">
     <span class='ocr_line' id='line_1_102' title="bbox 2301 1534 2315 1735; textangle 90"><span class='ocrx_word' id='word_1_692' title='bbox 2301 1534 2315 1735; x_wconf 32' lang='grc' dir='ltr'><strong>,ΜΛ</strong></span> 
     </span>
    </p>
   </div>
   <div class='ocr_carea' id='block_1_15' title="bbox 2303 1974 2317 2406">
    <p class='ocr_par' dir='ltr' id='par_1_40' title="bbox 2303 1974 2317 2406">
     <span class='ocr_line' id='line_1_103' title="bbox 2303 1974 2317 2406; textangle 90"><span class='ocrx_word' id='word_1_693' title='bbox 2303 2181 2317 2406; x_wconf 28' lang='lat' dir='ltr'><strong>„sa</strong></span> <span class='ocrx_word' id='word_1_694' title='bbox 2304 1974 2317 2159; x_wconf 38' lang='grc' dir='ltr'><strong>οβ’.-</strong></span> 
     </span>
    </p>
   </div>
   <div class='ocr_carea' id='block_1_16' title="bbox 2307 2436 2318 2605">
    <p class='ocr_par' dir='ltr' id='par_1_41' title="bbox 2307 2436 2318 2605">
     <span class='ocr_line' id='line_1_104' title="bbox 2307 2436 2318 2605; textangle 90"><span class='ocrx_word' id='word_1_695' title='bbox 2307 2436 2318 2605; x_wconf 13' lang='lat' dir='ltr'><strong>EQ-</strong></span> 
     </span>
    </p>
   </div>
  </div>
 </body>
</html>
