2324 2958
34 193 99 227 ωδ

122 286 206 318 Hinc
228 283 352 316 exstrui
374 288 483 323 potest
508 281 656 313 definitio
679 282 773 323 regni
795 281 930 313 Christi.
974 281 1009 312 ld

38 340 118 361 vero
142 333 193 360 est
221 327 301 358 mitti
330 325 444 357 Filium
471 325 515 356 ad
537 322 720 355 Ecclesiam
743 325 818 355 inde
839 333 944 365 usque
966 325 1008 355 ab

38 373 140 409 initio,
167 376 202 401 ut
223 369 391 400 annuntiet
413 365 646 409 Evangelium,
676 373 708 397 et
729 366 766 397 fit
795 365 915 397 efficax
935 376 1009 397 cum

37 411 231 456 Evangelio,
253 417 285 442 et
307 417 397 442 certo
420 417 568 450 tempore
589 414 736 440 assumat
755 407 929 440 humanam
954 419 1009 439 na-

38 464 156 494 turam,
190 455 276 486 etin
298 463 338 485 ea
361 453 582 490 concionetur‚
616 452 758 493 patiatur
789 461 850 492 pro
884 461 1007 492 genere

38 498 197 534 humano,
230 502 384 537 resurgat
411 505 452 526 ex
481 499 603 531 morte,
637 494 679 525 sit
704 494 808 524 victor
830 494 946 525 mortis
968 503 1008 525 ac

39 539 186 574 Diaboli:
210 539 326 570 sedeat
347 539 387 568 ad
412 538 557 568 dextram
579 537 703 567 aeterni
729 535 848 573 Patris,
872 535 1008 578 colligat

38 581 238 619 Ecclesiam,
262 587 373 612 servet
396 579 625 616 ministerium,
644 579 743 610 donet
765 579 918 610 iustitiam
942 589 1008 609 cre-

40 626 209 662 dentibus,
243 630 275 654 et
296 623 478 654 sanctificet
502 631 562 653 eos
585 622 708 662 Spiritu
731 627 868 659 sancto,
901 628 1008 663 prote-

39 660 96 709 gat
118 677 159 698 ac
177 665 332 698 defendat
355 666 386 696 in
409 665 472 696 hac
495 664 572 702 vita,
589 671 620 695 et
644 665 819 695 resuscitet
842 665 884 695 ad
907 665 1007 695 vitam
1030 680 1039 1216 Ι

39 716 215 742 aeternam.

105 899 355 939 Differuntne
387 913 556 952 regnum
586 898 680 946 Dei,
711 905 751 937 et
779 912 947 951 regnum

435 973 582 1015 Christi
593 974 611 1014 ἴ)

381 1072 530 1116 Regnum
564 1073 627 1105 Dei
661 1081 726 1112 est,
759 1074 800 1105 de
833 1083 898 1115 quo
932 1073 1009 1103 dicit

754 1116 838 1147 Nam
859 1122 937 1156 post
959 1126 1008 1146 re-

127 1073 336 1114 Respondeo.

40 1115 177 1153 Paulus:
201 1117 287 1146 Deus
309 1117 367 1145 erit
390 1118 490 1146 omnia
508 1118 541 1146 in
564 1116 708 1146 ominibus.

41 1159 287 1192 suscitationem
305 1164 504 1190 mortuorum
525 1169 634 1190 coram
650 1165 863 1201 agnoscetur,
882 1164 914 1189 et
931 1168 1008 1189 con-

40 1202 197 1244 spicietur
225 1201 400 1240 Divinitas,
435 1211 500 1232 non
527 1202 559 1232 in
588 1211 670 1232 voce
702 1200 885 1244 Evangelii.
942 1201 1007 1232 Sed

40 1254 178 1289 regnum
200 1242 322 1274 Christi
345 1250 395 1273 est
423 1243 455 1274 in
478 1242 540 1274 hac
563 1244 629 1275 vita
659 1254 797 1285 regnum
818 1242 1008 1285 Evangelii3

40 1286 127 1328 quod
151 1285 207 1317 'sic
234 1285 361 1323 dicitur,
378 1286 452 1326 quia
470 1284 635 1328 colligitur
652 1296 711 1326 per
728 1287 875 1318 verbum.
921 1287 1008 1318 ldem

39 1334 178 1359 vocatur
211 1338 347 1369 reguum
377 1327 448 1359 Filii
475 1328 555 1359 Dei:
590 1329 666 1369 quia
694 1328 796 1361 Filius
825 1329 1009 1360 immediate

38 1370 163 1412 profert
185 1369 411 1411 Evangelium,
437 1377 469 1401 ct
497 1377 547 1402 est
577 1371 696 1403 efficax
719 1382 778 1412 per
800 1372 954 1410 verbum,
977 1378 1010 1403 et

39 1414 174 1444 mittitur
206 1413 247 1443 ad
283 1413 505 1444 redimendum
539 1420 570 1444 et
599 1413 794 1445 salvandum
822 1424 927 1456 genus
950 1414 1009 1447 hu-

39 1466 178 1487 manum·
231 1454 287 1486 Sic
311 1455 395 1485 enim
422 1454 543 1496 placuit
566 1455 638 1486 Deo
662 1455 803 1487 liberare
825 1466 929 1498 genus
951 1456 1010 1488 hu-

39 1508 170 1529 manum
189 1507 209 1528 a
231 1504 335 1528 morte
357 1503 388 1527 et
411 1504 565 1538 peccato,
588 1497 741 1530 videlicet
763 1501 865 1530 misso
888 1498 981 1530 Filio.

125 1539 289 1571 Aeternus
309 1539 416 1577 Pater,
438 1539 538 1571 Filius
559 1547 589 1571 ct
609 1542 748 1582 Spiritus
771 1549 917 1580 sanctus,
943 1541 1009 1574 col-

39 1576 145 1623 ligunt
174 1581 375 1617 Ecclesimn3
410 1583 468 1613 sed
497 1582 562 1613 hoc
586 1584 716 1621 ordine,
751 1591 786 1615 ut
809 1584 911 1615 Filius
934 1595 1008 1625 pro-

39 1622 123 1654 ferat
156 1623 388 1665 Evangelium,
422 1631 453 1655 et
486 1627 526 1656 sit
561 1623 679 1657 efficax
709 1637 767 1667 per
795 1628 1008 1658 ministerium

38 1664 227 1708 Evangelii,
263 1667 317 1697 det
351 1667 506 1706 Spiritum
534 1675 682 1699 sanctum
714 1680 797 1700 voce
825 1668 1007 1711 Evangelii,

37 1715 149 1742 servet
171 1714 202 1739 et
221 1715 371 1751 protegat
392 1709 594 1748 Ecclesiam,
619 1711 690 1741 sive
712 1722 770 1752 per
792 1713 913 1750 media,
937 1714 1007 1743 sive

38 1753 110 1783 sine
133 1751 265 1782 inediis:
295 1758 328 1782 ut
359 1753 503 1783 servavit
531 1761 597 1784 tres
623 1754 711 1784 w'ros
735 1756 766 1785 in
790 1754 926 1786 fornace
945 1755 1007 1786 Ba—

38 1793 203 1837 bylonica,
223 1801 263 1824 ct‘
278 1794 339 1824 iant
362 1795 455 1825 etiam
479 1794 663 1827 Ecclesiam
688 1804 801 1828 servat
822 1798 906 1828 inter
928 1799 1007 1829 assi-

39 1838 122 1869 duos
145 1835 274 1867 furores
298 1837 425 1874 mundi,
458 1845 488 1868 et
513 1837 656 1869 Diaboli.
713 1838 800 1871 ldent
824 1839 926 1872 Filius
949 1842 1006 1872 im-

39 1880 176 1911 mediate
201 1880 408 1910 resuscitabit
432 1887 590 1919 mortuos,
608 1888 644 1917 et,
658 1882 809 1914 iudicabit
829 1893 935 1924 genus
952 1883 1006 1916 hu-
1030 1865 1034 1942 Ι

39 1932 184 1959 manunt,
219 1928 251 1951 ut
277 1922 407 1952 diu-itur:
441 1923 524 1953 Filio
553 1924 642 1954 (ledit
671 1936 755 1955 omne
782 1926 946 1957 italic-:muz
975 1928 1006 1959 id

39 1969 126 2003 est,
144 1963 294 1995 homines
329 1971 359 1995 et
393 1964 523 1996 Diaboli
562 1967 766 2008 conspicient
788 1967 902 2000 Filium
927 1970 1006 2001 iudi·
1029 1949 1034 2019 ¹

40 2010 178 2038 cantem.
236 2007 322 2037 ldent
353 2008 525 2039 credentes
550 2010 681 2040 adducit
703 2011 745 2040 ad
768 2010 917 2049 Patrem,
952 2014 1006 2044 ubi
1029 2020 1033 2086 Ι

39 2059 149 2081 coram
168 2049 349 2080 videbimus
370 2049 493 2081 Deum:
518 2062 579 2083 nec
598 2051 735 2093 amplius
760 2065 843 2094 opus
867 2057 927 2086 erit
951 2057 1005 2086 mi-

38 2092 172 2123 nisterio
191 2091 370 2131 Evangelii.

417 2093 494 2124 ldeo
514 2095 615 2135 inquit
635 2094 772 2127 Paulus:
801 2096 884 2127 Tunc
903 2099 1006 2128 tradet
1029 2104 1033 2157 ἰ

37 2144 160 2174 reynum
181 2134 250 2163 Deo
273 2135 377 2164 Patri.

1029 2164 1034 2204 i

90 2316 306 2366 Quomodo
337 2320 383 2359 fit
415 2320 627 2374 applicatio
659 2323 944 2364 beneficiorum

366 2397 478 2450 regni
511 2396 683 2439 Christi?
1028 2397 1032 2461 ἶ

122 2483 332 2525 Respondeo.
379 2485 565 2528 Applicatio
594 2488 627 2518 tit
656 2487 730 2520 fide.
775 2489 913 2530 Oportet
943 2502 1004 2523 nos
1029 2494 1032 2547 ἰ

38 2531 198 2565 statuere,
227 2529 312 2569 quod
343 2539 421 2560 vere
450 2536 584 2571 propter
612 2530 777 2562 Christum
800 2533 1004 2574 recipiamur,
1029 2552 1031 2567 t

37 2569 195 2608 iuvemur,
214 2577 245 2601 et
263 2570 437 2602 salvemur.
483 2572 520 2603 Et
542 2573 606 2603 hoc
628 2573 791 2614 significat
815 2574 1006 2615 Zacharias,
1029 2589 1032 2618 y

37 2620 109 2649 cuni
143 2613 257 2654 inquit:
293 2613 364 2644 Rex
398 2619 466 2644 tuus
494 2615 552 2644 tibi
579 2618 676 2650 venii,
700 2623 762 2648 etc.
819 2617 860 2649 Et
889 2621 1031 2658 postea'

716 187 931 222 PosmA
951 184 1351 219 MELANTHOMANA.

1963 187 2027 221 6⁰6

1061 278 1165 309 addit:
1208 277 1425 308 Etiam-tuin
1446 282 1840 321 eunyndneffoederiffltui,
1862 289 1914 311 eet
1936 286 2027 325 resq*

1059 322 1153 350 menti
1175 322 1221 349 tid
1235 321 1356 350 'educes
1375 322 1496 351 vinctos
1517 327 1596 351 tuos.
1622 320 1626 340 ἶ
1642 322 1739 358 Quod
1759 324 1868 355 ludaei
1885 325 2028 366 pessime

1061 368 1283 403 corrumpunt.
1342 362 1476 394 Vocant
1504 366 1696 405 sanguinem
1724 366 1938 398 Testamenti:
1970 369 2027 396 cir-

1062 406 1288 439 cumcisionem,
1319 407 1522 435 mactationes
1552 411 1581 436 et
1609 410 1771 446 sacrificia.
1827 410 1894 440 Sed
1916 409 2028 441 Testa·

1061 454 1204 478 mentum
1228 447 1393 488 significat
1415 449 1662 489 promissionem
1681 451 1721 481 de
1738 457 1876 482 venturo
1894 451 2028 484 Messia.

1061 489 1121 520 Est
1144 490 1228 520 enim
1250 488 1330 520 illud
1353 489 1607 529 Testamentum,
1629 494 1715 533 quod
1739 493 1817 525 fecit
1838 494 1930 525 Deus
1954 505 2027 526 cum

1060 532 1230 563 Abraham
1263 533 1303 563 de
1338 539 1477 564 venturo
1510 535 1650 570 seminc3
1683 542 1714 565 et
1747 539 1882 577 sanguis
1915 537 2029 569 Testa-

1060 576 1160 605 menti
1189 579 1239 605 est
1267 575 1404 616 sanguis
1434 577 1662 616 promissionis
1691 577 1832 619 gratiae,
1867 590 1950 620 quae
1978 586 2029 611 est

1061 617 1253 649 confirmata
1274 617 1434 658 sanguine
1457 617 1527 649 Filii
1551 618 1625 650 Dei.

1146 658 1257 701 Aliqui
1280 663 1313 689 tu
1333 660 1365 690 in
1390 660 1453 691 hoc
1477 667 1566 692 textu
1590 663 1699 693 dicunt
1719 672 1795 693 esse
1813 665 1942 705 generis
1960 663 2029 696 foe·

1061 702 1188 740 minini,
1222 708 1254 733 et
1287 701 1474 745 intelligunt
1507 704 1547 734 de
1580 704 1742 735 Ecclesia.
1798 705 1874 737 ldeo
1905 708 1954 738 sic
1985 708 2030 738 di-

1062 744 1231 785 stinguunt
1262 745 1426 776 membra:
1460 746 1564 775 Etiam
1594 751 1626 776 tu
1660 747 1824 777 Ierusalem
1854 750 1976 779 exsulta
1997 752 2030 778 in

1061 789 1210 825 sanyuc'ue
1228 787 1368 824 foederis
1390 790 1446 817 tui.
1491 790 1583 823 Quae
1606 791 1766 821 sententia
1790 792 1818 821 si
1841 793 2029 827 retineatur,

1062 830 1267 860 confirmatio
1292 836 1343 860 est
1372 831 1540 862 doctrinae
1569 833 1610 863 de
1632 832 1862 874 applicatione.
1908 835 2030 866 Postea

1062 881 1178 902 rursus
1217 879 1419 904 monstratur
1451 873 1627 914 applicatio
1662 877 1692 906 in
1727 874 1831 907 altero
1867 879 2029 908 membro:

1061 912 1161 942 Emisi
1182 915 1301 944 vinctos
1319 919 1389 945 tuos
1412 916 1451 945 (le
1470 919 1621 951 cisterna,
1640 919 1670 946 ἰιι
1689 929 1748 957 qua
1772 929 1832 948 non
1851 924 1918 949 erat
1939 931 2030 960 aqua.

1146 956 1222 987 Non
1257 958 1333 988 dicit
1366 960 1495 989 vinctos
1526 960 1556 990 in
1585 970 1724 1001 genere,
1758 964 1832 1002 quia
1857 963 2029 994 discrimen

1063 1004 1113 1028 est
1134 999 1217 1029 inter
1240 1001 1384 1031 membra
1408 1001 1597 1039 Ecclesiae,
1620 1010 1651 1033 et
1675 1003 1775 1041 alios,
1801 1006 1853 1045 qui
1877 1013 1953 1036 sunt
1975 1017 2029 1037 ex-

1061 1048 1112 1072 tra
1134 1041 1334 1080 Ecclesiam,
1356 1043 1431 1074 item
1451 1045 1535 1075 inter
1557 1046 1730 1077 credentes
1753 1054 1786 1077 et
1807 1057 1872 1078 non
1896 1049 2031 1087 creden-

1061 1090 1121 1114 tes.
1169 1083 1226 1122 Ut,
1249 1085 1277 1114 si
1300 1085 1392 1116 dicas
1416 1087 1456 1117 de
1481 1087 1679 1128 Imperatore
1703 1087 1828 1130 aliquo:
1863 1091 1972 1132 Scipio
1995 1090 2031 1122 li-

1059 1127 1152 1157 berat
1175 1136 1255 1157 suos
1279 1129 1439 1168 captivos,
1461 1129 1492 1160 id
1516 1136 1576 1168 est,
1599 1132 1652 1171 qui
1675 1139 1750 1162 sunt
1771 1133 1861 1163 cives
1881 1133 2030 1172 Romani,

1060 1179 1125 1200 non
1148 1167 1241 1200 alios.
1288 1170 1343 1200 Sic
1360 1170 1460 1203 Filius
1484 1171 1546 1203 Dei
1570 1172 1687 1204 liberat
1710 1181 1802 1212 snos,
1824 1186 1888 1206 non
1911 1175 2030 1208 liberat

1061 1218 1228 1249 caeteros,
1251 1213 1306 1254 qui
1328 1220 1405 1244 sunt
1426 1214 1675 1256 impoenitentes
1699 1224 1729 1248 et
1753 1218 1822 1249 sinc
1845 1218 1921 1250 fide.

1147 1253 1307 1289 Cisterna,
1343 1267 1402 1287 seu
1426 1257 1528 1292 lacus,
1563 1260 1594 1287 in
1617 1270 1677 1299 qao
1701 1270 1760 1289 ηοιι
1784 1265 1828 1290 est
1851 1272 1948 1300 aqua,
1979 1269 2030 1293 est

1062 1307 1151 1328 mors
1174 1305 1322 1336 aeterna,
1345 1300 1401 1330 ubi
1422 1308 1563 1332 nonest
1586 1301 1789 1341 consolatio,
1817 1314 1878 1335 nec
1901 1314 2030 1336 recrea·

1062 1340 1106 1370 tio
1131 1338 1208 1371 ulla.

1146 1382 1291 1414 Pertinet
1323 1390 1356 1415 et
1384 1383 1468 1416 haec
1491 1386 1610 1425 verba,
1644 1398 1728 1429 quae
1756 1395 1952 1431 sequuntur,
1987 1390 2028 1420 ad

1060 1426 1205 1456 membra
1227 1425 1413 1458 Ecclesiae:
1444 1439 1510 1459 non
1540 1430 1581 1460 ad
1610 1430 1780 1463 damnatos
1804 1438 1834 1463 et
1859 1429 2029 1464 Diabolus.

1064 1467 1283 1497 meertimini
1305 1469 1348 1498 acl
1367 1472 1565 1501 munitionem
1587 1472 1683 1502 vincti
1704 1476 1771 1513 spei
1779 1498 1789 1511 ,
1813 1475 1850 1505 idv
1868 1482 1933 1513 est,
1957 1485 2030 1518 spe-

1062 1516 1174 1541 rantes
1198 1509 1436 1543 liberationem.
1487 1513 1667 1546 Credentes
1694 1522 1770 1547 sunt
1793 1519 1930 1558 captivi,
1953 1519 2030 1549 sunt

1061 1552 1169 1583 adhuc
1191 1553 1223 1584 in
1247 1563 1361 1592 carne,
1392 1556 1622 1588 circumierunt
1649 1569 1799 1600 magnam
1828 1559 2030 1592 imbecillitass

1063 1601 1143 1626 tem:
1166 1602 1242 1627 sunt
1266 1598 1398 1628 obnoxii
1421 1600 1531 1630 multis
1554 1600 1660 1639 malis,
1684 1603 1742 1632 sed
1767 1609 1841 1634 sunt
1859 1604 1965 1634 *vincti
1988 1605 2030 1635 ad

1061 1648 1170 1678 spem,
1203 1639 1234 1668 id
1263 1646 1331 1677 est,
1360 1648 1495 1681 sperant
1523 1642 1576 1674 vel
1597 1644 1727 1675 tandem
1750 1646 1780 1676 in
1805 1645 1892 1676 finali
1913 1646 2030 1678 libera—

1062 1681 1149 1711 tione
1172 1682 1358 1722 eripiendos
1381 1693 1458 1715 esse
1481 1695 1521 1715 ex
1545 1688 1696 1718 omnibus
1719 1687 1824 1719 matis.
2011 1695 2013 1697 '

1145 1723 1198 1754 De
1220 1723 1400 1766 allegoriiS,
1419 1727 1536 1767 quibus
1555 1730 1697 1771 pingitur
1719 1729 1824 1761 forma
1847 1730 2029 1769 Ecclesiae,

1060 1773 1091 1797 et
1115 1765 1240 1805 cultus,
1263 1778 1348 1808 quos
1378 1768 1529 1802 Ecclesia
1554 1772 1684 1803 exhibet
1713 1772 1864 1811 Christo,
1889 1774 1952 1805 dixi
1976 1784 2030 1806 su-

1059 1819 1119 1850 pra
1142 1810 1173 1839 in
1197 1809 1415 1851 explicatione
1432 1812 1651 1846 Grammatica
1670 1815 1918 1847 vocabnlzsrum.
1963 1818 2029 1849 Ob-

1060 1858 1210 1883 servetur
1231 1860 1338 1884 autem
1367 1853 1451 1885 haec
1478 1856 1611 1898 regula,
1641 1859 1729 1898 quod
1760 1858 1942 1901 allegoriae
1963 1871 2029 1891 non

1060 1901 1124 1926 sint
1155 1896 1437 1935 confirmationes,
1472 1901 1547 1940 sed,
1562 1900 1909 1937 cmnmonefavtones,
1945 1913 2030 1944 quae

1061 1949 1133 1969 cum
1164 1940 1304 1980 quadam
1335 1942 1554 1973 concinnitate
1583 1945 1823 1975 accommodari
1846 1946 1965 1976 debent
1988 1946 2027 1977 ad

1060 1982 1242 2012 doctrinam
1265 1983 1326 2012 iam
1351 1990 1426 2014 ante
1447 1984 1478 2014 in
1502 1985 1674 2027 Scriptura
1692 1988 1851 2018 traditam.
1897 1987 2029 2019 Etcum

1060 2025 1133 2065 quis
1164 2031 1253 2056 recte
1283 2026 1448 2057 institutus
1477 2034 1527 2059 est
1550 2028 1581 2059 in
1606 2027 1834 2073 fundamento,
1857 2031 1885 2061 is
1908 2029 2028 2062 multas

1060 2069 1206 2107 picturas
1233 2077 1364 2098 sumere
1396 2076 1524 2109 potest,
1560 2081 1633 2104 cuin
1663 2082 1703 2102 ex
1734 2073 1876 2114 antiquis
1899 2074 2027 2112 ritibus,

1060 2116 1127 2141 tum
1150 2113 1245 2141 etiam
1268 2121 1307 2140 ex
1330 2118 1447 2143 natura
1471 2124 1589 2145 rerum.

1147 2153 1313 2184 obiiciunt
1335 2160 1440 2185 autem
1463 2155 1573 2197 aliqui,
1591 2167 1711 2197 pueros
1735 2159 1924 2189 accinentes
1942 2158 2028 2190 Mes·

1060 2196 1153 2226 siae:¹
1169 2196 1261 2233 item,
1284 2196 1441 2237 populum
1466 2199 1703 2239 praeferentem
1727 2199 1860 2232 frondes
1882 2200 2028 2233 olearum

1059 2245 1091 2269 et
1113 2237 1312 2278 palmarum,
1340 2250 1414 2271 non:
1435 2241 1591 2273 habuisse
1618 2249 1765 2274 exactam
1789 2244 1934 2275 notitiam
1955 2243 2028 2275 illa-

1058 2291 1139 2311 rum¹
1162 2291 1288 2319 rerum,
1321 2292 1404 2323 quas
1439 2285 1503 2315 dixi
1533 2285 1711 2325 significari
1734 2284 1798 2316 illis
1821 2287 2027 2328 imaginibus,

1059 2322 1228 2360 Concedo,
1252 2326 1339 2365 quod
1364 2336 1428 2356 non
1452 2325 1546 2367 plene
1565 2330 1628 2359 ista
1651 2327 1875 2366 intellexerint,
1898 2329 1959 2360 sed
1981 2336 2027 2362 ta-

1059 2376 1131 2397 men
1154 2366 1216 2397 suit
1238 2368 1270 2397 in
1288 2366 1349 2398 illo
1373 2375 1470 2400 coetu
1493 2369 1663 2407 Ecclesia,
1686 2371 1717 2401 id
1741 2377 1811 2409 est,
1833 2371 1933 2413 aliqui
1956 2372 2027 2404 sue-

1058 2416 1131 2439 runt
1161 2408 1399 2451 intelligentes,
1430 2413 1502 2443 sine
1531 2412 1596 2443 nlla
1627 2414 1839 2445 dubitatione.
1884 2415 2026 2456 Spiritus

1029 2458 1195 2491 :sanctus
1229 2454 1377 2484 accendit
1412 2455 1442 2484 in
1477 2454 1638 2496 aliquibus
1668 2455 1753 2486 hanc
1782 2455 1906 2494 lucem,
1939 2459 2027 2499 quod

1057 2495 1120 2524 iste
1155 2502 1245 2525 esset
1277 2496 1437 2526 Mese-ias.
1478 2505 1508 2527 et
1545 2498 1626 2527 rexit
1661 2499 1805 2539 ipserum
1840 2501 1961 2539 corda,
1994 2507 2027 2532 et

1057 2535 1204 2577 linguas,
1228 2545 1257 2568 ut
1285 2538 1414 2578 publice
1436 2540 1669 2579 profiterentur
1691 2550 1773 2572 eum.

1142 2579 1239 2610 Nulla
1263 2589 1310 2611 est
1336 2583 1559 2621 congregatio.
1585 2582 1702 2625 inqua
1726 2594 1843 2616 omnes
1864 2587 1928 2617 sint
1948 2596 2024 2617 san-

1058 2622 1119 2660 cti,
1142 2623 1202 2653 sed
1231 2630 1337 2653 tamen
1362 2634 1492 2664 semper
1513 2623 1611 2666 aliqui
1634 2632 1724 2665 sunt,
1753 2627 1925 2669 inquibus
1950 2638 2024 2661 sunt
