2324 2958
109 160 151 192 61

111 253 319 287 necessariis.
363 251 448 287 Quia
470 251 524 282 ubi
547 256 598 282 est
620 259 700 282 vera
723 248 894 288 Ecclesia,
923 250 967 282 ibi
989 259 1083 292 prae-

111 302 242 337 ceptum
264 292 356 326 Pauli
379 293 578 325 servandum
605 298 671 324 est:
706 291 783 324 Non
806 292 987 325 dem-entes
1010 302 1083 324 con-

800 156 1018 189 POSTlLLA
1034 156 1386 189 MELANTHONIAN
1390 159 1430 190 A.

2071 163 2114 195 62

1134 251 1319 288 stantiensi,
1339 260 1413 281 cum
1436 256 1527 281 esset
1550 249 1724 292 eligendus
1754 261 1862 284 novus
1893 253 1939 283 Pa
1965 264 2003 291 a,
2035 255 2113 287 dixit

1135 293 1177 324 ad
1210 292 1424 324 Cardinales:
1469 292 1540 323 Nos
1575 303 1641 323 non
1684 292 1837 326 volumus
1871 305 1946 336 amp
1962 296 2011 327 ius
2048 299 2113 337 pati

108 339 325 382 yreqationem
340 340 490 368 vestram.
525 334 608 367 Cum
629 335 662 366 iu
679 333 832 377 symbolo
856 335 953 366 dicis:
977 335 1085 367 Credo
1135 334 1324 373 schismam,
1347 335 1410 366 etsi
1427 333 1527 376 aliqui
1551 335 1648 366 etiam
1671 336 1818 375 σχισμοῦς
1841 336 2016 370 horribiles
2039 350 2113 371 eum

111 382 286 414 Ecclesiam
323 383 467 411 sanctam
505 377 704 409 Catholicam
718 400 730 415 ‚
774 377 877 408 debes
917 379 1082 419 cogitare:

1135 379 1273 416 dixisse,
1295 383 1328 409 et
1350 378 1390 408 de
1412 376 1465 408 his
1489 384 1705 409 conouestum
1729 388 1806 410 esse
1835 380 1995 411 scribunt.
2040 381 2114 413 Fuit

112 424 328 465 Omnipotens
360 428 494 453 aeterne
525 419 637 458 Deus,
665 430 730 462 ago
758 420 815 451 tibi
832 419 970 461 gratias,
995 420 1084 461 quod
1135 427 1244 452 autem
1266 420 1383 451 irrisus
1416 430 1437 450 a
1460 411 1628 450 Cardinali
1651 419 1843 453 Placentino
1880 423 1969 463 quod
1999 430 2114 456 contra

111 468 145 499 in
191 474 288 498 enere
311 463 453 496 humano
476 461 616 504 collegis
640 460 847 500 Ecclesiam,
879 468 911 493 et
933 472 1006 493 eam
1030 463 1084 493 de-

111 508 165 541 fen
190 509 237 545 is,
271 514 303 539 et
336 507 368 538 in
401 507 464 538 hac
497 511 590 547 parte
624 505 757 547 generis
780 505 911 536 humani
940 504 1083 542 habitas,

110 551 176 589 tac,
198 556 234 582 ut
256 559 320 592 ego
339 558 470 591 quoque
492 549 554 579 sim
577 549 757 579 membrum
788 556 887 578 verae
909 545 998 578 illius
1020 546 1083 578 Ec-

111 593 252 629 clesiae,
287 592 445 623 confirma
479 591 511 623 in
543 600 596 622 me
629 589 716 621 hanc
739 588 959 627 voluntatem,
994 589 1083 631 quod

112 635 209 677 cupio
228 644 305 666 esse
327 640 359 665 et
383 643 518 665 manere
538 633 573 664 iu
594 631 652 664 illa
663 630 829 669 Ecclesia,
853 638 885 663 ut
904 633 936 663 in
949 630 1083 663 Psalmo

110 678 242 711 dicitur:
283 676 385 708 Unum
413 677 508 717 «περὶ.
540 679 570 707 et
602 675 661 707 hoc
694 675 861 712 desidero,
894 683 1022 706 manere
1049 675 1083 705 in

109 722 204 753 domo
226 719 364 750 Domini.

109 764 226 796 nacula
247 766 310 794 tuo.
1014 799 1025 803 ψ

195 803 294 836 Tales
323 804 443 835 debent
475 812 552 835 esse
585 803 806 844 cogitationes
829 808 973 833 nostrae.
1015 801 1081 832 De-

110 849 226 881 bemus
248 856 418 888 quaerere,
441 855 527 887 quac
550 851 582 877 et
604 846 659 877 ubi
682 845 724 876 sit
746 855 826 876 vera
848 843 1018 881 Ecclesia,
1049 849 1082 875 et

108 901 172 922 nos
195 890 224 921 ei
247 889 436 930 adiungere,
462 895 615 929 tanquam
639 891 729 919 cives
759 894 792 918 et
815 888 960 919 membra
982 896 1081 917 verae

108 931 289 965 Ecclesiae.
329 932 394 970 Qui
410 940 471 962 non
495 931 615 972 colliqit
638 940 766 968 mecum,
787 930 890 971 inquit
907 928 1081 967 Dominus,

108 976 277 1016 divperyit.
322 972 452 1016 Cogita,
469 984 566 1015 quam
589 972 788 1004 horrendum
810 974 868 1010 sit,
900 970 1081 1003 dilacerare

107 1024 165 1050 aut
198 1017 327 1049 saevire
361 1017 391 1047 in
427 1014 629 1054 Ecclesiam,
663 1021 719 1047 aut
752 1015 925 1046 discedere
959 1024 978 1045 a
1002 1024 1081 1045 vera

107 1059 274 1092 Ecclesia:
298 1058 390 1091 Sicut
414 1056 504 1090 multi
527 1064 603 1090 sunt
625 1057 783 1089 eiusmodi
806 1055 1001 1095 nebulones,
1025 1058 1080 1098 qui

108 1109 144 1135 ut
166 1107 299 1144 captent
321 1112 434 1133 auram
455 1098 660 1142 popularem,
682 1099 767 1131 alios
785 1105 876 1131 recte
899 1100 1080 1131 sentientes

109 1144 258 1176 lacerant
292 1144 463 1175 conviciis.
529 1143 581 1174 Ac
614 1141 806 1184 plerumque
849 1142 992 1179 indocti,
1026 1142 1081 1184 qui

108 1193 185 1218 sunt
208 1189 281 1218 sine
303 1185 406 1217 literis
429 1192 462 1217 et
485 1185 679 1222 eruditione,
708 1190 785 1217 sunt
808 1185 968 1217 eiusmodi
992 1185 1081 1216 voci-

107 1227 280 1261 feratores.
325 1228 390 1260 Alii
412 1227 537 1260 faciunt
560 1227 625 1258 hoc
659 1228 691 1258 in
718 1228 857 1269 gratiam
879 1227 1081 1268 Principum.

107 1270 172 1303 Alii
195 1277 230 1302 ut
253 1276 438 1302 mereantur
460 1269 609 1302 favorem
634 1268 741 1312 vulgi,
777 1271 866 1312 quod
901 1270 1081 1301 contemnit

107 1314 289 1346 doctrinam
311 1314 475 1350 usitatam,
499 1320 530 1344 et
553 1313 732 1344 admiratur
754 1312 911 1344 absurda.
962 1312 1080 1344 Norin-

106 1358 232 1400 bergae
265 1356 396 1398 quidam
429 1354 652 1393 vociferatur,
694 1354 861 1387 Christum
901 1354 1081 1387 iustificare

106 1409 167 1441 per
177 1399 344 1436 accidens,
369 1398 533 1429 Osiander
545 1397 680 1429 clamat:
696 1397 771 1429 Non
784 1398 934 1429 meritum
947 1397 1080 1436 Christi,

108 1442 168 1473 sed
191 1441 313 1473 iustitia
343 1438 530 1472 essentialis
561 1439 685 1472 Christi
718 1446 769 1471 est
802 1446 917 1471 nostra
950 1440 1081 1471 iustitia.

193 1482 452 1515 Consideremus
485 1484 639 1514 mandata
672 1483 713 1514 de
746 1482 880 1514 vitando
904 1482 1082 1513 schismate

108 1536 174 1557 non
208 1526 411 1557 necessario.
479 1525 546 1564 Sed
578 1535 645 1556 non
674 1523 925 1556 reformidemus
958 1525 1082 1565 probra

107 1567 163 1599 illa
181 1567 324 1600 hostium
354 1567 517 1605 veritatis,
551 1568 606 1608 qui
629 1566 789 1605 fremunt,
825 1568 913 1609 quod
946 1574 1082 1609 propter

107 1611 318 1642 necessarias
342 1619 464 1641 causas
488 1610 705 1641 discessimus
720 1621 740 1641 a
753 1609 902 1641 Romana
914 1609 1080 1648 Ecclesia,

107 1664 170 1685 nec
193 1662 364 1690 curemus,
388 1652 477 1694 quod
500 1650 643 1683 clamant
666 1651 834 1693 Papistae‚
864 1662 903 1683 se
925 1662 1002 1683 esse
1025 1663 1082 1683 an·

107 1696 230 1738 tiquam
252 1694 448 1727 Ecclesiam.
497 1693 570 1737 Ego
605 1701 698 1726 certo
721 1696 812 1732 scio,
847 1694 1026 1726 Pontifices
1050 1701 1082 1726 et

107 1737 295 1780 Episcopus
317 1737 528 1779 pertinaciter
557 1735 772 1769 defendentes
802 1735 887 1768 falsa
915 1738 1081 1779 dogmata,

108 1788 140 1813 et
178 1779 285 1812 salsos
320 1779 448 1818 cultus,
482 1789 560 1812 esse
592 1787 722 1811 coetum
755 1778 1016 1818 idololatricam,
1050 1786 1082 1811 et

108 1823 255 1866 gaudeo,
290 1823 379 1864 quod
412 1823 474 1854 sim
506 1823 538 1854 in
568 1833 648 1854 vera
670 1821 833 1854 Ecclesia.
879 1822 920 1853 Et
942 1833 1082 1864 possum

108 1867 236 1905 dicere,
269 1872 303 1897 ut
327 1864 485 1897 Erasmus
509 1865 657 1897 dicebat:
693 1865 767 1897 Non
798 1865 898 1897 habeo
921 1867 1080 1897 com-cien-

109 1910 198 1946 tium,
221 1909 306 1950 quod
327 1909 455 1939 ninnium
472 1905 618 1948 fecerim,
641 1909 698 1940 sed
720 1909 919 1950 quodminus
937 1906 1081 1948 fecerim.

196 1950 436 1983 Adulescentes
460 1951 491 1981 in
519 1950 583 1982 hac
606 1951 829 1993 disputatione
862 1951 959 1982 etiam
983 1961 1082 1983 voca·

110 1992 188 2025 bula
222 1993 445 2025 considerent.
501 1993 730 2025 iurisconsulti
769 1994 895 2026 faciunt
930 1993 1081 2025 differen-

109 2037 185 2068 tiam
209 2036 294 2067 inter
317 2035 464 2068 schisma
488 2042 520 2068 et
542 2035 714 2075 haeresin,
737 2044 769 2068 et
792 2046 907 2068 verum
931 2042 982 2068 est
1006 2047 1082 2068 esse

110 2077 334 2110 differentiam.
391 2078 474 2110 Nam
511 2076 656 2110 schisma
690 2086 801 2121 potest
833 2078 958 2111 habere
984 2090 1082 2111 excu-

110 2122 282 2159 sationem,
305 2120 455 2152 haeresis
479 2120 609 2153 nullam.
663 2121 818 2154 Germani
848 2122 1002 2154 haeresin
1026 2132 1082 2154 vo-

110 2170 186 2195 cant
211 2165 332 2203 haeret).
356 2164 443 2205 quod
467 2163 663 2196 vocabulum
687 2164 842 2196 fortassis
866 2171 917 2196 est
940 2176 959 2196 a
983 2165 1081 2203 OEssssc:

108 2216 167 2243 reu,
193 2207 224 2238 id
244 2213 306 2244 est,
330 2205 525 2238 idololatria.
570 2207 714 2249 Antiqua
726 2206 945 2249 appellatione
967 2208 1082 2239 haere-

109 2250 156 2280 sis
180 2250 344 2290 significat
369 2257 508 2287 sectam,
531 2259 550 2280 a
573 2251 675 2281 verbo
699 2252 851 2291 αἱροῦμαι,
875 2251 962 2282 unde
985 2251 1082 2282 etiam

107 2299 160 2323 est
182 2297 369 2333 προαίρεσις,
392 2292 424 2323 id
449 2298 510 2329 est,
534 2290 710 2333 singularis
733 2293 864 2331 electio,
895 2294 951 2325 Gin
976 2295 1082 2326 {cubeta

418 718 512 750 Item:
546 717 647 749 Beati
666 718 722 758 qui
743 717 891 749 habitant
919 718 953 748 in
975 717 1082 748 taber-

1137 462 1393 494 Grammaticam
1415 467 1581 502 peccaret.
1628 461 1696 492 Sed
1715 464 1887 503 respondit
1916 464 2112 505 Imperator:

1135 505 1210 536 Non
1243 504 1357 546 places
1386 503 1479 542 mihi,
1520 502 1733 542 Placentine,
1772 507 1847 546 quia
1880 506 2113 548 imperatorem

1136 553 1267 588 oportet
1285 557 1362 578 esse
1381 547 1540 578 intentum
1563 547 1595 577 in
1618 556 1684 584 res,
1710 557 1774 578 non
1794 549 1825 578 in
1839 548 2111 582 Granunaticam:

1135 590 1177 621 Et
1200 601 1275 621 cum
1298 590 1341 621 sit
1362 588 1492 621 solutus
1515 588 1647 631 legibus
1670 588 1825 630 politicis,
1847 601 1913 622 non
1926 592 2024 623 debet
2043 603 2112 624 ser-

1135 633 1205 663 vire
1227 633 1414 673 praeceptis
1439 632 1689 663 Grammatices.
1735 632 1793 663 Sic
1822 633 1919 674 igitur
1942 636 1973 665 in
1997 634 2112 667 Eccle-

1134 675 1184 706 sia
1207 676 1393 707 nominatur
1421 674 1574 706 Schisma
1596 675 1716 705 scissio
1744 684 1805 706 seu
1835 674 2026 708 dilaceratio
2051 677 2113 709 Ec-

1135 716 1268 756 clesiae,
1287 717 1328 748 Et
1350 718 1398 748 sic
1421 715 1544 749 Paulus
1570 715 1728 758 loquitur:
1763 716 1839 748 Non
1862 718 1925 749 sint
1949 720 2033 750 inter
2056 730 2113 752 vos

1133 760 1317 792 schismata.

1219 802 1254 833 In
1277 801 1462 842 Republica
1485 801 1671 833 nominatur
1692 802 1821 839 seditio,
1845 803 1938 843 quasi
1972 804 2113 836 seorsim

1133 845 1202 882 itio,
1226 846 1270 877 ein
1293 845 1485 885 obtutubung,
1509 844 1544 874 D
1567 849 1617 875 est
1641 844 1867 885 interpositum
1891 852 2026 886 propter
2050 846 2116 877 Eu-

1133 887 1298 928 phoniam,
1323 887 1409 918 sicut
1430 887 1463 917 in
1486 887 1596 917 redeo.
1631 885 1756 928 Estque
1776 886 1840 918 hoc
1864 897 1983 919 nomen
2007 889 2116 920 minus

1133 936 1228 961 atrox
1251 936 1284 961 et
1313 927 1462 967 mollius,
1496 929 1725 960 atrocissimae
1754 935 1787 961 et
1809 929 2116 963 turbulentissimae

1133 973 1179 1004 rei
1202 973 1338 1003 inditum
1361 983 1380 1003 a
1404 971 1562 1002 Romanis
1585 977 1720 1013 propter
1743 972 1852 1010 cich,
1884 973 1938 1014 qui
1967 983 2007 1005 ex
2031 974 2116 1005 urbe

1132 1015 1165 1046 in
1188 1015 1314 1046 vicinos
1336 1020 1465 1046 montes
1488 1020 1709 1045 secesserant.
1755 1014 1833 1046 Ideo
1857 1021 1891 1046 ut
1913 1025 2115 1048 revocaren-

1134 1064 1198 1096 tur,
1221 1056 1396 1089 noluerunt
1419 1066 1479 1088 eos
1502 1067 1625 1088 vocare
1644 1057 1759 1088 hostes
1785 1064 1815 1088 et
1838 1057 1994 1098 perfidos.

1221 1100 1344 1131 Graeci
1367 1100 1479 1131 dicunt
1502 1099 1617 1137 στάσιν,
1637 1099 1726 1141 quod
1749 1106 1800 1131 est
1814 1100 2013 1132 vocabulum
2026 1108 2115 1132 atro-

1134 1143 1219 1181 cius,
1238 1143 1323 1174 sicut
1336 1141 1492 1173 Germani
1515 1152 1648 1184 quoque
1671 1143 1838 1174 nominant
1857 1143 1915 1175 (Sin
1930 1143 2114 1185 OEinttfirung,

1134 1196 1208 1217 cum
1231 1185 1352 1217 subditi
1375 1190 1508 1216 sumunt
1533 1195 1624 1216 arma
1656 1191 1773 1216 contra
1804 1186 2012 1226 superiores,
2047 1197 2115 1218 mu·

1133 1228 1222 1259 tandi
1245 1233 1352 1259 status
1376 1226 1497 1268 publici
1522 1237 1632 1259 causa.

1218 1269 1318 1301 Aliud
1353 1277 1405 1301 est
1439 1269 1638 1301 vocabulum
1668 1271 1839 1308 tumultus,
1886 1270 1973 1311 quod
2010 1269 2115 1302 differt

1133 1323 1152 1344 a
1177 1311 1277 1351 bello,
1300 1313 1377 1355 quia
1400 1312 1510 1344 bellum
1532 1319 1604 1350 est,
1630 1313 1719 1354 quod
1743 1313 1909 1343 ordinarie
1931 1323 1990 1354 per
2012 1314 2114 1355 magi-

1133 1361 1271 1387 stratum
1294 1355 1482 1397 suscipitur,
1517 1356 1588 1386 sive
1611 1357 1653 1386 sit
1675 1356 1814 1393 iustum,
1849 1355 1921 1387 sive
1956 1356 2114 1388 iniustum

1135 1397 1267 1430 bellum.
1312 1397 1486 1430 Tumultus
1510 1404 1562 1429 est
1584 1397 1825 1439 qualiscunque
1843 1408 2030 1430 concursus
2053 1408 2114 1430 seu

1134 1451 1326 1481 paucorum,
1350 1451 1410 1472 seu
1432 1439 1585 1482 plurium,
1609 1441 1702 1482 quasi
1727 1441 1830 1478 dicas,
1861 1441 1957 1471 timor
1979 1439 2113 1479 multus,

1133 1484 1167 1514 id
1184 1489 1253 1521 est,
1287 1484 1397 1515 subita
1420 1484 1607 1514 commotio.
1653 1483 1793 1518 Quando
1822 1489 1873 1514 est
1895 1483 2039 1514 atrocior
2064 1490 2112 1515 tu-

1133 1524 1272 1563 multus,
1307 1525 1343 1556 fit
1371 1525 1507 1563 seditio,
1551 1524 1593 1556 Ut
1619 1524 1775 1557 tumultus
1799 1524 1960 1557 Catilinae
1988 1532 2039 1556 est
2062 1534 2112 1557 se-

1134 1568 1223 1606 ditio,
1246 1566 1419 1599 Tumultus
1439 1569 1634 1599 rusticorum
1658 1573 1773 1599 nostro
1802 1574 1949 1609 tempore
1978 1565 2037 1600 fuit
2060 1578 2112 1599 se-

1133 1611 1220 1642 ditio.
1279 1610 1494 1642 Conabantur
1520 1608 1656 1642 abolere
1686 1611 1843 1648 reditum,
1872 1621 1931 1642 seu
1962 1621 2112 1649 censum,

1133 1660 1165 1684 et
1189 1653 1374 1684 ordinarias
1397 1659 1594 1694 potestates,
1617 1660 1649 1684 et
1671 1654 1907 1694 praetexebant
1925 1651 2110 1685 libertatem

1133 1695 1365 1727 Christianam.

1218 1736 1271 1769 De
1304 1738 1393 1769 dieto
1415 1737 1567 1779 Dionysii
1603 1736 1766 1768 Corinthii
1799 1738 1887 1778 apud
1921 1737 2111 1775 Eusebium,

1135 1780 1231 1819 [Hist.
1267 1779 1395 1812 Eceles.
1432 1779 1489 1811 lib.
1513 1780 1551 1811 ΙΙ.
1582 1790 1656 1821 cap.
1692 1778 1776 1818 ult-1,
1801 1781 1865 1811 dixi
1889 1778 1988 1811 alias:
2035 1779 2111 1812 Non

1132 1824 1234 1854 miuus
1256 1827 1421 1864 peccatum
1444 1827 1490 1854 est
1513 1823 1649 1854 schisma
1673 1823 1982 1864 qunmidololotria.
2018 1822 2111 1854 Haec

1133 1867 1296 1898 sententia
1319 1873 1371 1897 est
1395 1876 1485 1903 vera,
1508 1866 1639 1907 quando
1662 1865 1808 1897 schisma
1831 1876 1897 1897 non
1917 1865 2014 1897 habet
2035 1875 2110 1897 cau-

1132 1919 1204 1940 sam
1226 1910 1462 1947 necessariam,
1485 1919 1546 1940 seu
1568 1908 1699 1949 quando
1722 1907 1868 1940 schisma
1887 1915 1937 1940 est
1960 1908 2108 1949 impium:

1132 1951 1233 1993 ldque
1256 1952 1354 1983 variis
1379 1952 1420 1983 de
1443 1952 1553 1983 causis
1577 1951 1646 1982 fieri
1659 1958 1779 1992 potest.
1816 1953 1920 1992 Saepe
1938 1950 1973 1981 fit
1996 1949 2108 1982 Schis-

1132 2005 1184 2025 ma
1208 2005 1281 2026 cum
1304 1995 1401 2035 impio
1424 1994 1593 2035 dogmate:
1623 1993 1731 2035 Saepe
1754 2000 1891 2035 propter
1913 2003 2039 2031 mores,
2074 1999 2109 2025 ut

1131 2036 1330 2069 Donatistae
1360 2035 1523 2068 faciebant
1566 2035 1731 2069 Schisma.
1771 2038 1847 2078 quia
1881 2036 2109 2077 improbabant

1133 2078 1317 2121 aliquorum
1340 2090 1463 2118 mores,
1493 2080 1554 2111 etsi
1577 2079 1641 2111 hoc
1668 2080 1776 2121 ipsum
1806 2086 1876 2111 erat
1907 2079 2027 2120 dogma
2050 2079 2107 2110 im-

1132 2123 1232 2163 pium,
1256 2122 1430 2154 detrahere
1450 2121 1632 2153 efficaciam
1654 2122 1846 2160 ministen'o,
1878 2128 2013 2162 propter
2035 2131 2107 2162 per-

1134 2176 1291 2197 sonarum
1326 2166 1414 2197 vitia.
1470 2164 1635 2196 Interdum
1669 2166 1848 2197 mutatione
1882 2165 2018 2202 rituum,
2053 2164 2108 2205 qui

1133 2214 1209 2239 sunt
1231 2219 1293 2240 suo
1316 2217 1439 2250 genere
1462 2207 1694 2246 indifferentes,
1722 2207 1822 2248 aliqui
1850 2206 1971 2238 faciunt
1995 2216 2107 2238 seces-

1132 2251 1260 2282 sionem
1282 2252 1324 2282 ab
1347 2250 1438 2282 aliis:
1461 2251 1552 2282 Sicut
1566 2250 1693 2282 Doctor
1717 2248 1805 2281 lekel
1828 2250 1859 2280 in
1874 2247 1972 2280 natali
1986 2248 2107 2281 Christi

1133 2294 1394 2326 concionabatur
1428 2294 1469 2324 de
1492 2293 1763 2331 Resurrectione,
1797 2293 1883 2324 etin
1914 2292 2014 2324 Festo
2045 2292 2106 2323 Pa-

108 2336 158 2366 litb
188 2335 345 2371 ffirnemcn.
396 2334 463 2366 Sed
493 2335 525 2365 in
556 2334 708 2367 Ecclesia
738 2336 886 2367 haeresis
916 2336 1082 2377 significat
1104 2323 1109 2383 Ι
1132 2336 1257 2367 schatis
1292 2336 1333 2368 de
1367 2336 1561 2374 Nativitate‚
1604 2335 1743 2367 Dicebat
1778 2345 1854 2366 esse
1894 2334 2105 2375 Papisticum,

107 2378 266 2409 eiusmodi
301 2384 446 2415 sectam,
479 2388 564 2419 quae
598 2379 718 2419 dogma
739 2379 869 2420 impium
905 2378 1015 2417 habet,
1049 2386 1081 2410 et

107 2430 194 2451 nova
225 2420 377 2461 opinione
411 2421 549 2452 discedit.
583 2421 625 2451 ab
660 2419 821 2453 Ecclesia.
878 2421 938 2453 Est
972 2429 1080 2453 autem

109 2463 215 2494 omnis
238 2473 340 2504 prava
364 2463 492 2504 opinio,
515 2463 735 2502 mendacium,
759 2470 789 2495 et
815 2475 887 2496 cum
913 2471 962 2496 est
989 2474 1083 2496 error

108 2513 223 2536 contra
247 2504 406 2537 articulos
431 2505 525 2544 fidei,
558 2512 624 2536 tum
660 2512 710 2537 est
743 2507 855 2549 gravis
884 2506 1082 2538 idololatria.

194 2548 347 2580 Schisma
379 2555 487 2580 autem
521 2548 683 2590 significat
717 2551 974 2590 separationem,
1010 2551 1083 2583 (Sine

109 2592 277 2633 {unici-ung.
324 2592 556 2633 Sigismundus
580 2590 759 2633 imperator
781 2593 813 2623 in
837 2592 979 2624 concilio
997 2592 1082 2625 Con-

1131 2378 1301 2421 alligatum
1326 2389 1401 2411 esse
1425 2380 1573 2419 tempori.
1620 2378 1741 2409 Postea
1755 2378 1956 2409 moriebatur
1975 2387 2017 2409 ex
2039 2378 2105 2408 ine·

1132 2422 1184 2453 dia
1204 2420 1399 2453 voluntaria.
1456 2420 1545 2453 Talis
1580 2427 1629 2452 est
1665 2420 1786 2451 mulitia
1817 2420 2009 2458 multorum,
2051 2419 2105 2460 qui

1131 2475 1197 2495 non
1210 2472 1348 2505 possunt
1369 2466 1436 2505 pati
1449 2463 1550 2496 ullum
1564 2465 1721 2501 ordinem,
1745 2469 1774 2494 et
1789 2470 1983 2504 praetexunt
2006 2461 2105 2493 liber·

1131 2513 1229 2539 tatem
1269 2507 1497 2539 Christianam.
1564 2506 1759 2546 Vituperant
1793 2516 1876 2544 nos,
1915 2506 2002 2547 quod
2037 2514 2104 2536 ser-

1132 2560 1246 2581 vemus
1279 2551 1375 2582 ritum
1406 2550 1619 2581 ordinationis
1660 2549 1892 2580 ministrorum.
1947 2548 2103 2579 Nonnun-

1131 2603 1227 2634 quam
1251 2594 1326 2625 odio
1351 2599 1511 2625 certarum
1535 2602 1751 2633 personarum
1774 2590 2104 2628 excitaturschismm
