2324 2958
65 162 127 194 153

65 260 135 291 Non
162 260 214 288 est
238 255 344 286 evasio
365 252 479 292 impio,
509 252 716 290 Diffarumlur
743 250 940 288 aliquamdiu
954 257 1039 288 ’ρυε-

66 310 138 340 nae,
170 299 230 330 sed
249 297 295 328 ad
314 299 494 327 extremum
514 303 579 325 non
600 293 680 324 bene
698 293 763 323 eric
783 292 890 331 impio.
958 291 1040 322 Cum

65 344 132 375 hoc
164 341 252 372 dicto
285 337 474 370 Salomonis
504 335 783 378 congruit-etiam
810 334 931 365 dic-tum
954 332 1040 364 illius

66 386 190 418 Poetae
209 381 357 414 Ethnici:
1011 392 1014 397 ,

153 444 199 476 ΑΙι
217 442 324 480 miser,
350 445 384 472 et
402 442 433 472 si
449 441 520 479 quis
536 441 677 480 primum
694 437 845 477 periuria
866 437 955 469 celat.

191 487 275 518 Sera
296 489 404 515 lamen
427 485 535 514 tacitis
552 490 661 522 poena
678 482 764 511 reni!
775 480 922 520 pedibus.

154 552 281 585 Videtis
313 549 460 582 latrones
495 555 528 580 et
559 547 650 580 sures
680 547 735 579 vel
764 547 894 579 tandem
917 544 1040 577 retrahi

70 599 112 630 ad
134 605 271 638 poenas,
295 600 328 625 et
349 592 459 625 multis
481 593 547 624 hoc
568 591 701 629 accidit,
725 596 761 622 ut
783 596 903 631 sponte
930 599 970 620 se
992 588 1040 620 of-

69 638 178 672 ferant
199 638 326 680 poeuis.
381 635 475 667 Deus
499 634 569 666 vult
591 632 728 675 intelligi
751 643 845 665 suam
869 632 1040 664 iustitiam:

69 682 147 714 Ideo
169 681 262 723 punit
284 678 523 720 delinquentes,
557 677 629 708 Nec
650 682 703 708 est
735 677 875 717 ignavus
904 677 934 706 in
967 684 1043 715 poe·

69 735 187 757 narum
219 723 424 755 executione.
491 720 583 752 Haec
605 718 800 761 regulariter
823 718 903 750 liunt
925 719 958 748 iu
980 717 1044 748 hac

71 769 150 806 vita,
184 772 217 798 et
239 766 369 807 quidem
391 759 569 806 puniuntur
591 762 741 794 homines
770 761 962 803 plerumque
983 769 1045 801 per

72 821 123 850 ea,
144 810 263 852 quibus
285 813 475 849 peccarunt.
966 845 972 852 .

157 852 228 883 Etsi
251 851 376 892 mitigat
398 849 493 881 Deus
514 858 641 890 poenas
671 848 846 889 agentibus
875 850 1045 887 poeniten-

73 897 161 931 tiam,
173 895 259 926 sicut
270 893 435 934 Propheta
453 892 572 933 inquit:
595 893 633 922 In
655 894 706 921 ira
728 895 783 921 {tm
803 888 1047 921 misericordiae

72 939 268 971 recordaris.
335 936 466 967 Interim
493 941 602 965 tamen
625 934 718 974 punit
740 933 838 964 etiam
866 932 898 962 in
922 930 1046 961 sanctis

73 980 200 1023 lapsus·
265 979 335 1011 Nec
359 979 563 1014 dubitemus,
595 977 670 1007 ideo
693 981 741 1007 tot
765 973 969 1006 calamitates
992 983 1047 1004 va-

74 1024 145 1067 gari
167 1023 200 1054 in
223 1022 362 1059 mundo,
397 1027 429 1051 et
451 1018 610 1052 cumulari
633 1027 775 1059 poenaS,
810 1017 885 1057 quia
906 1016 1047 1047 mundus

75 1065 218 1097 cumulat
263 1070 421 1106 peccata,
467 1062 644 1094 contemnit
685 1060 793 1091 divina
827 1066 859 1090 et
893 1058 1048 1090 humana.

75 1108 223 1150 Quisque
256 1107 354 1138 sumit
385 1106 447 1137 sibi
480 1104 644 1136 licentiam
671 1102 812 1134 faciendi
847 1111 931 1143 quae
958 1100 1048 1131 libet.

74 1151 149 1183 Non
173 1156 283 1192 potest
305 1150 402 1191 igitur
425 1147 521 1179 aliter
553 1146 636 1184 fieri,
672 1155 770 1187 quam
804 1151 839 1176 ut
867 1143 1051 1186 plectamur

73 1194 224 1235 privatim
247 1198 279 1223 et
302 1190 442 1232 publice.

159 1234 271 1265 Tertia
291 1243 394 1265 causa
416 1238 480 1270 est,
501 1231 695 1262 Necessitas
708 1240 775 1262 non
789 1230 938 1261 turbandi
956 1228 1052 1267 alios,

73 1276 127 1309 De
149 1277 210 1308 hac
234 1286 335 1308 causa
348 1276 482 1307 dicitur:
506 1276 632 1313 Dilfqas
646 1277 832 1314 proximum
850 1277 948 1310 tuum,
971 1273 1055 1304 sicul

73 1325 107 1352 te
127 1323 242 1360 ipsum.
307 1321 404 1356 Item,
437 1319 527 1355 Quod
548 1319 606 1348 tibi
626 1326 690 1348 non
712 1320 759 1348 vis
774 1317 863 1356 fieri,
894 1318 991 1347 altere·
1013 1325 1054 1346 ne

72 1365 204 1403 feceris.
268 1361 346 1393 Non
368 1361 471 1392 simus
499 1360 546 1391 ita
568 1361 806 1401 incogitantes,
829 1364 865 1390 ut
887 1365 1053 1399 putemuS,

74 1415 139 1436 nos
163 1403 258 1436 solos
279 1405 393 1435 vivere
415 1404 450 1433 in
474 1412 597 1445 genere
615 1401 769 1433 humano.
797 1401 967 1433 Debemus
989 1399 1054 1431 fre-

74 1457 156 1479 nare
181 1456 255 1485 noS,
290 1452 325 1478 ut
348 1445 404 1477 alii
426 1445 713 1487 quoquepossint
734 1454 810 1475 esse
833 1444 944 1484 quieti.
990 1442 1053 1479 Qui

75 1500 144 1521 non
174 1489 245 1521 vult
267 1489 333 1521 hoc
355 1487 487 1526 facere,
520 1497 583 1518 nec
606 1485 783 1518 consulere
805 1485 943 1517 aliorum
966 1492 1054 1517 tran-

75 1530 243 1573 quillitati:
282 1532 312 1562 is
354 1541 421 1561 non
457 1536 509 1561 est
541 1528 708 1560 dissimilis
741 1529 927 1569 panicidae
961 1528 1054 1566 Cain,

75 1584 173 1615 quem
207 1584 281 1605 cum
311 1573 475 1605 Dominus
499 1573 735 1614 interrogaret:
770 1572 834 1603 Ubi
867 1577 920 1602 est
952 1569 1055 1602 frater

74 1622 152 1648 tuus
170 1615 278 1647 Abel?
301 1613 357 1647 ille
379 1616 573 1656 exceptione
597 1614 661 1646 hac
673 1616 791 1646 utitur:
815 1614 976 1654 Numquid
997 1624 1054 1653 eqo

74 1669 147 1691 sum
168 1663 275 1690 eustos
292 1659 418 1698 fratr&-
439 1661 526 1689 mei?
570 1657 639 1688 Sed
660 1656 726 1688 hoc
749 1657 964 1698 sophismate,
998 1667 1054 1687 ne-

76 1711 141 1743 que
163 1701 250 1739 Deo,
281 1710 388 1742 neque
416 1710 498 1732 suae
522 1700 748 1732 conscientiae
781 1699 977 1731 satisfacere
999 1709 1054 1739 po-

77 1750 154 1776 test.

162 1785 315 1818 Sciamus
338 1785 448 1828 igitur,
472 1786 563 1827 quod
585 1784 679 1816 Deus
708 1785 855 1826 imponat
888 1784 975 1816 hanc
1000 1794 1055 1815 cn—

76 1839 147 1861 ram
170 1828 309 1871 singulis
331 1828 530 1866 hominibus,
552 1834 587 1859 ut
610 1827 755 1859 habeant
787 1826 927 1859 aliorum
957 1828 1056 1858 ratio-

77 1881 164 1910 nem,
196 1882 304 1912 neque
338 1872 404 1902 sint
435 1869 567 1902 molesti
598 1869 684 1909 aliis,
715 1876 751 1902 ut
774 1880 847 1901 cum
870 1868 1056 1911 petulantes

77 1914 179 1956 aliqui
201 1914 394 1945 scholastici
418 1919 516 1945 noctu
539 1920 704 1955 vagantur
726 1914 759 1945 in
780 1911 911 1954 plateis,
934 1919 967 1944 et
988 1923 1056 1944 mo-

78 1967 116 1988 re
138 1957 314 1988 bestiarum
325 1955 560 1996 vociferantur,
581 1967 721 1998 magnas
733 1955 903 1987 molestias
918 1956 1055 1987 afferunt

78 1997 164 2038 aliis,
185 1999 325 2031 Terreat.
347 2009 546 2041 puerperas,
579 2001 713 2031 turbant
746 2005 922 2039 aegrotos,
956 2000 1055 2039 impe-

79 2042 171 2073 diunt
203 2053 353 2074 somnum
387 2041 563 2075 multorum
597 2052 723 2074 senum.
789 2042 880 2074 Haec
900 2042 928 2073 si
950 2041 1055 2083 Magi-

79 2090 204 2116 stratus
227 2094 292 2115 non
315 2085 424 2125 punit,
459 2090 549 2116 certe
570 2086 773 2117 conscientia
796 2091 853 2116 tua
875 2081 1053 2127 aliquando

79 2133 113 2159 te
133 2134 260 2168 arguet.

166 2169 238 2201 Huc
260 2170 411 2210 pertinet,
443 2169 534 2210 quod
565 2169 700 2203 violatio
735 2170 928 2212 disciplinae
956 2171 1054 2202 etiam

78 2211 241 2244 scandalo
263 2218 361 2243 nocet
382 2210 472 2250 aliis,
507 2212 598 2254 quia,
631 2214 719 2254 quod
742 2212 797 2246 alii
820 2214 854 2246 te
874 2213 988 2246 facere
1009 2214 1055 2245 vi-

79 2255 170 2293 dent,
193 2255 225 2286 id
248 2255 371 2287 audent
393 2255 455 2296 ipsi
489 2266 621 2297 quoque
642 2257 771 2288 imitari.
839 2256 903 2292 Qui
926 2263 1003 2288 sunt
1021 2257 1054 2287 in

77 2298 194 2329 iisdem
217 2297 392 2336 sodalitiis,
414 2297 601 2329 inficiuntur
624 2299 795 2341 contagiis,
830 2306 861 2331 et
884 2301 1055 2341 rapiuntur

77 2341 122 2372 ad
146 2350 338 2373 communes
360 2350 504 2382 poenas,
539 2351 605 2372 non
627 2341 722 2374 aliter
745 2353 843 2384 quam
872 2344 968 2374 navis
991 2341 1055 2374 fer-

77 2389 144 2422 tur,
166 2394 231 2425 quo
254 2384 344 2415 venti
365 2382 544 2424 impeliunt.
611 2383 701 2416 Haec
729 2386 880 2417 videmus
909 2385 1056 2427 quotidie

749 153 967 191 POSTILLA
989 151 1386 185 MELANTHONIANA.

1078 2305 1082 2348 l

79 2425 149 2458 fieri
173 2436 246 2458 cum
269 2426 391 2469 magno
409 2425 528 2458 dolore
549 2432 679 2466 nostro,
713 2428 810 2462 etiam
842 2429 875 2460 in
904 2429 1056 2460 coetibus
1080 2419 1083 2438 ¹

78 2467 299 2500 scholasticis.

165 2511 282 2543 Restat

78 2555 149 2586 Les
170 2559 223 2586 eet
241 2556 452 2594 Paedaqwus
474 2559 508 2586 in
534 2555 707 2587 Christum.
753 2555 814 2587 Est
835 2556 936 2598 igitur
957 2557 1056 2588 disci·
1081 2576 1083 2578 -

78 2595 168 2638 plina
189 2603 366 2639 propterea
394 2598 489 2629 etiam
512 2598 721 2636 necessaria,
754 2603 790 2630 ut
815 2598 967 2631 homines
996 2600 1055 2632 do·
1078 2585 1083 2637 i
1105 2599 1307 2640 imperando.

2008 153 2070 186 154

1092 247 1161 283 ceri
1181 246 1311 287 possint
1333 244 1544 280 deChristoz
1578 245 1656 277 item
1690 252 1725 277 ut
1747 245 1898 278 Christus
1927 248 1969 279 sit
1998 247 2066 279 effi-

1094 298 1158 321 cax
1179 290 1211 320 in
1234 298 1346 320 eorum
1369 288 1497 319 animis.
1542 288 1626 320 Nam
1648 288 1693 321 illi
1712 290 1767 331 qui
1794 292 2066 330 perseverantia

1094 331 1234 369 delictis,
1268 336 1299 362 et
1331 331 1567 362 contumaciter
1600 338 1743 373 pergunt
1770 331 1896 367 violare
1925 332 2067 375 discipli-

1094 385 1181 413 nam,
1213 373 1379 416 repellunt
1400 384 1420 404 a
1449 384 1487 405 se
1521 373 1688 405 Christum
1698 397 1707 412 ,
1742 385 1804 407 nec
1832 381 1941 416 potest
1963 377 1996 411 in
2016 377 2067 409 eis

1095 418 1236 459 Spiritus
1280 422 1418 448 sanctus
1463 426 1540 448 esse
1584 415 1712 448 efficax.
1778 417 1982 459 Impossibile
2016 426 2067 450 est

1095 461 1192 492 etiam
1225 461 1370 492 existere
1403 458 1513 497 fidem,
1546 459 1579 490 in
1603 469 1654 498 ec,
1684 461 1736 501 qui
1762 464 1824 492 ruit
1848 468 1963 493 contra
1987 473 2065 494 con-

1094 503 1275 534 scientiam.
1320 502 1398 533 ldeo
1417 503 1574 542 scriptum
1593 508 1662 533 est:
1690 505 1792 535 Nolim
1821 514 1950 545 errare,
1972 505 2066 537 Scor-

1093 551 1230 585 taem-es,
1263 545 1426 585 Adulter-i,
1458 547 1640 577 Homiculae
1668 556 1733 577 non
1766 548 1913 579 viciabant
1933 558 2068 587 rema-um

1095 591 1164 621 Dei.
1218 589 1260 620 Ec
1275 593 1411 629 propter
1432 589 1511 620 llaec
1534 592 1617 620 ceni!
1636 588 1689 619 ira
1710 591 1773 620 Dea·
1793 599 1891 629 super·
1913 593 1996 629 filio-5
2018 594 2065 622 in-

1094 633 1298 664 obedientiae.

1181 673 1240 705 llle
1264 675 1318 715 qui
1341 673 1412 705 vult
1434 683 1565 704 manere
1587 672 1727 712 adulter,
1750 681 1927 713 scortator,
1961 675 2066 708 scele-

1097 724 1199 755 ratus,
1220 716 1373 758 Denique
1395 716 1451 758 qui
1474 715 1542 747 mlt
1565 726 1700 748 manere
1726 717 1758 748 in
1781 728 1977 760 quocunque
1999 730 2067 751 ma-

1097 758 1132 790 lo
1165 761 1351 800 proposito,
1384 760 1469 790 sciat
1497 769 1535 790 se
1564 769 1631 790 non
1660 770 1762 800 posse
1786 761 1937 802 accipere
1959 764 2070 794 remis·-

1098 803 1225 833 sionem
1247 808 1473 843 peccatorum,
1497 802 1573 843 quia
1595 813 1662 834 vox
1690 803 1862 834 iuramenti
1897 804 1995 836 divini
2019 816 2073 837 nc-

1099 846 1246 876 cessario
1270 845 1403 885 requirit
1427 845 1693 876 conversionem:
1725 848 1792 878 Viro
1810 857 1876 885 eyo.
1899 850 1971 879 nalo
1992 858 2075 880 mor-

1099 893 1162 920 tem
1180 891 1370 928 peccatoris,
1393 888 1452 918 secl
1469 892 1505 918 ut
1524 893 1726 920 com-erlalm·
1744 894 1774 920 et
1790 892 1879 921 ritae.
1903 890 1944 921 Et
1957 890 2075 922 Esaias

1100 929 1232 961 clamat:
1267 930 1413 962 Desinite
1445 932 1651 969 malefacere,
1685 936 1719 963 et
1737 933 1851 964 discite
1872 934 2074 973 benefacere.

1101 974 1241 1013 Oportet
1253 973 1352 1014 igitur
1365 973 1529 1012 deponere
1544 980 1683 1013 peccata
1696 981 1812 1006 contra
1830 976 2075 1008 conscientiam.

1187 1014 1434 1046 Adulescentes
1469 1017 1680 1047 considerent
1713 1016 1943 1058 Metaplioram
1966 1020 1998 1050 in
2021 1031 2076 1061 ap·

1101 1057 1278 1099 pellatione
1302 1057 1505 1099 paedagogi.
1541 1057 1660 1090 Officia
1683 1058 1873 1102 Paedagogi
1897 1067 1973 1093 sunt
1997 1063 2077 1093 duo:

1103 1101 1236 1138 docere,
1259 1107 1289 1132 et
1314 1102 1490 1142 castigare.
1535 1101 1695 1133 Neutrum
1717 1113 1798 1134 vero
1827 1110 1936 1144 potest
1959 1115 2006 1136 ac
2024 1106 2078 1136 de—

1103 1145 1159 1175 bet
1183 1154 1259 1175 esse
1282 1145 1354 1175 sine
1375 1143 1492 1181 altero,
1526 1144 1589 1179 Qui
1622 1155 1690 1176 non
1719 1146 1841 1177 docent
1867 1147 2078 1185 iuventutem,

1105 1187 1164 1218 sed
1188 1193 1313 1217 tantum
1335 1186 1450 1228 flagris
1469 1188 1609 1218 caedunt
1632 1188 1784 1226 assidue,
1813 1199 1880 1220 non
1902 1196 1979 1221 sunt
2001 1191 2079 1222 boni

1104 1230 1302 1271 paedagogi.
1357 1229 1499 1266 Rursus,
1522 1230 1586 1260 nisi
1609 1231 1814 1272 castigentur
1835 1233 1940 1273 pueri,
1969 1239 2001 1264 et
2025 1243 2079 1264 co·

1105 1273 1315 1310 herceantur,
1338 1282 1405 1303 non
1427 1278 1569 1313 possunt
1591 1272 1712 1304 doceri.
1737 1273 1845 1306 Debet
1868 1283 1976 1307 autem
2000 1277 2079 1308 Pae-

1107 1316 1258 1357 dagogus
1280 1315 1328 1346 uti
1351 1316 1568 1357 castigatione
1600 1317 1783 1355 moderata,
1816 1317 1892 1349 Non
1915 1319 1999 1349 enim
2023 1319 2079 1351 ha-

1106 1359 1163 1389 bet
1184 1363 1382 1398 potestatem
1403 1358 1622 1390 interficiendi
1645 1361 1747 1400 pueri.
1802 1360 1851 1391 Ita
1873 1359 1929 1392 lex
1951 1371 2011 1392 seu
2035 1363 2079 1393 ‹li-

1107 1400 1247 1441 sciplina
1276 1407 1442 1442 praestat,
1476 1406 1513 1432 ut
1542 1401 1692 1433 homines
1719 1403 1910 1434 erudiantur
1933 1404 1973 1435 de
1995 1404 2081 1442 Deo,

1107 1445 1148 1474 dc
1169 1443 1367 1486 Evangelio,
1391 1445 1431 1475 de
1454 1444 1606 1475 omnibus
1629 1445 1776 1486 partibus
1795 1445 2002 1478 Christianae
2025 1448 2082 1479 do-

1107 1486 1248 1518 ctrinae:
1271 1486 1313 1517 Et
1336 1497 1522 1528 quanquam
1544 1485 1597 1518 lex
1620 1487 1848 1528 perterrefacit
1871 1490 2011 1527 animoS,
2035 1497 2082 1520 ta-

1107 1538 1181 1559 men
1203 1538 1278 1560 cum
1297 1529 1428 1560 accedit
1450 1529 1636 1562 consolatio
1670 1529 1855 1573 Evangelii,
1887 1541 1955 1563 non
1984 1532 2080 1565 habet

1106 1572 1171 1602 vim
1195 1571 1378 1609 occidendi,
1412 1572 1499 1603 sicut
1531 1572 1628 1603 etiam
1650 1571 1745 1604 Deus
1767 1581 1902 1606 renatos
1925 1575 1970 1607 ita
1991 1576 2084 1616 punit

1107 1621 1140 1645 et
1164 1615 1317 1657 castigat,
1341 1624 1406 1645 non
1429 1619 1465 1646 ut
1486 1616 1614 1655 perdat,
1638 1616 1698 1647 sed
1721 1622 1758 1647 ut
1779 1623 1879 1649 vocet
1900 1618 1942 1648 ad
1972 1619 2083 1659 poeni—

1106 1657 1250 1688 tentiam.
1843 1681 1850 1690 t

1194 1699 1265 1730 Hae
1299 1709 1438 1737 causae,
1472 1706 1608 1741 propter
1635 1711 1718 1742 quas
1741 1703 1941 1743 praestanda
1964 1709 2015 1734 est
2038 1704 2083 1737 ‹lt-

1108 1741 1260 1783 sciplina,
1283 1743 1402 1773 debent
1421 1743 1572 1774 omnibus
1597 1753 1675 1775 esse
1697 1751 1813 1783 notae,
1845 1744 1928 1780 Quia
1951 1756 2017 1788 quo
2040 1746 2085 1778 di-

1108 1783 1264 1825 ligentius
1288 1786 1486 1827 cogitantur,
1509 1796 1549 1817 eo
1572 1787 1679 1828 magis
1702 1788 1847 1819 excitant
1868 1789 2013 1827 animos,
2041 1789 2084 1821 ad

1109 1826 1290 1859 frenandos
1312 1838 1434 1859 mores.
1501 1828 1601 1860 Certe
1623 1830 1707 1861 enim
1731 1841 1796 1861 non
1819 1837 1871 1862 est
1893 1832 2018 1870 virtus,
2050 1838 2085 1863 ut

1110 1869 1210 1912 aliqui
1243 1877 1376 1911 putant,
1415 1870 1496 1902 nihil
1529 1873 1635 1909 scire,
1670 1879 1703 1904 et
1736 1875 1836 1904 vitam
1870 1873 2085 1916 Cyclopicam

1109 1923 1222 1955 agere.
1288 1913 1360 1955 Ego
1383 1915 1600 1946 considerans
1623 1914 1708 1946 haec
1730 1922 1896 1956 tempora,
1919 1927 2019 1959 saepe
2042 1918 2085 1948 ita

1109 1955 1292 1987 discrucior
1315 1958 1434 1995 animo,
1468 1964 1501 1988 ut
1524 1967 1608 1999 pene
1632 1959 1806 2000 extinguar
1829 1958 1955 1998 dolore,
1988 1970 2083 2001 prae-

1107 2000 1221 2031 sertim
1245 2010 1319 2030 cum
1343 2000 1506 2040 experior,
1530 2011 1628 2042 quam
1650 2002 1770 2043 ubique
1793 2001 1940 2033 locorum
1954 2008 2083 2034 crescat

1106 2043 1230 2079 rabies,
1266 2042 1395 2073 inimica
1428 2041 1569 2084 legibus.
1636 2043 1742 2080 Quam
1771 2046 1864 2076 triste
1887 2051 1936 2076 est
1961 2044 2082 2077 multos

1106 2083 1300 2126 Theologos
1334 2086 1532 2117 confirmare
1566 2086 1782 2118 Antinornicis
1813 2087 2024 2125 clamoribus,
2047 2087 2082 2118 li-

1107 2128 1246 2159 centiam
1270 2129 1414 2160 omnium
1437 2127 1600 2161 scelerum
1621 2130 1654 2160 in
1677 2129 1883 2171 Principibus
1907 2137 1937 2161 et
1959 2129 2080 2172 Vulgo.

1192 2169 1329 2202 Talibus
1351 2170 1518 2203 furoribus
1540 2182 1642 2213 saepe
1665 2183 1730 2204 non
1753 2174 1825 2205 sine
1841 2172 1988 2214 periculo
2009 2184 2084 2205 sum

1105 2214 1323 2252 adversatus,
1353 2220 1385 2246 et
1419 2216 1644 2248 contradicam
1678 2215 1752 2248 Deo
1792 2217 1942 2255 iuvante,
1976 2217 2083 2250 donec

1107 2257 1292 2298 spiravero.

1194 2300 1377 2342 Postquam
1397 2310 1480 2332 vero
1503 2311 1625 2332 causas
1646 2302 1867 2342 praestandae
1889 2301 2082 2343 disciplinae

1108 2343 1264 2383 exposui,
1299 2344 1561 2376 accommodabo
1595 2345 1656 2375 iam
1681 2345 1722 2375 ad
1745 2344 1937 2385 disciplinae
1959 2346 2083 2378 descri-

1107 2386 1251 2427 ptionem
1274 2384 1516 2427 Metaphoram,
1539 2397 1604 2428 qua
1620 2388 1721 2419 utitur
1741 2386 1905 2420 Dominus
1927 2389 1959 2420 in
1977 2390 2082 2420 verbo

1110 2429 1276 2470 cingendi,
1298 2428 1335 2459 In
1358 2428 1488 2461 homine
1511 2429 1661 2471 duplices
1682 2436 1760 2461 sunt
1782 2431 1882 2469 vires,
1905 2441 1991 2473 quae
2012 2432 2083 2473 regi

1109 2477 1262 2516 possunt,
1286 2481 1345 2503 cor
1366 2478 1400 2504 et
1422 2471 1635 2511 locomotiva,
1655 2474 1715 2504 sed
1739 2479 1897 2515 reguntur
1919 2474 2086 2506 dissimili·

314 2518 432 2553 quarta
464 2521 578 2549 causa,
612 2512 654 2543 de
688 2523 753 2554 qua
785 2512 910 2546 Paulus
933 2514 1054 2555 inquit:
1108 2519 1170 2546 ter.
1192 2514 1276 2545 Nam
1298 2514 1540 2553 universaliter,
1558 2517 1703 2557 regimen
1722 2515 1811 2548 aliud
1824 2522 1876 2548 est
1897 2516 2084 2555 Ponticum,

1107 2557 1196 2598 quod
1220 2556 1256 2588 fit
1277 2558 1466 2590 suadendo:
1500 2556 1599 2590 Aliud
1628 2565 1681 2590 est
1713 2558 1899 2598 δεσποτικὸν,
1933 2560 2024 2608 quod
2046 2560 2083 2591 fit
