2324 2958
110 193 174 226 405
787 188 1004 222 POS'ssLLA
1027 188 1422 222 MELANTHONIANA.
2041 190 2103 222 406

111 298 184 320 cum
207 286 311 318 Adam
333 290 366 316 et
386 283 458 315 Eva
478 282 611 315 fuerunt
634 283 767 321 conditi,
800 282 887 314 filius
918 283 993 322 Dei,
1028 283 1083 325 qui
1107 286 1110 326 ξ
1135 284 1196 314 bus
1216 282 1350 314 efficax:
1374 283 1459 313 sicut
1484 288 1515 313 et
1537 281 1655 314 Esaiae
1678 283 1730 314 55.
1754 284 1886 315 dicitur:
1910 283 1986 315 Non
1998 294 2108 316 rever-

113 338 165 362 est
187 330 273 369 λόγος
294 327 408 370 patriS,
431 326 562 367 prodiit,
586 324 790 367 patefaciens
810 326 858 357 eis
881 325 1082 357 voluntatem
1108 328 1111 366 1
1135 332 1221 357 tetur
1243 326 1379 356 verbum
1403 325 1444 355 ad
1468 334 1519 356 1116
1543 335 1694 364 vacuum,
1713 327 1745 357 id
1778 333 1845 364 est,
1874 326 2016 363 irritum,
2049 327 2109 358 sed

114 373 191 405 Dei:
223 371 297 403 Non
320 369 404 401 enim
427 369 508 400 satis
531 367 608 407 fuit,
643 369 731 410 quod
754 369 851 399 insita
874 375 945 399 erat
969 369 1083 400 notitia
1108 369 1111 390 ¹
1135 367 1234 400 saciet
1256 377 1474 409 quaecuuque
1499 365 1595 399 volui.
1642 368 1721 399 Inde
1743 370 1904 410 sequitur,
1927 368 2012 404 Quia
2036 378 2108 400 ver-

1136 412 1213 443 bum
1245 410 1308 442 Dei
1342 420 1407 441 non
1438 416 1489 441 est
1513 411 1584 441 sine
1607 409 1728 449 fructu,
1748 413 1836 452 quod
1859 422 1990 453 semper
2012 412 2044 443 in
2069 422 2108 443 eo

1137 459 1244 492 coetu,
1268 453 1322 485 ubi
1347 458 1397 484 est
1420 463 1499 484 vera
1522 453 1683 491 doctrina,
1703 463 1843 485 neeesse
1863 455 1922 492 sit,
1955 464 2031 486 esse
2053 453 2110 485 ali-

113 500 296 542 propitium,
314 497 369 538 qui
391 503 516 528 amaret
540 506 610 534 608,
632 504 664 528 et
688 497 742 538 qui
755 495 854 528 vellet
876 498 918 528 ab
937 497 983 527 eis
1007 495 1082 527 coli.
1136 507 1200 537 qua
1223 506 1302 527 vera
1325 496 1471 527 membra
1498 494 1681 533 Ecclesiae,
1700 496 1732 526 in
1757 497 1874 537 quibus
1898 503 2014 538 regnat
2037 498 2109 538 ipse

114 540 336 582 promulgavit
359 545 536 580 praccepta
559 540 641 570 duo:
665 549 763 570 unum
787 540 828 570 de
841 546 931 570 certa
945 541 1082 570 arbore:
1137 539 1222 570 lilius
1256 537 1330 577 Dei,
1363 546 1395 569 et
1429 539 1470 569 ad
1506 549 1589 579 quos
1627 539 1765 579 pertinet
1788 540 1964 579 promissio
1989 540 2109 578 divina,

112 583 247 616 alterum
283 583 323 613 de
357 582 509 623 coniugio
543 588 573 613 et
597 582 740 613 vitandis
763 580 954 614 libidinibus
978 582 1082 623 vagis.
1109 567 1112 598 ¹
1136 581 1242 623 qualis
1267 580 1322 612 illa
1341 587 1391 612 est
1414 580 1491 611 Esa.
1516 580 1568 611 59.
1615 583 1680 612 lloc
1703 586 1753 613 est
1769 583 1887 621 foedus
1914 592 2016 613 meum
2039 592 2109 614 cum

110 629 144 658 ln
167 625 216 656 his
241 625 404 656 dehebant
425 635 579 656 exercere
602 635 695 656 suam
719 625 947 656 obedientiam.
992 624 1033 655 Et
1056 625 1083 655 si
1136 628 1203 656 eis:
1226 625 1367 665 Spiritus
1389 633 1487 655 meus.
1511 627 1565 663 qm·
1589 629 1638 655 est
1660 627 1692 655 ιή
1715 629 1755 665 te,
1779 629 1811 655 e!
1821 626 1916 655 rerba
1927 634 2005 664 meu,
2029 635 2109 664 quae

111 674 303 700 servassent
325 674 537 708 pracceptum
562 668 601 698 de
625 677 721 708 pomo
735 668 847 706 vetito,
871 674 939 698 tum
965 674 1083 698 natura
1132 677 1252 708 ponam
1275 671 1308 699 in
1330 677 1386 698 ore
1408 672 1472 704 tuo,
1496 676 1559 697 non
1582 668 1732 698 recedent
1754 668 1811 698 abs
1835 671 1873 698 te.

109 711 287 742 mansisset
309 711 450 752 integra,
475 717 507 741 et
530 716 632 741 totum
657 719 763 751 genus
793 710 967 742 humanum
996 720 1084 741 man·
1222 709 1300 741 Dixi
1323 710 1418 741 vobis
1441 716 1537 740 antea
1560 710 1600 740 de
1624 708 1666 740 D.
1687 709 1887 750 Hieronymo
1913 709 2109 750 Schurphio.

110 754 210 784 sisset
235 754 265 784 in
289 751 347 784 illa
370 759 505 784 aeterna
527 752 759 784 benevolentia
781 752 855 784 Dei.
1137 753 1171 783 ln
1205 751 1302 784 huius
1335 752 1471 783 aedibus
1505 750 1682 793 aliquando
1716 762 1816 790 eram,
1857 758 1888 783 et
1932 753 2110 783 recitabam

195 795 376 837 Postquam
399 802 506 826 autem
530 794 722 827 defecerunt
745 806 764 827 a
788 795 881 834 Deo,
905 796 1084 827 amiserunt
1137 795 1224 826 hunc
1257 801 1380 827 textum
1414 794 1543 825 Esaiae.
1610 793 1667 825 1116
1701 795 1810 825 statim
1840 794 1974 835 protulit
2003 793 2110 826 Biblia

109 837 195 870 illam
219 839 369 880 gratiam,
392 844 424 869 et
446 837 538 869 Deus
562 849 641 869 vere
664 844 695 869 et
719 837 920 870 horribiliter
951 838 998 869 eis
1021 839 1083 869 ira·
1136 848 1208 876 sua,
1232 839 1359 870 dicens:
1391 837 1562 868 Ostendite
1595 836 1671 868 mihi
1694 836 1782 869 hunc
1810 836 1937 869 locum:
1972 837 2111 878 Oportet

110 882 157 914 sci
180 882 302 922 coepit:
326 881 392 912 Sed
416 891 456 912 ne
479 882 673 921 perderetur
686 891 792 923 genus
804 882 991 919 humanum,
1014 891 1084 912 rur·
1136 891 1188 912 me
1212 882 1296 912 bene
1319 881 1505 911 meminisse
1528 880 1616 911 hunc
1639 886 1772 911 textum.
1820 879 1861 911 Et
1892 891 1966 912 cum
1994 887 2110 921 aperto

109 934 166 956 sus
189 924 308 964 prodiit
330 923 417 955 filius
440 923 515 962 Dei,
551 925 693 955 ostendit
725 934 762 955 se
786 923 1005 962 salvatorem,
1029 924 1083 954 de·
1136 923 1222 955 libro
1246 930 1483 955 monstrassem
1506 923 1536 954 ei
1558 921 1686 961 locum,
1709 924 1781 962 ipse
1804 921 1938 964 legebat
1951 933 2025 955 cum
2047 923 2111 954 sin-

109 967 155 998 dit
176 967 430 1008 promissionem
453 968 596 1008 gratiae:
616 966 695 998 Eam
719 974 836 1007 postea
860 966 1000 998 subinde
1030 976 1084 996 rc·
1136 965 1242 1007 gulari
1266 965 1447 1006 voluptate.
1516 964 1665 1006 Cumque
1698 965 1801 997 altera
1835 966 1907 997 vice
1938 971 2110 1006 repeteret,

108 1010 254 1046 novavit,
279 1019 352 1041 cum
376 1011 505 1041 vocavit
532 1009 640 1047 Noab,
677 1009 858 1047 Abraham,
892 1009 1032 1047 Moisen,
1054 1016 1083 1039 et
1135 1008 1208 1051 Ego
1231 1010 1315 1040 inter
1338 1008 1531 1051 legendum,
1567 1009 1779 1040 subiiciebam
1803 1009 1847 1046 ei,
1883 1019 1921 1039 ex
1951 1008 2015 1040 1106
2037 1010 2110 1050 ipso

1135 1058 1228 1083 textu
1250 1058 1340 1083 recte
1364 1052 1447 1083 sumi
1471 1051 1691 1082 definitionem
1703 1050 1892 1083 Ecclesiae:
1916 1051 1999 1082 Nam
2023 1052 2112 1093 quod

1135 1105 1196 1126 nos
1221 1095 1377 1126 dicimus:
1398 1092 1552 1125 Ecclesia
1575 1101 1623 1124 est
1649 1101 1764 1125 coetus
1776 1093 2038 1135 amplectentium
2056 1105 2110 1125 ve-

1136 1148 1205 1168 ram
1230 1138 1429 1174 doctrinam,
1463 1137 1496 1167 id
1527 1137 1558 1167 in
1583 1136 1682 1167 Esaia
1707 1137 1841 1168 dicitnr:
1876 1136 1976 1169 Posui
2009 1137 2112 1168 verba

1135 1190 1208 1211 inea
1231 1181 1264 1211 in
1288 1189 1346 1211 ore
1369 1186 1436 1210 tuo.
1505 1178 1545 1209 Et
1579 1180 1667 1220 quod
1699 1190 1759 1210 nos
1783 1180 1951 1210 addimus:
1987 1180 2022 1211 111
2045 1189 2111 1222 quo

1136 1229 1237 1254 coetu
1260 1222 1350 1254 filius
1373 1221 1435 1253 Dei
1459 1228 1511 1252 cst
1534 1221 1666 1260 efficax,
1700 1223 1731 1253 id
1761 1223 1848 1264 apud
1872 1222 2005 1254 Esaiam
2028 1222 2112 1254 haec

1135 1266 1238 1297 verba
1262 1266 1390 1296 dicunt:
1415 1264 1555 1305 Spiritus
1579 1274 1671 1295 meus
1695 1265 1748 1306 qui
1773 1271 1822 1296 est
1846 1266 1877 1296 in
1901 1272 1943 1297 te.
1990 1264 2112 1297 Postea

1135 1309 1175 1339 de
1200 1307 1428 1340 consolatione
1451 1308 1553 1348 (quod
1577 1317 1708 1347 semper
1738 1308 1780 1338 sit
1810 1318 1965 1339 mansura
1995 1307 2112 1340 Eccle-

1107 1337 1111 1399 Ι
1135 1352 1196 1388 sia,
1220 1357 1251 1382 et
1274 1351 1364 1392 quod
1386 1351 1419 1380 in
1442 1349 1505 1380 hac
1530 1348 1575 1380 illi
1598 1356 1674 1381 sunt
1696 1360 1775 1381 vere
1799 1349 1906 1388 electi,
1929 1351 1982 1391 qui
1996 1361 2108 1392 perse-

1134 1400 1249 1425 verant
1273 1392 1426 1429 finaliter)
1447 1393 1624 1433 promissio
1647 1392 1731 1424 haec
1749 1394 1907 1424 ostendit:
1931 1393 2005 1424 Non
2020 1404 2112 1425 rece—

1106 1400 1111 1507 ,
1135 1437 1211 1467 dent
1235 1436 1276 1467 de
1299 1446 1357 1466 ore
1387 1442 1461 1472 tuo,
1494 1445 1602 1476 neque
1636 1436 1676 1466 de
1711 1445 1769 1466 ore
1791 1437 1924 1467 seminis
1947 1436 2011 1475 tui,
2034 1436 2110 1468 dicit

1134 1478 1296 1509 Dominus
1321 1489 1341 1509 a
1364 1478 1463 1509 modo
1487 1483 1519 1508 et
1542 1487 1648 1519 usque
1671 1478 1702 1509 in
1727 1479 1970 1519 sempiternum.

1104 1510 1111 1863 Ι
1220 1520 1323 1551 Etiam
1347 1530 1409 1551 vos
1433 1521 1561 1551 debetis
1584 1520 1672 1552 hune
1697 1527 1819 1552 textum
1844 1522 2043 1559 meminisse,
2079 1529 2110 1553 et

114 415 179 447 Dei
198 415 343 456 ipsorum
365 412 539 449 mentibus,
573 411 633 442 sed
657 410 747 442 clara
774 421 857 442 voce
880 412 1011 442 tradidit
1035 412 1083 442 eis

114 458 260 489 verbum.
282 454 390 486 Edidit
413 454 662 495 promissiones,
681 454 769 495 quod
792 453 897 485 Deum
921 454 1083 485 haberent

109 1053 365 1095 quotiescunque
396 1053 608 1083 ministerium
632 1053 836 1083 instauravit.

194 1095 367 1136 Nunquam
399 1095 498 1136 igitur
535 1096 630 1126 desiit
660 1105 819 1136 spargere
843 1105 956 1125 semen
980 1095 1082 1125 verbi.

110 1136 224 1170 Adfuit
254 1138 433 1169 ministerio
456 1144 595 1178 patrum,
631 1137 876 1179 prophetarum,
906 1135 1083 1178 Apostolo—

111 1191 192 1219 rum,
215 1179 255 1211 Et
278 1180 387 1212 adhuc
412 1182 537 1223 spargit
562 1191 620 1221 per
642 1180 830 1221 operarios,
865 1190 950 1222 quos
975 1186 1083 1211 extru-

111 1224 157 1255 dit
177 1225 209 1255 111
231 1233 324 1254 suam
347 1233 501 1261 messem,
520 1224 605 1255 idem
629 1233 740 1254 semen
760 1223 868 1254 verbi:
892 1222 933 1254 Et
951 1229 1001 1254 est
1013 1221 1082 1253 effi-

111 1276 172 1298 cax
194 1267 225 1297 in
249 1267 404 1298 cordibus
426 1266 604 1303 hominum,
628 1266 847 1304 consolando,
871 1265 1080 1303 vivificando,

110 1315 141 1340 et
159 1308 397 1341 sanctificando
422 1319 459 1341 ea
482 1319 541 1350 per
564 1308 719 1350 Spiritum
744 1315 903 1340 sanctum.

231 1474 293 1513 De
327 1474 492 1514 diversis
524 1474 715 1514 membris
747 1473 957 1514 Ecclesiae.

1135 1564 1277 1594 retinere
1311 1562 1593 1600 consolationem,
1629 1564 1716 1604 quod
1761 1573 1891 1605 semper
1925 1565 1966 1595 sit
1999 1564 2110 1606 aliqua

193 1563 260 1595 Cur
283 1565 411 1595 additur
435 1565 466 1594 in
485 1564 673 1595 definitione
691 1562 879 1595 Ecclesiae:
900 1566 1084 1602 Reyenerat

1135 1613 1251 1637 sancta
1273 1605 1444 1643 Ecclesia,
1478 1606 1509 1636 in
1535 1616 1598 1647 qua
1621 1613 1698 1638 sunt
1721 1605 1834 1644 electi,
1865 1607 1905 1638 ad
1929 1617 2014 1648 quos
2037 1619 2108 1648 pro·

107 1607 221 1637 multos
254 1608 298 1637 ad
329 1609 423 1637 citam
446 1611 611 1638 aeternam
619 1619 629 1637 .·
662 1608 704 1638 Et
725 1612 830 1638 tamen
854 1611 885 1638 in
909 1612 998 1638 coetu
1021 1607 1080 1638 Ec-

106 1651 224 1680 clesiae
246 1651 336 1680 mulli
357 1653 434 1680 suut
453 1658 516 1680 non
547 1659 621 1680 rere
644 1652 764 1687 renati,
798 1653 926 1680 etiarm-i
961 1651 1001 1680 de
1028 1651 1082 1680 clo-

107 1695 213 1723 ctrina
241 1695 465 1723 consentiant?
530 1691 620 1722 Haec
643 1689 791 1722 clausula
816 1691 1012 1722 definitionis
1037 1692 1081 1722 di-

107 1734 229 1766 scernit
253 1735 399 1765 membra
422 1740 537 1765 coetus
565 1733 722 1771 visibilis,
753 1744 903 1775 quorum,
926 1740 960 1765 ut
983 1740 1080 1765 antea

107 1777 184 1815 dixi,
209 1776 274 1808 alia
293 1783 369 1807 sunt
403 1777 479 1808 viva
513 1787 572 1808 sen
597 1776 704 1808 electa
726 1777 885 1815 membra,
909 1775 971 1807 alia
995 1787 1080 1807 11101·-

106 1825 161 1850 tua
185 1825 217 1850 et
240 1830 306 1850 non
329 1818 535 1850 sanctificata
558 1820 703 1851 membra
734 1818 907 1850 Ecclesiae
930 1818 1080 1851 visibilis.

106 1862 189 1894 Nam
213 1862 245 1893 iu
269 1861 343 1893 sola
366 1860 519 1893 Ecclesia
543 1869 735 1894 vocatorum
759 1869 835 1893 sunt
859 1861 952 1893 electi
971 1863 1012 1893 ad
1033 1862 1079 1893 vi-

105 1911 170 1936 tam
193 1911 370 1936 aeternam.
395 1904 434 1935 Et
458 1905 489 1935 hi
514 1904 740 1947 significantur
768 1905 798 1935 in
823 1905 886 1935 hac
909 1904 1079 1946 parabola,

107 1958 179 1978 num
202 1949 388 1979 nominatur
407 1948 493 1978 bona
516 1953 604 1979 terra
627 1958 712 1989 quae
734 1946 797 1978 fert
821 1946 972 1979 fructu-n.
1009 1948 1077 1979 Sed

105 1997 181 2022 sunt
215 1989 281 2029 alii,
314 1991 400 2032 iique
435 1989 546 2032 plures
582 1989 765 2021 invisibilii
791 2001 931 2032 corpore
954 1989 1077 2031 ample-

107 2039 215 2064 ctente
236 2035 460 2073 incorruptam
497 2032 666 2073 Evangelii
701 2034 899 2071 doctrinam,
934 2034 1076 2075 quinon

105 2083 181 2107 sunt
203 2087 281 2107 vere
304 2077 419 2114 renati,
443 2076 513 2106 sive
536 2075 747 2116 hypocritae,
777 2078 848 2108 sive
871 2076 1077 2115 deficientes,

105 2126 137 2149 nt
170 2118 223 2150 hic
248 2120 373 2155 dicitur,
409 2117 496 2149 aliud
520 2128 631 2149 semen
656 2119 816 2150 cecidisse
847 2130 946 2150 secus
977 2121 1076 2157 iiam,

104 2162 192 2194 atiud
214 2172 315 2204 super
337 2169 476 2203 petram,
499 2160 586 2192 aliud
610 2171 708 2202 super
730 2163 852 2202 spinas.

190 2204 257 2236 lam
291 2205 390 2247 igitur
423 2204 612 2235 accedimus
646 2205 780 2246 propius
811 2206 853 2236 ad
887 2205 1076 2247 explicatio-

104 2257 177 2279 nem
196 2246 292 2279 huius
315 2254 424 2278 textus
448 2245 651 2288 Evangelici.

191 2290 274 2326 Quid
317 2289 503 2332 significant
542 2290 595 2320 isti
634 2290 757 2331 gradus
793 2300 854 2322 seu
888 2292 1077 2323 discrimina

104 2339 254 2374 quatuor,
278 2343 361 2375 quae
381 2332 532 2364 Clu-istus
555 2333 587 2363 in
617 2331 681 2364 hac
705 2332 861 2373 parabola
889 2335 1074 2366 nominatim

105 2376 205 2415 ponit.

1134 1650 1205 1690 prie
1227 1659 1268 1679 ac
1289 1647 1511 1689 principaliter
1534 1649 1697 1689 pertinent
1719 1650 1958 1689 promissiones
1978 1650 2108 1682 divinae

1134 1691 1273 1722 traditae
1296 1692 1336 1722 de
1359 1689 1521 1722 Ecclesia.

1220 1733 1280 1764 Est
1314 1740 1423 1765 autem
1456 1733 1541 1765 haec
1575 1734 1725 1766 doctm'na
1749 1742 1779 1765 et
1803 1734 1988 1767 consolatio
2011 1737 2108 1768 nobis

1134 1777 1286 1807 omnibus·
1323 1786 1423 1818 opus:
1455 1776 1540 1812 Quia
1557 1777 1675 1819 ingens
1698 1776 1891 1809 scandalum
1916 1785 1984 1817 est,
2020 1780 2108 1820 quod

1133 1819 1280 1850 videmus
1305 1825 1372 1850 tam
1391 1829 1542 1861 magnam
1566 1819 1792 1851 confusionem
1811 1831 1887 1852 esse
1899 1822 2031 1863 generis
2050 1822 2108 1853 hu-

1132 1863 1228 1893 mani.
1296 1862 1402 1897 Quam
1425 1864 1519 1902 pauci
1544 1869 1619 1894 sunt
1643 1863 1803 1900 homines,
1829 1864 1883 1904 qni
1906 1863 2107 1904 amplectun-

1132 1911 1183 1936 tur
1205 1903 1442 1947 Evangelium?
1487 1905 1607 1937 Postea
1631 1916 1670 1937 ex
1694 1905 1764 1944 his,
1789 1907 1842 1947 qui
1865 1908 2027 1948 accipiunt
2050 1908 2106 1939 do-

1136 1948 1286 1985 ctrinam,
1322 1958 1419 1989 quant
1442 1950 1536 1989 pauci
1560 1959 1639 1980 vere
1663 1949 1823 1980 credunt?
1888 1949 1993 1985 Quam
2015 1949 2106 1982 multi

1131 1989 1285 2021 deficiunt
1319 1992 1360 2022 ab
1395 1990 1601 2033 Evangelio?
1668 1991 1701 2022 ln
1732 1992 1878 2033 Aphrica
1907 1992 2004 2025 hodie
2025 1992 2105 2025 nulli

1130 2039 1208 2063 sunt
1231 2033 1418 2071 Christiani,
1445 2034 1497 2065 vel
1520 2035 1548 2066 si
1572 2035 1625 2076 qui
1649 2041 1737 2073 sunt,
1759 2035 1856 2076 pauci
1879 2043 1972 2073 sunt,
1997 2043 2027 2068 et
2051 2037 2104 2068 de-

1130 2076 1306 2108 stituuntur
1340 2076 1472 2117 publico
1517 2078 1697 2109 ministerio
1737 2078 1886 2109 docendi.
1954 2079 1988 2110 ln
2022 2080 2104 2110 Asia

1130 2120 1268 2150 maxima
1292 2130 1370 2160 pars
1393 2127 1468 2151 sunt.
1491 2120 1756 2158 Mahometistae,
1779 2131 1906 2161 paucae
1923 2128 2031 2153 tamen
2053 2133 2103 2153 re—

1129 2160 1247 2202 liquiae
1271 2170 1348 2194 sunt
1371 2162 1644 2201 Christianorum,
1667 2164 1727 2194 sed
1748 2174 1929 2205 oppressae
1947 2166 2103 2196 servitute

1128 2204 1278 2243 Turcica,
1313 2206 1373 2236 etsi
1403 2205 1521 2237 alicubi
1557 2206 1677 2238 habent
1711 2206 1882 2238 Ecclesias
1924 2214 1953 2238 et
1989 2214 2102 2239 coetus

1129 2257 1220 2278 suos.
1289 2248 1322 2279 ln
1346 2248 1480 2290 Europa
1503 2250 1605 2281 maior
1624 2259 1700 2290 pars
1725 2248 1890 2280 hominum
1913 2257 1987 2281 sunt
2010 2249 2102 2281 Chri-

1129 2291 1225 2321 stiani
1245 2290 1337 2323 titulo
1362 2298 1393 2323 et
1417 2293 1547 2323 nomine
1569 2293 1653 2333 ipso.
1721 2292 1786 2323 Sed
1806 2293 1889 2323 inter
1912 2292 1974 2323 lios
2010 2293 2102 2334 ipsos

1129 2343 1224 2374 quam
1242 2335 1338 2375 pauci
1362 2341 1450 2373 sunt,
1475 2336 1528 2376 qui
1554 2345 1630 2366 vere
1655 2335 1808 2373 credunt,
1838 2335 1890 2376 qni
1912 2341 2102 2367 constanter

1129 2376 1268 2408 retinent
1297 2378 1497 2416 doctrinam,
1531 2378 1585 2420 qui
1620 2377 1683 2409 fide
1721 2384 1753 2408 et
1784 2378 1871 2409 bona
1900 2379 2101 2410 conscientia

1129 2420 1266 2451 verbum
1290 2426 1432 2458 tuentur,
1456 2422 1509 2462 qui
1534 2431 1598 2452 non
1618 2420 1795 2451 deficiunt?

1214 2463 1352 2503 Semper
1370 2464 1509 2494 maxima
1533 2470 1581 2495 est
1606 2462 1788 2501 multitudo,
1811 2462 1864 2494 vel
1886 2474 1951 2495 11011
1965 2465 2101 2496 creden-

1127 2506 1218 2544 tium,
1244 2505 1296 2537 vel
1319 2506 1538 2537 abiicientium
1558 2516 1673 2536 rurs-ts
1698 2504 1804 2536 fidem.
1870 2506 1942 2538 Hoc
1976 2513 2026 2538 est
2054 2507 2100 2538 in-

1128 2559 1211 2590 gens
1235 2547 1439 2586 scandalum,
1463 2559 1528 2589 quo
1551 2546 1639 2578 multi
1664 2547 1878 2587 languetiunt.
1923 2549 1990 2581 11110
2008 2548 2099 2581 multi

1128 2598 1310 2632 sequuntur
1333 2589 1515 2631 exemplum
1539 2589 1750 2622 multitudinis
1775 2591 1900 2632 impiae.
1946 2592 1992 2623 lta
2015 2592 2098 2624 enim

1128 2634 1173 2665 fit.
1219 2634 1377 2665 Homines
1397 2639 1579 2674 sequuntur
1601 2632 1848 2666 multitudinem.
1895 2634 1967 2670 Quo
2001 2633 2098 2666 trahit

1843 2695 1892 2718 ee*

272 2498 333 2537 De
365 2498 681 2537 dissimilitudine
714 2513 909 2552 agrorum.

191 2587 331 2619 Primum
352 2588 469 2619 docent
507 2587 538 2618 hi
563 2588 704 2630 gradus:
739 2588 835 2624 Quod
859 2589 1073 2632 Evangelium

104 2640 267 2671 nunquam
299 2632 340 2661 sit
364 2631 434 2661 sine
458 2628 578 2668 fructu,
604 2632 662 2662 sed
693 2641 821 2673 semper
844 2632 885 2663 sit
908 2633 939 2664 in
962 2632 1075 2675 aliqui-
