2324 2958
217 151 283 183 669

305 244 373 276 Sed
397 254 460 275 vox
483 243 595 275 divina
620 241 804 274 clarissime
824 241 944 280 solvit,
967 248 1000 274 et
1023 243 1114 274 iubet
1134 252 1192 272 au·
1244 251 1302 280 29⁰
1324 239 1407 270 dabo
1435 240 1494 270 tibi
1519 250 1621 272 omnes
1645 251 1728 271 meas

219 287 288 318 dire
306 286 476 323 Messinm,
499 291 529 317 et
549 286 628 317 dicit
645 287 715 317 eius
734 285 955 317 sacerdotium
967 285 1078 316 ‚maius
1101 293 1191 321 esse,

219 339 319 371 quam
347 329 542 360 Leviticum.
598 327 752 360 Christus
785 337 886 369 saepe
917 327 1096 368 disputavit
1118 335 1192 357 cum

218 371 347 404 ludaeis
370 372 412 403 de
435 371 586 402 sabbato.
631 370 667 402 In
690 370 835 402 Iohanne
857 371 1089 401 describuntur
1111 366 1192 399 mul·

218 422 271 446 tae
294 415 398 456 ipsius
423 414 651 445 contentiones
674 413 739 445 hac
767 413 809 444 de
836 422 873 443 re
895 422 969 444 cum
992 410 1191 442 pharisaeis.

217 457 290 488 Vos
314 457 524 488 considerate
552 457 648 487 etiam
677 462 810 487 caetera
832 455 918 486 dicta
941 454 1038 485 huius
1062 453 1193 493 capitis,

218 509 302 541 quae
330 499 493 541 pertinent
517 499 559 530 ad
586 498 773 535 historiam,
801 498 887 528 sicut
909 506 1025 528 rursus
1046 496 1192 526 monebi-

217 551 291 574 mus
314 543 346 573 in
369 543 443 583 ipsa
461 539 604 573 lectione
628 547 749 578 textus,
768 541 800 571 in
819 550 884 581 quo
904 540 1010 570 ebiter
1029 538 1127 569 etiam
1144 536 1192 569 fa-

217 585 343 617 ciemus
366 585 564 616 mentionem
587 582 786 625 reliquorum
807 581 969 620 locorum,
987 590 1073 622 quos
1095 586 1194 612 antea

218 627 439 660 recitavimus.

257 788 523 822 EXPLICATlO
547 786 708 819 BREVlS
732 784 1026 818 SINGULORUM
1047 783 1162 816 MEM·

430 847 620 880 BRORUM
643 846 778 879 HUlUS
801 845 982 878 CAPlTls.

304 926 431 958 Videtis
455 924 653 966 Prophetam
676 923 777 955 ordiri
799 923 840 954 ab
864 922 1094 953 admiratione:
1118 920 1196 954 Quis

219 970 320 1000 credit
343 969 467 998 ‹nulitm'
489 969 619 997 nostro?
641 967 673 998 id
697 972 766 1003 est,
789 965 934 997 sermoni
958 970 1084 996 nostro.
1128 963 1195 994 He-

220 1013 311 1045 braei
333 1013 383 1044 sic
405 1011 593 1052 loquuntur.
642 1009 813 1040 Brachium
842 1007 973 1037 Domini
1002 1008 1053 1037 cui
1081 1005 1195 1036 revela-

219 1059 281 1086 tum
303 1057 372 1085 est?
395 1055 427 1085 id
451 1060 520 1092 est,
548 1053 620 1094 quis
643 1058 754 1094 potest
778 1061 898 1092 capere
921 1050 1003 1081 istas
1025 1059 1099 1087 res,
1129 1055 1195 1080 tam

218 1097 407 1130 mirabiles?
457 1097 628 1138 Significat
650 1093 771 1126 multos
807 1093 1073 1125 contradicturos
1105 1101 1192 1123 esse-

218 1141 371 1171 Ascemlit
393 1142 473 1169 sicut
497 1138 659 1178 viryitltum
682 1148 786 1167 coram
808 1147 854 1170 eo,
879 1140 909 1165 et
928 1138 1013 1165 sicut
1035 1134 1134 1164 radia:
1155 1134 1196 1163 de

219 1189 304 1215 terra
326 1185 459 1213 sitiente.
511 1181 621 1213 Utitur
643 1179 855 1211 similitudine
877 1177 1003 1210 surculi
1025 1183 1082 1209 aut
1103 1175 1195 1218 plan·

220 1226 308 1259 tulae
331 1227 449 1257 stantis
472 1225 504 1256 in
527 1225 621 1255 arido
645 1221 731 1253 solo.

304 1269 378 1300 Non
401 1272 447 1298 est
469 1268 587 1307 species
610 1267 649 1300 ei,
672 1275 766 1305 neque
789 1264 895 1301 decor,
915 1267 945 1293 et
967 1263 1098 1292 vidimus
1120 1272 1195 1296 euni,

219 1317 249 1343 et
271 1323 333 1342 non
356 1315 423 1341 erat
447 1313 605 1349 aspertus,
640 1312 670 1338 et
699 1318 760 1337 non
788 1307 999 1337 desideramus
1020 1315 1094 1335 eum.
1134 1305 1196 1334 De-

219 1359 343 1395 spectus
366 1357 434 1384 erat
456 1354 638 1382 novissimus
660 1352 801 1385 virorum.
820 1351 868 1379 vir
886 1349 1027 1379 dolorum
1045 1351 1076 1378 et
1097 1349 1197 1377 sciens

218 1399 442 1437 infirmitatem,
476 1396 566 1435 quasi
599 1393 801 1424 absconditus
828 1391 928 1422 vultus
950 1393 1015 1421 eius
1037 1394 1067 1420 et
1090 1391 1197 1429 despe-

219 1445 307 1479 ctus,
331 1440 412 1470 unde
440 1449 502 1468 nou
531 1438 746 1477 reputavirmzs.
802 1434 871 1467 Ista
899 1435 1007 1466 omnia
1031 1433 1074 1464 ad
1096 1432 1197 1464 histo·

219 1485 302 1516 riam
325 1483 499 1525 pertinent.
544 1479 623 1512 Vult
646 1480 771 1511 dicere:
795 1478 866 1510 Nos
885 1477 995 1509 ludaei
1012 1486 1080 1508 non
1102 1486 1198 1518 repu—

220 1527 361 1559 mimus
385 1535 478 1562 eum,
503 1523 779 1564 contempsimus,
805 1519 926 1553 inimus
953 1526 1198 1561 persecutores.

219 1570 381 1612 Loquitur
404 1569 489 1599 enim
511 1567 552 1598 de
574 1576 636 1598 suo
659 1563 795 1607 populo.

315 1612 390 1642 Vere
424 1611 589 1650 lartynores
622 1612 746 1639 nostros
777 1609 846 1647 ipse
880 1605 971 1639 tulit.
1009 1609 1039 1635 et
1073 1604 1200 1635 dolores

221 1659 344 1686 nostros
366 1656 432 1694 ipse
450 1654 616 1693 portavit]
662 1651 753 1683 llaec
776 1657 826 1682 est
850 1659 953 1681 causa
974 1647 1102 1687 finalis,
1123 1658 1199 1689 pro-

247 1706 295 1730 ter
318 1708 380 1729 nos
405 1695 460 1728 illa
483 1696 596 1737 passio
619 1700 652 1726 et
675 1703 783 1736 poena
806 1693 956 1734 imposita
978 1697 1031 1723 est
1054 1690 1200 1723 Messiae

221 1711 305 1774 {¹5le
329 1740 402 1772 Dei.
458 1740 526 1770 Nos
550 1739 728 1778 putavimus
756 1747 821 1766 cum
852 1737 941 1776 qnasi
971 1734 1136 1774 leprosum:
1167 1734 1199 1765 id

223 1791 293 1822 cst,
325 1781 592 1820 abominabilem,
620 1785 649 1810 ei
672 1789 851 1820 percussum
880 1789 899 1808 a
927 1778 1008 1809 Deo.
1053 1776 1114 1808 Est
1137 1787 1200 1808 am·

223 1827 380 1869 plificatio
405 1836 525 1858 cau-sae
549 1823 667 1855 finalis.

226 2011 388 2062 Quaero
417 2024 470 2049 cx
492 2016 549 2048 te:
580 2022 683 2062 quae
713 2016 773 2048 est
796 2007 881 2047 viro
907 2005 998 2045 forti
1022 2004 1201 2044 omnium

294 2087 472 2128 maxima
505 2085 739 2134 consolatio,
773 2091 817 2124 ut.
849 2082 1039 2131 Miltiadi,
1071 2081 1136 2120 vel

377 2163 536 2205 Cimoni
567 2163 736 2217 expulso
769 2162 808 2202 in
840 2157 1027 2202 exiliumi

315 2255 532 2296 Rmpondeo,
568 2253 660 2285 Bona
692 2253 914 2288 conscientia,
947 2260 1032 2292 quae
1060 2247 1206 2281 dolorem

229 2299 328 2333 valde
350 2298 439 2330 lenit.
486 2297 586 2329 Scitis
608 2295 705 2327 aliam
729 2302 853 2336 partem
878 2294 1019 2325 hominis
1043 2300 1118 2324 esse
1137 2302 1207 2323 ror.

229 2343 326 2377 aliam
351 2349 478 2383 partem
503 2351 579 2372 esse
604 2349 798 2371 nervorum:
834 2338 921 2369 Caro
950 2337 1044 2367 etiam
1068 2343 1119 2367 cst
1142 2334 1207 2365 ulia

230 2397 308 2430 pars
332 2386 362 2416 in
387 2383 514 2426 reliquo
539 2393 690 2424 corpore.
747 2381 920 2413 Lacerntio
944 2379 1037 2411 nss'ert
1060 2377 1206 2410 dolorem

231 2430 359 2462 nervis:
393 2427 451 2458 sed
487 2425 583 2457 dolor
617 2426 726 2458 cordis
757 2434 807 2455 inst
839 2421 938 2455 multo
969 2423 1088 2458 maior,
1123 2421 1208 2452 sii-nt

233 2483 333 2513 saepe
357 2471 421 2501 dixi
447 2471 541 2501 vobis
566 2468 734 2500 historiam
758 2467 980 2499 Viennensem
1006 2466 1045 2496 de
1070 2464 1208 2499 latrone.

232 2517 287 2559 qui
312 2514 472 2545 interserit
497 2511 783 2553 patremfamilias.
808 2518 837 2541 et
864 2516 963 2540 totam
989 2507 1152 2539 familiam.
1177 2514 1208 2537 et

233 2563 315 2593 duas
339 2555 478 2588 unt-illus
510 2557 539 2586 in
571 2557 685 2589 domo.
714 2558 743 2585 in
775 2564 838 2595 qun
862 2553 1039 2587 serviero«,
1068 2556 1099 2581 ct
1119 2548 1208 2591 puel-

235 2605 298 2636 lum
323 2598 506 2642 parvulum,
530 2609 612 2640 qnne
638 2598 779 2629 dixerat:
805 2596 851 2625 Ah
876 2595 941 2625 noli
963 2606 1006 2624 nu·
1029 2595 1208 2630 in10·rfi‹c›-e‚

908 149 1020 182 Pure
1042 148 1146 181 MEL.
1168 147 1355 183 scmp'rA
1377 130 1639 181 EXEGE'HCA.

2152 148 2217 181 660

1749 250 1872 281 pupm,
1887 248 1891 252 ·
1905 241 1967 274 sed
1988 246 2098 274 tamen
2119 242 2217 274 inter-

1244 281 1340 321 fecit,
1362 289 1395 314 et
1417 282 1552 315 abstulit
1573 283 1786 324 pecuniam.‘

1331 324 1502 367 Cogitate,
1525 325 1631 367 quale·
1645 327 1689 358 sit
1709 325 1860 365 facinus,
1887 327 2051 368 potuisset
2073 325 2216 366 auferre,

1243 367 1356 409 puella
1377 378 1443 399 non
1465 369 1672 410 impediente.
1723 368 1793 401 Sed
1819 374 1929 401 tamen
1953 370 1988 400 in
2009 368 2123 401 surore
2145 379 2218 402 eam

1244 409 1423 449 interfecit,
1446 410 1608 453 impulsus
1631 422 1651 443 a
1672 410 1947 451 Diabolo,.sicut
1969 412 2011 444 de
2033 411 2114 444 luda
2135 413 2218 444 scri-

1246 454 1349 485 bitur:
1371 453 1509 484 Satanas
1530 455 1662 484 intravit
1688 456 1721 484 in
1743 464 1817 485 etun.
1873 453 2014 490 Quando
2036 453 2135 487 homo
2162 455 2218 486 di>

1245 497 1367 527 seritur
1395 507 1416 527 a
1444 496 1538 535 Deo,
1567 498 1711 529 Satanas
1739 497 1939 539 ingreditur,
1970 503 2004 529 et
2025 497 2218 539 posteaix»

1245 537 1335 580 pellit
1357 549 1442 570 eum.
1485 538 1571 570 Illud
1593 550 1748 581 magnum
1770 538 1892 572 malum
1915 540 2043 572 debetis
2067 541 2219 572 consido·

1246 591 1337 619 rare,
1354 587 1387 612 et
1409 581 1581 623 deprecari
1603 583 1795 614 ardentibus
1823 587 1855 615 et
1877 583 2021 615 assiduis
2043 584 2150 621 votis,
2177 592 2220 614 ne

1246 622 1333 655 filius
1362 622 1427 655 Dei
1457 633 1520 655 nos
1546 623 1726 666 relinquat,
1755 625 1817 657 sed
1845 626 2011 658 custodiat
2034 632 2151 657 contra
2172 631 2219 657 ta-

1246 665 1311 697 lem
1334 666 1481 705 hostem,
1513 667 1601 699 sicut
1628 668 1701 710 ipse
1729 668 1824 700 dicits
1860 668 1958 701 Nemo
1981 670 2084 708 rapiet
2105 679 2159 698 eos
2179 668 2220 698 du

1245 719 1336 738 manu
1357 719 1430 738 mea.

1331 750 1456 783 Postea
1483 750 1568 783 latro
1598 752 1661 784 iste
1688 753 1836 793 pendens
1866 753 1900 785 iu
1922 763 2022 791 veru,
2053 754 2099 782 eie
2119 752 2220 782 Ιιιιὸειι

1246 793 1300 823 iliu
1324 795 1512 833 yeipiesset,
1541 794 1711 827 clamavit:
1750 796 1874 827 Omnes
1903 794 2039 827 dolores
2070 795 2220 836 corporis

1247 846 1326 868 esse
1341 837 1498 875 minores,
1514 837 1647 878 quando
1665 838 1828 879 cogitaret
1845 847 1963 869 necem
1981 835 2124 878 puellae,
2146 837 2221 867 Non

1245 880 1422 918 interficias,
1436 889 1497 913 me,
1520 879 1602 909 dabo
1624 879 1682 908 tibi
1704 890 1806 910 onmes
1827 890 1910 910 meas
1927 890 2042 919 pupas.

1334 921 1395 953 llic
1427 922 1563 953 dicitur:
1608 921 1747 951 Vidimus
1778 932 1844 951 aum
1871 933 2053 962 percussum
2086 932 2106 952 a

1247 964 1339 995 ltem:
1371 964 1481 994 Faciet
1513 965 1546 994 in
1578 974 1644 994 eum
1673 966 1830 994 incurrere
1855 969 1990 1004 peccata
2016 968 2141 995 nostra:
2172 963 2221 994 Er

1245 1007 1301 1037 leat
1328 1008 1373 1036 sie
1401 1007 1471 1045 auff
1491 1005 1545 1036 ilm
1572 1010 1739 1046 yestossen.
1795 1007 1865 1039 Ista
1891 1013 1969 1039 sunt
1991 1007 2088 1039 valde
2108 1005 2221 1048 patho

1247 1051 1313 1082 tica
1335 1050 1453 1088 verba,
1474 1049 1599 1089 keffliye
1623 1059 1733 1089 yrosse
1758 1053 1846 1079 wort-
1892 1049 2004 1081 »Aliud
2031 1051 2064 1081 in
2087 1049 2221 1082 Christo

1247 1099 1298 1124 est
1324 1092 1448 1124 sentire
1477 1091 1611 1124 dolores
1641 1102 1683 1124 ex
1705 1091 1908 1124 laceratione
1932 1093 2104 1134 corporis,
2133 1091 2222 1123 aliud

1247 1135 1412 1167 sustinere
1434 1135 1515 1166 iram
1538 1134 1613 1166 Dei.
1668 1134 1823 1166 Christus
1845 1134 1960 1174 sortis,
1982 1135 2223 1177 magnanimus,

1246 1176 1450 1221 antecellens
1478 1177 1598 1209 virtute
1624 1187 1740 1209 omnes
1769 1177 1938 1216 homines,
1961 1178 2058 1209 etiam
2080 1175 2223 1209 naturali

1246 1221 1383 1256 robore,
1403 1230 1469 1251 non
1492 1220 1538 1251 ita
1560 1221 1691 1260 expavit
1715 1220 1880 1252 cruciatus
1905 1221 2055 1261 corporis
2079 1226 2111 1251 et
2133 1219 2222 1251 law

1247 1264 1422 1300 rationem,
1445 1269 1480 1294 ut
1502 1263 1697 1304 sanguinem
1716 1263 1862 1294 sudaret.
1907 1261 2008 1294 Aliud
2026 1263 2131 1293 maius
2149 1262 2222 1300 suit,

1249 1306 1337 1346 quod
1359 1306 1473 1337 sensit.
1518 1304 1631 1336 Sensit
1652 1305 1734 1335 iram
1755 1304 1820 1336 Dei
1842 1306 2006 1336 adversus
2029 1310 2223 1345 peccatum;

1249 1358 1346 1389 quam
1374 1347 1455 1378 iram
1484 1345 1576 1378 nulla
1603 1353 1757 1378 creatura
1780 1347 1946 1378 sustinere
1967 1352 2102 1387 posset,
2135 1346 2224 1378 siout

1249 1400 1352 1431 saepe
1375 1390 1461 1427 dico,
1481 1389 1613 1431 quando
1632 1388 1733 1420 homo
1751 1388 1913 1431 guttulam
1935 1389 2004 1420 irae
2026 1387 2099 1419 Dei·
2112 1387 2225 1426 sentit,

1249 1434 1515 1475 extingueretur,
1545 1433 1608 1464 nisi
1634 1430 1729 1463 Deus
1758 1432 1923 1474 mitigaret
1945 1440 2084 1471 poenas.
2127 1429 2224 1462 Bona

1249 1476 1454 1509 conscientia
1475 1485 1596 1516 magna
1617 1481 1670 1507 est
1688 1473 1884 1507 consolatio.
1927 1473 1988 1505 Est
2010 1473 2142 1514 aliquid,
2163 1483 2225 1503 mo·

1249 1521 1320 1560 ynis
1342 1520 1456 1549 crimen
1478 1519 1584 1548 abesse
1604 1517 1695 1548 malis

1286 1695 1517 1735 Laboratne
1549 1692 1791 1733 conscientia
1823 1691 1909 1732 Filii
1940 1688 2042 1734 Dei?
2073 1690 2188 1731 labo-

1616 1774 1729 1810 ratnc
1762 1768 1856 1810 cor?

1337 1862 1400 1894 lta:
1447 1861 1658 1893 Conscientia
1698 1870 1763 1891 non
1802 1859 1853 1892 sui
1888 1858 2017 1897 delicti,
2055 1859 2115 1890 sed
2149 1858 2226 1900 quia

1252 1904 1447 1938 translatum
1477 1911 1529 1936 est
1558 1905 1590 1935 in
1613 1914 1688 1935 enni
1711 1909 1859 1934 nostrum
1883 1907 2055 1944 peccatum
2079 1907 2111 1932 et
2133 1910 2226 1932 onus.

1252 1950 1326 1990 lpse
1356 1950 1468 1979 iacens
1499 1953 1704 1989 prostratus,
1737 1946 1879 1979 sustinet
1907 1945 2003 1978 iram,
2063 1943 2133 1975 nasi
2154 1943 2227 1986 ipse

1254 1991 1387 2023 fecisset
1411 1997 1485 2027 tua,
1519 1997 1551 2021 et
1574 1999 1646 2020 men
1670 1995 1819 2029 peccata.
1876 1986 1947 2019 Hoc
1971 1994 2022 2018 est
2045 1995 2227 2028 incompre-

1253 2032 1416 2066 hensibile
1462 2033 1603 2063 uiddani.
1650 2031 1709 2062 Est
1733 2033 1763 2062 in
1788 2042 1860 2063 euin
1885 2030 2032 2061 derivata
2054 2030 2113 2067 ira,
2132 2028 2228 2070 quasi

1255 2079 1325 2119 ipse
1356 2084 1422 2107 tam
1462 2074 1650 2106 norribiliter
1679 2085 1716 2105 se
1739 2072 1924 2115 polluisset.
1980 2071 2086 2107 Quam
2109 2081 2228 2113 magna

1255 2130 1309 2152 res
1331 2118 1414 2150 liare
1439 2120 1497 2156 sit,
1520 2117 1613 2150 nulla
1636 2126 1787 2149 creatura
1810 2122 1919 2158 potest
1943 2113 2062 2157 eloqui.

1342 2162 1376 2193 ln
1401 2160 1533 2193 Psalmo
1557 2159 1675 2193 clamat
1696 2159 1797 2191 Filius
1816 2158 1895 2190 Dei:
1921 2156 2014 2192 Dm,
2034 2157 2118 2187 Deus
2135 2166 2228 2191 mein,

1255 2216 1350 2246 qnare
1383 2216 1427 2234 me
1461 2204 1680 2244 ‘Iereliqtu'sti'i
1724 2202 1816 2234 Uace
1846 2202 1948 2233 verba
1977 2210 2106 2231 omnem
2136 2197 2229 2231 intel.-

1257 2249 1377 2280 lecnnn
1401 2254 1573 2288 superant:
1602 2247 1729 2278 etiami
1755 2246 1871 2277 umbra
1895 2243 2054 2285 quaedum
2078 2241 2229 2284 intelligi-

1259 2299 1327 2327 tur,
1362 2298 1469 2322 tamen
1511 2290 1702 2331 magnitudo
1741 2299 1807 2319 non
1842 2293 1948 2329 potest
1984 2284 2228 2326 comprehendi.

1259 2335 1331 2375 lpse
1355 2334 1478 2371 sensit,
1510 2334 1587 2375 quiri
1610 2333 1672 2368 sit,
1708 2332 1793 2361 Dens
1818 2332 1897 2368 ferit
1925 2331 1957 2358 in
1987 2339 2051 2358 mm
2073 2330 2233 2357 inem-rm

1259 2382 1365 2407 nostra
1386 2380 1529 2417 pecc-nen.
1581 2375 1664 2411 Quin
1693 2385 1771 2406 xero
1799 2374 1910 2404 vident
1939 2382 2011 2403 enm
2034 2371 2232 2412 pendentem

1259 2421 1290 2452 in
1314 2429 1434 2457 cruce,
1465 2419 1608 2451 iudicant
1636 2429 1713 2449 esse
1737 2416 1943 2448 maledictum
1966 2425 1987 2445 n
2010 2413 2094 2445 Deo.
2139 2413 2233 2445 Sicut

1258 2463 1311 2494 lex
1337 2464 1429 2494 divit:
1454 2462 1641 2492 Maledictus
1664 2463 1761 2490 ovinis
1783 2461 1836 2499 qui
1855 2458 1969 2498 pendet
1993 2459 2024 2486 in
2048 2466 2148 2486 crure.
2190 2455 2234 2487 B·

1259 2507 1332 2537 idi-o
1368 2505 1420 2536 lvx
1455 2506 1532 2536 dicit
1564 2504 1661 2541 illud,
1696 2510 1731 2534 ut
1758 2501 1995 2542 intelligeretur
2024 2498 2138 2530 Filium
2168 2497 2232 2530 Det

1259 2550 1422 2581 sustinere
1445 2547 1705 2579 maledictionem
1730 2546 1861 2589 generis
1885 2543 2025 2575 hnmani.

1344 2592 1419 2632 lpse
1441 2598 1550 2623 autem
1572 2590 1747 2620 aiala-ruem
1770 2593 1814 2618 esi
1836 2591 1967 2627 propter
1980 2586 2161 2625 iru'qtdtatet
2181 2594 2231 2612 no-
