2324 2958
209 168 252 200 95
850 166 960 198 PHIL.
985 166 1089 198 MEL.
1113 165 1300 200 SCRIPTA
1321 161 1586 197 EXEGETICA.
2172 161 2216 195 96

208 261 328 302 phetae
362 266 437 301 post
471 257 600 291 Moisen
623 259 756 292 fuerunt
783 260 952 292 auditores
975 267 1007 291 et
1031 257 1183 300 discipuli
1233 269 1306 290 mus
1329 258 1433 297 accere,
1463 263 1497 289 et
1518 258 1552 289 in
1573 256 1743 288 veteribus
1771 255 1879 288 hastis
1901 264 1964 287 seu
1986 253 2114 287 lanceis
2135 254 2214 288 talis

208 303 337 336 Moisis.
393 301 544 333 Christus
568 312 633 333 non
657 308 708 334 est
731 301 913 344 disciputus
936 302 1062 334 Moisis.
1206 309 1210 343 J
1233 301 1342 344 figura
1365 300 1578 342 conspicitur.
1623 298 1881 340 Interpretantur
1903 304 2012 330 autem
2035 298 2079 329 de
2093 297 2216 331 Marte.

294 345 329 376 ln
354 345 545 376 recitatione
567 343 724 377 historiae
747 345 967 377 israelitarum
994 346 1026 376 in
1050 345 1182 375 deserto
1205 353 1209 397 5·
1232 342 1488 385 Appellationes
1510 341 1673 374 idolorum
1696 347 1774 373 sunt
1802 340 1900 373 valde
1929 339 2095 372 fortuitae.
2139 340 2215 384 Ego

207 387 285 420 facit
310 388 507 419 mentionem
530 386 717 429 multiplicis
735 386 950 420 idololatriae.
1017 386 1106 418 Dicit
1128 397 1183 418 eos
1234 393 1313 428 puto
1336 396 1413 418 esse
1435 393 1579 418 erratum
1602 383 1807 427 graphicum,
1830 383 1920 425 quod
1938 382 2111 424 Remphan
2132 382 2216 427 legi·

204 434 326 472 fecisse
346 432 480 462 tilulum.
538 429 589 461 De
612 441 677 472 quo
701 438 751 462 est
773 430 878 462 Exod.
903 431 954 462 32.
999 429 1090 461 Haec
1112 429 1182 460 ido·
1233 435 1288 461 tur
1308 430 1342 461 in
1365 429 1496 461 Graeco
1519 434 1620 460 textu.

205 473 339 505 'lolatria
362 472 449 503 haud
472 472 570 504 dubie
593 479 669 504 nata
690 480 739 505 est
763 484 803 504 ex
816 472 1049 515 superstitione
1071 471 1183 513 Acgy—
1319 471 1406 504 Kiun
1429 482 1510 504 vero
1533 471 1622 512 quod
1644 476 1696 502 est
1719 469 1806 511 apud
1825 468 2039 510 Prophetam,
2062 469 2214 502 existimo

207 517 359 558 ptiorum,
384 515 434 546 cui
457 522 676 547 assueverant
693 515 784 548 multi
803 526 843 547 ex
865 518 927 546 isto
941 513 1074 556 populo,
1096 514 1182 550 Quia
1233 515 1320 546 idem
1343 524 1432 553 esse,
1452 515 1543 556 quod
1565 513 1656 551 κύων,
1678 513 1711 544 id
1734 518 1798 550 est,
1831 511 1938 544 Sirius
1961 510 2017 543 vel
2039 510 2212 552 Canicula,

207 558 395 590 Herodotus
429 556 486 589 lib.
510 558 540 588 ⁴2.
576 565 686 590 narrat
721 560 807 600 apud
844 558 1046 599 AegyptiOS,
1080 558 1182 597 Apim,
1234 567 1318 599 quae
1340 564 1393 588 est
1426 556 1526 588 stella
1559 557 1592 588 in
1622 566 1679 587 ore
1702 555 1796 587 canis
1820 555 1967 593 maioris,
2000 555 2126 596 primae
2146 563 2214 587 tna-

207 602 279 633 sive
315 601 451 637 bovem,
486 600 557 631 sive
581 600 716 632 vitulum
745 601 906 643 quendam
929 599 1100 631 mirificum
1123 609 1183 631 seu
1235 601 1425 642 gnitudinis.
1469 599 1551 631 Erat
1573 594 1685 631 autem
1706 598 1793 639 apud
1815 597 2001 639 Aegyptios
2014 598 2214 639 praecipuus

206 641 408 685 peculiarem
431 642 535 674 fuisse
556 642 677 675 cultum
699 645 803 674 instar
821 643 969 674 numinis.
1031 641 1073 673 Et
1094 642 1183 684 apud
1235 641 1344 674 cultus
1369 642 1463 674 Sirii:
1487 648 1520 674 et
1537 648 1608 673 erat
1631 642 1680 673 ets
1703 641 1780 672 anni
1802 641 1936 679 initium,
1959 639 2063 672 Ortus
2087 639 2215 672 Cosmi-

207 686 341 718 eosdem
360 685 538 718 simulacra
561 697 737 718 vaccarum
761 686 873 717 tuisse.
1234 695 1295 717 eus
1318 684 1499 717 Caniculae
1521 684 1576 716 vel
1598 684 1687 723 Sirii,
1711 683 1796 719 Quia
1818 689 1897 715 tunc
1918 682 2014 714 Nilus
2036 683 2215 724 incipiebat

292 728 415 760 Postea
437 738 478 760 ex
496 729 599 759 Amos
623 730 714 760 citat:
738 729 926 767 Sustule'stis,
950 728 999 759 rel
1020 731 1053 759 in
1076 729 1182 759 hume-
1235 728 1413 766 exundare,
1449 728 1534 759 sicut
1567 727 1757 759 Herodotus
1790 726 1910 768 inquit:
1943 724 2053 757 Nilum
2075 726 2214 757 intume-

206 781 262 804 ros
293 776 415 803 cestros
436 771 594 803 sublatum
621 772 775 811 ,qeslasta‘s
802 772 1040 803 tabernaculum
1061 772 1183 802 Moloclz
1234 781 1330 802 scere
1364 771 1406 802 ab
1430 770 1559 801 aestivo
1583 769 1726 801 solstitio
1749 770 1792 801 ad
1816 774 1946 801 centum
1969 769 2052 807 dies,
2084 774 2118 800 et
2138 778 2215 810 pro-

209 819 241 846 εἰ
262 816 352 846 sidus
374 815 438 845 Dei
459 817 557 845 rostri
575 816 752 854 Remplmn.
1234 824 1276 855 pe
1298 813 1435 845 totidem
1457 812 1575 844 diebus
1597 813 1822 850 retrocedere,
1845 823 1888 844 ac
1911 810 2098 852 relinquere
2110 810 2214 843 fluen-

294 856 355 888 llic
374 856 524 888 Graecus
549 862 658 888 textus
688 858 794 888 variat
816 867 835 887 a
857 854 1002 887 sontibus
1024 855 1183 888 Hebraici
1235 862 1279 888 ta.
1302 857 1475 888 Pendebat
1497 861 1606 886 autem
1628 856 1670 886 ab
1705 855 1927 887 exundatione
1961 853 2044 892 Nili,
2078 853 2214 886 foecun-

206 905 329 931 textus.
375 898 445 930 Nec
470 909 564 941 agam
588 909 675 931 nunc
699 900 739 930 de
763 905 830 930 tota
853 899 940 930 serie
963 904 1020 930 aut
1031 904 1183 931 constru-
1235 899 1320 931 ditas
1338 900 1439 931 totius
1461 898 1616 939 Aegypti.

207 943 317 973 ctione
338 941 432 973 istius
456 948 579 973 textus.
623 941 761 973 Tantum
784 940 961 974 declarabo
984 940 1183 974 vocabulum
1321 941 1463 977 Quando
1486 940 1582 972 Nilus
1605 949 1672 971 non
1695 940 1896 978 exundabat,
1921 940 2126 981 sequebatur
2147 945 2214 971 ste·

206 986 338 1022 Moloch,
363 991 395 1015 et
419 986 593 1025 Remplmn.
1235 983 1352 1022 rilitas,
1375 991 1412 1016 ut
1431 990 1508 1017 ante
1528 988 1668 1015 mortem
1691 982 1827 1014 Antonii
1860 988 1892 1014 et
1926 981 2126 1024 Cleopatrae
2144 988 2214 1014 toto

292 1025 427 1058 Moloch
461 1034 513 1058 est
547 1027 632 1058 idem
665 1027 754 1068 quod
783 1026 924 1065 Melech,
955 1027 987 1058 id
1015 1033 1078 1065 est,
1111 1037 1181 1059 rex.
1234 1028 1367 1059 biennio
1390 1037 1458 1058 non
1482 1025 1660 1058 exundavit
1682 1023 1789 1057 Nilus.
1834 1025 1908 1061 Quo
1932 1025 2029 1057 simul
2050 1025 2216 1067 significa-

205 1069 311 1101 Etiam
336 1070 442 1100 nostri
465 1070 579 1107 Suevi,
612 1069 745 1107 Bavari,
775 1069 893 1101 Franci
917 1068 1083 1101 horridius
1106 1080 1182 1112 pro-
1207 1053 1215 1114 Ῐ
1235 1071 1332 1102 batur
1355 1071 1448 1112 regni
1471 1070 1616 1101 mutatio.
1663 1067 1720 1099 Sic
1743 1074 1893 1109 tempore
1914 1066 2011 1099 samis
2035 1069 2098 1100 sub
2116 1067 2216 1100 Clau-

206 1113 357 1144 nuntiant
378 1111 525 1149 vocales,
549 1122 646 1153 quam
668 1112 738 1143 fieri
762 1112 912 1144 debebat.
959 1112 1065 1148 Quam
1093 1123 1183 1145 cras·
1235 1114 1302 1151 dio,
1335 1123 1401 1145 non
1436 1112 1616 1144 exundavit
1648 1109 1755 1150 Nilus,
1789 1117 1821 1142 et
1838 1111 1956 1142 iterum
1979 1116 2056 1142 sunt
2079 1116 2217 1142 secutae

207 1165 282 1187 sum
311 1157 335 1186 ,4
371 1153 493 1186 faciunt
528 1155 722 1186 pomerani?
756 1161 790 1186 ut
820 1155 1056 1196 propemodum
1085 1162 1184 1188 sonet
1234 1166 1373 1198 magnae
1397 1157 1607 1187 mutationes.
1674 1154 1773 1189 Quod
1800 1154 1829 1185 si
1858 1154 1990 1185 nimium
2012 1153 2217 1185 ascendebat

206 1198 291 1229 sicut
318 1199 353 1229 0.
419 1197 587 1229 Austriaci
612 1197 707 1229 etiam
733 1198 855 1236 dicunt,
879 1198 971 1239 Popa
992 1208 1054 1239 pro
1078 1199 1182 1240 Papa.
1233 1198 1341 1237 Nilus,
1376 1204 1444 1230 tum
1464 1199 1562 1230 etiam
1584 1196 1744 1229 sterilitas
1779 1197 1998 1238 sequebatur:
2033 1195 2119 1232 Quia
2149 1206 2218 1228 non

204 1238 408 1272 Reuchlinus
443 1241 599 1271 narrabat
632 1241 741 1278 nobis,
776 1241 969 1272 Pontificem
999 1240 1183 1274 Romanum
1233 1248 1389 1283 poterant
1412 1242 1498 1273 iusto
1523 1247 1672 1282 tempore
1701 1240 1834 1271 conseri
1867 1239 1950 1282 agri.
2017 1238 2099 1270 Erat
2116 1238 2218 1281 igitur

204 1281 310 1315 fuisse
343 1282 503 1314 offensum
543 1281 600 1314 illa
628 1293 746 1314 crassa
784 1284 1049 1324 pronuntiatione
1082 1283 1184 1327 legati
1235 1283 1389 1327 singulae
1411 1284 1620 1322 beneficium,
1654 1283 1786 1325 quoties
1819 1284 1906 1314 iusta
1935 1291 2090 1313 mensura
2119 1280 2217 1314 Nilus

203 1326 297 1357 missi
320 1335 339 1356 a
358 1325 522 1363 Palatino,
547 1326 601 1367 qui
625 1335 698 1357 cum
722 1326 895 1358 dicendum
909 1333 1012 1366 esset,
1035 1327 1183 1360 Sanctis·
1235 1328 1433 1360 exundabat.

204 1369 286 1400 sime
298 1367 408 1407 Pater,
419 1369 490 1409 ipse
514 1368 659 1399 dicebat:
683 1369 1012 1401 SanctissimiPoter.
1057 1369 1184 1413 Capnio
1322 1369 1419 1401 Multi
1438 1370 1676 1411 quaesiverunt
1699 1378 1833 1400 causam
1855 1366 1945 1399 illius
1974 1368 2218 1407 exundationis,

203 1410 389 1453 elegantius
412 1411 656 1453 pronuntiabat,
679 1417 710 1442 et
734 1421 772 1443 ea
789 1412 915 1444 ratione
937 1411 998 1444 fuit
1015 1415 1185 1456 acceptior
1236 1423 1302 1455 qua
1335 1413 1443 1450 fieret,
1475 1418 1512 1444 ut
1540 1413 1573 1443 in
1595 1412 1701 1453 prima
1722 1410 1908 1443 Lunatione
1930 1417 2009 1452 post
2031 1409 2217 1443 Solstitiurn

202 1453 299 1486 aulae
312 1453 492 1492 Romanae,
507 1464 580 1485 cum
598 1454 630 1485 in
644 1454 758 1486 eadem
770 1453 939 1497 legatione
950 1455 1089 1488 Romam
1107 1458 1184 1488 mis·
1235 1456 1395 1497 inciperet
1413 1464 1567 1487 crescere
1585 1453 1692 1493 Nilus,
1727 1454 1833 1485 donec
1855 1453 2052 1492 exundaret,
2086 1459 2119 1486 et
2141 1463 2218 1486 cum

203 1506 262 1528 sus
276 1503 384 1535 esset,
402 1497 457 1528 ubi
475 1497 570 1528 etiam
589 1497 701 1529 didicit
719 1496 864 1540 linguam
882 1497 1068 1531 Hebraeum
1091 1510 1112 1531 a
1134 1499 1184 1532 lu·
1236 1500 1385 1531 stetisset
1406 1497 1606 1540 aliquamdiu
1627 1498 1662 1528 in
1683 1496 1788 1539 agriS,
1811 1495 1969 1538 paulatim
1992 1497 2216 1536 decresceret,

203 1539 287 1571 daeo
310 1540 470 1581 quodam,
491 1540 543 1570 cui
566 1549 627 1580 pro
645 1539 784 1582 singulis
803 1539 1001 1574 lectionibus
1014 1552 1074 1574 seu
1093 1542 1184 1575 horis
1236 1542 1398 1583 tantisper
1421 1542 1499 1573 dum
1516 1540 1573 1574 Sol
1596 1540 1723 1573 veniret
1745 1540 1788 1571 ad
1809 1539 2004 1582 principium
2029 1539 2162 1571 Librae.

203 1580 425 1614 didactriloco
438 1581 599 1624 persolvit
611 1582 763 1625 singulos
775 1593 907 1616 aureos.
925 1584 1065 1617 Tantum
1074 1591 1184 1618 autem
1323 1585 1391 1616 Sed
1414 1595 1481 1616 non
1504 1588 1646 1626 possunt
1669 1591 1791 1614 causae
1808 1581 1902 1613 reddi
1925 1591 1967 1613 ex
1984 1587 2113 1613 natura.
2142 1581 2218 1613 Fuit

203 1625 246 1656 ibi
266 1625 378 1656 didicit
401 1626 442 1657 de
465 1624 578 1667 lingua
601 1625 765 1665 Hebraea,
784 1632 817 1658 ut
829 1637 986 1659 reversus
1001 1628 1184 1660 inGerma-
1236 1627 1408 1670 singulare
1441 1637 1526 1668 opus
1558 1626 1634 1665 Dei,
1667 1625 1756 1667 quod
1791 1625 1897 1656 tribus
1931 1625 2004 1656 istis
2033 1624 2216 1663 mensibus,

204 1668 289 1700 niam
313 1674 404 1699 recte
427 1667 514 1699 alios
537 1678 668 1710 quoque
692 1679 763 1700 eam
787 1670 908 1702 docere
931 1678 1058 1712 posset.
1236 1669 1329 1708 Iulio,
1353 1671 1521 1712 Augusto,
1546 1668 1732 1710 Septembri
1756 1668 1950 1709 rigabantur
1973 1669 2063 1710 agri,
2097 1673 2129 1699 et
2151 1667 2216 1699 hac

290 1711 340 1742 Ex
374 1709 506 1742 Melech
542 1711 640 1751 igitur
663 1713 829 1744 crassiore
850 1714 1118 1754 pronuntiatione
1136 1713 1184 1746 sa·
1234 1713 1409 1756 rigatione,
1427 1723 1492 1754 qua
1515 1711 1612 1743 simul
1626 1709 1872 1752 relinquebatur
1894 1709 2216 1749 li11111S,i11starster-

1235 1756 1416 1787 corationis
1440 1757 1472 1786 in
1495 1755 1598 1797 agris,
1622 1753 1723 1785 fiebat
1745 1752 1968 1784 foecundatio.
2064 1781 2071 1790 ,

1322 1798 1408 1834 Quia
1442 1808 1523 1830 vero
1558 1797 1734 1829 exundatio
1770 1795 1826 1827 illa
1850 1795 1914 1827 Nili
1944 1801 2015 1828 erat
2037 1805 2159 1834 annua,
2183 1801 2216 1828 et

1233 1841 1292 1873 toti
1328 1842 1457 1884 regioni
1491 1839 1599 1872 utilis:
1635 1839 1811 1881 diligenter
1848 1840 2048 1870 observatae
2082 1838 2218 1871 suerunt

1234 1883 1364 1923 stellae,
1387 1884 1430 1915 ad
1449 1894 1532 1925 quas
1557 1894 1630 1915 cum
1653 1882 1858 1914 accessisset
1877 1881 1949 1920 Sol,
1971 1881 2071 1914 fiebat
2092 1882 2217 1914 initium

1234 1925 1324 1959 illius
1359 1927 1600 1959 exundationis.
1669 1925 1831 1957 Scribitur
1864 1925 1962 1956 etiam
1985 1925 2018 1956 in
2041 1930 2117 1956 ortu
2139 1924 2217 1957 Sit-ii

1235 1970 1341 2003 visum
1364 1979 1442 2001 esse
1465 1968 1603 2007 animal,
1637 1968 1725 2011 quod
1749 1968 1980 1999 nominabatur
2002 1968 2110 2010 Oryx,
2142 1967 2217 2000 Fuit

1234 2012 1342 2044 simile
1366 2023 1499 2053 caprae,
1523 2018 1555 2044 et
1574 2010 1632 2043 suit
1656 2011 1843 2053 persuasio,
1868 2011 1956 2053 quod
1975 2011 2131 2042 adoraret
2154 2009 2216 2042 Ca-

1234 2054 1387 2093 niculam,
1423 2056 1498 2097 quia
1534 2061 1750 2096 conspectum
1780 2052 1851 2092 suit,
1883 2054 1971 2096 quod
2006 2063 2044 2085 se
2067 2059 2217 2096 tempore

1234 2099 1465 2131 exundationis
1488 2099 1677 2129 obverteret
1699 2106 1819 2128 versus
1843 2102 1950 2128 ortum
1972 2096 2060 2128 Sirii.

206 1759 295 1785 ctum
319 1760 370 1784 est
393 1752 473 1785 illud
497 1752 650 1793 Moloch,
678 1755 772 1786 euius
795 1756 926 1788 nomine
949 1756 1184 1789 intellexerunt

205 1795 334 1828 Solem:
365 1797 450 1828 sieut
473 1797 561 1837 apud
584 1797 752 1829 Ieremiam
776 1804 826 1829 est
849 1797 979 1842 Regina
1001 1799 1098 1838 coeli,
1122 1810 1182 1842 pro

204 1838 310 1870 Luna.
357 1839 480 1870 Omnes
504 1839 573 1871 sere
596 1846 714 1882 gentes
737 1840 910 1873 coluerunt
928 1841 1042 1874 Solem
1065 1848 1098 1874 et
1118 1843 1184 1875 Lu-

203 1891 300 1913 nam:
323 1882 413 1914 unde
437 1889 485 1913 est
510 1881 591 1913 illud
607 1883 693 1924 apud
706 1890 854 1924 poetam:
888 1886 942 1917 Vos
964 1896 983 1917 o
1004 1888 1185 1918 clarissima

204 1926 314 1956 mundi
337 1925 457 1957 sidera.
513 1923 621 1956 Valde
648 1925 822 1966 pulchrum
844 1934 895 1959 est
919 1938 1041 1970 corpus
1065 1929 1184 1960 utrius-

204 1977 269 2009 que
299 1966 483 2006 luminaris,
518 1966 559 1998 Et
589 1974 697 2000 motus
731 1969 914 2012 utriusque,
948 1981 1104 2014 magnum
1132 1977 1184 2003 est

204 2008 397 2042 miracuium
420 2016 566 2042 naturae.
596 2011 662 2042 Sed
685 2010 835 2043 homines
858 2013 988 2046 Ethnici
1011 2013 1185 2047 coluerunt

204 2059 360 2094 tanquam
382 2053 525 2091 numina,
549 2053 634 2085 sicut
659 2053 728 2085 fleri
752 2053 849 2093 solet,
897 2057 1006 2087 uando
1030 2056 1184 2089 homines

204 2095 377 2127 discedunt
398 2105 418 2126 a
441 2097 543 2127 verbo
561 2094 636 2127 Dei.
703 2096 797 2129 Hanc
826 2066 1048 2131 ltlololatfiant
1071 2100 1183 2132 imitati

203 2145 279 2170 sunt
303 2139 399 2170 etiam
423 2138 543 2170 iudaei.

291 2181 357 2212 Pro
380 2180 551 2222 Rcmphan
575 2188 624 2213 est
648 2181 681 2212 in
705 2181 860 2214 Hebraeo
886 2183 996 2216 Ce'mm.
1042 2184 1102 2216 Est
1127 2195 1182 2217 au-

204 2230 269 2255 tem
294 2223 401 2255 facilis
425 2225 561 2255 mutatio
583 2223 696 2256 literae
723 2227 787 2257 Can
810 2226 840 2256 in
854 2225 979 2258 literam
1004 2229 1077 2260 Res.
1098 2227 1182 2259 Nam

205 2267 337 2309 quando
364 2268 427 2299 Cat·
450 2267 536 2298 inter
557 2267 781 2306 scribendum,
805 2279 869 2300 non
884 2270 1011 2313 integre
1030 2271 1183 2312 pingitur,

1322 2141 1533 2173 instituerunt
1568 2150 1649 2182 ergo
1672 2140 1828 2182 Aegyptii
1851 2137 1974 2171 cultum
2002 2137 2216 2180 peculiarem,

1235 2191 1267 2216 et
1292 2183 1501 2216 celebrarunt
1524 2183 1642 2215 festum
1666 2185 1697 2214 in
1721 2189 1796 2214 ortu
1808 2182 1902 2214 Sirii:
1927 2188 1961 2214 ut
1978 2181 2217 2225 significarent,

1234 2237 1273 2259 se
1296 2226 1411 2259 laetari
1435 2225 1490 2258 illo
1515 2236 1616 2268 opere
1640 2232 1793 2264 naturae,
1823 2233 1855 2257 et
1878 2223 2069 2257 obtulerunt
2090 2224 2217 2257 sacrifi·

1235 2271 1296 2308 cia,
1317 2276 1348 2301 et
1370 2271 1495 2311 precati
1516 2275 1607 2307 sunt,
1627 2276 1658 2301 nt
1674 2269 1882 2311 contingeret
1895 2268 2068 2300 commoda
2091 2274 2124 2300 et
2146 2267 2216 2300 ido·

1235 2324 1296 2344 nen
1320 2313 1496 2344 exundatio
1519 2312 1594 2343 Nili.
1642 2312 1687 2344 lta
1711 2313 1797 2344 enim
1821 2311 1875 2350 fit,
1909 2311 2040 2353 quando
2064 2309 2216 2342 homines

1235 2356 1409 2388 discedunt
1431 2367 1450 2387 a
1475 2356 1579 2387 verbo
1604 2355 1678 2393 Dei,
1701 2361 1736 2387 ut
1759 2364 1867 2386 novos
1891 2353 2002 2386 cultus
2021 2353 2160 2395 fingant,
2182 2359 2216 2385 et

1258 2399 1324 2430 uod
1358 2398 1432 2430 Deo
1467 2399 1677 2430 tribuendum
1711 2403 1799 2435 erat,
1834 2397 2007 2439 assignent
2042 2396 2215 2428 creaturis.

1252 2448 1274 2473 „t
1308 2440 1367 2473 suit
1400 2440 1522 2484 alioqui
1546 2451 1630 2484 gens
1660 2441 1827 2484 Aegyptia
1849 2440 2026 2471 admodum
2055 2439 2216 2480 supersti-

1234 2486 1328 2517 tiosn.

204 2311 385 2352 degenerat
410 2311 441 2341 in
465 2308 707 2342 similitudinem
730 2310 845 2343 literae
870 2311 944 2344 Res.
1012 2313 1183 2355 Legemnt

203 2362 286 2394 ergo
315 2351 458 2394 Ripbun,
492 2363 552 2393 pro
586 2351 730 2395 Kiphun,
764 2361 795 2386 et
819 2354 942 2386 inserta
966 2354 1060 2388 litera
1082 2358 1117 2388 ,tl
1136 2354 1183 2387 fa·

204 2402 292 2427 ctum
327 2402 379 2427 est
413 2394 594 2437 Remphun.
662 2395 771 2439 Aliqui
795 2407 835 2429 ex
860 2397 990 2430 ludaeis
1013 2405 1182 2441 exponunt

204 2438 245 2470 de
265 2438 420 2470 Saturno.
478 2437 542 2470 Atti
566 2439 607 2471 de
631 2440 752 2481 oppido
781 2440 812 2471 in
836 2440 955 2473 finibus
980 2441 1182 2473 Ammonita-

204 2492 286 2513 rum.
332 2481 471 2517 Quidam
496 2481 659 2514 Graecam
681 2482 917 2525 etymologiam
937 2485 1182 2526 quaesiverunt.

204 2523 397 2566 Romphaea
420 2526 504 2556 enim
528 2525 694 2567 significat
750 2527 881 2558 uiddam
905 2529 1126 2560 acuminatum
1148 2528 1181 2559 in

206 2567 335 2599 duabus
359 2567 632 2606 extremitatibus,
666 2579 732 2611 quo
780 2570 810 2601 in
835 2570 942 2603 medio
966 2571 1065 2603 habet
1088 2581 1181 2603 sunm

204 2611 368 2652 quandam
390 2609 609 2643 latitudinem:
633 2618 667 2644 ut
690 2612 721 2645 in
744 2612 897 2654 panibus,
930 2624 1015 2656 quos
1039 2614 1183 2647 nomina-

1321 2527 1492 2559 Diodorus
1527 2525 1662 2559 Siculus
1692 2527 1808 2558 scribit
1844 2525 1980 2557 Militem
2016 2524 2246 2564 Romanum,-

1259 2571 1289 2602 ui
1312 2577 1380 2602 erat
1396 2571 1480 2602 inter
1492 2570 1739 2613 praesidian’oS,
1750 2567 1960 2601 interfecisse
1982 2567 2093 2606 selem,
2117 2577 2216 2611 quem

1267 2614 1390 2658 egyptii
1414 2613 1568 2647 colebant
1591 2620 1626 2647 ut
1646 2612 1766 2651 Deum,
1790 2619 1823 2645 et
1845 2618 1996 2645 exortum
2018 2611 2122 2645 suisne
2143 2616 2215 2643 tan-
