2324 2958
88 164 131 197 97

89 265 158 290 tum
180 255 362 293 tumultum,
384 260 419 285 ut
437 259 564 295 septem
594 251 695 283 millia
722 250 857 283 militum
887 252 1064 292 praesidia-

91 303 214 333 riorum
235 297 397 331 trucidata
419 297 496 333 sint,
519 302 553 328 et
575 295 720 327 vicissim
744 293 869 335 aliquot
894 293 996 325 millia
1021 294 1064 325 ci-

90 345 179 376 vium
200 343 404 380 interempta.
466 338 540 370 Hoc
568 337 690 369 tactum
718 343 769 368 est
792 344 940 378 tempore
962 337 1064 377 Impe-

90 386 212 418 ratoris
234 383 364 416 Tiberii.
391 382 434 414 Et
455 382 541 413 sicut
562 382 653 422 prius
674 379 831 422 Aegyptii
855 386 1065 411 monstrosos

90 429 185 460 Deos
207 427 404 464 habuerunt,
428 430 536 456 cattos
558 433 619 455 seu
641 421 737 461 seles,
768 423 926 460 ciconias,
949 432 1065 453 croco-

91 471 190 510 dilos,
214 476 276 501 ete.
343 468 398 500 Sic
420 473 538 509 postea
561 466 746 498 habuerunt
767 471 976 496 monstrosas
1001 465 1066 505 opi-

90 515 206 546 niones
230 518 261 544 et
284 512 447 553 dogmata.

176 563 259 595 Late
291 563 334 594 ibi
368 560 637 593 Manichaeorum
671 557 764 591 furor
798 565 973 600 grassatus
1004 565 1065 596 est,

91 606 155 638 Ubi
177 607 240 638 orti
263 611 341 638 sunt
363 604 458 636 etiam
481 602 646 634 Monachi.
692 602 805 633 Ariani
836 611 967 643 quoque
989 601 1065 632 inde

89 650 276 681 extiterunt.
353 646 475 679 Postea
494 646 583 677 venit
606 644 826 682 Mahometus,
851 645 905 687 qui
925 643 1064 675 collecta

89 701 188 723 manu
211 691 452 723 Saracenorum
485 689 623 730 primum
657 688 833 729 occupavit
862 687 1062 729 Aegyptum,

89 740 187 776 atque
210 734 252 765 ibi
273 743 408 774 regnum
432 731 613 770 constituit,
648 730 784 771 Semper
807 731 891 761 enim
913 730 974 762 fuit
997 739 1062 760 ma-

91 787 157 819 gna
180 775 345 818 opulentia
357 775 502 817 Aegypti
524 780 661 815 propter
683 774 865 805 ubertatem
889 779 1007 810 terrae,
1032 778 1063 803 et

90 819 353 861 opportunitates
376 817 631 859 navigationum.
677 817 710 847 ln
731 816 899 847 Oceanum
922 821 1063 856 possunt

89 862 243 904 Aegyptii
276 861 434 903 navigare
451 870 511 901 per
532 870 624 891 mare
649 860 793 899 rubrum,
817 868 876 900 per
896 856 1007 890 Nilum
1031 858 1063 888 in

89 914 184 936 mare
201 904 486 935 mediterraneum.

174 954 281 987 Hodie
314 955 491 996 praecipua
525 955 605 985 urbs
639 953 784 995 Aegypti
818 958 869 983 est
902 951 1064 984 .·1lca1‘7·mn

88 1007 174 1040 quae
195 997 256 1029 κατ’
279 998 383 1037 ἐξοχὴν
406 998 456 1029 sic
479 997 608 1028 dicitur.
663 998 704 1028 ΑΙ
725 1002 776 1027 est
798 993 968 1032 articulus,
995 996 1065 1026 caz'r

89 1046 140 1072 est
163 1041 291 1072 civitas.
337 1039 534 1071 Bredebach
557 1040 644 1074 dicit,
667 1039 756 1080 quod
779 1038 821 1068 sit
846 1043 937 1068 tanta
959 1036 1064 1068 multi-

88 1083 169 1115 tudo
191 1084 224 1114 in
246 1083 311 1114 hac
333 1093 398 1114 una
422 1083 571 1120 civitate,
605 1087 727 1124 quanta
749 1081 791 1112 sit
813 1080 846 1111 in
869 1085 937 1111 tota
959 1079 1062 1111 ltalia.

88 1126 160 1158 Etsi
183 1125 224 1157 de
246 1125 311 1157 hoc
331 1125 489 1166 disputari
513 1124 599 1156 forte
621 1129 747 1165 potest,
781 1129 889 1154 tamen
924 1132 1063 1154 consen·

88 1175 219 1200 taneum
253 1174 305 1201 est
337 1168 509 1199 maximam
537 1168 581 1199 ibi
603 1165 839 1198 multitudinem
862 1175 940 1197 esse
962 1164 1064 1196 homi-

87 1221 175 1242 num.
220 1210 306 1242 Olim
329 1209 460 1242 fuerunt
483 1211 567 1241 duae
590 1210 703 1247 urbes,
733 1219 870 1251 quarum
894 1219 959 1240 una
977 1207 1065 1240 ultra

86 1251 197 1284 Nilum
221 1253 306 1284 dicta
329 1258 382 1284 est
403 1253 576 1293 Memphis:
608 1251 714 1284 altera
742 1252 929 1292 Babylonia.
997 1251 1063 1283 Sed

86 1294 152 1327 hoc
171 1301 274 1327 totum
294 1295 393 1327 hodie
415 1302 554 1327 vocatur
575 1294 755 1327 Alcairum.
784 1294 889 1326 Miror
910 1292 987 1325 ilios
1010 1304 1063 1336 pe-

86 1338 323 1380 regrinatores,
357 1339 412 1381 qui
435 1339 626 1370 describunt
647 1344 766 1376 terrem,
799 1343 831 1368 et
853 1337 898 1368 ibi
920 1336 1064 1376 suerunt,

86 1391 153 1412 non
171 1379 268 1423 plura
290 1382 439 1413 scribere
461 1381 503 1412 de
525 1381 575 1419 iis,
610 1391 695 1422 quae
717 1380 882 1422 pertinent
903 1380 947 1411 ad
969 1386 1063 1412 natu-

86 1433 157 1454 ram
190 1433 317 1455 rerum:
351 1433 425 1455 cum
458 1430 567 1455 tamen
600 1422 855 1464 pulcherrimum
882 1423 943 1461 sit,
977 1423 1064 1454 scire

87 1475 190 1506 opera
212 1465 275 1497 Dei
297 1466 330 1497 in
353 1473 480 1497 natura.
546 1464 600 1498 De
629 1465 681 1497 his
700 1464 797 1497 valde
819 1475 926 1506 pauca
950 1465 1065 1497 dicunt

86 1507 133 1539 illi
155 1509 348 1549 scriptores.
406 1509 534 1540 interim
556 1518 665 1550 nugas
689 1514 831 1539 tractant
854 1508 895 1539 de
916 1506 1064 1550 reliquiis

85 1556 289 1589 sanctorum,
313 1560 395 1592 quas
417 1551 603 1582 invenerint
625 1550 691 1582 hoc
713 1556 768 1582 aut
791 1549 848 1582 illo
865 1549 953 1582 loco.
1001 1550 1064 1582 Ve-

85 1591 220 1624 risimile
242 1598 305 1632 est,
328 1592 439 1625 Nilum
462 1593 575 1626 adhuc·
595 1594 776 1632 exundare,
798 1600 834 1625 ut
856 1598 945 1625 terra
968 1592 1064 1625 simili

84 1635 184 1667 modo
205 1633 434 1674 foecundetur,
457 1637 543 1667 sicut
565 1635 654 1667 olim.

171 1686 266 1718 Haec
299 1687 366 1719 dixi
401 1687 580 1719 occasione
613 1685 768 1718 vocabuli
801 1686 1000 1728 Remphan,
1032 1693 1065 1719 et

85 1728 184 1767 Kiun,
208 1730 296 1771 quod
319 1728 511 1771 simpliciter
532 1735 612 1771 puto
635 1739 725 1768 esse,
747 1729 845 1767 κύων,
868 1730 901 1761 id
923 1736 988 1768 est,
1011 1740 1064 1762 ca-

85 1772 137 1804 nis
161 1782 221 1803 seu
244 1771 406 1811 canicula,
429 1782 513 1815 quae
537 1771 710 1805 colebatur
733 1773 774 1803 ab
784 1771 964 1815 'Aegyptiis
987 1783 1065 1815 pro-

85 1821 158 1856 pter
190 1815 444 1847 eii-undationem
465 1814 541 1847 Nili.
572 1815 655 1847 Sunt
678 1816 711 1846 in
733 1814 850 1848 Bibliis
873 1821 905 1848 et
927 1815 1065 1849 aliarum

86 1858 289 1899 quarundam
313 1856 481 1890 stellarum
502 1857 755 1900 appellationes.

170 1908 255 1940 Nam
289 1909 320 1940 in
355 1909 460 1941 Amos
495 1909 670 1950 propbeta,
711 1910 829 1941 eodem
864 1920 938 1952 cap.
961 1911 993 1941 5.
1030 1910 1065 1942 fit

85 1951 206 1983 mentio
229 1952 397 1984 Pleiadum
416 1956 449 1985 et
471 1953 616 1985 Orimu‘s:
642 1953 793 1985 Ouaera‘ee
815 1962 902 1993 eum,
935 1957 990 1993 qni
1009 1957 1064 1994 fa-

85 1997 131 2025 cit
145 1995 296 2026 Pleiades
318 1999 352 2026 ec
375 1995 534 2027 Orionem.
590 1995 734 2026 Hebraei
763 1995 920 2027 Orionem
943 2003 1066 2028 vocant

87 2037 182 2068 Ir’esz'l.
249 2036 327 2068 inde
349 2047 469 2069 nomen
488 2036 588 2069 habet
609 2038 731 2070 mensis
759 2038 876 2076 Cisleu,
899 2039 994 2080 quasi
1018 2040 1064 2070 di-

87 2088 157 2117 caS,
180 2081 303 2111 mensis
323 2080 520 2118 Orionaeus,
543 2081 598 2122 qui
619 2081 800 2122 respondet
822 2082 939 2121 partim
964 2081 1064 2114 Octo·

87 2121 149 2160 bri,
170 2123 286 2162 partim
306 2123 485 2166 Novembri
498 2129 625 2162 nostro,
648 2123 769 2156 Graeci
787 2124 952 2156 deducunt
971 2125 1064 2156 Orio-

85 2164 139 2194 nis
160 2174 281 2196 nomen
304 2166 346 2196 ab
369 2168 458 2207 οὖρον
480 2165 595 2204 Urina,
622 2164 708 2202 Quia
741 2167 806 2198 ciet
834 2173 1060 2209 tempestates.

85 2206 137 2238 Ac
160 2205 314 2238 tortassis
337 2207 491 2239 Hebraea
513 2218 646 2250 quoque
663 2207 839 2251 appellatio
858 2216 990 2251 sumpta
1013 2217 1065 2243 est

85 2249 128 2280 ab
151 2249 382 2282 inconstantia.
410 2249 453 2281 Et
476 2252 627 2292 congruit
649 2251 845 2283 Germanica
867 2262 935 2284 vox
959 2253 1064 2289 Θεῐεῑῐ.

86 2291 244 2334 Virgilius
267 2299 366 2325 vocat
391 2294 598 2333 nymbiosum
629 2295 777 2333 Orbiom',
817 2301 851 2326 et
872 2294 938 2327 alia
971 2296 1062 2328 dicit:

85 2335 208 2367 Saccus
231 2337 286 2367 ubi
301 2337 452 2377 hybernis
479 2337 578 2368 Orion
599 2338 748 2369 conditur
770 2339 901 2371 umbris.

171 2384 325 2418 Pleiades
350 2393 427 2418 sunt
450 2397 470 2418 a
493 2390 588 2417 πλείω
610 2385 732 2428 plures.
774 2388 920 2420 Hebraei
943 2396 1064 2421 vocant

84 2429 218 2467 lamala,
248 2430 337 2471 quod
358 2440 478 2461 nomen
503 2430 600 2461 ctiam
623 2436 676 2461 est
697 2441 717 2462 a
738 2430 955 2463 multitudine.
1000 2432 1063 2464 Re-

84 2471 208 2511 peritur
228 2482 349 2504 nornen
372 2470 542 2504 Pleiadum
565 2477 597 2503 et
620 2471 753 2505 Orionis
775 2474 808 2505 in
830 2473 887 2505 lib.
907 2474 972 2507 lob.
988 2485 1060 2517 cap.

84 2512 116 2545 9.
140 2518 173 2545 et
194 2513 247 2546 38.
313 2514 356 2547 Et
382 2515 514 2546 additur
532 2515 576 2546 ibi
605 2525 723 2547 nomen
751 2516 897 2554 Arcturi,
922 2519 976 2559 qui
999 2518 1062 2550 He-

83 2556 195 2588 braeis
212 2557 333 2589 dicitur
354 2559 450 2596 Ascle,
475 2564 507 2589 et
529 2558 724 2600 interposito
742 2558 813 2598 lod,
835 2560 951 2592 Ait‘sclz.
997 2561 1062 2593 Ha-

83 2599 140 2631 bet
157 2609 278 2632 nomen
300 2609 321 2631 a
344 2601 601 2643 congregatione
613 2599 793 2633 stellarum.
813 2602 921 2634 Latini
938 2611 1061 2635 vocant

239 2667 385 2688 MELANTH.
403 2668 482 2688 OPER-
498 2668 562 2690 VOL.
577 2668 655 2695 XXIV.

777 156 993 190 POSTILLA
1015 155 1412 189 MELANTHONJANA.

2052 156 2094 188 95

1117 250 1247 289 Ursam,
1260 249 1582 291 etplaustrmeuia
1595 248 1699 280 forma
1713 259 1773 280 sua
1787 256 1992 289 representat
2002 249 2092 291 plau-

1118 300 1222 325 strum
1234 302 1296 324 seu
1309 302 1452 328 currum,
1462 297 1493 322 ct
1504 292 1535 322 in
1546 291 1821 332 modumplaustri
1843 293 2088 334 circumagitur.

1204 343 1253 375 Fit
1283 344 1380 375 etiam
1409 343 1528 374 mentio
1559 344 1590 373 in
1620 343 1789 384 prophetis
1813 343 1965 384 Hesperi,
1996 353 2093 385 quem

1118 392 1241 419 vocant
1253 387 1396 418 Hebraei
1414 387 1515 417 ,lescle
1531 396 1550 416 a
1569 384 1697 426 fulgore
1712 386 1831 417 Graeci
1851 387 1927 417 inde
1945 395 2093 427 sumpse-

1118 441 1193 462 runt
1222 440 1339 461 vocem
1368 428 1438 464 ἕως.
1483 428 1592 460 Latini
1626 427 1794 459 luciferum
1830 438 1961 470 quoque
1993 430 2094 460 nomi-

1119 479 1209 512 nant,
1231 473 1308 514 quia
1327 471 1459 503 adducit
1477 481 1640 510 auroram,
1665 480 1723 502 seu
1741 478 1869 513 tempus
1888 473 2091 504 matutinum.

1205 523 1275 555 Has
1298 521 1536 565 appellationes
1560 528 1591 553 et
1615 532 1726 553 earum
1744 522 1972 564 Etymologias
1997 522 2093 555 dulce

1118 573 1168 599 est
1198 567 1427 603 considerare,
1456 565 1652 606 praesertim
1680 565 1736 602 iis,
1765 565 1819 607 qui
1848 565 1977 597 discunt
2005 567 2094 597 initia

1117 610 1362 684 :Asgonfmiaffi
1386 618 1471 650 quae
1495 615 1546 640 est
1569 608 1793 649 antiquissima
1813 608 1973 647 doctrina,
1996 609 2093 639 etiam

1116 664 1148 684 m
1197 663 1235 685 cc
1251 662 1330 684 esra.

1288 808 1440 862 Scopas
1474 806 1687 848 Concionis
1720 806 1923 861 Stephani.

1203 900 1271 931 Sed
1304 899 1404 931 redeo
1445 900 1488 930 ad
1523 904 1645 929 statum
1674 896 1886 939 principalem
1922 898 2092 929 concionis

1117 943 1287 984 Stephani,
1311 945 1352 973 ad
1377 951 1472 983 quem
1495 942 1590 972 etiam
1614 941 1678 972 hoc
1702 941 1854 981 pertinet,
1878 942 1965 981 quod
1985 941 2025 972 de
2049 942 2094 971 in-

1118 986 1324 1017 troductione
1352 984 1463 1026 populi
1497 985 1528 1015 in
1564 991 1684 1015 terram
1714 982 1848 1015 Canaan
1883 984 1976 1021 dicit,
2009 993 2094 1025 quae

1117 1027 1205 1060 facta
1229 1034 1278 1060 est
1301 1029 1363 1059 sub
1386 1028 1500 1065 Iosua,
1523 1026 1603 1058 Item
1626 1027 1667 1058 de
1690 1037 1794 1069 regno
1819 1026 1975 1065 Davidis,
1999 1034 2029 1057 et
2054 1027 2094 1058 de

1117 1071 1239 1113 templo
1263 1070 1462 1103 Salomonis.

1202 1122 1277 1154 Fuit
1310 1132 1463 1164 magnum
1499 1120 1709 1157 beneficium,
1749 1121 1836 1161 quod
1869 1119 1964 1151 Deus
1999 1121 2094 1151 annis

1119 1165 1202 1197 1500
1227 1171 1349 1196 certam
1373 1165 1486 1196 sedem
1509 1165 1621 1195 tribuit
1643 1164 1697 1194 isti
1721 1161 1860 1204 popuIO,
1886 1169 1917 1194 et
1941 1164 2027 1205 quod
2052 1173 2093 1194 ex

1117 1219 1157 1242 eo
1187 1207 1323 1250 collegit
1352 1208 1414 1239 sibi
1443 1206 1629 1239 Ecclesiam
1659 1212 1707 1237 tot.
1731 1205 1870 1243 seculis,
1900 1206 2001 1244 Quia,
2033 1208 2094 1237 etsi

1116 1262 1235 1293 magna
1258 1250 1318 1282 fuit
1337 1250 1487 1282 confusio
1506 1249 1680 1287 malorum,
1704 1249 1800 1280 etiam
1824 1249 1856 1279 in
1875 1249 1939 1279 isto
1959 1248 2094 1290 populo,

1117 1301 1224 1326 tamen
1244 1303 1375 1335 semper
1397 1293 1441 1324 ibi
1463 1291 1597 1324 filerunt
1619 1291 1719 1334 aliqui
1743 1291 1854 1323 electi:
1885 1292 1972 1324 sicut
1995 1303 2094 1330 nnnc,

1117 1337 1181 1369 Ubi
1211 1343 1262 1369 est
1293 1337 1505 1367 ministerium
1537 1335 1706 1366 doctrinae
1728 1333 1918 1377 Evangelii,
1953 1345 2019 1365 non
2042 1341 2094 1365 est

1116 1380 1347 1418 dubitandum,
1371 1380 1449 1421 quin
1472 1379 1537 1410 sint
1560 1377 1654 1410 electi
1677 1376 1793 1419 aliqui,
1816 1379 1879 1410 etsi
1901 1376 1993 1408 multi
2016 1377 2093 1409 mali

1117 1430 1193 1455 sunt
1211 1423 1310 1454 mixti.

1203 1474 1377 1515 Nunquam
1394 1479 1503 1504 autem
1521 1481 1659 1512 prorsus
1679 1471 1789 1512 quieta
1806 1470 1868 1502 fuit
1888 1470 2002 1512 politia
2025 1471 2093 1510 illa,

1117 1517 1188 1549 sive
1207 1522 1301 1554 ante,
1325 1517 1396 1547 sive
1418 1521 1495 1557 post
1512 1515 1695 1546 Davidem?
1727 1514 1770 1545 Et
1797 1520 1933 1555 propter
1955 1521 2093 1555 peccata

1117 1558 1228 1602 populi
1258 1559 1402 1590 subinde
1430 1556 1562 1590 suerunt
1591 1558 1701 1588 variae
1731 1557 1834 1588 vices.
1879 1556 1957 1588 Inde
1985 1558 2094 1598 sequi-

1118 1609 1187 1641 tur,
1216 1602 1303 1633 hanc
1326 1600 1473 1643 politiam
1492 1611 1558 1632 non
1581 1610 1657 1632 esse
1677 1598 1892 1641 principalem
1910 1599 2093 1631 haeredita-

1118 1652 1183 1677 tem
1205 1645 1401 1686 promissam
1424 1644 1585 1685 patribus,
1609 1643 1673 1675 Sed
1695 1649 1824 1673 restare
1843 1642 1954 1680 aliam,
1977 1643 2007 1674 in
2028 1653 2094 1684 qua

1117 1698 1184 1719 non
1207 1693 1400 1730 grassentur
1427 1693 1583 1728 peccata,
1615 1692 1646 1717 et
1670 1692 1806 1727 propter
1833 1691 1971 1726 peccata
1999 1685 2093 1716 dissi-

1140 1731 1279 1762 ationes.
1326 1728 1393 1761 lllis
1416 1729 1593 1770 postremis
1617 1729 1836 1770 temporibuS,
1864 1728 2015 1759 abductis
2039 1729 2092 1759 dc-

1119 1784 1190 1805 cem
1219 1774 1388 1811 tribubus,
1416 1771 1564 1814 reliquae
1591 1777 1685 1803 erant
1712 1772 1797 1802 duae
1825 1776 1948 1802 tantum
1976 1772 2093 1808 tribus,

1119 1822 1151 1848 et
1174 1816 1304 1858 quidem
1327 1825 1508 1857 oppressae
1528 1815 1699 1846 servitute.
1735 1813 1815 1844 Vult
1838 1813 1937 1856 igitur
1956 1813 2094 1855 intelligi

1118 1859 1323 1901 StephanuS,
1353 1858 1531 1890 desituram
1551 1868 1627 1889 csse
1649 1857 1737 1889 hanc
1756 1855 1920 1898 politiam,
1950 1863 1981 1888 et
2005 1857 2094 1888 hunc

1117 1903 1214 1933 finem
1237 1900 1369 1942 politiae
1392 1912 1456 1933 non
1476 1911 1625 1943 pugnare
1644 1911 1715 1932 cum
1734 1900 1955 1941 promissione
1973 1899 2093 1931 tradita

1117 1946 1277 1987 patribus.

1203 1995 1287 2031 Quia
1307 2006 1387 2027 vero
1406 2005 1513 2036 neque
1531 2001 1606 2026 ante
1625 1993 1755 2026 moisen
1775 1994 1960 2025 habuerunt
1989 1993 2092 2024 Israe—

1116 2038 1194 2070 litae
1220 2037 1488 2076 tabernaculum,
1516 2047 1621 2079 neque
1651 2043 1728 2068 ante
1756 2035 1983 2075 Salomonem,
2015 2042 2094 2067 tem-

1116 2081 1225 2123 plum,
1255 2082 1400 2113 ostendit
1423 2080 1532 2113 cultus
1551 2091 1682 2122 quoque
1705 2079 1800 2117 illos,
1832 2080 1950 2120 quibus
1981 2079 2094 2110 effere·

1118 2127 1197 2157 bant
1225 2134 1280 2162 se,
1308 2134 1374 2155 non
1404 2134 1481 2156 esse
1511 2122 1730 2165 principales:
1767 2123 1851 2158 Quia
1881 2121 2006 2160 cultus,
2038 2121 2093 2162 qui

1116 2178 1182 2199 non
1206 2173 1257 2199 est
1276 2174 1466 2208 perpetuus,
1489 2177 1555 2198 non
1579 2172 1689 2207 potest
1707 2176 1783 2196 esse
1803 2163 2001 2206 principalis.
2037 2164 2093 2194 Isti

1116 2216 1224 2242 autem
1248 2209 1356 2242 cultus
1378 2221 1445 2242 non
1468 2208 1599 2241 fuerunt
1621 2210 1662 2240 ab
1687 2209 1787 2240 initio.
1836 2207 2010 2243 Quomodo
2035 2207 2093 2248 igi-

1117 2260 1168 2285 tur
1191 2259 1331 2294 possunt
1356 2252 1554 2295 principales
1578 2251 1686 2283 cultus
1710 2251 1810 2283 esse‘.e

1202 2303 1295 2336 Haec
1319 2305 1403 2336 bene
1425 2304 1637 2335 observanda
1659 2309 1747 2340 sunt,
1771 2307 1807 2332 ut
1829 2301 1992 2339 sciamus,
2016 2300 2093 2342 quid

1116 2346 1195 2378 velit
1210 2347 1412 2387 Stephanus,
1437 2357 1502 2388 quo
1522 2347 1633 2378 tendat.
1651 2347 1682 2376 in
1701 2345 1765 2376 hac
1784 2351 1849 2375 tam
1866 2342 1997 2383 prolixa
2015 2353 2093 2374 con-

1116 2391 1224 2422 cione.
1258 2389 1452 2431 Respondet
1470 2390 1555 2421 enim
1573 2389 1615 2420 ad
1630 2388 1764 2419 crimina
1783 2387 1846 2418 sibi
1865 2386 2004 2417 obiecta.
2038 2386 2094 2418 Ait

1116 2443 1153 2465 se
1176 2432 1360 2471 affirmare,
1390 2433 1480 2474 quod
1509 2433 1572 2464 ista
1595 2432 1741 2463 desitura
1765 2430 1848 2467 sint,
1876 2438 2030 2472 regnum,
2060 2435 2093 2460 et

1117 2475 1226 2508 cultus
1250 2481 1462 2516 praesentes:
1497 2475 1538 2506 Et
1567 2482 1674 2505 tamen
1703 2472 1789 2505 banc
1813 2472 2093 2503 asseverationem

1116 2529 1181 2551 non
1208 2527 1286 2549 esse
1318 2518 1515 2549 contrariam
1543 2518 1645 2548 verbo
1673 2515 1748 2547 Dei.
1800 2515 1867 2546 Iam
1897 2515 2093 2556 apparuisse

1115 2561 1283 2593 Messiam.
1319 2560 1416 2592 Hunc
1434 2559 1521 2591 velle
1544 2559 1651 2591 Deum
1674 2559 1790 2597 audiri,
1812 2559 1878 2590 Per
1899 2557 1987 2589 hunc
2006 2555 2093 2588 velle

1115 2605 1195 2636 dare
1213 2612 1326 2634 veram
1350 2603 1597 2641 haereditatem,
1621 2602 1714 2634 cuius
1737 2602 1853 2634 umbra
1876 2606 2000 2632 tantum
2023 2599 2091 2631 sue-
