2324 2958
141 150 232 195 '63

190 262 225 286 ut
258 265 344 285 nunc
375 261 506 294 quoque
543 251 634 281 multi
675 251 856 290 depravant
890 249 1033 290 [aliorum
1075 251 1191 296 recte!

191 297 275 328 dicta
299 302 329 327 et
353 295 454 331 sacta,
478 300 508 324 et
533 291 693 324 divellunt
715 291 897 324 Ecclesias.
1187 297 1191 336 ς

276 339 305 368 Α
329 336 448 368 talibus
461 334 654 366 Schismatis
669 345 785 366 omnes
803 335 924 366 debent
944 334 1010 365 sibi
1034 341 1163 363 cavere.

188 380 264 412 Non
287 380 413 421 cogites
426 378 576 409 virtutem
600 387 676 408 esse
693 375 894 414 tumultuari,
918 382 948 407 et
967 374 1164 410 disturbare,

190 431 406 464 quaecunque
452 425 542 450 recte
576 421 754 451 constituta
793 426 880 450 sunt.
939 413 1162 449 Iurisconsulti

190 466 311 501 dicunt,
336 462 423 505 quod
448 472 513 492 non
537 462 579 492 sit
602 461 758 493 mutanda
781 460 845 499 lex,
876 460 936 491 nisi
960 460 1001 489 sit
1026 459 1162 488 evidens

190 505 322 538 utilitas.
368 505 415 535 lta
437 514 504 535 non
538 511 588 534 est
612 503 796 535 faciendum
831 502 993 538 schisma,
1024 501 1085 530 nisi
1121 500 1159 530 sit

189 548 325 580 evidens
349 547 485 583 veritas,
509 553 645 588 propter
669 556 764 587 quam
794 546 837 575 sit
860 542 1094 576 discedendum
1119 543 1160 572 ab

189 590 273 622 aliis.
319 589 382 624 Qui
406 589 477 619 sine
496 589 580 620 iusta
605 599 706 619 causa
729 587 804 619 facit
830 587 983 623 schisma,
1015 590 1065 615 est
1088 594 1158 625 par-

189 633 290 663 ricida
323 630 506 662 Ecclesiae.
562 631 734 661 Adversus
768 629 884 661 hostes
914 629 1017 658 simus
1050 627 1161 658 intenti

188 681 221 705 et
243 672 429 716 vigilantes.
476 672 610 704 Civibus
634 678 741 703 autem
761 677 891 713 oportet
905 669 1066 711 quaedam
1083 679 1161 700 con-

189 717 324 754 donari,
360 716 443 747 sicut
469 715 619 747 Christus
646 714 773 750 {Mattln
801 714 861 750 10.1
893 718 1016 744 monet:
1051 711 1163 743 Estote

187 759 364 800 prudentes
387 760 468 789 sicut
491 762 665 798 swpentes,
689 761 718 787 et
737 757 895 796 simplices
914 756 995 785 sicut
1013 754 1160 785 columbe.

189 800 347 833 Columba
366 807 416 831 est
435 801 505 831 sine
528 799 612 831 selle.
658 799 705 829 lta
724 797 792 829 vult
822 808 884 828 nos
903 807 980 829 esse
1000 797 1161 828 candidos

188 845 261 875 aine
295 842 543 879 malevolentia,
584 848 616 872 et
650 841 721 872 sine
754 841 935 871 acerbitate
967 839 1160 871 animorum.

189 886 343 917 Nominat
367 884 618 926 simplicitatem,
643 893 707 913 non
731 881 961 919 stoliditatem,
994 882 1055 913 sed
1085 891 1161 913 can-

188 929 318 965 dorem,
350 926 624 963 benevolentiam,
646 925 787 956 studium
808 924 1006 956 concordiae
1028 930 1061 956 et
1084 934 1161 956 con-

187 970 387 1001 sociationis.
433 969 560 1000 Deinde
591 968 654 999 duo
689 973 764 998 sunt
798 967 930 1008 propria
958 972 1160 1008 serpentum.

188 1013 334 1053 Serpens
357 1020 407 1043 est
431 1011 640 1043 cautissimus
663 1011 694 1041 in
715 1010 857 1052 tegendo
882 1009 1002 1050 capite:
1027 1011 1076 1041 sic
1098 1020 1161 1041 nos

187 1056 345 1086 debemus
379 1064 454 1085 esse
478 1052 652 1096 vigilantes
681 1054 712 1083 in
742 1052 956 1083 custodiendo
981 1053 1100 1093 capite,
1129 1053 1160 1084 id

189 1104 248 1135 est,
273 1098 302 1128 in
318 1095 492 1137 Principali
517 1096 675 1127 doctrina.
721 1094 850 1126 Deinde
874 1105 947 1126 cum
972 1093 1085 1127 laesus
1108 1101 1161 1126 est

187 1150 337 1181 serpenS,
361 1139 483 1170 etiamsi
507 1137 596 1170 multi
620 1136 715 1168 simul
739 1143 826 1175 sunt,
850 1144 958 1168 tamen
981 1138 1072 1169 novit
1101 1137 1160 1169 ho-

188 1189 270 1213 stem
293 1192 399 1219 suum,
425 1188 455 1212 et
475 1181 598 1212 invadit
621 1190 711 1218 euni,
747 1181 801 1221 qui
825 1180 932 1220 ipsum
958 1178 1065 1211 laesit.
1112 1180 1160 1212 lta

187 1226 342 1256 debemus
367 1234 441 1255 esse
463 1223 574 1254 intenti
598 1223 629 1254 in
653 1223 778 1253 hostes.
823 1221 931 1254 Aliter
956 1232 1056 1265 agere
1086 1233 1159 1255 cum

186 1267 401 1302 adversariis,
434 1267 487 1307 qui
516 1267 669 1297 abiiciunt
700 1264 944 1297 fundamentum
973 1275 1074 1297 verae
1105 1266 1161 1297 do-

186 1311 321 1346 ctrinae,
345 1308 438 1340 aliter
457 1319 528 1339 cum
552 1309 678 1340 civibus
703 1308 849 1339 ciusdem
872 1307 1055 1340 Ecclesiae.

270 1351 362 1383 llaec
385 1358 558 1392 propterea
587 1351 650 1382 dixi
679 1358 744 1382 tam
765 1351 919 1392 copiose,
956 1351 1032 1393 quia
1049 1351 1081 1382 in
1106 1361 1160 1383 ex-

185 1395 356 1425 cusatione
380 1393 578 1431 schismatis,
602 1395 690 1435 quod
713 1394 876 1425 obiectum
896 1400 947 1425 est
966 1394 1097 1432 loanni,
1128 1400 1160 1425 et

184 1440 270 1478 quod
294 1435 391 1468 hodie
410 1437 504 1467 nobis
519 1437 681 1475 obiicitur,
706 1442 879 1477 utrumque
892 1442 942 1468 est
961 1437 1160 1474 docendum,

184 1480 237 1510 ubi
262 1480 326 1510 sint
350 1478 500 1510 iacienda
520 1478 719 1517 schismata,
752 1480 806 1510 ubi
832 1489 914 1510 non:
954 1478 995 1511 Et
1022 1480 1097 1521 quia
1127 1479 1159 1510 in

183 1521 246 1552 hac
269 1521 408 1566 ἀναρχίᾳ,
433 1532 516 1563 quae
540 1532 626 1553 nnnc
640 1523 764 1563 passim
783 1527 912 1564 regnat,
935 1521 1032 1553 valde
1046 1531 1160 1553 neces·
1183 1506 1188 1546 Ι

184 1564 271 1595 saria
290 1571 340 1595 est
369 1563 451 1595 haec
483 1565 756 1596 commonesactio
786 1564 827 1608 de
855 1565 995 1596 amanda
1025 1566 1159 1596 coniun-
1186 1565 1188 1590 f

185 1606 291 1637 ctione
311 1617 382 1637 cum
409 1617 486 1637 iera
509 1606 674 1645 Ecclesia,
698 1613 729 1638 et
754 1608 840 1648 quod
860 1617 926 1638 non
946 1608 989 1638 sit
1008 1606 1161 1639 facienda
1185 1623 1188 1633 ·

184 1649 345 1680 discessio
368 1650 438 1680 sine
458 1651 549 1691 gravi
575 1660 696 1688 causa,
725 1651 809 1681 sicut
833 1649 925 1681 multi
948 1650 1012 1681 iam
1035 1656 1160 1691 putant,
1185 1649 1187 1681 j

183 1702 295 1733 pamm
320 1690 462 1730 referre,
493 1693 520 1722 si
545 1691 665 1723 saciant
693 1693 950 1724 disturbationes
981 1700 1013 1724 et
1044 1693 1160 1724 distra-
1185 1694 1187 1730 ί

183 1735 309 1765 ctiones
329 1735 359 1765 in
384 1734 545 1765 Ecclesiis
569 1733 797 1776 lix-angelicis,
821 1736 939 1776 quibus
962 1742 1160 1777 praetexunt
1185 1731 1188 1773 i

185 1776 359 1808 dissimiles
373 1787 511 1808 causas:
536 1784 570 1808 ut
591 1778 722 1809 dicitur:
750 1779 908 1819 Quamque
931 1789 1009 1810 suae
1025 1780 1160 1820 rapiunt
1185 1778 1188 1799 ἓ

185 1821 342 1850 ecelrratn
367 1821 397 1849 ιή
421 1821 549 1861 praelia
575 1831 702 1851 causac.
1185 1820 1187 1829 '

270 1863 445 1894 Secundus
471 1862 562 1893 locus
588 1869 638 1893 est
669 1864 708 1894 de
738 1864 946 1896 distinctione
976 1865 1159 1896 vocationis
1184 1877 1187 1903 ι

208 1905 398 1946 ropheticne
428 1906 458 1936 in
495 1906 596 1936 veteri
630 1905 865 1937 Testamento:
910 1913 940 1938 et
976 1908 1185 1939 vocationis*

214 1948 352 1988 aptistae
386 1947 573 1980 inchoantis
607 1949 839 1987 ministerium,
873 1951 962 1991 quod
997 1956 1047 1980 est
1082 1927 1186 2000 novi}

182 1989 384 2032 Testamenti
409 1992 584 2032 proprium.
632 1991 803 2026 Quaerunt
831 1991 929 2034 legati
954 2003 993 2023 ex
1019 1993 1157 2024 loanne:
1183 2003 1185 2031 ⁴,

186 2032 232 2063 Tu
266 2035 336 2074 qm's
370 2035 426 2064 cs?
472 2034 745 2064 E.smt'l1re·sn1.s·?
786 2034 976 2076 Respondet
1001 2035 1157 2067 loannes:
1184 2033 1185 2067 l

183 2075 255 2106 Non
279 2087 357 2106 mm.
406 2076 487 2106 liam·
517 2077 632 2107 lilius?
679 2078 853 2118 respondet
890 2079 1019 2110 iterum:
1084 2079 1158 2110 Non

181 2129 246 2149 sum
277 2119 375 2149 Elam.
432 2119 556 2150 Contra
591 2118 741 2151 christus
782 2131 939 2160 expresse
974 2122 1050 2152 dicit
1085 2132 1185 2167 eum¹

180 2171 256 2192 esse
298 2160 412 2193 filiam.
475 2162 652 2197 Quomodo
690 2163 772 2193 haec
814 2170 888 2193 sunt
930 2164 1159 2196 concilianda?
1184 2174 1185 2191 ¹

182 2203 320 2235 loannes
341 2215 405 2235 non
427 2203 529 2241 Elias,
553 2206 583 2235 id
609 2212 671 2241 est,
697 2216 838 2245 persona
863 2205 917 2237 illa
942 2206 1033 2238 Eliae
1056 2207 1158 2238 'rhos-

182 2247 279 2283 bhae,
302 2247 356 2288 qui
381 2247 461 2278 vixit
484 2249 546 2279 suh
569 2247 658 2287 Rege
684 2247 812 2285 Achab,
835 2255 865 2279 ot
889 2250 983 2280 vivus
1006 2249 1158 2282 sublatus

180 2296 230 2320 est
254 2290 285 2320 in
306 2288 447 2327 coelum,
471 2291 529 2321 sed
545 2290 697 2321 (hristus
712 2291 862 2322 ¹oannem
883 2293 1023 2324 nominat
1040 2292 1156 2331 Elium,

180 2330 307 2363 scilicet
346 2337 392 2366 t'ut
425 2331 564 2374 angelus
594 2340 692 2364 antcn
721 2334 760 2364 ad
789 2333 980 2365 Zachariam
1016 2337 1156 2372 dixerat)

203 2375 255 2405 uia
290 2377 509 2415 praecedi-hot
549 2376 705 2407 Messinm
742 2377 772 2406 in
813 2377 925 2416 spiritu
966 2385 995 2409 et
1039 2380 1156 2410 virtute

197 2416 291 2455 Hine,
324 2429 387 2448 non
413 2421 496 2450 sicut
534 2419 641 2450 ludaei
680 2418 848 2455 volebant,
883 2421 935 2460 qni
972 2422 1155 2453 restitueret

178 2460 259 2500 ipsis
281 2470 434 2501 regnum,
469 2468 522 2492 nut
559 2461 684 2493 iaceret
718 2462 926 2494 mutationem
946 2469 1051 2494 status
1076 2464 1155 2506 poli·
1181 2482 1183 2497 ι

178 2503 257 2540 tici,
290 2504 348 2534 sed
396 2505 483 2545 qnod
523 2505 563 2535 nd
609 2504 823 2536 ministerium
859 2505 998 2536 docendi
1032 2506 1183 2539 animis

179 2545 318 2576 loannes
343 2548 471 2578 tradidit
496 2548 611 2578 eodem
636 2548 773 2588 spiritu,
809 2557 866 2578 scu
892 2547 985 2579 simili
1010 2557 1097 2580 motu
1123 2558 1154 2581 ct

177 2588 297 2630 impetu
321 2590 463 2631 Spiritus
487 2591 591 2621 sancti
616 2601 727 2622 veram
754 2591 949 2629 doctrinam,
973 2591 1153 2624 declaravit

822 157 931 189 Pffll..
954 156 1057 188 MEL.
1082 153 1266 187 semp’rA
1289 151 1554 184 EXEGETICA.

1184 1835 1186 1847 ;
1213 1807 1278 1840 alii.

2143 155 2186 188 64

1215 245 1333 288 legem,
1356 245 1499 277 ostendit
1520 245 1694 285 Messiam,
1727 248 1835 288 arguit
1858 253 1890 278 et
1912 245 2065 279 refutavit
2087 247 2188 280 idolo-

1214 287 1341 326 latrias,
1372 294 1405 319 et
1427 288 1597 329 opiniones
1620 289 1845 330 pharisaicas,
1880 290 1967 321 sicut
1997 288 2073 321 olim
2096 289 2187 322 Elias

1215 331 1339 373 ingenti
1369 331 1489 363 ardore
1518 332 1658 372 Spiritus
1692 332 1884 404 repurpavit
1916 330 2122 371 Ecclesiam,
2156 340 2190 365 et

1214 373 1376 405 acerrime
1398 373 1550 405 invectus
1573 380 1624 405 est
1647 375 1679 405 in
1702 372 1792 405 idolo
1807 374 1934 405 atriarn.

1300 423 1448 466 Pergunt
1469 430 1578 456 autem
1611 434 1787 466 quaerere:
1822 425 1906 456 Esne
1926 425 2108 466 propheta?
2140 435 2190 458 re-

1213 467 1377 508 spondet:
1423 466 1499 498 Non
1539 476 1616 498 sum.
1682 466 1830 508 Respicit
1862 468 1904 499 ad
1939 468 2190 510 imaginationes

1214 510 1372 550 ipsorum,
1396 509 1451 550 qui
1474 510 1683 541 somniabant
1701 509 1799 541 talem
1822 508 2040 551 prophetam,
2077 511 2132 552 qui
2156 517 2189 542 et

1214 553 1365 590 doceret,
1399 557 1431 582 et
1453 557 1542 583 esset
1578 553 1780 594 gubernator
1802 551 1973 593 politicus,
2003 553 2096 585 Sicut
2128 553 2189 585 Sa-

1213 593 1301 625 muel
1326 604 1400 624 cum
1425 600 1513 625 esset
1538 601 1652 636 erepta
1674 605 1768 633 arca,
1802 595 1906 626 erexit
1929 605 2044 627 rursus
2068 602 2190 627 statum

1214 635 1382 677 polit=cum
1405 642 1437 667 et
1459 635 1732 669 Ecclesiasticum
1753 636 1949 678 collapsum,
1968 643 2000 669 ct
2021 637 2075 669 alii
2097 637 2190 670 multi

1213 677 1395 720 prophetae
1427 677 1579 711 fecerunt
1612 681 1810 712 mutationes
1838 682 1870 711 in
1904 680 2028 722 regnis.
2077 679 2190 712 Talem

1214 719 1261 752 illi
1295 721 1505 753 somniabant
1536 721 1748 763 prophetam,
1782 723 1836 764 qui
1865 723 2023 764 inciperet
2055 732 2190 755 movere

1214 763 1372 795 tumultus
1395 769 1427 794 et
1456 762 1583 795 faceret
1604 766 1891 807 praeparationem
1921 766 1963 796 ad
1987 775 2109 797 novum
2140 775 2190 797 re-

1214 817 1313 848 gnum
1344 805 1500 837 messiae.
1557 806 1750 838 Sentiebant
1783 807 1904 850 aliquid
1927 808 2003 838 novi
2027 806 2190 839 facturum

1212 858 1290 880 esse
1323 848 1500 886 Mes-siam,
1541 854 1573 879 et
1610 849 1806 891 prophetam
1851 851 1905 892 qui
1950 860 2190 892 praecessurus

1214 898 1315 929 esset,
1338 891 1566 923 inchoaturum
1590 901 1667 922 esse
1690 892 1779 924 initia
1801 894 2026 924 mutationum.

1301 941 1481 974 Zacharias
1511 942 1543 973 in
1567 940 1705 973 Cantico
1736 943 1831 982 dicit,
1865 946 2012 975 Ioannem
2041 942 2191 984 futurum

1213 995 1281 1016 esse
1303 985 1503 1026 prophetam.
1551 984 1626 1015 Sed'
1641 984 1705 1016 hoc
1727 995 1793 1017 non
1827 985 1977 1028 intelligit
2007 987 2047 1018 de
2071 988 2190 1029 guber-

1211 1033 1328 1059 natore
1351 1026 1503 1069 politico,
1538 1028 1598 1058 sed
1622 1027 1663 1059 de
1687 1027 1825 1059 doctore
1846 1029 1931 1059 inter
1955 1035 2081 1060 retante
2110 1030 2190 1060 scri-

1212 1077 1351 1112 pturam,
1376 1076 1407 1102 et
1424 1070 1635 1112 praedicente
1658 1068 1768 1112 aliqua
1790 1069 1912 1110 sutura,
1961 1072 2027 1109 icut
2051 1071 2191 1103 loannes

1211 1113 1373 1155 praedixit
1395 1113 1493 1144 finem
1517 1111 1589 1144 sore
1614 1111 1700 1145 illius
1724 1112 1876 1145 Politiae‘.

1298 1168 1359 1200 Hic
1383 1168 1612 1200 consideretur
1631 1169 1808 1200 discrimen
1832 1169 1918 1200 inter
1936 1168 2135 1210 Prophetiam
2157 1170 2191 1201 in

1211 1210 1335 1253 populo
1359 1210 1539 1243 Israelitico
1564 1221 1623 1242 seu
1646 1212 1769 1243 veteris
1799 1210 2018 1250 Testamenti,
2048 1218 2081 1244 et
2107 1213 2192 1244 inter

1212 1253 1410 1295 Prophetam
1433 1254 1510 1286 novi
1533 1253 1749 1290 Testamenti,
1772 1259 1806 1286 ut
1830 1265 1903 1286 cum
1923 1253 2046 1286 Paulus
2070 1255 2189 1295 inquit:

1213 1295 1300 1328 Volo
1323 1306 1439 1328 omnes
1458 1297 1670 1338 prophetare.
1716 1296 1810 1329 Item:
1840 1295 1951 1328 Nolite
1981 1303 2192 1329 contemnere

1211 1340 1414 1381 prophetias.
1461 1339 1698 1370 consideretur
1720 1340 1796 1370 item
1817 1339 1992 1371 discrimen
2006 1339 2191 1372 Doctorum

1212 1383 1289 1413 novi
1311 1381 1524 1413 Testamenti.
1580 1381 1747 1423 Propheta
1776 1382 1808 1412 in
1841 1383 1944 1413 veteri
1977 1382 2190 1414 Testamento

1213 1430 1264 1456 est
1282 1434 1426 1466 persona
1449 1424 1635 1455 immediate
1665 1430 1785 1456 vocata
1802 1435 1822 1455 a
1845 1423 1916 1456 Deo
1941 1425 1982 1456 ad
2008 1425 2192 1457 docendam

1212 1466 1321 1509 legem
1345 1472 1377 1498 et
1400 1464 1629 1498 illustrandam
1662 1467 1913 1508 promissionem
1944 1468 1985 1499 de
2007 1467 2131 1500 Messio
2159 1474 2191 1499 et

1213 1511 1255 1541 ad
1278 1516 1405 1550 partem
1429 1508 1571 1551 aliquam
1595 1510 1844 1550 gubernationis
1869 1508 2034 1550 politicae,
2061 1510 2190 1542 habens

1213 1552 1432 1584 testimonium
1457 1552 1544 1593 quod
1568 1562 1634 1583 non
1658 1558 1755 1584 erret.
1808 1552 1854 1583 lta
1884 1551 2012 1584 moises
2048 1551 2107 1584 suit
2130 1563 2189 1595 gu·

1186 1601 1187 1607 ¹
1214 1597 1370 1626 bernator
1394 1593 1564 1632 Peliacus,
1593 1601 1820 1636 praeterquam
1843 1595 1930 1636 quod
1962 1594 2019 1626 suit
2052 1594 2187 1627 Doctor.

1214 1638 1292 1669 item
1327 1637 1478 1675 Samuel,
1512 1635 1621 1675 Elias,
1654 1637 1828 1675 Elisaeus,
1863 1637 1993 1675 Esaias,
2024 1637 2189 1677 ieremias,

1213 1679 1346 1718 Daniel,
1370 1680 1569 1723 Haggaeus,
1597 1678 1729 1712 suerunt
1757 1679 1810 1711 vel
1840 1682 2081 1723 gubernatores
2105 1679 2189 1721 poli-

1213 1725 1287 1761 tici,
1328 1721 1381 1755 vel
1416 1722 1595 1755 consiliarii
1629 1723 1660 1754 in
1691 1724 1803 1765 regnis
1839 1730 1870 1754 et
1901 1722 2015 1764 politia
2048 1724 2190 1762 Iudaica,

1213 1765 1283 1797 Etsi
1307 1765 1360 1797 alii
1379 1767 1556 1797 maioribus
1577 1767 1718 1807 negotiis
1741 1767 1893 1807 occupati
1918 1765 2061 1804 suerunt,
2091 1777 2189 1808 quam

1334 1807 1447 1840 Talem
1478 1807 1669 1850 prophetam
1705 1808 1861 1840 volebant
1886 1808 2013 1846 ludaei,
2071 1810 2102 1840 ui
2128 1810 2190 1841 iret

1212 1851 1369 1889 Romam,
1399 1858 1431 1883 et
1466 1858 1629 1882 everteret
1662 1853 1792 1883 domum
1827 1820 2189 1892 imperatorisql'iberii,

1212 1895 1252 1925 1⁴31
1282 1895 1413 1926 domitis
1445 1894 1626 1925 Provinciis
1658 1895 1866 1926 distribueret
1903 1894 2073 1935 imperium
2107 1895 2190 1926 inter

1212 1937 1363 1969 ludaeos.
1447 1943 1454 1946 “

1299 1993 1485 2034 Prophetae
1513 1993 1545 2023 in
1574 2003 1662 2023 novo
1690 1992 1902 2024 Testamento
1929 2001 2002 2024 sunt
2033 1994 2189 2034 iuterpre-

1213 2044 1263 2067 tes
1282 2037 1470 2076 Scripturae
1494 2045 1627 2072 sactae,
1663 2042 1693 2066 et
1719 2045 1790 2066 eam
1820 2037 2111 2067 accommodantes
2146 2035 2189 2067 ad

1211 2090 1306 2111 usum
1331 2077 1516 2113 Ecclesiae,
1545 2085 1575 2109 et
1607 2079 1814 2119 corrigentes
1844 2079 1982 2109 vitiosas
2001 2078 2187 2120 opiniones.

1212 2121 1335 2154 Horum
1360 2120 1458 2162 aliqui
1478 2122 1573 2152 etium
1600 2122 1831 2162 praedixerunt
1857 2120 1976 2154 sutura.
2002 2129 2033 2152 ut
2049 2121 2188 2162 Agabus

1211 2166 1242 2196 in
1266 2165 1371 2196 Actis.
1428 2164 1536 2195 fredo
1563 2163 1715 2195 loannem
1750 2163 1866 2195 Hilden
1902 2163 2058 2195 habuisse
2087 2164 2187 2205 Spiri-

1212 2215 1278 2239 tum
1314 2206 1522 2248 Proshetiae.
1580 2207 1650 2238 Fuit
1686 2208 1717 2237 in
1753 2208 1954 2238 monasterio
1987 2206 2187 2247 Magdebur-

1211 2251 1306 2292 gensi
1330 2250 1565 2285 Francis-cano,
1590 2256 1619 2280 et
1646 2249 1846 2286 lscnacensi,
1865 2250 1919 2281 ubi
1943 2248 2070 2291 reliquit
2094 2259 2186 2290 prae-

1212 2294 1370 2325 dictiones
1395 2303 1456 2324 sua
1480 2304 1575 2324 mann
1604 2294 1747 2334 scriptas
1777 2293 1808 2323 in
1832 2292 2016 2324 Danielem.
2048 2299 2079 2324 et
2103 2293 2187 2323 inter

1211 2342 1343 2367 caetera
1364 2336 1458 2367 dicit:
1498 2338 1588 2366 :imm
1611 2339 1696 2368 1516.
1732 2337 1862 2376 incipiet
1885 2346 1967 2366 not-n
1992 2336 2187 2375 reformatio

1213 2379 1365 2410 Ecclesia.
1411 2378 1543 2410 Scimus
1567 2385 1674 2409 auten:
1698 2389 1774 2409 mox
1805 2380 1954 2419 sequenti
1979 2389 2066 2410 nnno
2093 2378 2184 2409 1517.

1211 2423 1363 2463 coepisse
1388 2421 1566 2453 Luthenim
1586 2422 1732 2453 scribere
1757 2428 1870 2452 contra
1886 2421 2053 2462 l’npntum.
2100 2421 2186 2452 idem

1212 2465 1350 2496 loannes
1386 2463 1503 2495 llilden
1539 2466 1635 2495 etiam
1677 2464 1740 2495 hoc
1774 2465 1923 2505 scripsit:
1966 2466 2058 2495 Anno
2087 2467 2184 2496 1600.

1213 2508 1312 2539 'l'nrce'
1333 2508 1581 2539 dornirnthnntur
1604 2511 1634 2539 t'n
1649 2509 1747 2539 ltalia
1770 2511 1799 2537 rt
1819 2507 2006 2538 Germania.
2047 2506 2182 2538 Etiamsi

1208 2562 1273 2582 non
1298 2551 1404 2582 omnia
1428 2557 1572 2588 teneant,
1596 2557 1704 2582 tamen
1729 2549 1798 2581 fieri
1822 2557 1948 2591 potest,
1975 2557 2008 2581 ut
2028 2560 2180 2592 magnam

1207 2600 1333 2635 partem
1357 2601 1530 2635 occupent.
