2324 2958
227 166 270 198 99
859 162 971 195 Ptin..
994 162 1094 195 MEL.
1118 161 1303 194 SCRIPTA
1325 160 1589 193 EJOEGETICA.

2165 149 2228 199 160

226 260 265 290 rit
300 267 436 300 regnum
470 255 656 297 corporale.
701 255 735 286 ln
769 256 866 288 huius
899 258 996 289 etiam
1029 257 1220 299 agnitione]
1244 255 1469 287 moriendum?
1512 254 1581 287 lmo
1606 266 1679 288 cum
1709 256 1792 288 haec
1815 256 1900 294 vita,
1931 259 2151 298 quamtumvis
2180 261 2227 292 iu-

225 300 442 343 praestandos
465 309 541 330 esse
564 297 671 330 cultus
694 299 890 340 spirituales.

312 343 347 374 ln
369 341 510 384 Epilogo
534 341 634 373 utitur
656 340 844 382 Stephanus
875 341 1058 373 vehementi
1087 341 1195 372 obiur-

1245 297 1369 336 cunda,
1403 303 1511 329 tamen
1539 308 1672 340 semper
1700 298 1799 340 plena
1832 300 1876 330 sit
1905 298 2020 331 multis
2047 300 2160 341 malis,
2193 309 2227 334 et

1244 338 1346 371 multa
1359 341 1503 382 quotidie
1513 342 1678 379 accidant,
1702 351 1787 383 quae
1806 340 1982 381 nollemus,
2005 343 2090 375 sicut
2109 354 2224 377 omnes

227 387 370 423 «ratione,
388 386 419 416 in
439 394 502 426 qua
520 385 665 425 graviter
683 382 803 416 refutat
820 385 957 416 usitatas
977 383 1194 425 gloriationes
1245 383 1414 424 sapientes
1436 385 1588 416 omnibus
1611 385 1815 426 temporibus
1841 392 2108 427 conqueruntur,
2136 386 2226 420 iuxta

240 429 430 460 udaeorinn.
475 427 629 459 Nominat
653 437 713 458 eos
741 429 843 459 durae
869 428 1014 464 cert-icis,
1043 430 1076 457 et
1097 426 1194 457 facir-

223 475 378 503 cumcisos
395 471 543 501 cordibu-s·
559 474 591 502 et
609 471 746 507 auribus,
769 475 802 502 et
817 473 872 510 qui
887 473 1043 501 rem-lant
1058 468 1196 508 Spiritui

223 519 345 546 sancto.
370 512 508 544 Frustra
526 513 625 555 igitur
638 512 864 555 gloriabantur
878 513 918 543 de
934 511 1194 542 circumcisione.

223 555 354 587 Deinde
387 555 566 587 efferebant
603 565 641 587 se
675 554 784 587 ludaei
822 561 955 596 propter
992 551 1194 584 nobilitatem

223 600 366 640 generis,
390 604 422 629 et
445 605 581 639 propter
603 604 725 640 patres,
761 597 947 639 Stephanus
969 596 1024 633 ait,
1047 601 1080 627 et
1095 596 1195 627 maio-

224 651 278 672 res
301 642 465 682 ipsorum,
497 647 527 672 et
558 641 648 682 ipsos
671 651 801 682 quoque
829 649 904 671 esse
931 640 1133 679 degeneres,
1156 644 1196 671 et

224 685 335 715 obiicit
359 684 407 715 eis
430 684 601 725 parricidia
625 682 867 724 prophetarum,
886 687 918 713 et
941 680 1074 718 Christi,
1097 691 1194 723 quem

223 727 369 758 nominat
393 725 526 757 lustum.
572 726 724 767 Denique
748 732 778 757 et
803 723 1031 767 gloriationem
1055 725 1096 755 de
1118 723 1195 765 lege

222 770 302 811 ipsis
322 770 398 801 data
421 769 539 800 reiicit:
594 771 647 801 l'os
668 771 836 809 accepistis
857 768 982 807 quIdem
1003 769 1124 806 leyem,
1147 767 1195 797 in-

223 813 301 854 quit,
320 823 383 853 per
394 814 635 847 ordinationem,
658 821 715 843 sen
727 811 903 842 rm'm'sterio
921 812 1113 848 anyelormn.
1137 808 1194 841 Sic

223 855 307 886 enim
330 856 562 895 interpretatur
586 854 670 885 hanc
699 852 834 894 phrasin
856 850 1005 893 Epistola
1027 853 1069 883 ad
1093 851 1192 883 Hebr.

224 908 296 938 cap.
316 898 348 928 2.
374 899 486 928 Sermo
507 898 586 938 leyt's
608 901 654 928 cst
674 897 817 927 traditus
838 905 898 936 pet·
921 895 1061 936 (11190103.
1101 894 1194 926 Sicut

222 946 254 972 et
273 939 395 972 Paulus
413 940 516 981 inquit
539 938 646 971 Galat.
665 939 695 971 3.
736 939 804 969 Lex
826 939 979 969 ordinata
1009 939 1059 969 rel
1085 938 1194 979 dispo-

222 983 286 1014 sita
315 987 361 1014 est
393 992 454 1023 per
484 983 614 1024 angelos
641 983 673 1013 in
703 991 796 1013 mmm
825 981 1024 1012 mediatoris.
1069 980 1194 1013 Verum

221 1025 305 1056 hanc
327 1027 421 1066 Ieyaevn
445 1035 508 1057 nou
533 1025 769 1062 custodiris-tis,
793 1025 824 1055 id
848 1031 918 1062 est,
942 1034 1008 1055 non
1031 1024 1194 1065 praestiti·

221 1069 282 1099 stis
305 1069 522 1100 obedientiam
547 1069 688 1099 debitam
711 1066 787 1109 legi.
817 1066 886 1098 Lex
909 1073 1029 1104 autem,
1053 1068 1104 1098 cui
1127 1076 1193 1098 non

221 1116 408 1152 praestatur
430 1112 624 1149 obedientia,
647 1121 712 1141 non
735 1109 901 1148 iustificat,
924 1110 984 1141 sed
997 1110 1195 1142 condemnat

220 1154 454 1186 inobedientes.

414 1300 563 1342 Loci
607 1275 993 1342 DOGT'RI'NAE

455 1387 496 1427 in
528 1387 718 1427 concione
751 1386 956 1441 Stephani.

303 1495 399 1526 Nunc
421 1493 516 1526 locos
541 1494 710 1526 doctrinae
732 1504 950 1536 excerpemus
963 1505 1003 1526 es
1018 1495 1192 1534 concione,

218 1545 249 1571 ct
272 1536 427 1580 martyrio
450 1537 619 1579 Stephani.

302 1581 430 1612 Primus
454 1579 548 1612 locus
573 1588 624 1612 est
647 1582 688 1612 de
711 1580 900 1613 discrimine
925 1581 1045 1612 veteris
1065 1588 1097 1612 et
1115 1581 1194 1612 novi

216 1623 431 1662 Testamenti,
453 1623 508 1655 vel
531 1625 619 1666 quod
642 1625 726 1655 idem
751 1630 818 1662 est,
843 1624 884 1656 de
907 1624 1094 1656 discrimine
1116 1634 1193 1665 pro-

217 1667 409 1699 missionum
436 1665 662 1708 temporalium
693 1668 872 1706 bonorum,
900 1672 933 1698 et
961 1667 1193 1709 promissionis

218 1711 354 1752 gratiae.
400 1709 491 1741 Haec
517 1716 567 1741 est
594 1711 822 1752 copiosissima
845 1710 999 1749 materia,
1029 1716 1062 1743 et
1084 1711 1193 1752 magni

213 1753 370 1784 momenti
393 1753 425 1783 in
447 1752 614 1784 Ecclesia.

302 1795 496 1827 Nominatur
519 1802 614 1827 vetus
632 1795 892 1834 Testamentum,
915 1802 1047 1837 pactum
1072 1796 1104 1827 in
1127 1806 1193 1837 quo

217 1837 311 1870 Deus
330 1839 460 1869 tradidit
490 1837 536 1869 illi
562 1837 684 1880 populo
713 1839 809 1870 istam
839 1845 979 1877 terram,
1014 1846 1044 1870 et
1072 1839 1194 1871 consti·

217 1883 276 1955 {uit
299 1882 347 1913 eis
372 1880 532 1923 politiam,
562 1892 634 1913 cum
665 1881 866 1924 obligatione
892 1882 934 1914 ad
961 1882 1193 1923 praestandam

231 1934 338 1967 egem.

303 1967 431 1998 Novum
459 1966 702 1998 Testamentum
732 1974 781 1999 est
812 1968 884 2008 ipsa
913 1967 1091 2008 promissio
1119 1978 1193 2009 gra-

217 2010 281 2041 tiae
311 2011 536 2051 cuiuscunque
565 2011 732 2050 temporis.
779 2010 870 2042 llaec
905 2011 1082 2052 promissio
1118 2021 1193 2051 gra-

216 2053 280 2084 tiae
303 2053 441 2094 primum
465 2058 514 2084 est
539 2053 625 2084 edita
653 2054 693 2084 ad
721 2053 843 2093 primos·
867 2060 1041 2094 parentes:
1076 2055 1192 2085 Semen

215 2099 360 2127 mulieris
382 2099 526 2127 conteret
556 2101 654 2136 capnt
681 2100 856 2136 serpenlm,
884 2096 915 2127 id
945 2102 1013 2134 est,
1044 2096 1192 2128 destruct

215 2149 352 2181 regnum
376 2137 521 2176 Diaboli,
546 2144 718 2180 peccatum
741 2144 772 2169 et
796 2145 944 2170 mortem.

302 2181 427 2213 Postea
454 2191 556 2222 saepe
590 2181 729 2222 repetita
765 2189 795 2213 et
828 2181 996 2213 declarata
1027 2188 1077 2212 est
1107 2180 1191 2213 haec

215 2225 392 2265 promissio
417 2224 459 2256 ad
485 2223 665 2262 Abraham,
688 2230 720 2255 et
744 2223 864 2261 David,
889 2231 920 2256 et
944 2224 1109 2256 illustrata
1133 2235 1192 2265 per

216 2267 411 2308 Prophetas.
464 2267 506 2298 [tt
534 2273 643 2299 autem
674 2266 825 2298 differunt
860 2268 945 2298 bona
975 2273 1126 2304 aeterna,
1160 2274 1190 2298 et

215 2311 302 2342 bona
326 2309 522 2352 corporalia,
545 2320 630 2351 quae
648 2316 723 2341 sunt
743 2309 838 2341 huius
859 2310 943 2341 vitae
963 2317 1104 2342 tantum:
1135 2311 1190 2342 Sic,

214 2353 318 2385 differt
344 2364 464 2385 novum
488 2359 634 2385 etvetus
657 2352 912 2385 Testamentum.

303 2396 429 2428 Novum
453 2395 698 2428 Testamentum
721 2396 857 2438 pertinet
883 2397 922 2428 ad
949 2406 1002 2427 res
1026 2402 1191 2433 aeternas,

215 2441 300 2472 sicut
323 2440 454 2471 dicitur:
489 2440 550 2477 Qm·
570 2440 675 2471 credie
695 2443 729 2471 in
751 2449 809 2477 me,
832 2449 895 2470 non
914 2440 1030 2470 ridebit
1047 2444 1190 2470 mortem.

216 2483 320 2514 Vetus
333 2482 581 2514 Testamentum
598 2482 738 2524 pertinet
757 2482 800 2513 ad
819 2482 904 2513 hanc
923 2483 1190 2523 promissionem:

217 2527 305 2558 Dabo
322 2527 380 2557 tibi
397 2530 516 2557 terram
540 2527 634 2557 lmnc.
679 2524 765 2561 Quid
788 2525 963 2566 prodesset
993 2532 1102 2557 autem
1134 2525 1189 2556 ha-

215 2570 294 2601 bere
323 2569 476 2610 optimam
508 2568 670 2609 politiam,
705 2575 736 2599 et
766 2568 950 2599 suavitates
980 2567 1075 2599 huius
1105 2569 1190 2599 vitae

215 2618 356 2649 tantum,
392 2622 465 2643 cum
495 2612 647 2643 omnihus
679 2610 866 2643 hominibus
895 2609 947 2642 vel
983 2611 1112 2642 tandem
1148 2611 1188 2642 sit

1245 435 1381 458 versum
1389 436 1398 457 ἶ

1296 486 1361 518 Vita
1375 489 1481 526 fuya-²:
1497 488 1670 525 hominum,
1694 497 1883 527 magnorum
1897 490 1998 528 plena
2014 491 2182 522 malorum.

1331 553 1374 585 Et
1395 554 1472 596 quid
1502 561 1553 586 est
1576 553 1767 586 horribilius
1790 555 1917 588 morte?
1961 555 2068 592 Quam
2095 558 2226 600 sapien-

1247 601 1298 627 tes
1321 597 1480 628 mirantur
1503 598 1623 629 cadere
1646 607 1746 639 posse
1770 599 1801 629 in
1821 604 1887 629 tam
1914 605 2139 640 praestantem
2169 611 2226 632 na·

1247 644 1354 670 turam
1372 637 1532 678 hominis,
1555 641 1641 672 sicut
1664 641 1760 672 etiam
1783 641 1953 680 mirantur,
1979 642 2066 674 unde
2088 643 2133 674 sit
2154 649 2226 675 tan-

1247 687 1314 712 tum
1337 682 1504 720 vitiorum,
1526 682 1694 724 lapsuum,
1719 682 1940 715 calamitatum
1963 685 1994 716 in
2019 695 2143 727 genere
2166 685 2226 719 hu-

1246 733 1354 755 mano.
1402 723 1522 756 Vident
1543 727 1629 758 enim
1650 727 1804 768 ingentes
1832 726 1982 758 flammas
2012 729 2226 770 cupiditatum

1246 767 1364 798 ardere
1396 767 1429 797 in
1462 767 1669 807 hominibus,
1707 775 1740 801 et
1780 770 1906 812 ingenti
1945 769 2033 802 mole
2062 770 2226 804 malorum

1245 810 1349 850 premi
1371 808 1521 841 homines
1550 810 1720 853 singulos,
1752 818 1784 843 et
1813 810 1945 853 publice
1974 814 2123 855 grassari
2152 823 2226 846 cae-

1246 852 1318 890 des,
1342 853 1559 891 vastationes,
1582 855 1711 886 excidia
1733 856 1889 896 gentium.

1332 895 1423 926 Haec
1445 896 1604 927 mirantur
1626 898 1792 938 sapientes
1800 920 1810 936 ‚
1840 898 1928 930 unde
1950 899 2026 930 sint.
2071 898 2140 931 Sed
2162 898 2225 930 Ec-

1246 936 1350 970 clesia
1373 939 1449 975 scit,
1472 948 1514 970 ex
1538 939 1643 980 primo
1666 939 1762 981 lapsu
1776 940 1870 972 Adae
1895 947 1999 973 ortam
2023 950 2100 973 esse
2122 947 2225 974 totam

1245 981 1340 1012 istam
1361 980 1588 1013 confusionem
1611 987 1822 1023 peccatorum
1847 989 1880 1015 et
1902 984 2116 1016 miseriarum.
2155 984 2226 1017 Scit

1245 1024 1343 1055 etiam
1372 1034 1412 1055 es
1444 1025 1666 1065 promissione
1693 1025 1836 1067 gratiae,
1870 1026 1960 1067 quod
1992 1026 2076 1058 haec
2108 1033 2226 1059 natura

1244 1077 1312 1098 non
1343 1067 1385 1098 sit
1412 1067 1545 1098 condita
1574 1074 1699 1099 tantum
1728 1068 1771 1099 ad
1804 1067 1968 1100 interitum
2002 1074 2034 1100 et
2061 1070 2225 1108 miserias,

1245 1109 1310 1142 Sed
1335 1110 1422 1152 quod
1446 1110 1541 1142 Deus
1563 1110 1643 1142 velit
1666 1109 1784 1143 tollere
1806 1117 1996 1152 peccatum,
2019 1117 2052 1143 et
2074 1118 2225 1151 mortem,

1245 1158 1278 1184 et
1299 1153 1388 1194 quod
1412 1153 1516 1185 simus
1540 1154 1656 1185 victuri
1680 1164 1753 1186 cum
1775 1153 1850 1186 Deo
1873 1155 1905 1185 in
1930 1160 1998 1186 tota
2019 1156 2223 1194 aeternitate,

1244 1196 1277 1227 in
1301 1206 1429 1228 summa
1450 1195 1587 1234 laetitia,
1611 1203 1643 1228 et
1665 1203 1843 1238 propterea
1864 1197 2001 1229 missum
2024 1207 2110 1229 esse·
2124 1196 2226 1229 filium

1245 1238 1321 1276 Dei,
1341 1240 1397 1280 qui
1419 1239 1522 1281 inquit
1541 1240 1630 1281 apud
1647 1239 1866 1281 prophetam:
1901 1241 1927 1272 0
1945 1250 2041 1278 mors,
2064 1250 2121 1272 ero
2138 1250 2226 1273 mors

1244 1286 1317 1320 tua,
1345 1283 1371 1314 0
1393 1285 1538 1322 inferne,
1561 1293 1618 1315 ero
1635 1284 1742 1324 pesti-s·
1763 1288 1827 1314 ιιιιι.
1872 1282 1968 1321 ltem,
1997 1285 2156 1323 Absorpla
2178 1287 2228 1316 est

1244 1334 1332 1356 mors
1359 1325 1393 1356 in
1422 1329 1596 1357 actoriam.
1642 1325 1695 1357 De
1725 1325 1776 1356 his
1806 1326 1906 1357 tantis
1935 1327 2035 1358 rebus
2062 1324 2133 1357 vult
2162 1336 2226 1359 nos

1245 1366 1339 1399 Deus
1368 1375 1479 1399 certos
1510 1378 1604 1399 esse:
1635 1367 1706 1400 mlt
1736 1378 1799 1400 nos
1829 1368 1946 1400 intueri
1975 1367 2067 1400 illum
2095 1375 2227 1411 portum

1245 1410 1333 1442 vitae
1362 1416 1529 1442 aeternae.
1575 1410 1653 1442 ldeo
1687 1411 1776 1443 dedit
1805 1412 2060 1453 promissionem
2088 1412 2227 1454 gratiae,

1245 1463 1330 1496 quae
1359 1453 1478 1486 dicitur
1505 1464 1622 1486 norum
1655 1459 1689 1486 ec
1719 1459 1888 1486 aeternum
1919 1455 2156 1487 Testamentum
2183 1455 2227 1487 ad

1244 1496 1429 1528 Hebraeos.

1330 1538 1477 1571 Prorsus
1495 1545 1604 1571 autem
1622 1537 1687 1571 alia
1705 1539 1789 1571 ratio
1809 1545 1860 1571 est
1878 1540 2133 1581 promissionum
2153 1550 2225 1572 cor-

1244 1581 1418 1624 poralium.
1463 1581 1639 1614 Ecclesiae
1662 1592 1746 1624 opus
1769 1588 1820 1613 est
1843 1581 1989 1623 hospitio
2011 1582 2043 1613 in
2063 1582 2127 1613 hac
2146 1583 2225 1622 vita,

1245 1632 1277 1657 et
1305 1625 1398 1657 Deus
1428 1623 1498 1656 vult
1527 1624 1675 1656 inchoari
1701 1624 1756 1656 hic
1785 1625 1885 1656 vitam
1915 1631 2094 1656 aeternam.
2149 1623 2225 1656 Non

1245 1669 1331 1699 enim
1356 1674 1453 1700 erunt
1475 1667 1638 1699 haeredes
1662 1669 1748 1699 w'tae
1771 1673 1947 1705 aeternae,
1970 1668 2002 1698 in
2026 1667 2146 1709 quibus
2169 1666 2224 1699 hic.

1245 1721 1311 1742 non
1334 1711 1510 1742 inchoatur
1531 1721 1590 1752 per
1612 1709 1726 1748 fidem,
1754 1709 1809 1742 illa
1837 1709 1893 1741 lux
1923 1716 1954 1741 ct
1983 1710 2050 1741 vita
2078 1716 2225 1748 aeterna,

1245 1755 1334 1785 iuxta
1367 1754 1504 1785 dictum:
1541 1755 1625 1791 Quos
1657 1756 1766 1793 elegit.
1801 1755 1861 1785 hos
1890 1758 1923 1785 e!
1955 1757 2089 1785 vocarit.
2133 1752 2225 1791 Item,

1245 1797 1534 1837 Superinduenmr,
1563 1799 1595 1827 si
1618 1801 1723 1827 tamen
1751 1798 1857 1828 induti
1881 1801 1916 1827 et
1940 1806 2003 1828 mm
2032 1797 2113 1828 nudi
2133 1806 2224 1837 repe·

1244 1843 1374 1871 riemur.
1420 1838 1528 1870 Datae
1555 1846 1630 1870 sunt
1660 1840 1759 1880 igitur
1784 1838 1958 1870 Ecclesiae
1985 1839 2224 1880 promissiones

1245 1880 1454 1923 conporales‚
1484 1883 1568 1912 sicut
1594 1881 1716 1913 Paulus
1741 1882 1803 1912 ait:
1839 1883 1947 1913 Pietas
1971 1882 2068 1913 habe!
2084 1885 2224 1923 promis·

1244 1929 1352 1957 siano-s·
1371 1929 1557 1965 praesentis
1579 1930 1610 1956 et
1629 1927 1764 1964 suturae
1787 1928 1879 1956 ritae.
1924 1923 1963 1955 Et
1988 1924 2150 1956 Dominus
2176 1925 2223 1956 in·

1244 1969 1329 2009 quit:
1363 1970 1507 1999 Primum
1530 1971 1674 2008 quaerite
1696 1978 1830 2007 requam
1855 1969 1929 2008 Dei,
1959 1972 1992 1999 e!
2016 1973 2147 2000 caetera
2169 1968 2215 1999 ad

1243 2014 1392 2042 iterentur
1415 2012 1510 2041 roms.

1331 2052 1436 2084 Aliter
1455 2060 1563 2084 autem
1588 2055 1684 2084 datae
1708 2058 1785 2084 sunt
1802 2053 2040 2094 promissiones
2061 2054 2222 2085 bonorum

1215 2081 1464 2151 'corporalium
1500 2096 1645 2127 ludaeis.
1687 2095 1781 2127 aliter
1820 2097 1917 2128 nobis
1953 2103 2030 2128 sunt
2070 2095 2221 2127 traditae.

1243 2139 1314 2170 Nos
1343 2139 1503 2170 hahemus
1532 2139 1771 2180 promissiones
1802 2138 1996 2180 corporales
2029 2139 2060 2170 in
2087 2148 2223 2181 genere,

1244 2183 1284 2213 de
1308 2183 1564 2213 conservatione
1589 2181 1772 2213 Ecclesiae.
1818 2181 1946 2223 Populo
1970 2181 2103 2213 ludaico
2129 2188 2223 2214 erant

1244 2227 1341 2256 datae
1371 2227 1401 2256 in
1436 2226 1562 2265 specie:
1601 2224 1772 2256 videlicet:
1807 2225 1868 2256 Hie
1902 2225 1933 2256 in
1968 2231 2056 2256 terra
2084 2224 2222 2256 &noan

1244 2269 1303 2299 erit
1327 2269 1427 2299 sedes
1451 2270 1559 2309 regni:
1589 2267 1642 2298 hic
1666 2269 1726 2299 erit
1751 2267 1922 2309 templum:
1952 2267 2004 2298 hic
2029 2277 2090 2298 vos
2110 2266 2222 2299 desen-

1244 2313 1328 2342 dnm.
1369 2311 1434 2342 Sed
1462 2322 1566 2352 usque
1596 2311 1636 2342 nd
1663 2311 1839 2343 adventum
1858 2310 2018 2342 Mes-siae:
2053 2309 2093 2342 Et
2113 2316 2220 2342 tamen

1244 2366 1317 2386 cuni
1341 2356 1535 2395 exceptione
1560 2355 1800 2396 castigationi&

1330 2397 1421 2428 llaec
1440 2397 1616 2437 promissio
1635 2395 1820 2438 corporalis
1843 2396 1874 2427 in
1897 2406 1914 2426 ε
1939 2397 2022 2432 (wie,
2045 2395 2105 2428 fult
2128 2398 2221 2437 pru‘e-

1245 2441 1395 2481 rogativa
1417 2439 1595 2481 singularis
1619 2441 1714 2471 istius
1738 2438 1861 2482 populi.
1901 2440 1915 2469 (
1935 2441 2022 2471 uanti
2046 2449 2107 2470 nos
2132 2437 2222 2471 sace-

1245 2493 1353 2515 remus
1378 2482 1441 2514 hoc.
1467 2483 1669 2520 beneficium,
1696 2483 1724 2515 si
1747 2484 1909 2515 sciremus
1932 2492 2121 2514 mansuram
2143 2491 2222 2513 esse

1245 2525 1429 2557 Ecclesiam
1454 2527 1484 2557 in
1510 2526 1561 2557 hic
1585 2525 1692 2557 locis?
1721 2525 1894 2557 habituros
1922 2535 1985 2557 nos
2015 2531 2140 2557 certam
2169 2534 2221 2556 se·

1244 2569 1316 2601 dem
1342 2568 1534 2600 Ecclesiae?
1563 2567 1695 2609 politias
1726 2569 1856 2600 certas?
1897 2567 1990 2600 Hanc
2018 2567 2220 2610 praerogati-

1244 2623 1318 2644 vam
1348 2611 1392 2643 illi
1423 2611 1619 2644 habuerunt.
1665 2610 1725 2643 Usi
1760 2618 1837 2644 sunt
1871 2610 1936 2643 hoc
1966 2611 2127 2644 beneficio
2156 2609 2220 2642 Del
