2324 2958
163 174 223 206 791
793 171 904 204 PHlL.
927 171 1029 204 MEL.
1052 170 1236 206 SCRIPTA
1259 169 1517 203 EXEGETIGA.
2092 175 2157 209 792

162 269 254 300 multi
285 268 392 309 maym‘
422 266 533 298 morbi.
595 265 630 296 ln
665 265 800 297 senibus
833 272 951 297 natura
980 264 1135 307 paulatim
1158 262 1167 274 ¹
1273 263 1447 296 Hominum
1469 271 1584 297 natura
1606 266 1746 297 vixisset
1766 272 1946 308 perpetuo,
1967 268 1996 299 si
2018 270 2156 301 mansis-

162 310 337 353 languefit;
361 310 556 341 mutationes
580 314 611 340 et
629 307 844 340 alterationes
865 308 970 340 fluunt
991 309 1025 340 in
1049 310 1136 346 dete·
1187 311 1239 337 eet
1272 307 1304 337 in
1337 307 1536 347 obedientia,
1571 318 1668 350 quam
1701 315 1872 350 praestare
1906 309 1978 342 Deo
2001 311 2156 343 debebat:

162 355 241 386 rius.
1210 349 1262 380 uia
1284 350 1346 381 etsi
1368 351 1505 382 materia
1528 360 1705 393 corporum
1717 358 1787 383 erat
1798 351 2027 392 Elementaris,
2047 359 2157 386 tamen

249 396 305 427 Sic
339 394 530 427 voluntates
564 393 729 425 hominum
757 400 833 426 sunt
861 403 965 426 causa
986 394 1135 436 proxima
1221 401 1281 423 eus
1304 399 1474 425 servasset
1497 401 1645 425 naturam
1669 394 1810 426 hominis
1822 394 2038 435 ineolumem,
2060 404 2091 428 et
2116 407 2158 428 ex

162 438 338 471 multorum
374 444 550 470 eventuum
577 435 763 468 infelicium.
830 437 993 468 Antonius
1017 435 1133 467 volens
1185 433 1250 465 hac
1271 434 1350 473 vita,
1372 435 1404 466 in
1427 446 1492 477 qua
1515 436 1613 468 homo
1636 435 1733 468 alitur
1755 439 1829 470 cibo
1854 444 1886 470 et
1897 446 1990 480 potu,
2011 446 2158 471 transtu>

162 482 225 513 sibi
248 482 389 513 accersit
413 481 557 518 exitium,
581 479 712 521 quando
736 485 844 511 movet
869 478 1008 516 bellum,
1036 477 1134 519 plane
1185 476 1281 508 lisset
1303 477 1336 508 in
1358 479 1455 509 vitam
1475 478 1664 511 coelestem.

162 534 228 556 uon
252 524 486 555 necessarium.
561 522 597 554 Si
616 533 682 553 non
706 523 864 553 movisset
896 520 1018 552 bellum
1040 520 1132 560 illud,
1272 519 1328 551 Sic
1349 519 1430 552 nulli
1452 520 1592 553 fuissent
1615 532 1759 561 errores,
1781 521 1873 554 nulla
1896 524 1974 555 vitia
1997 530 2028 557 et
2051 523 2157 556 scele-

162 568 323 608 potuisset
348 576 424 598 esse
453 565 614 596 Dominus
637 565 731 596 istius
759 563 1000 606 pulcherrimae
1029 565 1132 604 partis
1186 573 1234 600 ra,
1268 562 1297 593 si
1330 562 1438 605 imago
1473 564 1546 602 Dei,
1578 565 1620 596 ad
1651 576 1748 606 quam
1771 564 1869 597 homo
1892 572 1964 597 erat
1994 567 2157 605 conditus,

162 609 290 651 Imperii
320 608 477 647 Romani,
513 608 629 645 Asiae,
661 608 821 649 Aegypti,
855 613 888 638 et
922 607 1055 648 Syriae:
1088 607 1134 638 ita
1185 605 1363 636 mansisset
1394 607 1539 648 integra:
1573 608 1650 649 quia
1672 615 1752 640 tunc
1774 607 1866 639 Deus
1890 610 2033 641 rexisset
2062 616 2155 642 natu-

161 659 280 694 postea
307 651 426 683 volens
456 651 518 682 sibi
548 656 684 682 mortem
708 649 898 681 consciscit.
964 649 1133 681 Potuisset
1185 657 1255 679 ram
1278 657 1340 679 sua
1362 647 1447 680 luce.

162 696 330 727 abstinere
353 696 394 726 ab
417 693 473 725 illa
497 694 610 731 caede,
633 703 675 724 ne
698 702 737 723 se
759 691 966 723 interficeret.
1272 689 1380 732 Saepe
1413 691 1617 733 cogitemus,
1662 692 1771 735 qualis
1810 695 2015 735 praestantia
2047 694 2156 733 luerit,

248 737 323 769 Non
345 743 455 778 potest
477 743 585 768 autem
608 736 716 767 dicere
745 733 958 776 Philosophia
987 735 1028 766 de
1057 745 1132 766 cau·
1208 742 1282 764 uam
1304 732 1402 764 homo
1425 734 1550 771 amisit;
1578 736 1631 777 qui
1654 735 1714 767 suit
1744 737 1896 768 conditus
1920 737 1963 768 ad
1985 737 2158 779 imaginem

162 782 209 812 sis
243 779 498 822 principalibus,
533 788 617 820 quae
650 778 858 809 nominantur
893 777 1000 818 πρῶτα
1039 778 1130 809 αἴτια.
1220 775 1259 806 ei.
1325 774 1406 806 Erat
1427 776 1458 807 in
1482 783 1590 809 mente
1614 778 1708 810 lirma
1729 780 1857 816 notitia,
1886 786 1918 810 et
1941 781 2095 811 assensio
2118 780 2158 812 dn

162 823 250 855 Idem
272 830 324 855 est
346 823 431 854 enim
453 823 572 863 πρῶτον
589 822 694 857 αἴτιον,
729 826 761 851 et
794 830 897 851 causa
930 820 1132 861 principalis.
1185 817 1272 856 Deo,
1306 824 1339 849 et
1361 818 1394 849 in
1411 818 1582 851 voluntate
1601 821 1736 860 iustitia,
1768 822 1945 854 conversio
1968 823 2010 854 ad
2040 821 2159 861 Deum,

163 865 304 901 Quando
328 871 416 896 stant
441 863 532 896 multi
557 874 701 901 asseres,
725 870 757 894 et
779 861 910 894 ultimus
927 873 1022 894 asser
1034 864 1132 902 cadit,
1184 870 1244 892 seu
1267 861 1464 899 obedientia,
1487 871 1554 903 qua
1577 863 1732 904 copulata
1756 871 1827 895 erat
1849 864 2006 896 voluntas
2016 865 2158 897 hominis

162 908 280 951 pulsus
303 919 322 940 a
345 907 538 950 penultin103
561 906 613 938 hic
637 905 834 947 penultimus
858 915 969 944 asser,
992 916 1059 937 non
1082 912 1133 937 est
1185 914 1259 935 cum
1282 902 1368 942 Deo,
1403 910 1434 935 et
1456 904 1488 935 in
1512 905 1614 936 corde
1635 905 1804 938 harmonia
1827 913 1860 939 et
1884 917 2071 939 consensus
2090 919 2158 940 mo

163 962 266 984 causa
288 949 478 992 principalis
501 949 615 990 lapsus
639 947 741 980 ultimi
765 949 902 985 asseriS‚
930 949 990 979 sed
1014 950 1132 991 πρῶτον
1185 952 1286 984 tuum,
1309 956 1370 977 seu
1392 945 1568 978 affectuum
1591 958 1664 979 cum
1688 955 1796 980 mente
1818 955 1851 980 et
1868 949 2056 982 voluntate:
2079 950 2159 982 Erat

162 996 256 1025 αἴτιον
278 1001 329 1025 est
351 992 467 1034 lapsus
491 994 616 1033 primae
636 990 779 1022 tabulae.
831 989 942 1032 Aliqui
969 991 1134 1032 impulsio·
1185 989 1282 1020 etiam
1304 987 1440 1020 libertas
1462 988 1642 1022 voluntatis
1665 1001 1730 1022 non
1753 992 1916 1032 impedita.

161 1048 237 1069 nem
259 1036 346 1068 illam
368 1035 534 1077 penultimi
558 1035 682 1066 asseris
705 1040 826 1066 vocant
849 1044 979 1065 causum
1001 1044 1062 1075 per
1081 1045 1134 1066 αο-
1271 1030 1363 1063 Haec
1385 1030 1518 1063 suerunt
1530 1034 1669 1064 maxima
1692 1034 1779 1065 bona
1802 1036 1834 1065 in
1852 1034 1993 1068 homine,
2017 1035 2104 1066 sicut
2125 1037 2157 1067 ln

163 1080 289 1116 cidens;
312 1080 370 1109 sed
395 1085 446 1110 est
466 1087 527 1119 per
550 1088 583 1109 se
606 1087 716 1111 causa,
741 1087 854 1108 verum
886 1078 992 1108 minus
1015 1077 1134 1118 princi·
1186 1073 1259 1105 Deo
1283 1079 1359 1105 sunt
1382 1084 1437 1105 res
1460 1075 1619 1116 optimae:
1648 1077 1822 1118 sapientia,
1845 1077 1980 1114 iustitia,
2009 1082 2041 1108 et
2064 1076 2160 1109 liber*

162 1121 258 1164 palis.
304 1122 378 1152 Non
403 1127 453 1152 est
477 1130 580 1152 causa
602 1130 661 1160 per
684 1121 848 1151 accidens.
895 1120 1019 1159 Πρῶτον
1041 1120 1134 1150 αἴτιον
1187 1123 1252 1148 tas:
1286 1127 1424 1158 quarum
1458 1116 1699 1150 similitudinem
1723 1130 1798 1151 cum
1828 1118 2042 1151 transfuderit
2066 1119 2160 1155 Deua

162 1171 213 1197 est
233 1163 384 1206 impulsio
413 1164 506 1205 primi
538 1163 663 1194 asseris
685 1161 856 1203 impellens
879 1161 976 1192 simul
996 1171 1135 1203 sequen·
1186 1159 1219 1190 in
1241 1158 1403 1197 homines,
1437 1170 1577 1191 necesse
1610 1167 1662 1192 est
1695 1171 1761 1192 nos
1781 1171 1968 1204 agnoscere
1996 1163 2160 1204 ingentem

161 1214 224 1246 tes,
248 1214 345 1248 atque
367 1208 411 1237 ita
434 1207 529 1237 etiam
552 1204 762 1246 penultimum
785 1214 942 1235 asserem.
1185 1211 1330 1233 amorem
1342 1200 1404 1232 Dei
1426 1201 1531 1233 fuisse
1554 1213 1635 1244 erga
1657 1202 1819 1241 homines,
1842 1210 1875 1235 et
1895 1214 2045 1246 magnam
2058 1203 2161 1236 fuisse

248 1249 483 1281 Consideretur
506 1247 604 1289 igitur
627 1248 802 1278 discrimen
827 1247 996 1278 doctrinae
1025 1245 1133 1277 Philo·
1184 1245 1430 1284 praestantiam,
1453 1251 1485 1275 et
1496 1244 1697 1277 nobilitatem
1711 1253 1848 1278 naturae
1859 1246 2160 1289 hominum,quam·

161 1292 321 1333 sophicae
344 1298 375 1322 et
399 1290 566 1322 doctrinae
591 1289 807 1321 Christianae.
874 1288 954 1320 Sola
984 1289 1134 1320 doctrina
1185 1287 1238 1317 diu
1262 1285 1322 1317 suit
1345 1287 1482 1328 integra.

161 1333 333 1367 Ecclesiae
357 1333 500 1365 ostendit
522 1333 626 1373 πρῶτα
644 1334 742 1370 αἴτια,
777 1341 899 1364 causas
921 1330 1134 1373 principales,
1270 1328 1340 1359 Nos
1363 1330 1459 1360 nimis
1483 1339 1596 1361 sumus
1609 1330 1732 1371 ignavi,
1756 1336 1789 1362 et
1807 1329 2027 1373 negligentes,
2050 1338 2083 1363 et
2106 1333 2154 1363 ln·

162 1387 222 1409 seu
239 1378 363 1419 primos
386 1376 506 1408 fontes.
1186 1370 1333 1402 ordinate
1354 1371 1505 1403 vivimus.
1548 1372 1624 1403 Non
1652 1373 1838 1413 cogitamus
1860 1374 1893 1405 iu
1915 1374 1979 1404 ista
2000 1375 2067 1405 vita
2089 1373 2161 1406 fera

247 1419 441 1460 Philosophi
464 1418 620 1460 cogitant,
644 1417 720 1458 quia
730 1416 830 1448 homo
849 1422 901 1448 est
923 1426 965 1448 ex
988 1415 1044 1449 tali
1068 1427 1134 1448 ma-
1187 1419 1219 1444 et
1240 1412 1430 1444 turbulenta
1440 1415 1694 1455 magnitudinem
1707 1415 1842 1446 istarum
1859 1425 1986 1451 rerum;
2008 1424 2064 1448 aut
2087 1427 2162 1449 omn

161 1464 255 1501 teria,
288 1461 394 1504 qualis
428 1467 478 1493 est
513 1461 647 1491 materia
669 1461 842 1501 pecudum,
871 1469 1053 1501 pomorum,
1077 1459 1135 1490 sso-
1160 1483 1163 1499 ,
1186 1455 1303 1487 leviter
1326 1466 1366 1487 ac
1389 1457 1528 1488 tenuiter
1550 1456 1672 1498 aliquid
1686 1458 1841 1489 discimus
1865 1458 1905 1489 de
1927 1459 2027 1490 tantis
2050 1460 2162 1497 rebus,

161 1516 251 1543 rum3
272 1506 347 1536 ideo
369 1504 533 1536 hominem
551 1504 684 1534 interire
708 1501 875 1541 similiter,
897 1503 982 1534 sicut
1004 1501 1136 1534 flosculi
1161 1501 1163 1563 ι
1187 1498 1432 1537 insolescimus,
1455 1506 1487 1530 et
1510 1499 1673 1531 efferimus
1698 1510 1760 1532 nos
1784 1502 1937 1542 superbe.
2005 1501 2072 1533 Sed
2103 1512 2162 1534 at>

161 1549 336 1580 intereunt.
404 1547 585 1588 Utrobique
618 1547 702 1577 enim
732 1551 857 1587 ponunt
887 1545 1055 1577 materiam
1078 1546 1136 1577 ob·
1188 1541 1252 1584 geli
1276 1542 1442 1573 intuentes
1464 1542 1538 1579 ista,
1574 1541 1741 1574 exsultant
1765 1545 1944 1585 gratiarum
1967 1545 2108 1583 actione,
2130 1552 2164 1576 et

161 1592 294 1623 noxiam
318 1590 530 1632 corruptioni.
1160 1567 1165 1646 f
1188 1585 1344 1616 abiiciunt
1362 1594 1411 1622 se,
1435 1591 1471 1617 ut
1492 1587 1638 1617 serviant
1661 1586 1776 1624 nobis,
1800 1586 1897 1617 etiam
1926 1593 2102 1628 postquam
2121 1597 2162 1619 ex

248 1633 315 1666 Sed
338 1643 534 1675 quamquam
557 1631 693 1663 materia
716 1640 892 1672 corporum
919 1631 1136 1663 humanorum
1187 1634 1277 1659 tanta
1301 1628 1490 1668 praesentia
1512 1629 1703 1659 excidimus,

163 1675 239 1708 talis
272 1682 336 1712 est,
371 1674 478 1717 qualis
502 1680 552 1705 est
574 1675 753 1715 pecudum3
786 1679 907 1711 tamen,
940 1674 1016 1715 quia
1037 1674 1135 1705 homo
1275 1670 1508 1712 Praeterquam
1531 1678 1639 1702 autem
1663 1670 1750 1712 quod
1773 1669 1889 1702 suisset
1913 1672 1943 1702 in
1963 1672 2096 1703 homine
2120 1672 2161 1703 st-

163 1720 314 1751 conditus
338 1726 388 1749 est
410 1718 451 1749 ad
475 1718 607 1755 maiora,
632 1727 729 1758 quam
751 1716 909 1758 pecudeS,
942 1715 995 1748 vel
1029 1727 1137 1759 poma,
1188 1712 1336 1745 militudo
1359 1712 1433 1751 Dei,
1468 1714 1564 1745 etiam
1587 1713 1679 1745 Deus
1703 1714 1886 1745 habitasset
1909 1715 1940 1745 in
1964 1714 2108 1752 humine,
2130 1719 2164 1746 et

162 1763 318 1794 mirantur
341 1759 534 1801 Philosophi
556 1760 630 1800 ipsi,
653 1770 756 1801 quare
778 1759 820 1790 sit
843 1758 969 1790 similis.
1188 1755 1393 1787 vivificasset
1414 1756 1580 1788 hominum
1602 1763 1762 1787 naturam.
1830 1756 1877 1787 lta
1907 1755 2025 1788 fuisset
2046 1758 2079 1788 in
2102 1756 2161 1789 ho-

250 1804 306 1836 Sic
330 1804 441 1835 vident
462 1802 612 1834 homines
635 1812 713 1834 esse
736 1801 832 1840 tales,
855 1809 890 1834 ut
913 1812 1014 1843 saepe
1027 1807 1138 1834 errent
1161 1813 1165 1852 Ι
1189 1799 1275 1830 mine
1297 1800 1380 1837 vita,
1416 1809 1483 1830 non
1506 1808 1614 1836 mors.
1632 1798 1821 1830 vivificante
1843 1804 1873 1829 et
1897 1806 2033 1841 regente
2055 1799 2162 1840 ipsum

163 1849 195 1880 in
219 1845 379 1884 consiliis,
412 1853 443 1877 et
467 1844 621 1877 voluntas
641 1846 684 1876 sit
705 1855 819 1886 prava,
848 1845 1023 1884 instabilis,
1045 1845 1137 1876 indo·
1190 1841 1276 1874 Deo.

162 1891 252 1927 mita,
277 1896 466 1920 contumax:
490 1889 549 1919 sed
573 1889 659 1919 unde
681 1888 747 1919 hoc
769 1888 822 1926 sit,
846 1889 1004 1920 mirantur
1027 1887 1137 1919 Philo-

161 1931 274 1974 sophi,
296 1939 328 1963 et
351 1942 483 1963 causam
507 1929 717 1972 principalem
741 1931 904 1972 ignorant.
950 1931 1032 1962 Nam
1049 1931 1136 1972 quod

163 1976 287 2013 dieunt,
322 1973 508 2005 voluntates
542 1973 610 2005 lieri
635 1974 788 2012 vitiosas,
820 1973 952 2015 quando
976 1974 1138 2005 accedunt

162 2028 287 2060 pravae
310 2016 537 2048 inclinationes
561 2017 592 2047 in
617 2017 761 2054 materia,
785 2017 888 2047 seuin
901 2023 1136 2058 temperamen-
1190 2029 1370 2071 postquam
1399 2037 1507 2061 autem
1538 2030 1644 2061 Adam
1674 2029 1788 2072 lapsus
1818 2037 1869 2062 est
1933 2025 2048 2076 Quae
2102 2033 2164 2068 en

163 2062 217 2099 tis,
239 2061 270 2092 id
295 2069 425 2102 quoque
448 2059 591 2090 nondum
615 2061 696 2090 satis
721 2065 781 2089 est.
811 2058 901 2101 Ergo
924 2069 963 2090 ex
987 2059 1137 2091 doctrina
1877 2053 1886 2069 ³

165 2102 335 2136 Ecclesiae
359 2102 568 2144 adiungenda
591 2108 640 2132 est
663 2102 848 2133 accuratior
870 2100 1055 2143 explicatio.
1189 2114 1308 2142 cansa
1340 2101 1544 2152 malorum,
1576 2102 1800 2142 secundum
1832 2101 2054 2142 doen-lnam
2087 2101 2163 2142 Et>-

1589 2179 1731 2219 clesiae
1739 2179 1758 2218 ‘?

167 2269 280 2319 Quae
314 2277 374 2309 cst
406 2269 525 2321 igitur
556 2283 673 2308 causa
706 2268 927 2322 principalis
959 2269 1136 2308 omnium

773 2346 779 2357 =
931 2346 937 2352 ,
1278 2311 1486 2353 Responderi.
1533 2312 1721 2346 Peccatum.
1744 2323 1809 2354 quo
1832 2314 1998 2350 admisso,
2027 2319 2161 2344 secutae

264 2347 459 2386 bonorum
493 2345 712 2385 secundum
745 2345 1034 2399 'lheologiam3
1191 2362 1266 2387 sunt
1291 2366 1427 2396 poenae.
1451 2357 1541 2387 sic-ut
1556 2356 1689 2387 dicitnr:
1715 2356 1781 2387 Per
1803 2366 1893 2387 mrum
1917 2355 2067 2387 homino-m
2090 2366 2160 2396 yn»

1192 2403 1295 2429 vntum
1319 2400 1452 2429 intrari!
1466 2400 1669 2436 inmundum,
1681 2403 1709 2429 ct
1722 2404 1966 2440 'wi-perrarum.
1980 2409 2075 2430 mors.
2099 2399 2161 2430 Na-

253 2445 462 2486 Rvspondco.
512 2445 622 2485 Κύριοι·
645 2446 738 2474 arum
763 2450 812 2475 cst
836 2444 948 2476 Dens.
984 2445 1036 2485 qni
1062 2443 1138 2474 fucit
1192 2448 1266 2472 tun-n
1289 2452 1398 2472 morsu
1421 2443 1451 2472 in
1476 2450 1649 2483 peceatum
1675 2453 1739 2473 non
1762 2442 1960 2477 vivificatur,
1987 2452 2054 2473 non
2077 2443 2160 2484 regi-

169 2489 334 2519 nntcrinm
361 2490 496 2518 bonnm:
521 2489 604 2518 siout
630 2488 719 2518 initio
733 2488 875 2519 condidit
895 2487 1043 2518 homines
1068 2489 1138 2517 sine
1193 2491 1275 2515 turn
1294 2484 1365 2514 lim»
1389 2484 1541 2525 amplius,
1565 2492 1597 2515 ut
1622 2493 1737 2515 anton:
1762 2484 1840 2515 lnde
1863 2485 1909 2517 fit.
1934 2485 2020 2526 quod
2046 2491 2162 2515 notin

168 2538 281 2562 morte.
352 2530 400 2567 ΓΛ,
434 2532 460 2560 si
487 2538 600 2561 natura
621 2531 795 2561 mansisset
820 2531 962 2570 integra,
997 2530 1138 2560 rexisset
1192 2530 1253 2559 inm
1285 2535 1333 2557 cst
1365 2525 1546 2564 dissimilis,
1578 2535 1750 2568 postquam
1781 2534 1830 2557 cst
1856 2528 1985 2558 deserto
2009 2538 2029 2558 a
2051 2527 2161 2558 ‹livini-

169 2573 260 2604 nem·
279 2572 452 2606 homiuem.
476 2583 517 2603 nc
542 2572 593 2603 vvl
614 2584 705 2604 mens
728 2574 914 2605 aberraret.
950 2571 1000 2603 vel
1026 2571 1138 2603 volun·
1192 2578 1268 2601 tate.
1315 2569 1398 2601 llim·
1421 2577 1484 2603 ost.
1508 2571 1594 2610 quod
1621 2569 1771 2600 i’snlmns
1795 2571 1884 2601 dicit:
1917 2570 2015 2600 Homo
2039 2580 2108 2600 mm
2130 2571 2162 2599 ἡ·

169 2623 220 2646 tas·
244 2623 413 2656 appr-teret
435 2615 563 2647 malum.
1193 2614 1310 2645 honoro
1339 2617 1438 2649 (ἐκεῖ,
1466 2623 1527 2643 nvn
1550 2613 1722 2647 {utrum-H,-
1757 2613 1893 2643 famu-nto
1922 2613 2033 2644 n'tnu'lt's
2052 2610 2162 2650 [ιιι-Μ
