2324 2958
211 223 276 255 203

212 317 311 355 stitio‚
335 318 409 359 quia
432 317 530 349 babet
545 328 679 350 causam
703 317 895 349 naturalem.
930 317 986 349 Sic
999 318 1187 349 discernere

212 367 370 401 tempora,
395 361 528 391 ordines
552 360 688 400 externi,
718 361 788 392 sive
808 359 947 402 politici,
982 362 1052 392 sive
1071 360 1187 391 Eccle—

212 404 335 435 siastici
361 413 472 441 causa,
496 413 560 435 non
585 410 635 435 est
659 404 935 445 superstitiosum.
970 404 1040 435 Nec
1062 409 1187 444 pugnat

212 456 291 478 cum.
309 447 430 487 pit-tate
453 446 666 477 considerare
677 453 787 477 motus
811 444 994 484 stellarum,
1017 452 1049 477 et
1069 456 1187 483 annos,

210 499 342 520 menses
367 495 397 519 et
421 489 492 520 dies
515 489 601 520 iuxta
626 499 685 520 eos¹
709 489 920 531 distinguere.

298 531 383 566 Quid
417 538 469 562 est
498 532 626 563 annus?
670 531 881 572 Respondeo.
937 532 1053 562 Annus
1086 531 1188 561 nomi-

211 580 308 606 natur
330 575 484 615 spatium,
508 585 572 616 quo
593 573 651 605 Sol
680 581 836 616 peragrat
865 580 966 605 totum
997 573 1186 610 Zodiacum,

211 617 343 649 rediens
365 617 406 648 ad
430 615 506 649 1111111
527 624 692 658 punctum,
715 627 734 648 a
758 627 822 658 quo
847 626 1003 658 egressus
1027 623 1088 647 est.

297 659 393 691 Unde
423 661 608 691 nominatur
636 661 766 691 annus?
818 659 1028 699 Respondeo.
1074 658 1103 689 A
1127 658 1188 689 cir-

212 703 306 739 cuiti,
338 702 468 733 Graeca
503 714 567 733 vox
599 709 651 733 est
673 702 818 739 ἐνιαυτὸς,
855 703 946 733 cuius
976 699 1187 743 Etymologia

211 743 348 787 pulchre
368 745 554 787 significata
579 752 629 776 est
654 745 717 776 hoc
740 755 862 776 versu:

343 807 449 847 Atque
471 806 502 836 1⁹71
533 816 567 835 se
589 815 649 836 sua
668 815 730 846 per
754 806 888 846 rrstiym
911 805 1050 836 volt-ilm-
1073 813 1186 835 annus.

299 873 393 909 Quae
423 875 605 914 composita
635 880 710 905 sunt
741 875 782 905 ab
811 883 878 911 am,
914 873 1102 916 significant
1126 872 1186 903 cir-

214 917 347 948 cuitum.
413 917 467 948 Sic
497 927 601 947 annus
633 923 662 947 et
686 917 826 948 ambitus
855 922 930 947 sunt
963 916 1064 952 idem,
1099 915 1186 956 quod

214 958 377 997 circulus,
410 969 469 989 seu
502 960 668 990 circuitus.
736 959 795 990 Est
826 965 857 990 et
880 957 942 989 alia
967 969 1031 989 vox
1056 957 1186 988 Graeca

212 1003 288 1040 ἕως,
313 1013 398 1043 quae
411 1012 531 1033 annum
543 1002 718 1043 significat,
736 1002 991 1033 arontinuitate.
1021 1000 1186 1030 Fortassis

212 1055 273 1087 per
300 1045 496 1076 metathesin
532 1046 572 1075 ab
602 1045 754 1075 Hebraeo
781 1045 909 1075 Schmin
945 1044 1041 1074 etiam
1071 1043 1187 1074 deduci

213 1094 323 1130 potest
356 1098 473 1119 nomen
510 1087 636 1118 Annus.
704 1087 846 1118 Hebraei
884 1087 933 1118 sic
968 1086 1135 1117 nominant
1169 1095 1189 1116 a

213 1131 392 1161 mutatione
415 1140 476 1161 seu
500 1129 716 1167 revolutione,
747 1131 820 1171 quia
845 1140 950 1160 annus
973 1139 1092 1160 annum
1116 1138 1188 1169 per-

212 1180 313 1215 petua
337 1174 422 1204 serie
446 1173 608 1214 sequitur:
631 1172 670 1203 Et
705 1173 736 1203 in
761 1183 847 1203 anno
871 1173 982 1203 variae
1007 1178 1188 1212 temporum

214 1222 245 1248 et
268 1226 375 1247 rerum
400 1217 594 1247 mutationes
618 1222 692 1247 sunt
716 1222 746 1246 et
772 1217 873 1246 viceS.

301 1258 396 1294 Quod
433 1265 482 1289 est
517 1259 638 1290 initium
662 1259 738 1289 anni
772 1258 952 1290 secundum
988 1257 1122 1298 primam
1157 1262 1189 1287 et

214 1302 368 1333 dixinitus
406 1302 556 1332 traditam
596 1308 625 1332 et
670 1311 749 1332 vere
789 1301 961 1343 physicam
1005 1299 1188 1330 rationem?

214 1344 425 1385 Respondeo.
493 1344 546 1374 Ab
587 1344 793 1385 aequinoctio
833 1353 947 1375 vernn.
1017 1342 1087 1373 Hoc
1131 1340 1189 1373 suit.

214 1388 351 1428 primum
376 1394 407 1418 et
427 1386 599 1428 physicum
623 1387 756 1424 initium,
780 1387 868 1428 quod
891 1392 1060 1416 servatum
1084 1390 1135 1416 est
1157 1385 1189 1415 in

214 1430 368 1462 Ecclesia
392 1430 532 1460 ludaica.
579 1429 701 1460 Postea
732 1436 849 1470 gentes
876 1429 1085 1460 variaverunt
1119 1429 1190 1458 sive

214 1472 443 1510 aemulatione,
477 1474 548 1503 sive
578 1473 686 1503 studio
711 1471 956 1509 disiunctionis‚
985 1472 1071 1501 sicut
1103 1469 1191 1511 plae-

215 1526 352 1558 rumque
387 1515 455 1546 fieri
490 1514 592 1553 solet,
628 1522 658 1546 et
687 1525 748 1546 nos
783 1515 847 1545 iam
877 1515 1028 1545 videmus
1067 1512 1190 1543 institui

214 1560 295 1590 ritus
320 1558 516 1595 contrarios,
546 1568 612 1589 non
637 1558 742 1589 dicam
767 1558 860 1595 odio,
888 1555 941 1587 vel
960 1554 1191 1593 aemulatione,

216 1602 274 1633 sed
295 1609 402 1632 tamen
427 1601 534 1631 studio
559 1599 668 1642 aliquo
692 1600 930 1631 disiunctionis.

301 1645 399 1676 Primi
422 1650 534 1684 patres
568 1643 764 1674 inchoarunt
805 1653 924 1674 annum
949 1652 968 1673 a
1001 1651 1097 1679 vere,
1131 1651 1192 1672 seu

216 1689 257 1719 ab
281 1687 489 1728 aequinoctio
504 1685 640 1724 vernali,
664 1692 695 1717 et
720 1687 768 1717 sic
793 1692 901 1717 textus
923 1691 1037 1726 aperte
1060 1685 1137 1716 dicit
1159 1684 1190 1714 in

215 1730 348 1762 Moise:
398 1730 466 1761 Iste
499 1733 619 1761 rnen-sis
658 1733 722 1760 eri!
754 1730 840 1761 robis
873 1730 1071 1768 Principimn
1105 1728 1190 1758 anni.

216 1773 288 1804 Fuit
313 1779 420 1803 autem
439 1773 560 1803 mensis
584 1771 654 1803 ille.
686 1773 717 1803 in
742 1782 807 1813 quo
837 1770 1025 1802 celebratur
1049 1770 1190 1801 Pascha.

217 1816 371 1857 Aegyptii
396 1816 562 1846 diversum
586 1814 744 1846 fecerunt.
785 1814 843 1845 His
864 1815 947 1845 enim
972 1814 1093 1845 initium
1117 1813 1193 1844 anni

218 1854 330 1890 fuit‘in
356 1858 507 1899 Augusto
533 1865 561 1889 et
587 1858 714 1899 quidem
739 1864 813 1888 ante
836 1857 1077 1898 aequinoctium
1101 1863 1193 1887 autu-

219 1901 336 1933 mnale.
373 1901 508 1932 Asiatici
533 1900 837 1941 ipstnnautunmale
850 1901 1090 1941 aequinoctium
1116 1910 1192 1930 con-

219 1945 393 1975 stitut-runt
419 1944 538 1974 initium
563 1945 650 1974 anni.
697 1944 816 1974 Graeci
848 1953 967 1973 annum
999 1943 1191 1973 inchoarunt

216 1998 237 2019 a
258 1987 400 2018 solstitio
419 1988 558 2019 aestivo,
583 1986 686 2017 Latini
710 1997 727 2017 a
753 1985 888 2017 brumali
912 1983 1064 2016 solstitio.
1105 1985 1194 2015 llaec

218 2029 345 2062 suerunt
371 2030 459 2060 initia
483 2031 556 2059 anni
582 2029 667 2069 apud
692 2030 772 2060 istas
796 2035 922 2070 gentes.

305 2073 371 2103 Sed
397 2074 471 2114 quia
496 2074 670 2103 utebantur
699 2071 774 2102 olim
805 2073 972 2102 mensibus
997 2070 1193 2108 Lnnaribus,

218 2117 267 2147 sic
291 2115 513 2156 intelligantur
537 2117 622 2145 initia
637 2126 808 2146 annornm.
828 2121 861 2145 ut
886 2115 1028 2145 sciamus
1048 2115 1078 2144 in
1091 2115 1195 2155 primu

218 2158 367 2190 Ecclesia
394 2159 582 2190 inclinatum
600 2157 703 2188 fnisse
717 2168 835 2188 annum
861 2168 878 2188 a
904 2156 1082 2194 nosilunio,
1107 2157 1194 2198 quod

217 2209 286 2233 crat
312 2202 491 2242 proximum
516 2202 726 2242 aequinoctio
746 2211 858 2231 verno.

304 2245 400 2286 Apud
427 2244 609 2285 Aegyptios
634 2244 755 2274 initium
780 2250 847 2274 erat
872 2243 959 2280 anni,
986 2241 1195 2273 Novilunium

241 2289 398 2318 roxitnum
423 2288 507 2317 ortui
533 2286 712 2318 caniculae.
759 2287 854 2326 Apud
881 2287 1067 2318 Asiaticos.
1097 2285 1195 2316 Novi·
1218 2292 1223 2337 ἶ

218 2300 340 2362 sunium
382 2331 562 2371 proximum
602 2330 810 2371 aequinoctio
849 2329 1037 2360 autumnali.
1099 2328 1195 2369 Apud

219 2375 365 2405 Grneaos
409 2374 589 2413 proximum
627 2371 835 2403 Noviluninm
880 2373 1021 2403 solstitio
1056 2373 1193 2402 aestivo.

220 2417 315 2458 Apud
343 2416 477 2447 Latinos
512 2417 693 2457 proximum
718 2414 928 2447 Novilunium
953 2414 1096 2445 solstitio
1121 2415 1194 2444 bru-

218 2458 304 2491 mali.

306 2504 417 2537 Quare
446 2512 551 2532 annus
587 2501 760 2532 distinctus
791 2507 839 2531 est
863 2500 895 2531 in
920 2501 1078 2531 menses?
1134 2499 1195 2531 Re-

219 2546 380 2588 spondeo.
428 2544 467 2575 Ut
499 2546 603 2586 possit
633 2544 829 2586 computari:
861 2543 944 2579 Quin
976 2546 1007 2574 in
1032 2549 1196 2583 compnta-

220 2591 308 2620 tione
343 2595 471 2628 oportet
507 2595 608 2619 totum
650 2587 798 2619 distribui
840 2587 871 2617 in
908 2593 1018 2628 partes
1055 2585 1194 2627 aliquus.

219 2632 312 2664 Deus
336 2632 407 2672 ipse
432 2630 530 2661 voluit
553 2631 627 2662 atini
652 2636 763 2672 partes
788 2629 955 2671 insigniri,
986 2629 1196 2660 distinctione

220 2676 378 2707 mensium
403 2674 622 2715 pulcherrimo
646 2674 769 2705 ordine.
816 2673 882 2705 Sed
906 2679 937 2704 et
950 2671 1089 2704 Lunuris
1107 2681 1196 2703 men-

843 223 952 255 PHlL.
975 223 1078 256 MEL.
1102 223 1286 256 SCRIPTA
1310 222 1572 255 EXEGETICA.

2147 225 2212 256 2⁰4

1237 319 1285 349 sis
1309 317 1408 348 habet
1431 326 1524 348 suam
1553 318 1786 356 variationem,
1820 319 1896 360 quia
1918 317 2011 350 Luna
2034 318 2155 350 crescit
2177 323 2211 350 et

1238 361 1418 391 decrescit:
1445 359 1519 391 ldeo
1543 367 1620 392 sunt
1643 369 1784 402 quatuor
1807 361 2020 402 quadrante5‚
2043 371 2104 392 seu
2116 371 2212 402 quar-

1237 409 1289 433 tae
1324 403 1356 434 in
1385 412 1498 434 mense
1532 402 1663 435 Lunari.
1723 403 1865 434 Veteres
1894 404 2002 435 omnia
2024 402 2213 442 Novilunia‚

1238 443 1358 476 festiva
1393 443 1627 484 celebrarunt,
1666 451 1701 477 ut
1738 451 1828 477 esset
1864 445 2138 477 commonefactio
2172 446 2213 478 de

1238 488 1446 519 distinctione
1469 493 1662 529 temporum.
1696 488 1945 520 Conveniebant
1967 494 2046 520 tunc
2063 488 2214 520 homines

1238 531 1269 561 in
1295 537 1408 561 coetus
1432 529 1595 571 publicos,
1619 537 1651 562 et
1673 530 1839 562 habebant
1864 541 1924 563 sua
1945 532 2108 572 quaedam
2123 541 2215 563 exer-

1239 574 1314 604 citia
1343 574 1376 604 in
1411 571 1571 615 religione
1606 580 1639 604 et
1672 573 1856 606 sacrificiis.
1912 574 2021 615 Atque
2055 574 2130 605 inde
2163 579 2215 605 est

1238 626 1358 646 nomen
1387 614 1626 654 Calendarum,
1666 615 1819 648 videlicet
1843 627 1861 648 a
1886 617 2124 654 convocando,
2154 615 2215 647 ἀπὸ

1238 659 1288 688 τοῦ
1321 660 1434 688 καλεῖν.
1497 657 1604 689 Latini
1646 659 1757 690 calare
1791 659 1954 698 dixerunt,
1986 670 2047 701 pro
2082 658 2214 700 publice

1238 699 1360 741 aliquid
1379 698 1598 742 promulgare.
1643 701 1739 733 Unde
1763 703 1893 733 comitia
1924 700 2033 733 calata
2055 709 2149 739 sunt,
2181 703 2215 734 id

1239 749 1302 780 est,
1325 741 1456 784 publice
1474 742 1693 786 promulgata.
1740 744 1879 775 Ovidius
1903 745 1997 782 dicit,
2025 745 2113 786 quod
2138 743 2215 776 olim

1238 784 1357 816 fuerint
1381 786 1494 816 decem
1516 795 1660 818 menses.
1705 788 1770 818 Sed
1783 797 1847 818 non
1872 795 1964 829 puto,
1987 787 2074 819 inter
2097 794 2214 830 gentes

1239 828 1434 859 eruditiores
1458 826 1562 859 fuisse
1584 829 1615 860 id
1638 830 1804 861 usitatum.

1326 871 1500 912 Scriptura
1539 872 1681 902 ostendit
1727 883 1847 904 annum
1892 883 2024 913 semper
2058 872 2216 904 habuisse

1238 923 1370 945 menses
1394 913 1542 944 Lunares
1565 914 1749 953 duodecim,
1772 921 1803 946 et
1827 914 1949 957 aliquot
1981 916 2116 956 insuper
2145 916 2216 947 dies

1240 956 1384 997 Epactas
1407 966 1467 987 seu
1492 955 1723 995 intercalares,
1746 959 1801 999 qui
1824 956 1955 989 collecti
1982 968 2044 990 suo
2068 965 2216 1000 tempore

1239 1000 1488 1037 inserebantur,
1529 1005 1559 1030 et
1601 1001 1817 1042 congruentia
1858 1007 1966 1032 motus
2000 1001 2156 1033 Lunarist
2184 1007 2217 1033 et

1240 1041 1368 1073 Solaris
1391 1041 1604 1073 animadverti
1627 1048 1753 1083 posset.
1804 1042 1838 1074 ld
1868 1041 1967 1075 facile
1995 1045 2217 1086 proban-ilpu-

1240 1091 1303 1115 test
1327 1095 1366 1115 ex
1397 1084 1534 1115 historia
1563 1085 1653 1123 Noe,
1689 1095 1784 1126 quem
1816 1091 1926 1117 textus
1960 1087 2004 1117 ait
2027 1088 2216 1129 ingressuun

1241 1137 1318 1159 esse
1341 1137 1471 1165 arcam,
1501 1126 1618 1158 Mense
1636 1129 1802 1165 secundo,
1837 1129 1889 1159 die
1914 1129 1961 1159 17.
1990 1135 2022 1160 et
2045 1139 2217 1172 egressum

1242 1170 1390 1201 secundo
1421 1169 1557 1208 Mense,
1591 1171 1642 1202 die
1672 1171 1724 1202 27.
1756 1172 1832 1202 anni
1856 1173 2038 1213 sequentis.
2093 1171 2219 1204 Scribit

1241 1219 1348 1245 autem
1382 1211 1507 1243 Moises
1541 1223 1662 1244 annum
1690 1224 1789 1245 unum
1818 1213 1890 1245 Noe
1923 1215 2027 1246 fuisse
2061 1215 2093 1246 in
2127 1224 2216 1246 arca.

1240 1256 1330 1297 Ergo
1355 1255 1527 1287 duodecim
1555 1256 1723 1287 mensibus
1746 1256 1933 1288 Lunai-ibus
1956 1258 2056 1289 additi
2086 1256 2218 1289 fuerunt

1242 1299 1311 1329 dies
1336 1299 1461 1336 decem,
1484 1299 1538 1340 qui
1562 1299 1815 1330 nominabantur
1832 1298 1992 1340 Epactae,
2016 1307 2050 1332 ut
2074 1300 2216 1333 Lunaris

1241 1351 1348 1372 annus
1372 1347 1569 1383 congrueret
1587 1343 1627 1372 ad
1652 1352 1771 1373 atinum
1794 1341 1948 1375 solarem.

1327 1383 1400 1425 Ego
1410 1394 1513 1425 saepe
1532 1385 1641 1425 cogito
1665 1383 1786 1426 aliquid
1806 1385 1953 1426 mysterii
1966 1386 2061 1417 nobis
2076 1387 2216 1427 proponi

1242 1428 1274 1458 in
1299 1426 1507 1458 distinctione
1530 1428 1606 1457 anni
1630 1426 1771 1457 Lunaris
1794 1433 1826 1458 et
1849 1426 1995 1462 Solaris.
2025 1430 2101 1469 quia
2125 1428 2219 1460 Luna

1244 1469 1409 1511 significat
1460 1467 1654 1500 Ecclesiam.
1728 1468 1786 1500 Sol
1833 1469 1997 1510 significat
2040 1469 2221 1501 Christum.

1243 1512 1339 1543 Luna
1362 1517 1411 1542 est
1430 1512 1626 1549 suboscura,
1651 1510 1749 1543 habet
1761 1511 2042 1553 inperfectionem,
2065 1518 2096 1544 et
2116 1513 2223 1544 varia-

1243 1555 1351 1585 tiones
1375 1564 1473 1592 suaS,
1507 1564 1615 1595 neque
1642 1555 1687 1586 ita
1710 1555 1862 1596 praecise
1893 1561 2080 1597 congruunt
2103 1561 2223 1587 motus.

1244 1596 1398 1629 Christus
1422 1594 1499 1628 facit
1528 1597 1744 1635 additionem,
1776 1596 1919 1639 complet
1939 1608 1990 1636 ea,
2019 1607 2105 1640 quae
2123 1598 2220 1629 nobis

1246 1641 1375 1672 desunt.

1331 1680 1419 1713 Nihil
1442 1680 1612 1723 pulchrius
1636 1688 1688 1714 est
1698 1681 1788 1720 Sole,
1812 1692 1874 1714 nec
1921 1683 2073 1725 uidquam
2093 1682 2223 1715 dulcius

1245 1730 1308 1764 est,
1332 1736 1430 1767 quam
1451 1725 1663 1757 considerare
1696 1731 1820 1757 motum
1854 1693 1954 1758 Solis.
2002 1725 2041 1757 Et
2065 1735 2224 1767 quorsum

1247 1769 1449 1800 condidisset
1475 1767 1579 1806 Deus,
1603 1769 1663 1799 nisi
1688 1767 1788 1799 vellet
1812 1769 2006 1800 observari?

1333 1811 1366 1841 ln
1392 1810 1544 1842 Ecclesia
1573 1821 1704 1852 semper
1739 1809 1797 1842 fuit
1834 1810 1916 1842 haec
1953 1811 2104 1843 doctrina
2133 1817 2222 1843 nota.

1247 1854 1343 1885 Primi
1368 1861 1480 1895 patres
1505 1855 1724 1886 observarunt
1754 1861 1875 1885 motum
1908 1854 2014 1891 Solis,
2041 1853 2166 1891 Lunae,
2190 1860 2222 1886 et

1246 1896 1385 1929 aliorum
1408 1895 1622 1938 planetarum.
1659 1897 1728 1928 Nec
1747 1897 1920 1938 quisquam
1938 1898 2036 1929 debet
2057 1906 2133 1928 esse
2157 1904 2223 1928 tam

1246 1941 1390 1982 agrestis
1413 1946 1444 1971 et
1470 1940 1643 1978 barbarus,
1667 1946 1699 1971 ut
1725 1940 1847 1981 cogitet
1879 1940 2120 1972 distinctionem
2144 1946 2223 1971 tem·

1271 1994 1362 2014 orum
1386 1992 1450 2013 non
1482 1993 1558 2014 esse
1595 1983 1725 2024 dignam
1757 1985 2012 2021 observatione,
2046 1983 2131 2014 sicut
2167 1981 2223 2014 ille

1282 2032 1387 2062 octor,
1412 2036 1485 2056 cum
1509 2026 1539 2056 in
1564 2036 1679 2056 mensa
1705 2025 1836 2056 Lutlieri
1859 2026 2002 2057 tacerem
2026 2026 2222 2057 mentionem

1247 2070 1415 2100 doctrinae
1439 2069 1480 2099 de
1503 2067 1703 2100 coelestibus
1729 2069 1883 2106 motibus,
1919 2076 1949 2101 et
1979 2069 2133 2106 dicerem,
2162 2078 2224 2099 nos

1247 2123 1312 2143 non
1336 2121 1438 2152 posse
1467 2121 1580 2142 carere
1604 2111 1811 2149 (blf-tutatio,
1835 2113 1983 2144 dicebat:
2020 2112 2085 2144 Mei
2109 2111 2223 2143 rustici

1247 2156 1368 2191 sciunt,
1401 2156 1533 2195 quando
1557 2156 1597 2185 sit
1623 2155 1749 2195 menis,
1785 2160 1839 2187 aut
1869 2162 1999 2193 aestas,
2030 2156 2127 2187 etiam
2151 2155 2223 2185 sine

1247 2197 1458 2229 Calendario.
1505 2198 1550 2228 ibi
1570 2197 1611 2228 1).
1637 2197 1796 2230 Martinus
1816 2198 1937 2229 sedens
1960 2209 1978 2229 e
2001 2199 2149 2241 regione,
2171 2207 2223 2228 me

1247 2241 1447 2281 aspiciebat,
1483 2241 1676 2272 existimaus
1706 2253 1755 2272 me
1790 2239 1912 2282 aliquid
1942 2241 2055 2272 durius
2086 2250 2223 2282 respon·

1247 2295 1359 2315 surum
1383 2294 1457 2313 esse
1514 2284 1584 2325 Ego
1619 2285 1789 2315 dicebam:
1826 2286 1913 2316 llaec
1945 2288 2048 2315 oratio
2083 2293 2145 2315 non
2175 2288 2226 2315 es!

1247 2329 1346 2367 dignm
1367 2328 1510 2359 doctore,
1544 2330 1612 2359 Nam
1643 2333 1692 2359 er!
1723 2338 1785 2359 ros
1806 2329 1987 2358 doctoralis.
2044 2328 2089 2359 (3ss
2119 2326 2150 2363 ist
2179 2327 2222 2358 cin

1247 2372 1445 2402 vnroctmiidw
1470 2374 1530 2400 scre
1578 2369 1618 2401 D.
1636 2369 1799 2401 Lutherus
1824 2377 1940 2411 postea
1950 2370 1992 2401 ad
2007 2379 2059 2401 me
2078 2368 2223 2400 dicebat:

1250 2414 1315 2452 Eyo
1355 2414 1530 2444 metuebam
1569 2414 1732 2445 duriorem
1765 2417 2021 2454 responsionem,
2065 2416 2096 2444 et
2136 2415 2224 2443 certe

1247 2457 1363 2495 dianus
1386 2458 1440 2486 illa
1460 2459 1587 2495 sutum.

1337 2499 1437 2529 Nemo
1462 2499 1502 2529 sit
1527 2500 1568 2529 ita
1594 2499 1714 2530 etl'erus
1738 2505 1792 2530 nut
1811 2496 1968 2531 bestialis.
1992 2504 2026 2529 ut
2040 2504 2104 2529 tem
2117 2507 2223 2528 iorum

1249 2542 1490 2573 distinctionem
1514 2542 1667 2573 divinitus
1682 2542 1863 2573 ordinatum
1881 2546 2079 2572 contemnat.
2137 2540 2223 2571 otius

1249 2585 1355 2615 mirari
1380 2585 1539 2616 debemus
1573 2585 1668 2616 istam
1697 2584 1889 2626 sapientiam
1920 2582 2002 2621 Dei,
2027 2592 2112 2625 quae
2136 2581 2223 2614 lucet

1249 2628 1279 2658 in
1304 2634 1374 2657 toto
1397 2625 1454 2659 illo
1478 2627 1608 2669 opificio
1631 2627 1754 2665 mundi,
1788 2634 1819 2658 et
1847 2627 1878 2657 111
1902 2627 2045 2658 motibus
2067 2624 2222 2657 luminum

1250 2678 1279 2702 et
1303 2669 1484 2708 stellarum.
1509 2671 1629 2712 quibus
1643 2671 1739 2702 etiam
1756 2669 1981 2702 confirmanda
1996 2675 2046 2700 est
2069 2669 2222 2699 assensio
