2324 2958
166 219 226 249 175

163 322 224 343 vos
243 312 338 342 etiam
363 311 481 342 intueri
504 309 644 348 debetis,
668 315 700 341 et
730 309 763 340 in
786 319 826 341 eo
850 307 1062 341 considerare
1084 306 1140 337 mi-

162 355 296 385 randam
332 353 392 384 Dei
427 353 606 394 potentiam
629 357 662 383 et
684 352 881 390 bonitatem,
915 361 980 392 qua
1004 350 1088 391 regit
1108 355 1140 380 et

161 404 269 429 servat
295 395 490 427 Ecclesiam.

247 439 308 470 Tot
343 439 437 469 anuis
472 437 623 469 Herodes
659 438 763 479 gessit
797 435 884 468 bella
919 435 1008 467 initio
1033 433 1139 474 Regni

162 484 224 520 sui,
249 489 279 513 et
303 489 420 523 postea
444 491 516 513 cum
541 479 690 518 ludaeis,
723 486 898 521 antequam
929 476 1139 509 confirmaret

161 535 299 567 regnum
323 535 429 555 suum.
495 523 601 554 Tanto
625 530 773 564 tempore
803 521 914 563 vagati
938 526 1014 551 suut
1036 519 1068 549 in
1092 520 1139 550 lu-

161 570 243 599 daea
278 569 445 599 exercitus
477 567 642 597 varim-um
677 576 709 596 et
739 565 955 607 pessimarum
983 562 1139 603 gentium,

160 609 277 652 quales
312 621 398 641 nunc
433 615 510 640 sunt
543 608 692 650 Hispani,
726 608 844 645 Mauri,
870 613 901 638 et
925 603 1040 637 similia
1064 614 1140 644 por-

161 660 249 685 tenta
273 653 450 689 hmuinum,
473 650 591 693 polluti
615 652 701 682 omni
729 660 851 692 genere
875 647 1057 684 scelerum,
1080 646 1138 677 ho-

159 697 263 728 mines
286 694 556 727 libidinosissimi.
601 693 649 726 llli
673 700 780 725 tamen
804 703 868 723 non
881 688 1139 735 potueruntMa-

159 741 239 770 riam
274 746 303 769 et
338 739 410 770 eius
434 748 589 775 sorores,
623 735 847 768 Elisabetham
871 741 903 765 et
925 735 1048 764 similes
1071 742 1138 763 ma-

159 789 275 812 tronas
308 779 479 823 plurimas,
514 786 545 811 et
578 780 683 811 forma
716 785 748 810 et
781 776 1020 819 pulchritudine
1043 784 1138 817 prae-

159 830 287 855 stantes
311 825 483 866 attingere,
508 833 614 864 neque
637 832 777 865 corpora
801 819 937 858 violare,
962 829 1068 861 neque
1091 818 1136 848 vi-

159 873 227 899 tam
250 868 296 898 eis
318 868 457 907 eripere.

245 909 338 941 Hanc
363 911 460 951 igitur
484 909 655 950 imaginem
669 917 770 949 saepe
787 907 982 943 intueamur,
1007 912 1038 936 et
1062 903 1137 935 inde

158 959 306 994 petamus
331 951 591 983 consolationem
617 957 744 993 gratam
774 956 805 981 et
833 948 1056 981 necessariam
1080 948 1137 977 bo·

157 996 208 1026 nis
232 996 404 1027 mentibus.

243 1037 334 1069 Multi
359 1035 613 1079 patresfamilias
626 1037 789 1079 cogitant:
813 1035 877 1066 lam
901 1044 1017 1065 rursus
1041 1037 1136 1064 erunt

159 1091 245 1112 nova
271 1080 367 1119 bella,
392 1081 467 1112 novi
492 1078 661 1111 tumultus.
708 1077 859 1110 Metuant
881 1078 943 1108 sibi
966 1082 999 1109 et
1020 1076 1135 1106 liberis

157 1125 236 1155 suis.
282 1124 347 1154 Sed
372 1121 583 1154 consolemur
604 1133 668 1153 nos
691 1120 756 1152 hoc
779 1129 873 1163 typo:
903 1121 996 1151 Sicut
1019 1118 1135 1156 Maria,

156 1177 294 1198 sorores
314 1167 393 1197 eius.
418 1164 589 1197 Elisabeth
614 1171 644 1196 et
667 1163 752 1195 aliae
775 1170 983 1205 praestantes
1017 1160 1134 1199 forma,

157 1211 300 1251 ingenie,
320 1216 349 1241 et
373 1210 534 1250 sapientia
547 1207 701 1239 mulieres
724 1211 1027 1248 (quantumcunque
1049 1203 1134 1236 tales

156 1259 366 1294 appetuntur,
399 1252 539 1283 maxime
562 1261 582 1282 a
605 1250 771 1288 militibus,
806 1256 837 1280 et
855 1249 1008 1291 pessimis
1032 1248 1133 1279 nebu-

156 1295 301 1332 lonibus)
335 1302 443 1326 tamen
478 1295 632 1326 divinitus
665 1300 743 1325 sunt
766 1291 942 1324 defensae:
967 1291 1017 1322 sic
1039 1290 1133 1321 Deus

156 1349 216 1370 nos
240 1349 371 1379 quoque
394 1335 559 1369 defendet.

240 1389 461 1421 Conferamus
485 1389 581 1419 etiam
601 1393 734 1419 caetera
752 1384 902 1427 exempla
925 1396 965 1416 ex
988 1384 1063 1416 aliis·
1086 1383 1134 1415 hi-

153 1433 267 1464 storiis
292 1431 478 1468 Ecclesiae,
502 1430 607 1466 Quam
631 1436 682 1461 est
703 1427 843 1460 illustris
867 1430 976 1470 imago
1000 1437 1134 1471 conser-

154 1476 295 1507 vationis
318 1473 510 1511 Ecclesiae,
544 1473 634 1515 quod
657 1470 798 1513 populus
821 1471 974 1503 Iudaicus
997 1471 1135 1511 primum

154 1528 312 1560 egressus
347 1528 389 1548 ex
423 1516 591 1558 Aegypto,
624 1522 692 1546 stat
725 1515 766 1546 ad
801 1524 893 1545 mare
922 1514 1069 1549 rubrum,
1104 1518 1136 1543 et

152 1561 304 1603 utrinque
329 1561 458 1592 cinctus
476 1565 527 1591 est
550 1557 711 1599 scopulis,
736 1565 768 1589 et
791 1568 810 1589 a
835 1563 930 1599 tergo
953 1555 1054 1587 babet
1077 1554 1136 1587 ho-

152 1611 234 1636 stem
258 1603 490 1640 imminentem,
526 1608 558 1633 et
592 1607 711 1643 postea
744 1600 928 1631 traducitur
950 1609 1011 1640 per
1032 1608 1136 1636 mare,

151 1647 251 1679 hoste
281 1645 498 1687 insequente?
562 1645 639 1676 Non
683 1644 788 1685 potuit
832 1649 923 1674 tanta
961 1640 1135 1673 multitudo

151 1690 262 1722 subito
285 1689 428 1720 transire
441 1689 525 1719 intra
536 1697 663 1729 paucas
682 1685 806 1728 aliquot
822 1684 937 1723 horas,
959 1683 1015 1716 vel
1038 1685 1136 1716 etiam

151 1734 234 1764 dies.
270 1733 323 1764 Ad
350 1732 515 1763 minimum
538 1738 616 1773 puto
641 1729 892 1773 quatuordecim
911 1729 1028 1760 diebus
1052 1737 1136 1769 opus

152 1775 257 1807 fuisse
281 1776 322 1806 ad
347 1775 590 1806 traductionem
613 1774 694 1805 tanti
716 1771 840 1815 populi,
863 1772 895 1803 in
918 1781 983 1814 quo
1007 1769 1136 1811 plurimi

153 1825 245 1850 erant
270 1828 381 1855 senes,
405 1815 559 1849 mulieres
583 1817 752 1859 gravidae,
775 1815 927 1847 infantes.
974 1814 1040 1845 lsto
1065 1820 1135 1845 toto

153 1869 300 1903 tempore
325 1866 489 1892 steterunt
513 1867 641 1891 montes
665 1869 840 1900 aquarum,
872 1864 903 1889 et
926 1856 1043 1889 hostes
1067 1863 1135 1888 tan-

152 1906 225 1937 dem
250 1904 390 1936 insecuti
414 1901 581 1945 populum,
604 1902 750 1934 universi
774 1902 951 1943 perierunt.

238 1965 467 2006 Adiungamus
491 1969 522 1995 et
546 1962 781 2004 experientiam
804 1966 992 1992 nostrorum
1010 1965 1136 2000 tempo-

153 2019 234 2040 rum.
259 2014 290 2039 et
315 2008 519 2049 cogitemuS,
553 2006 642 2048 quod
666 2015 720 2036 res
745 2011 814 2041 est,
847 2014 909 2035 nos
934 2012 975 2034 ne
1005 2003 1135 2045 quidem

154 2050 339 2092 intelligere
362 2050 444 2081 satis
467 2060 580 2091 posse,
604 2048 770 2091 quomodo
784 2046 876 2079 Deus
897 2052 989 2088 regat
1013 2052 1043 2077 et
1066 2055 1135 2077 ser-

153 2101 207 2125 vet
230 2093 427 2125 Ecclesiam.
450 2092 589 2124 Tantum
614 2098 665 2124 est
688 2089 883 2123 mirabilium
907 2088 1134 2127 consiliorum,

152 2148 299 2179 operum,
334 2144 364 2167 et
401 2136 637 2168 beneficiorum
669 2134 733 2167 Dei
767 2143 850 2177 erga
878 2131 1081 2170 Ecclesiam,
1103 2137 1134 2163 et

153 2191 213 2212 nos
238 2179 400 2223 singulos.

241 2242 305 2272 lsta
339 2241 439 2283 igitur
472 2240 633 2271 debemus
667 2237 899 2274 considerare,
933 2242 967 2267 ut
1000 2234 1135 2266 firmiter

155 2293 323 2317 teneamus
360 2282 624 2315 consolationem
647 2282 689 2313 de
711 2281 919 2323 protectione
952 2277 1136 2319 Ecclesiae,

154 2336 184 2359 et
223 2327 430 2369 singulorum
473 2327 619 2368 piorum,
655 2335 740 2367 quae
774 2333 876 2363 saepe
911 2322 1070 2363 repetitur
1105 2322 1135 2352 in

155 2371 308 2408 Psalmis,
327 2378 361 2402 ut
385 2381 458 2401 cum
483 2368 675 2400 dulcissima
688 2367 793 2399 forma
805 2367 982 2397 verborum
1003 2365 1135 2395 dicitur:

155 2415 357 2448 Abscnndfsta·
379 2425 430 2445 me
452 2414 497 2445 ml
517 2415 622 2444 altare
644 2416 743 2443 tuum.
813 2407 938 2440 Alludit
968 2408 1009 2439 ad
1040 2408 1137 2438 ritum

155 2456 350 2500 supplicum.
417 2457 501 2488 Nam
530 2455 588 2487 Rei
612 2455 699 2497 apud
720 2463 835 2486 omncs
858 2458 976 2495 gentes
1001 2460 1138 2492 quaere-

155 2503 234 2533 bant
270 2499 377 2542 As)la
409 2501 451 2531 ad
485 2509 562 2530 aras
587 2497 754 2535 Deorum,
787 2496 842 2528 ubi
867 2496 926 2527 tuti
945 2500 1057 2526 esseut
1081 2491 1138 2524 ali-

156 2545 321 2587 quamdiu.
388 2543 454 2575 Sed
485 2543 516 2574 in
551 2541 639 2573 dicto
663 2539 786 2572 Psalmi
808 2537 904 2571 simul
927 2544 978 2570 est
1000 2534 1139 2578 amplifi·

157 2589 243 2620 catio
268 2586 418 2619 beneficii
443 2586 555 2624 divini,
578 2584 668 2627 quod
697 2581 824 2615 scilicet
854 2581 946 2613 neus
969 2581 1014 2612 ita
1037 2588 1139 2620 saepe

158 2630 314 2663 defendat
337 2640 431 2667 suos,
449 2637 483 2661 ut
507 2639 573 2660 non
596 2628 707 2660 absint
727 2624 959 2658 ab'Ecclesia.
1026 2622 1139 2655 Potest

159 2674 251 2706 Deus
287 2671 466 2705 defendere
500 2673 575 2714 pios
604 2671 701 2703 etiam
728 2671 814 2702 inter
838 2667 1008 2701 Eumicos.
1077 2664 1140 2698 Sed

803 214 911 247 ema.
937 213 1038 245 MEL.
1061 188 1245 246 SCRwTA
1268 206 1528 242 exeam-ica.

2113 207 2170 240 1⁷6

1193 303 1296 336 multo
1319 302 1449 336 dulcius
1471 311 1535 343 est,
1560 315 1635 336 cum
1654 313 1716 334 nos
1739 300 1884 334 defendit
1901 302 1934 332 in
1957 301 2029 343 ipsa
2052 299 2170 332 Eccle-

1192 347 1253 379 sia.
1299 346 1367 379 Sed
1388 357 1567 390 pergamus
1590 347 1654 378 iam
1677 346 1719 377 ad
1743 343 1817 377 alia.

1509 513 1572 552 De
1613 510 1836 551 Nazaraeis.

1278 602 1377 634 lacob
1400 610 1434 635 et
1456 602 1560 635 Maria
1583 603 1736 634 dicuntur
1758 602 1922 633 habimsse
1951 603 1985 632 in
2009 601 2171 632 Nazareth

1192 646 1254 676 sub
1279 645 1424 684 Herode,
1447 652 1479 678 et
1502 653 1619 687 postea
1644 646 1741 677 etiam
1765 645 1827 675 sub
1840 642 2018 675 Archelao.
2040 642 2170 674 Nomen

1191 687 1359 719 Nazareth
1382 689 1469 720 venit
1494 689 1548 720 vel
1570 700 1590 720 a
1615 687 1844 729 germinando,
1868 685 1922 718 vel
1939 686 2170 727 aseparando.

1190 730 1386 762 Nominatus
1410 737 1461 762 est
1481 738 1592 763 autem
1615 730 1768 763 Chn‘stus
1791 729 1997 767 Nazarenus,
2016 739 2084 759 non
2101 735 2172 760 tan-

1191 780 1271 811 tum,
1294 773 1370 815 quia
1393 781 1576 815 conceptus
1596 782 1627 806 et
1651 780 1769 815 postea
1791 773 1953 804 educatus
1977 777 2028 803 est
2052 771 2084 802 in
2108 771 2172 802 Na-

1190 815 1316 854 zareth,
1340 816 1401 847 sed
1424 815 1523 848 multo
1542 817 1649 860 magis
1673 824 1808 859 propter
1831 825 1987 847 arcanam
2006 814 2172 857 significa-

1190 860 1324 897 tionem,
1355 869 1441 900 quae
1473 861 1611 890 sumitur
1635 870 1676 891 ex
1705 859 1781 901 lege
1805 859 1846 890 de
1869 858 2057 889 Nazaraeis.
2117 856 2172 889 Ad

1190 910 1364 943 utrumque
1398 902 1628 933 accon-modat
1660 900 1875 944 Evangelista
1905 907 2042 932 textum:
2092 901 2173 938 Quia

1190 947 1380 977 nazarenus
1402 946 1574 976 rocabitur.

1276 987 1312 1019 ld
1345 993 1510 1029 sumptum
1545 993 1597 1019 est
1631 997 1670 1018 ex
1692 986 1833 1018 historia
1864 986 2058 1024 SamsonIS,
2093 986 2170 1028 quia

1190 1030 1331 1062 Samson
1366 1029 1426 1062 fuit
1459 1036 1561 1073 typus
1596 1029 1730 1061 Christi.
1796 1027 1901 1061 Multa
1930 1036 2006 1060 sunt
2029 1029 2168 1060 enimin

1189 1073 1285 1105 factis
1308 1073 1493 1112 Samsouis,
1516 1083 1602 1115 quae
1624 1073 1785 1114 picturam
1798 1082 1934 1113 operum
1947 1071 2071 1103 Christi
2090 1081 2168 1103 con-

1188 1118 1301 1148 tinent.
1369 1115 1473 1148 Simul
1507 1116 1607 1158 igitur
1640 1121 1691 1147 est
1725 1116 1757 1147 in
1792 1114 1948 1146 citatione
1974 1114 2051 1146 dicti
2081 1112 2169 1145 illius

1188 1159 1256 1190 lud.
1283 1159 1332 1191 16.
1355 1158 1477 1191 allusio
1508 1166 1576 1190 tum
1605 1159 1647 1190 ad
1670 1168 1789 1196 nomen
1819 1156 2004 1195 Nazareth,
2038 1162 2105 1188 tum
2128 1156 2170 1187 ad

1187 1202 1474 1244 significationem,
1499 1202 1587 1243 quod
1611 1200 1764 1233 Christus
1788 1201 1828 1232 sit
1854 1211 1954 1232 verus
1978 1198 2035 1231 ille
2060 1198 2170 1230 Naza-

1187 1255 1298 1277 renus.

1274 1288 1467 1319 Nazaraeus
1502 1286 1668 1329 significat
1703 1287 1806 1325 idem,
1850 1285 1940 1328 quod
1981 1291 2171 1327 separatus,

1187 1330 1265 1362 Item
1288 1330 1529 1368 sanctificatus,
1551 1340 1613 1361 seu
1636 1335 1852 1361 consecratus
1877 1328 1963 1366 Deo,
1994 1328 2079 1364 Quia
2102 1326 2171 1366 illa,

1187 1384 1272 1415 quae
1294 1373 1536 1415 separabantur
1560 1374 1591 1404 in
1614 1373 1775 1404 honorem
1794 1371 1872 1409 Dei,
1893 1378 1984 1403 erant
2008 1371 2083 1402 Deo
2107 1371 2169 1412 ipsi

1186 1416 1393 1448 sanctificata
1415 1421 1447 1447 et
1465 1422 1674 1447 consecrata.
1740 1414 1946 1446 Dicebantur
1973 1420 2083 1445 autem
2104 1413 2170 1445 Na·

1188 1460 1309 1497 zat-aei,
1332 1459 1386 1500 qui
1412 1464 1521 1489 votum
1546 1458 1625 1489 certi
1649 1457 1808 1499 temporis
1838 1455 2003 1496 fecerant,
2036 1456 2079 1487 ad
2103 1465 2171 1487 cer·

1188 1509 1256 1533 tum
1280 1500 1413 1539 cultum,
1448 1501 1503 1542 qui
1527 1506 1636 1532 tamen
1659 1501 1692 1531 in
1715 1500 1790 1542 lege
1814 1499 1970 1531 divinitus
1990 1504 2061 1530 erat
2085 1497 2172 1530 ordi-

1187 1550 1297 1577 natus.

1274 1585 1430 1619 Monachi
1443 1597 1508 1618 non
1522 1590 1664 1628 possunt
1687 1594 1849 1618 excusare
1871 1593 1934 1616 sua
1952 1589 2041 1622 vota,
2063 1593 2171 1615 exem-

1188 1629 1244 1673 plo
1268 1630 1527 1668 Nazaraeorum,
1551 1639 1689 1671 quorum
1714 1626 1823 1659 cultus
1846 1632 1918 1658 erat
1941 1625 2112 1657 ordinatus
2125 1626 2172 1657 di-

1188 1673 1322 1711 vinitus,
1347 1680 1378 1705 et
1402 1678 1473 1704 erat
1496 1673 1577 1704 certi
1600 1670 1739 1703 alicuius
1762 1671 1932 1743 temporis,
1961 1679 2028 1700 non
2052 1668 2095 1700 ad
2117 1678 2172 1700 su-

1188 1717 1413 1758 perstitionem
1448 1721 1505 1746 aut
1537 1713 1791 1757 promerendum
1815 1723 1832 1743 a
1849 1712 1936 1754 iquid
1961 1722 2074 1743 coram
2097 1710 2171 1743 Deo

1189 1765 1414 1800 comparatus,
1437 1758 1498 1789 sed
1521 1758 1563 1789 ad
1586 1763 1805 1798 spontaneum
1829 1755 2022 1787 exercitium
2051 1760 2172 1795 tempe-

1189 1803 1328 1839 rantiae,
1362 1807 1408 1839 ut,
1443 1801 1531 1843 quod
1565 1811 1631 1831 non
1655 1800 1811 1831 bibebant
1836 1799 1958 1836 vinum,
1991 1803 2048 1829 aut
2070 1795 2172 1828 alium

1188 1852 1301 1887 potum
1323 1844 1550 1880 inebriantem,
1574 1853 1639 1874 non
1663 1842 1867 1873 accedebant
1890 1841 1932 1871 ad
1955 1839 2083 1873 funera,
2105 1838 2172 1871 ale-

1191 1890 1268 1920 bant
1292 1888 1494 1925 caesariem,
1530 1893 1561 1918 et
1591 1884 1710 1916 similia
1734 1884 1895 1926 quaedam
1918 1883 2100 1919 faciebant,
2136 1889 2173 1914 ut

1189 1937 1466 1973 agnoscerentur,
1490 1929 1578 1971 quod
1602 1934 1818 1970 separassent
1837 1936 1875 1958 se
1895 1936 1914 1957 a
1927 1925 2030 1969 vulgo
2053 1930 2087 1957 et
2108 1925 2171 1966 ipsi

1188 1974 1313 2005 inte-:ea
1335 1973 1449 2005 maiori
1468 1973 1576 2003 studio
1601 1977 1760 2003 vacarent
1783 1970 1985 2001 meditationi
2002 1968 2174 2001 docti-inae

1189 2024 1218 2048 et
1255 2016 1330 2048 aliis
1366 2015 1538 2047 laboribus
1574 2014 1848 2046 convenientibus
1879 2022 1962 2044 suae
1994 2010 2173 2044 vocationi.

1187 2059 1430 2091 Monachorum
1454 2065 1530 2090 vota
1553 2067 1692 2100 prorsus
1714 2062 1792 2088 sunt
1814 2054 1891 2087 alia.

1274 2103 1450 2139 Quaeritur
1468 2108 1589 2139 autem,
1613 2111 1654 2132 an
1675 2099 1829 2131 Christus
1853 2109 1932 2130 vere
1955 2095 2174 2129 fueritNaza·

1187 2156 1306 2184 meus,
1341 2147 1416 2187 quia
1442 2146 1519 2176 bibit
1545 2145 1671 2181 viuum,
1707 2143 1814 2185 attigit
1839 2142 2002 2173 cadavera
2027 2146 2173 2171 mortuo-

1188 2190 1280 2221 rum?
1326 2188 1537 2230 Respondeo.
1584 2187 1737 2219 Christus
1751 2184 1810 2218 suit
1829 2185 2024 2216 Nazaraeus
2047 2193 2113 2215 non
2136 2181 2174 2217 H-

1188 2239 1270 2270 tera‚
1294 2242 1360 2263 non
1384 2232 1459 2269 ritu,
1482 2241 1542 2263 seu
1567 2230 1756 2264 ceremonia
1777 2234 1928 2265 externa,
1958 2227 2018 2258 sed
2042 2226 2172 2268 spiritu.

1277 2275 1352 2316 lpse
1387 2275 1578 2305 anaraeus
1608 2280 1672 2307 est,
1702 2282 1769 2304 non
1803 2272 1879 2313 quia
1908 2269 1984 2312 lege
2010 2268 2087 2301 talis
2111 2273 2175 2306 est,

1189 2319 1250 2349 sed
1274 2319 1351 2360 quia
1375 2318 1450 2349 talis
1476 2317 1633 2348 nascitur.
1664 2313 1779 2356 implet
1800 2315 1874 2356 ipse
1897 2311 2174 2355 significationem

1190 2360 1288 2403 legis,
1323 2371 1389 2392 non
1413 2361 1490 2402 quia
1512 2359 1564 2391 lex
1588 2370 1662 2391 eum
1685 2359 1799 2396 docet,
1833 2357 1893 2388 sed
1916 2357 1993 2398 quia
2015 2360 2067 2387 est
2086 2353 2173 2386 filius

1192 2404 1264 2436 Dei.
1310 2404 1440 2436 Caeteri
1455 2403 1614 2434 Nazaraei
1633 2401 1864 2444 significabant
1886 2405 2062 2431 venturum
2085 2396 2175 2429 huuc

1191 2447 1410 2484 Nazaracutn,
1434 2447 1489 2488 qui
1512 2453 1562 2478 est
1587 2442 1810 2487 principaliter
1831 2447 2026 2484 separatus,
2056 2440 2088 2472 td
2110 2445 2175 2478 est,

1191 2501 1335 2531 persona
1350 2490 1540 2531 praecipua,
1565 2494 1765 2521 consecrata
1777 2485 1865 2523 Deo,
1889 2490 1988 2517 uncta
2007 2493 2074 2515 nou
2098 2481 2174 2515 oleo

1191 2534 1373 2575 pontificio.
1396 2533 1457 2564 sed
1481 2532 1660 2569 divinitate,
1682 2531 1768 2562 sicut
1790 2529 1927 2561 dicitur:
1951 2529 1989 2560 In
2011 2528 2070 2559 hoc
2084 2527 2175 2560 Chrs-

1190 2582 1240 2610 ιω
1262 2577 1413 2608 dir-initas
1435 2576 1558 2608 habitat
1575 2575 1802 2616 personaliter.

1278 2619 1408 2652 Deinde
1431 2618 1517 2651 haec
1535 2628 1680 2660 persona
1703 2623 1753 2649 est
1778 2615 1850 2647 Rex
1872 2620 1905 2646 et
1933 2611 2103 2645 Sacerdos
2124 2616 2175 2643 to-

1193 2664 1259 2695 tius
1292 2661 1477 2700 Ecclesiae,
1505 2667 1538 2694 et
1566 2666 1703 2703 propter
1731 2669 1805 2692 eam
1828 2657 2029 2699 recipiuntur
2051 2654 2175 2687 ueteri
