2324 2958
81 214 146 248 469

773 208 989 241 POSTILLA
1011 205 1409 240 MELANTHONIANA.

2013 210 2077 241 4⁷0

82 309 170 342 dicta
197 308 241 339 sit
270 306 464 343 Cananaea,
498 304 573 345 quia
595 303 733 344 patriam
756 302 906 334 habuerit
930 301 1056 334 Canam
1106 300 1222 332 Potest
1255 299 1352 330 etiam
1374 299 1463 337 fieri,
1497 300 1584 340 quod
1618 301 1704 341 apud
1735 307 1851 343 gentes
1880 302 2005 333 vicinas
2028 302 2078 334 lu-

138 360 250 382 iorem.

81 361 196 427 ¹3}an
217 392 415 429 habuerunt,
437 388 562 422 scilicet
580 388 672 419 Cana
694 388 810 425 minor,
833 397 918 428 quae
941 387 999 418 suit
1023 388 1055 418 in

306 348 451 379 Fuerunt
473 347 558 379 enim
579 346 644 377 duo
668 345 806 386 oppida,
828 355 913 386 quae
935 355 1055 376 nomen
1108 344 1215 381 daeis,
1250 341 1414 384 generalis
1442 340 1553 383 aliqua
1583 344 1725 384 cognitio
1756 344 1797 375 de
1825 343 1950 376 Messia
1971 343 2079 383 suerit,

1108 385 1379 427 quemadmodum
1404 383 1519 416 mulier
1537 384 1744 417 Samaritana
1764 385 1938 418 loannis4.
1961 387 2079 428 inquit:

84 434 244 474 Galilaea,
267 440 299 466 et
322 433 415 465 Cana
436 433 550 470 maior,
574 441 659 473 quae
681 440 748 461 non
770 429 887 471 procul
911 430 1013 461 abfuit
1036 440 1057 461 a
1107 430 1182 458 Scio
1211 428 1358 458 Messium
1387 431 1558 465 venturum,
1591 431 1621 457 et
1645 438 1710 457 cum
1732 431 1848 459 venerit
1869 429 1931 465 ille,
1955 430 2080 460 docebit

84 479 241 520 Sarepta,
276 477 358 508 inter
380 476 502 518 Tyrum
525 482 556 506 et
580 474 746 505 Sidonem.
803 472 943 513 Sarepta
965 473 1056 504 stetit

84 520 193 554 adhuc
215 518 310 552 Plinii
334 519 547 560 temporibus.

256 683 394 734 Qualis
425 690 512 723 tum
543 680 663 721 fuerit
693 681 877 721 Ecclesia.

171 775 262 808 Haec
286 773 505 806 consideratio
524 770 686 810 locorum,
709 779 740 803 et
766 771 942 812 descriptio
959 770 1055 802 istius

85 817 242 857 mulieris,
266 818 352 859 quod
374 815 470 847 suerit
493 814 648 853 Ethnica,
682 815 818 856 praebet
841 814 936 845 nobis
960 822 1056 844 occa-

85 863 210 894 sionem
234 859 398 901 cogitandi
421 859 461 889 dc
484 856 624 889 mirabili
648 856 787 889 consilio
806 856 881 895 Dei,
900 867 965 897 quo
990 853 1056 886 col-

84 903 155 946 ligit
177 904 240 935 sibi
264 908 391 934 coetum
415 902 518 932 verbo
543 911 615 937 suo,
640 911 680 931 ex
700 900 875 931 admodum
895 897 1056 929 dissimili-

83 947 145 978 bus
169 952 201 977 et
222 945 364 987 indignis
387 954 528 985 quoque.
574 943 729 975 Circumit
750 942 915 979 Christus,
936 948 967 972 et
988 950 1057 972 non

82 987 189 1020 solum
223 998 264 1019 ex
299 993 399 1029 gente
433 987 565 1018 Iudaica
598 987 738 1017 miseros
768 992 799 1016 et
827 985 992 1022 infirmos,
1026 989 1057 1014 et

82 1036 289 1072 contemptos
326 1041 345 1061 a
379 1029 587 1066 pharisaeis,
621 1029 681 1060 sed
716 1029 811 1060 etiam
846 1037 886 1058 ex
909 1026 1057 1057 Ethnicis

84 1072 314 1116 confugientes
337 1073 379 1104 ad
403 1083 440 1103 se
463 1073 590 1113 recipit,
613 1073 675 1103 iam
700 1070 948 1106 Centum‘onem,
970 1079 1058 1100 nunc

83 1115 306 1154 Publican0S‚
335 1114 418 1146 alias
441 1115 683 1146 Samaritanum
706 1113 890 1154 leprosum,
913 1111 967 1143 hic
991 1122 1057 1142 mu-

82 1158 198 1191 lierem
226 1160 322 1190 istam
346 1157 537 1195 Ethnicam,
571 1167 632 1189 nec
654 1155 762 1188 solum
786 1165 929 1196 corpora
951 1161 1058 1192 sanat,

83 1203 144 1234 sed
167 1203 293 1233 animas
317 1211 449 1241 quoque
470 1199 591 1231 liberat
612 1210 632 1230 a
655 1205 814 1240 peccato,
849 1204 882 1229 et
905 1195 1058 1229 consola-

82 1251 136 1276 tur
159 1244 390 1276 conscientias
436 1243 546 1284 Atque
568 1244 613 1273 ita
635 1240 711 1273 facit
733 1252 813 1273 vera
830 1242 977 1273 membra
996 1240 1058 1271 Ec-

83 1285 216 1320 clesiae.

168 1329 319 1362 Sciamus
337 1329 435 1371 igitur
446 1327 631 1359 Ecclesiam
650 1337 726 1358 esse
746 1332 875 1358 coetum
893 1327 1060 1364 miserum,

83 1371 250 1404 hominurn
272 1371 494 1409 infirmorum,
528 1380 595 1401 non
625 1368 795 1411 alligatum
819 1376 874 1401 aut
896 1368 1059 1400 inclusum

83 1415 140 1448 uni
167 1413 267 1446 alicui
295 1413 391 1451 loco,
424 1413 483 1443 sed
507 1422 660 1453 sparsum
683 1414 716 1443 in
740 1413 831 1443 varia
853 1412 939 1443 loca.
985 1411 1058 1446 Quo

83 1457 249 1499 pertinent
274 1454 350 1487 illae
373 1455 612 1496 descriptiones
636 1454 826 1486 Ecclesiae:
869 1454 943 1485 Non
972 1454 1060 1483 multi

85 1501 240 1539 capientes
257 1502 417 1538 potentes,
450 1497 568 1527 nobiles
589 1498 753 1527 secundum
776 1507 913 1535 carnem,
935 1497 991 1526 sed
1013 1498 1060 1526 in-

79 1543 169 1580 firma
198 1546 228 1571 et
251 1541 347 1571 stulta
374 1540 480 1570 vitandi
501 1540 587 1570 Dens
614 1539 718 1580 eleyt't.
764 1540 858 1571 Item:
904 1540 1060 1578 Confiteor

84 1584 143 1614 tibi
161 1588 270 1623 pater,
309 1583 394 1623 quod
415 1583 559 1612 revelasti
576 1583 726 1621 parvulis.
771 1583 867 1614 ltein:
900 1582 1060 1622 Reliquum

79 1627 200 1665 faciam
217 1625 291 1655 milti
307 1634 473 1664 pauperem
495 1629 524 1655 et
548 1626 697 1663 afflictum
714 1625 875 1665 populum,
887 1629 1060 1664 sperantem

82 1670 116 1699 in
137 1669 257 1700 nomine
278 1668 418 1698 Domini.

170 1711 340 1743 Pharisaei
379 1716 410 1741 et
442 1710 608 1742 Saducaei
642 1717 674 1741 et
711 1710 853 1741 maxima
887 1709 1059 1741 multitudo

85 1753 259 1797 prophana
275 1751 387 1795 populi
406 1752 528 1785 Iudaici
545 1752 713 1784 habebant
730 1758 809 1784 tunc
827 1763 946 1784 nomen
970 1758 1002 1784 et
1024 1753 1060 1784 ti·

82 1796 187 1830 mlum
220 1795 410 1835 Ecclesiae,
443 1796 503 1827 sed
536 1806 652 1827 revera
679 1806 745 1827 non
776 1802 869 1826 erant
891 1794 1058 1827 Ecciesia:

84 1841 162 1883 quia
183 1849 251 1871 non
273 1837 380 1870 solum
408 1845 623 1880 corruperant
646 1839 828 1870 doctrinam
851 1839 893 1869 de
916 1848 1060 1878 persona

84 1890 118 1915 et
151 1881 262 1915 officio
286 1880 428 1918 Christi,
461 1882 521 1913 sed
545 1882 642 1912 etiam
664 1882 930 1913 adversabantur
952 1880 1060 1922 palam

85 1926 258 1959 doctrinae
280 1930 479 1966 repurgatae
501 1934 521 1955 a
544 1923 695 1962 Christo,
720 1934 824 1965 eaque
847 1934 883 1955 re
907 1924 1061 1955 ostende-

84 1969 164 2000 bant
181 1978 219 1999 se
238 1977 304 1998 non
325 1977 401 1998 esse
420 1967 565 1998 membra
582 1977 681 1998 verae
698 1966 883 1999 Ecclesiae.
929 1967 1060 1998 interim

85 2018 162 2044 sunt
183 2012 216 2042 in
239 2009 296 2041 illo
319 2008 443 2051 populo
467 2008 656 2051 pauperculi
684 2015 716 2041 et
737 2010 869 2048 miseri,
904 2010 957 2050 qui
983 2020 1061 2040 con-

84 2053 214 2097 fugiunt
243 2054 285 2084 ad
315 2052 497 2084 Christum:
534 2058 567 2083 et
596 2058 727 2093 praeter
749 2052 811 2083 hos
834 2063 875 2084 ex
898 2051 1061 2091 Ethnicis,

85 2095 287 2134 Cananaeis,
329 2095 564 2133 Samaritanus,
599 2094 782 2136 publicanis
817 2095 994 2134 Romanis,
1028 2102 1061 2126 et

84 2138 171 2177 aliis,
187 2137 389 2181 colliguntur
407 2136 519 2180 aliqui,
538 2144 573 2169 ut
592 2138 657 2169 sint
671 2139 747 2169 viva
765 2144 796 2169 et
815 2149 894 2170 vera
914 2140 1062 2170 membra

86 2181 271 2215 Ecclesiae.

171 2224 267 2257 Sicut
288 2224 353 2255 ista
370 2222 510 2255 Ethnica
531 2222 649 2255 mulier
670 2224 799 2255 accedit
822 2225 863 2256 ad
882 2223 1061 2263 Christum,

86 2273 119 2300 et
139 2267 241 2300 habet
268 2265 411 2308 aliquam
440 2266 588 2297 notitiam
618 2267 787 2298 doctrinae
810 2267 851 2298 de
873 2277 953 2298 vero
977 2267 1062 2306 Deo,

86 2316 120 2343 et
142 2311 184 2342 de
200 2310 490 2351 promissionibus,
512 2318 597 2350 quae
615 2315 691 2340 sunt
708 2309 845 2341 traditae
864 2311 906 2342 de
925 2310 1061 2342 Messia.

85 2353 177 2391 Scit,
211 2353 301 2394 quod
330 2353 373 2383 sit
398 2362 485 2384 unus
514 2351 626 2389 Deus,
660 2359 693 2383 et
714 2353 803 2393 quod
824 2352 880 2385 hic
902 2353 996 2385 lesus
1020 2354 1064 2385 sit

86 2395 190 2427 Filius
224 2395 346 2426 missus
377 2405 397 2426 a
427 2393 541 2432 Patre,
575 2395 650 2436 quia
678 2395 822 2426 nominat
851 2405 923 2427 eum
946 2395 1062 2428 Filium

87 2437 245 2476 Daviffis,
277 2438 310 2468 id
332 2444 399 2475 est,
436 2438 592 2469 Messian}
615 2438 832 2478 promissum,
853 2445 886 2470 et
909 2440 986 2480 quia
1008 2441 1063 2470 tri-

88 2480 157 2511 buit
179 2481 209 2511 ei
232 2490 335 2521 opera
358 2479 420 2511 soli
445 2480 517 2511 Deo
541 2480 765 2521 congruentia.

174 2521 266 2553 Haec
289 2523 412 2554 semina
437 2523 606 2553 dot-trinae
626 2529 885 2555 consentaneum
905 2531 957 2555 est
975 2523 1064 2556 illam

1108 482 1166 501 nos
1187 471 1298 500 omm'a.
1344 470 1412 501 lmo
1435 477 1611 511 propterea
1636 469 1791 511 populum
1815 471 1981 504 Iudaicum
2003 474 2081 504 sub-

1109 515 1184 545 inde
1207 514 1330 554 sparsit
1352 512 1446 544 Deus
1469 513 1501 543 in
1525 522 1640 544 omnes
1663 519 1775 554 partes
1798 515 1926 554 mundi,
1959 521 1996 547 ut
2017 515 2082 547 hac

1109 557 1288 588 occasione
1309 554 1399 587 multi
1422 565 1463 586 ex
1481 555 1631 587 Ethnicis
1648 556 1855 588 erudirentur
1873 558 1913 589 de
1931 558 2082 589 doctrina

1108 599 1312 641 prophetica.
1357 598 1399 630 Et
1417 597 1530 629 Heliae
1553 599 1721 637 memoria,
1744 599 1799 640 qui
1821 600 1908 639 apud
1928 599 2082 642 Sarepta-

1108 653 1183 674 nam
1205 643 1337 673 viduam
1359 642 1455 679 vixit,
1481 639 1639 672 fortassis
1661 642 1748 683 apud
1772 648 1927 683 posteros
1950 653 2081 684 quoque

1108 692 1307 718 conservata
1325 682 1399 716 suit.

1194 728 1260 759 Sed
1282 737 1348 757 non
1371 727 1469 758 modo
1492 725 1549 760 lux
1568 726 1737 758 doctrinae
1754 733 1785 758 et
1803 727 1979 769 agnitionis
1995 727 2082 759 Mes—

1108 771 1196 809 siae,
1229 771 1289 800 sed
1323 770 1420 801 etiam
1444 770 1572 815 ⁷ingens
1606 769 1790 801 incendium
1818 770 1895 801 fidei
1922 768 2027 812 fulget
2050 771 2083 801 in

1108 814 1173 844 ista
1201 812 1348 844 muliere.
1402 812 1480 843 ldeo
1515 811 1677 843 exclamat
1705 818 1821 852 postea
1843 812 2024 844 Dominus:
2055 812 2084 842 0

1109 855 1227 891 mulier,
1250 866 1364 895 mayna
1387 858 1432 885 est
1450 855 1530 894 fides
1552 859 1614 884 tua.
1661 854 1752 886 Haec
1771 855 1854 887 fides
1873 866 1939 887 non
1959 855 2084 897 potuis-

1110 905 1162 929 set
1195 899 1227 929 in
1262 909 1301 929 ea
1331 908 1424 935 esse,
1458 899 1521 929 nisi
1549 895 1771 929 intellexisset
1793 897 1935 940 aliquam
1956 904 2084 940 partem

1111 942 1281 972 doctrinae
1304 940 1416 982 populi
1438 940 1518 979 Dei,
1551 942 1647 972 etiam
1677 941 1867 983 priusquam
1896 947 2087 973 accurreret

1110 985 1151 1015 ad
1175 984 1360 1022 Christum,
1393 994 1489 1025 quem
1518 994 1585 1015 non
1613 982 1772 1021 Ethnico,
1806 982 1997 1025 prophano,
2030 989 2086 1015 aut

1111 1025 1319 1058 idololatrico
1353 1036 1462 1065 more,
1495 1026 1557 1058 sed
1591 1036 1670 1058 vera
1704 1025 1787 1065 fide,
1825 1032 1862 1068 et
1892 1027 2085 1059 ardentibus

1110 1071 1253 1101 motibus
1277 1069 1418 1110 Spiritus
1442 1070 1549 1101 sancti
1570 1071 1714 1101 invocat.

1197 1120 1336 1161 Semper
1358 1127 1467 1151 autem
1491 1126 1621 1161 oportet
1638 1120 1765 1152 anteire
1785 1121 2003 1162 cognitionem
2023 1129 2087 1151 seu

1111 1164 1295 1195 doctrinam
1323 1164 1424 1194 motui
1454 1162 1530 1194 fidei
1552 1164 1585 1197 in
1608 1163 1719 1195 corde.
1775 1163 1871 1195 Hune
1893 1164 1978 1194 enim
2000 1162 2087 1194 ordi-

1112 1217 1185 1238 nem
1208 1206 1347 1237 instituit
1370 1205 1475 1243 Deus,
1497 1212 1533 1237 ut
1555 1205 1692 1248 colligat
1714 1204 1899 1237 Ecclesiam
1922 1215 2008 1237 voce
2030 1206 2086 1237 do-

1112 1250 1248 1281 ctrinae.
1303 1248 1354 1279 Ex
1376 1259 1441 1290 quo
1464 1249 1629 1290 sequitur,
1665 1255 1820 1290 oportere
1844 1259 1920 1280 esse
1942 1249 2086 1281 ministe-

1112 1293 1194 1324 rium
1206 1290 1391 1329 Ecclesiae,
1413 1292 1488 1323 item
1512 1292 1620 1323 studia
1642 1292 1809 1323 doctrinae
1827 1290 2089 1334 magnifacienda

1112 1344 1200 1366 8558.
1254 1334 1356 1376 quue
1386 1334 1662 1366 considerandum
1692 1341 1761 1373 est,
1795 1341 1830 1366 ut
1851 1344 1988 1376 agamus
2011 1334 2086 1366 Deo

1112 1378 1253 1420 gratias,
1287 1378 1375 1419 quod
1409 1388 1480 1409 sem
1505 1387 1541 1408 er
1574 1384 1687 1409 servat
1715 1377 1748 1408 in
1770 1377 1892 1408 mundo
1917 1378 2087 1409 doctrinae

1113 1421 1346 1462 coguitionem,
1368 1419 1445 1451 alibi
1467 1431 1488 1461 p
1505 1429 1555 1459 uS,
1578 1418 1656 1451 alibi
1679 1421 1799 1458 minus,
1823 1426 1854 1450 et
1877 1424 1911 1450 ut
1930 1420 2085 1458 sciamus,

1111 1473 1178 1494 non
1201 1462 1401 1505 negligenda
1430 1472 1507 1494 esse
1535 1463 1644 1494 studia
1667 1463 1852 1495 doctrinae:
1886 1462 1960 1493 Non
1984 1462 2087 1494 simus

1111 1506 1156 1536 ita
1178 1506 1298 1543 insani,
1321 1512 1357 1536 ut
1380 1504 1630 1543 Enthusiastae‚
1654 1505 1730 1536 item
1753 1505 2008 1546 Anabaptistae,
2033 1505 2088 1547 qui

1113 1554 1324 1580 contemnunt
1346 1549 1544 1586 doctrinam,
1566 1554 1600 1579 et
1621 1548 1768 1579 iactitant
1790 1558 1898 1579 novos
1920 1555 1954 1579 et
1976 1548 2088 1590 singu·

1111 1590 1199 1622 lares
1221 1590 1496 1629 illuminationes,
1529 1591 1618 1622 unde
1646 1596 1767 1633 postea
1788 1591 1937 1623 incidunt
1957 1591 1991 1622 in
2012 1591 2088 1623 hor·

1113 1632 1225 1665 ribiles
1248 1632 1388 1665 furores.

1199 1684 1390 1727 Cogitemus
1413 1695 1480 1715 non
1503 1694 1581 1715 esse
1603 1694 1672 1715 rem
1695 1695 1843 1725 parvam,
1866 1684 2088 1727 cognitionem

1113 1728 1303 1765 doctrinae,
1326 1733 1358 1759 et
1380 1727 1502 1769 requiri
1524 1726 1727 1758 voluntatem
1751 1727 1918 1766 discendi,
1941 1733 1974 1759 et
1996 1726 2088 1759 labo-

1112 1781 1182 1802 rem
1205 1771 1425 1801 conservandi
1448 1770 1622 1810 puritatem
1645 1770 1828 1801 doctrinae.

1199 1813 1360 1844 Obiicitur
1383 1820 1491 1844 autem
1511 1811 1577 1843 hoc
1598 1819 1844 1855 argumentum:

1199 1868 1296 1898 Nemo
1330 1872 1402 1898 tnnc
1430 1872 1498 1898 erat
1528 1867 1691 1902 Ecclesia,
1725 1869 1787 1898 nisi
1816 1869 1949 1898 insertus
1965 1868 2088 1908 populo

1112 1910 1228 1947 Israel:

1198 1953 1268 1985 Ista
1301 1953 1409 1983 mulier
1444 1953 1611 1983 cananaea
1644 1964 1706 1983 non
1735 1954 1799 1992 fin'c
1827 1955 1945 1984 inserta
1968 1953 2090 1994 populo

1113 1997 1308 2032 Israelitico,
1332 2007 1411 2034 seu,
1435 2007 1496 2026 non
1515 2000 1583 2027 erat
1606 1997 1763 2026 membrum
1786 1996 1876 2026 lucius
1891 1996 2022 2036 populi:

1200 2039 1287 2079 Eryo
1310 2039 1387 2069 haec
1409 2039 1516 2069 mulier
1538 2050 1599 2069 non
1619 2041 1682 2077 fuit
1704 2039 1863 2069 membrum
1885 2039 2057 2071 Ecclesiae.

1201 2095 1403 2136 Respondeo
1438 2095 1582 2126 Primum
1615 2096 1658 2127 ad
1691 2096 1847 2127 maiorem
1885 2105 1945 2136 per
1977 2094 2090 2127 distin-

1115 2139 1266 2170 ctionem.
1323 2138 1478 2170 Societas
1513 2148 1587 2169 cum
1615 2137 1768 2169 Ecclesia
1802 2139 1834 2169 in
1860 2138 1925 2169 isto
1952 2137 2089 2179 populo,

1113 2192 1181 2213 non
1214 2180 1276 2213 fuit
1308 2187 1432 2213 tantum
1466 2179 1679 2223 intelligenda
1709 2181 1750 2212 de
1780 2181 1896 2212 ritibus
1918 2180 2090 2218 mosaicis,

1114 2225 1175 2256 sed
1210 2224 1352 2255 omnium
1385 2225 1524 2255 maxime
1547 2224 1588 2255 de
1611 2225 1794 2266 agnitione,
1828 2229 1860 2255 et
1883 2223 2093 2264 professione

1114 2266 1306 2309 principalis
1340 2267 1586 2308 promissionis,
1621 2268 1662 2299 de
1695 2267 1819 2298 semine
1851 2266 2021 2298 nascituro
2049 2276 2091 2298 ex

1114 2310 1308 2352 posteritate
1342 2309 1509 2341 Abrahae.
1565 2309 1660 2342 Hanc
1690 2309 1941 2351 promissionem
1969 2309 2012 2341 de
2038 2319 2092 2341 se—

1115 2354 1214 2392 mine,
1232 2363 1293 2394 per
1316 2353 1404 2394 quod
1432 2352 1678 2385 benedicendae
1697 2358 1809 2384 essent
1827 2361 1942 2384 omnes
1961 2358 2091 2394 gentes,

1116 2397 1305 2438 quicunque
1334 2394 1630 2437 amplectebantur,
1655 2401 1747 2426 erant
1770 2404 1849 2426 vera
1866 2395 2013 2426 membra
2028 2394 2091 2426 Ec-

1115 2439 1261 2477 clesiae,
1290 2439 1417 2470 etiamsi
1440 2449 1507 2469 non
1528 2438 1731 2479 recipiebant
1755 2438 1890 2468 eosdem
1912 2438 1995 2469 ritus
2018 2448 2092 2469 cum

1115 2480 1239 2524 populo
1264 2480 1384 2519 Israel,
1407 2481 1493 2512 sicut
1516 2491 1616 2521 saepe
1641 2480 1772 2511 dicitur:
1796 2479 1900 2511 fuisse
1922 2486 2002 2512 tunc
2023 2486 2092 2513 tres

1117 2525 1240 2568 gradus
1274 2524 1457 2561 hominum,
1492 2523 1546 2564 qui
1580 2524 1790 2564 pertinebant
1822 2523 1864 2554 ad
1895 2522 2091 2555 Ecclesiam.

88 2566 261 2606 accepisse
284 2575 324 2596 ex
344 2563 441 2602 fama,
464 2566 586 2606 passim
612 2573 689 2597 tunc
712 2576 830 2606 sparsa
853 2567 895 2597 de
918 2566 1064 2606 Christo,
1116 2566 1246 2599 scilicet
1268 2567 1396 2604 ludaei,
1422 2564 1605 2607 Proselyti,
1628 2572 1659 2597 et
1685 2566 1742 2596 viri
1766 2564 1925 2608 religiosi.

89 2608 176 2640 sicut
198 2609 230 2639 in
253 2607 368 2639 Marco
392 2609 519 2645 (licitur,
537 2608 621 2648 quod
639 2607 793 2638 audiverit
811 2609 851 2638 de
868 2611 933 2639 eins
947 2610 1063 2648 sactis-3

88 2652 164 2692 quia
187 2650 270 2682 fides
295 2657 346 2682 est
368 2661 407 2682 ex
431 2651 560 2689 auditu,
591 2650 722 2683 auditus
746 2661 805 2692 per
828 2653 966 2684 verbum
988 2651 1063 2685 Dei.
1088 2652 1271 2684 'Abi-abae.

1203 2610 1312 2642 ludaei
1347 2619 1406 2640 seu
1440 2607 1611 2640 Israelitae
1645 2615 1740 2640 erant
1773 2610 1839 2640 nati
1874 2620 1915 2641 ex
1949 2609 2091 2650 posteris

1318 2652 1376 2683 His
1400 2651 1611 2683 incumbebat
1634 2652 1820 2684 necessitas
1841 2653 2002 2684 servandi
2025 2652 2086 2683 cir-

1835 2711 1888 2737 30·
