2324 2958
35 206 99 240 541

39 300 137 333 valde
167 297 248 332 utile
279 304 332 330 est
365 306 405 329 ea
437 295 614 328 asservari.
676 294 860 334 confirma,
891 295 1008 338 inquit,

39 342 160 376 fratres
182 347 268 374 tuos.
312 339 394 373 Vult
415 349 477 372 nos
500 338 687 371 confirmari
709 339 916 370 testimoniis.

125 384 226 416 Tecte
265 384 362 415 etiam
399 382 523 414 monuit
558 380 712 413 Chn'stus
751 380 935 422 Apostolos
968 381 1009 412 de

42 427 238 470 colligendis
281 425 475 469 fragmentis
520 423 769 466 Prophetarum.
842 423 1010 466 Sapientia

40 470 160 503 tradita
181 475 214 501 et
234 467 382 501 revelata
404 478 464 510 per
485 466 688 509 Prophetas,
716 467 778 498 erit
807 477 892 508 opus
915 466 1010 498 etiam

64 519 119 546 ost
139 522 213 544 nos,

39 525 63 557 P
124 553 357 586 Transferatur
379 559 485 584 autem
502 552 544 584 ad
565 551 710 593 praemia
731 551 914 594 spiritualia
933 562 1011 593 quo-

41 608 116 641 que,
138 596 227 638 quod
250 596 371 627 dictum
395 602 445 627 est
468 595 510 627 de
532 594 772 637 Eleemosynis.
823 595 899 626 Non
922 595 1011 625 dimi-

40 646 144 672 nuunt
164 637 342 670 facultates
364 638 616 679 Eleemosynae.
668 637 716 669 lta
738 636 878 670 fideliter
911 637 1011 668 adini-

38 681 209 715 nistrando
239 681 444 712 vocationem
479 690 707 722 quamcunque
737 691 756 712 a
779 680 853 712 Deo
883 680 1012 711 ordina·

39 731 117 763 tam,
140 724 259 756 crescit
282 724 415 762 donum,
436 722 543 755 fidelis
555 722 684 755 Doctor
707 723 891 756 cumulatur
912 723 1012 754 maio-

41 768 131 799 ribus
155 767 260 799 donis.

457 933 601 973 Proba.

126 1026 267 1058 Habenti
277 1026 412 1064 dabitur,
436 1029 467 1057 el
487 1035 508 1055 a
526 1034 590 1056 non
607 1025 751 1058 habente,
770 1025 864 1055 etiam
876 1024 912 1054 id
931 1023 1015 1063 quod

42 1069 144 1107 habet,
167 1071 344 1109 auferetur.
390 1067 461 1099 Hoc
485 1067 604 1098 dictum
634 1077 747 1098 verum
770 1072 821 1098 est
843 1066 1012 1097 universa-

43 1110 134 1148 liter,
166 1111 198 1142 in
232 1109 456 1152 spiritualibus
485 1116 516 1141 et
541 1107 780 1151 corporalibus·
847 1106 922 1146 llle,
957 1108 1012 1149 qui

43 1159 133 1185 recte
167 1153 371 1184 administrat
406 1163 483 1190 sua,
524 1151 610 1183 illius
645 1161 699 1182 res
731 1150 824 1182 Deus
859 1151 1011 1182 custodit.

43 1195 105 1231 Qui
129 1203 179 1226 est
204 1194 344 1237 diligens
366 1195 397 1226 in
428 1205 489 1226 suo
515 1193 643 1232 labore,
672 1195 889 1225 communicat
910 1192 1012 1225 liben-

42 1244 92 1269 ter
114 1238 145 1268 in
169 1238 329 1275 docendo,
359 1247 443 1279 quae
465 1237 536 1278 ipse
558 1243 648 1268 recte
682 1236 809 1275 didicit,
843 1235 888 1268 illi
917 1236 1011 1268 Deus

42 1290 102 1311 sua
125 1281 210 1312 dona
228 1286 338 1322 auget.
384 1279 449 1310 Res
471 1281 544 1321 ipsa
567 1279 632 1312 hoc
655 1280 806 1310 ostendit

126 1321 249 1353 Paulus
284 1323 377 1354 dicit:
413 1323 553 1362 Attende‚
586 1323 664 1362 quid
683 1323 804 1354 dicam:
837 1324 1013 1361 Αρνὶεοῐαηι

40 1369 167 1406 oportet
187 1368 322 1405 primum
354 1367 395 1397 de
421 1366 583 1404 fructibus
610 1367 784 1396 comedere.
840 1365 1011 1407 Significat

40 1407 124 1439 inter
147 1406 210 1438 alia
233 1407 313 1439 hoc:
347 1408 376 1438 si
409 1414 444 1439 tu
466 1407 609 1439 fideliter
631 1408 779 1446 docebis,
809 1408 933 1448 primus
956 1419 1012 1440 cu-

40 1448 220 1482 mulaberis
239 1450 367 1491 magnis
391 1451 500 1482 donis:
535 1457 568 1481 tu
591 1450 728 1481 maxime
758 1450 920 1491 percipies
948 1449 1012 1482 fru-

41 1498 128 1524 ctum
162 1499 238 1524 tuae
267 1491 450 1524 sedulitatis
483 1499 516 1524 et
548 1492 709 1525 laborum.
775 1493 810 1525 Si
839 1492 1012 1535 diligenter

40 1535 189 1573 docebis,
212 1534 495 1567 cumulabitDeus
518 1541 573 1568 tua
591 1535 686 1567 dona.
725 1535 816 1568 Haec
835 1536 1010 1577 promissio

39 1578 135 1608 etiarn
157 1578 276 1609 excitet
298 1588 373 1616 nos,
399 1584 431 1609 ut
455 1579 556 1610 simus
584 1576 808 1619 diligentiores
831 1579 863 1610 in
886 1579 1010 1610 nostris

38 1617 225 1658 laboribus,
261 1626 292 1651 et
325 1619 565 1659 functionibus,
600 1620 732 1653 cuilibet
765 1622 944 1658 mandatis,
977 1622 1010 1653 111

38 1671 100 1694 5113
122 1663 306 1694 vocatione.

319 1825 535 1858 DOMlNlCA
569 1825 734 1857 lUDlCA.

276 1918 586 1962 Evangelium
620 1919 708 1951 1011.
737 1920 768 1952 8.

137 2015 214 2052 Quis·
236 2024 276 2046 ez
299 2015 384 2046 robis
413 2019 527 2054 arguet
546 2024 598 2046 me
619 2016 659 2046 de
678 2017 833 2056 peccato?
855 2020 911 2047 etc.

162 2146 302 2200 Imago
335 2145 598 2186 certaminum
627 2146 668 2187 in
699 2146 883 2187 Ecclesia.

121 2253 212 2286 Haec
236 2255 397 2292 narratio,
427 2261 459 2285 et
489 2263 574 2295 quae
602 2255 634 2284 in
657 2254 722 2286 1100
745 2255 851 2296 capite
872 2266 1007 2297 praece-

35 2298 128 2335 dunt,
150 2304 227 2328 sunt
249 2297 360 2338 imago
379 2297 631 2338 praecipuorum
656 2298 867 2330 certaminum
896 2299 929 2330 in
952 2309 1007 2341 ge-

34 2349 112 2371 nere
140 2339 294 2371 humano.
346 2339 484 2381 Semper
514 2340 598 2370 enim
627 2341 793 2372 contentio
820 2347 890 2380 est,
923 2352 1007 2384 quae

35 2388 66 2413 et
88 2380 194 2424 qualis
218 2383 260 2413 sit
283 2381 451 2416 Ecclesia;
482 2389 524 2420 et,
554 2393 595 2413 an
618 2381 701 2414 haec
725 2383 886 2423 doctrina,
920 2395 1007 2427 quae

35 2430 86 2455 est
114 2425 245 2466 propria
276 2424 467 2462 Ecclesiae,
505 2426 547 2456 sit
573 2435 672 2464 vera,
712 2432 742 2458 et
776 2436 817 2457 ex
839 2427 931 2458 Deo:
963 2438 1005 2459 an

35 2475 115 2498 vero
137 2466 216 2498 nihil
238 2468 361 2499 intersit
388 2469 471 2499 inter
495 2469 665 2509 opiniones
689 2468 729 2500 de
751 2467 909 2511 religione
928 2480 1005 2512 qua-

36 2519 237 2551 mmcunque
260 2511 415 2552 gentium.
461 2511 550 2548 ltem,
574 2510 661 2552 quod
689 2512 730 2542 sit
762 2518 859 2553 caput
888 2514 1006 2554 princi·

34 2549 111 2592 pale
143 2552 311 2584 doctrinae
344 2552 536 2592 Ecclesiae,
582 2552 751 2592 videlicet,
792 2555 833 2586 de
868 2554 1006 2594 Messia‚

38 2596 113 2633 Quis
134 2596 186 2633 sit,
209 2602 251 2633 et,
278 2597 367 2634 Quod
386 2598 429 2629 είι
451 2601 519 2628 eius
541 2598 692 2637 officinm.

118 2636 170 2669 De
192 2637 243 2670 his
265 2639 364 2671 rebus
382 2647 458 2672 sunt
476 2641 616 2671 maxima
640 2639 834 2672 certaminat
858 2640 899 2672 Et
921 2640 1004 2673 haec

718 200 935 234 POSTILLA
955 198 1352 234 MELANTHONJANA.

1967 201 2031 232 542

1059 292 1158 326 facile
1179 292 1297 325 referri
1329 299 1473 334 possunt
1505 293 1547 324 ad
1577 292 1734 325 articulos
1758 292 1918 335 Symboli,
1946 295 2030 327 510111

1059 346 1208 378 semper,
1249 336 1379 378 quoties
1421 337 1645 367 necessarium
1684 335 1817 378 aliquod
1865 343 2031 368 certamen

1061 379 1204 422 agitatur
1226 379 1258 410 in
1282 377 1452 416 Ecclesia,
1486 378 1654 420 diligentia
1682 378 1738 410 illa
1760 379 1946 411 adhibenda
1967 386 2031 417 est,

1061 429 1096 454 ut
1126 422 1393 460 consideremus,
1438 427 1556 453 contra
1594 431 1691 462 quam
1724 429 1850 463 partem
1882 421 2032 464 Symboli

1062 465 1252 507 disputetur.

1148 507 1182 538 ln
1212 506 1358 539 Canticis
1387 506 1521 538 dicitur:
1554 508 1698 538 Ecclesia
1731 512 1781 539 est
1804 511 1889 540 sicut
1912 513 2033 540 castro-

1061 560 1134 582 rum
1163 554 1250 582 acies
1277 551 1444 582 ordinata:
1466 549 1499 580 id
1526 555 1594 588 est,
1627 559 1758 590 semper
1787 551 1916 592 cogitur
1943 557 2033 582 stare

1062 594 1094 625 in
1116 593 1298 635 procinctu,
1321 599 1351 624 et
1374 597 1489 634 parata
1514 602 1590 623 esse
1613 593 1655 623 ad
1678 592 1903 624 dimicandum.

1148 635 1306 667 Videmus
1318 642 1425 667 autem
1441 634 1495 666 1110
1514 635 1656 677 ingentia
1676 645 1752 666 esse
1769 634 1826 667 illa
1843 637 2032 667 certamina.

1063 678 1173 710 ludaei
1196 677 1371 711 conserunt
1392 678 1424 709 in
1449 676 1616 710 Christum
1644 678 1850 709 atrocissima
1873 679 2033 710 convicia.

1064 720 1216 753 Christus
1239 722 1384 753 1101551111
1407 721 1496 758 dicit,
1519 730 1577 752 eos
1601 730 1677 752 esse
1701 731 1741 752 ex
1763 727 1856 762 patre
1877 720 2030 752 Diabolo.

1064 764 1184 805 Agitur
1217 765 1258 796 de
1289 764 1438 796 articulis
1481 765 1623 795 omnium
1659 763 1886 805 gravissimis:
1932 764 2035 796 Credo

1064 817 1136 838 esse
1158 808 1341 847 Ecclesiam,
1363 811 1517 846 sanctam,
1549 808 1756 839 Catholicam:
1796 807 1899 838 Credo
1925 807 1959 838 in
1988 809 2035 838 le-

1063 859 1133 880 sum
1148 849 1318 890 Christum,
1340 852 1454 883 Filium
1466 853 1535 881 etus
1552 853 1679 881 unicum
1691 851 1860 881 Dominum
1884 854 2034 881 nostrum.

1063 892 1156 923 Item:
1184 893 1286 925 Credo
1297 897 1518 926 remes-cionem
1530 897 1747 933 peccalorum,
1770 896 1803 923 et
1822 895 1916 923 eitam
1933 897 2035 924 aeter-

1063 945 1147 966 nam.
1193 937 1227 967 111
1251 936 1538 977 disputationibus,
1561 945 1715 977 magnum
1727 934 1835 967 lumen
1849 941 1899 966 est
1912 935 2035 972 videre,

1062 988 1129 1019 quo
1152 977 1218 1009 sint
1240 977 1433 1011 referendae
1456 979 1717 1011 controversiae.

1064 1143 1132 1183 De
1181 1143 1560 1185 circumstantia
1617 1145 1883 1199 temporis,
1942 1158 2035 1198 quo

1063 1222 1329 1261 contentio
1360 1221 1462 1262 ista
1484 1220 1677 1262 Christi
1707 1236 1813 1262 cum
1836 1221 2035 1261 Iudaeis

1435 1299 1663 1353 contigit.

1063 1409 1149 1449 Iam
1203 1424 1373 1463 quaem,
1434 1410 1596 1464 quando
1640 1409 1785 1450 accidit
1832 1410 1905 1450 ist-a
1951 1417 2035 1450 tam

1136 1486 1235 1526 acris
1277 1487 1481 1527 contentio
1527 1487 1629 1526 inter
1672 1486 1876 1527 Christum
1919 1494 1959 1526 et

1425 1563 1684 1604 Pharisaeos?

1148 1652 1358 1695 Respondeo.
1415 1653 1515 1685 Facta
1549 1661 1598 1685 est
1635 1661 1710 1695 post
1744 1655 1970 1696 Scenopegia,
2002 1662 2034 1686 et

1062 1701 1138 1727 ante
1167 1695 1332 1728 Encaenia
1365 1697 1522 1737 postremi
1556 1698 1650 1735 anni,
1689 1707 1754 1738 quo
1778 1696 1929 1729 Christus
1962 1707 2034 1729 cru-

1063 1738 1181 1770 cifixus
1205 1745 1266 1771 est.
1322 1739 1512 1779 Σκηιόπήγια
1540 1747 1616 1771 511111
1645 1739 1765 1771 festum
1805 1739 2034 1772 tabernaculo-

1062 1792 1145 1819 rum,
1170 1792 1189 1813 a
1212 1783 1312 1821 σκῆιη,
1337 1783 1368 1813 id
1392 1789 1455 1821 est,
1478 1783 1663 1820 tentorium,
1694 1793 1752 1814 seu
1776 1782 2034 1822 tabernaculum,

1063 1827 1124 1857 Ein
1147 1827 1223 1865 Zelt,
1248 1832 1280 1857 et
1302 1826 1444 1865 πήγνυμι,
1467 1826 1498 1856 id
1523 1832 1592 1863 est,
1616 1826 1693 1867 figo.
1751 1825 1947 1857 Celebratur
1968 1826 2033 1858 hoc

1062 1867 1183 1900 festum
1206 1869 1238 1899 in
1261 1868 1440 1907 Autumno,
1470 1869 1500 1900 in
1524 1869 1588 1899 fine
1612 1869 1832 1910 Septeiiibri5‚
1863 1867 1915 1900 vel
1944 1869 2033 1901 initio

1062 1911 1231 1950 OctobriS,
1265 1912 1293 1943 si
1316 1912 1358 1943 ad
1381 1912 1484 1943 nostri
1510 1912 1586 1943 anni
1615 1912 1772 1943 rationem
1807 1912 2034 1944 accommode·

1061 1964 1144 1985 mus.
1205 1955 1257 1987 Ac
1290 1953 1350 1986 suit
1383 1956 1568 1986 ceremonia
1591 1954 1686 1986 buius
1710 1954 1785 1986 sesti
1809 1954 1972 1994 instituta,
1998 1962 2033 1988 ut

1061 2003 1151 2028 esset
1169 2003 1411 2029 monumentum
1444 2008 1504 2029 seu
1527 1996 1716 2029 memoriale
1746 1997 2033 2029 tabernaculorum

1061 2042 1093 2072 in
1115 2041 1266 2072 deserto:
1301 2040 1393 2073 Sicut
1423 2040 1637 2072 Ceremoniae
1671 2041 1793 2072 debent
1826 2050 1903 2071 esse
1926 2041 2032 2083 signa,

1060 2082 1275 2121 memorialia,
1300 2082 1645 2115 commonefactiones.

1146 2125 1224 2158 Vita
1257 2125 1424 2157 hominum
1458 2136 1524 2157 non
1558 2133 1669 2168 potest
1702 2127 1773 2168 regi
1815 2126 1885 2156 sine
1920 2125 2030 2168 aliquo

1060 2169 1191 2200 ordine:
1226 2169 1273 2200 lta
1307 2170 1339 2201 in
1373 2167 1527 2201 Ecclesia
1560 2179 1644 2211 opus
1679 2175 1729 2202 est
1758 2170 1903 2200 externis
1926 2170 2030 2211 signis

1059 2218 1092 2244 et
1115 2211 1498 2244 commonefactionibuS.
1545 2211 1785 2244 Celebrabatur
1807 2210 1926 2243 festum
1949 2211 2029 2243 illud

1057 2265 1117 2296 per
1150 2256 1221 2287 dies
1254 2262 1349 2293 octo,
1382 2256 1467 2287 sicut
1501 2256 1597 2287 etiam
1628 2262 1757 2286 caetera
1790 2265 1909 2296 magna
1943 2253 2032 2286 festa

1056 2299 1262 2340 praescripta
1285 2299 1316 2330 in
1340 2297 1427 2340 lege,
1450 2298 1579 2330 Pascha
1602 2305 1631 2329 et
1657 2298 1854 2329 Pentecoste
1883 2295 2030 2329 celebra—

1058 2342 1177 2373 bantur
1201 2347 1270 2372 toto
1294 2342 1438 2374 octiduo.

1144 2383 1391 2416 Construebant
1424 2385 1456 2415 in
1479 2383 1543 2416 hoc
1567 2382 1652 2414 sesto
1671 2393 1712 2414 ex
1746 2384 1844 2414 ramis
1874 2383 2028 2415 arborum

1057 2426 1272 2459 tabernacula
1294 2435 1371 2459 ante
1389 2427 1503 2465 aedes,
1537 2427 1567 2457 in
1591 2427 1708 2467 quibus
1743 2427 2029 2458 commorabantur

1057 2470 1172 2501 diebus
1195 2469 1274 2509 illis,
1298 2471 1352 2511 qui
1377 2470 1528 2501 destinati
1558 2474 1650 2500 erant
1680 2469 1756 2500 huic
1788 2467 1885 2500 sesto.
1930 2468 2028 2501 Mane

1055 2514 1261 2545 accedebant
1283 2514 1324 2544 ad
1347 2513 1519 2553 templum,
1555 2512 1732 2543 intererant
1761 2513 1975 2544 concionibus
1996 2520 2027 2544 et

1056 2555 1242 2588 sacrificiis.
1305 2555 1428 2587 Postea
1462 2555 1605 2596 ingressi
1639 2562 1716 2586 sunt
1749 2554 1780 2586 in
1814 2554 2027 2587 tabernacula

1056 2598 1131 2637 ista,
1154 2606 1185 2630 et
1207 2605 1399 2631 recrearunt
1433 2608 1470 2629 se
1504 2596 1715 2630 hilarioribus
1739 2596 1921 2635 sconviviis,
1952 2608 2027 2640 ego—

1057 2648 1131 2673 runt
1166 2641 1238 2673 Deo
1274 2642 1397 2683 gratias
1426 2650 1485 2681 pro
1528 2639 1692 2672 collocato
1729 2639 1851 2682 populo
1886 2641 1916 2671 in
1941 2648 2027 2672 terra
