2324 2958
57 172 119 206 357

60 271 223 302 suenum,
258 269 292 294 et
325 262 484 302 scriptam
514 259 646 302 reliquit
679 260 925 292 consessionem
956 269 1037 292 suae

61 309 134 343 fidei
155 307 196 338 de
217 306 324 337 tribus
346 304 500 346 personis
524 304 720 340 divinitatis,
744 313 830 345 quae
852 301 962 334 adbuc
984 313 1036 334 ex-

60 358 117 385 tat.
158 348 333 390 Ego-eam
364 347 500 379 recitavi
531 347 562 377 in
593 346 693 377 Locis
728 353 760 377 et
794 346 825 376 in
857 345 1035 377 Chronico.

60 394 131 429 Fuit
152 392 203 423 vir
225 397 376 428 sanctus,
399 396 431 421 et
453 389 566 421 clatus
589 388 778 426 miraculis,
801 389 919 430 quibus
942 387 1035 420 Deus

59 435 263 471 autoritatem
287 433 375 464 dedit
398 433 567 464 doctrinae
589 433 704 473 ipsius.

142 477 247 509 Huius
276 476 341 508 fide
375 482 407 507 et
436 477 603 512 doctrina,
636 475 736 516 inquit
774 472 918 505 Basilius
953 474 1036 514 ipse,

57 521 212 555 imbutum
242 529 280 551 se
308 518 413 551 fuisse
435 520 478 550 ab
502 517 656 556 infantia,
688 518 772 552 Quia
795 517 954 548 nutricem
980 516 1036 547 ba-

57 564 163 598 buerit
191 562 359 594 mulierem
387 561 664 593 studiosissimam
694 560 865 592 doctrinae
887 559 1036 591 Neocae-

57 607 227 644 sariensis,
252 615 348 647 quem
373 605 545 636 docentem
571 604 752 634 audiverat.
788 602 882 634 Hanc
906 603 948 633 ait
973 602 1036 633 sibi

55 654 173 681 testem
188 655 219 680 et
233 648 510 680 confirmatricem
524 647 629 678 fnisse
642 647 811 677 doctrinae
827 646 867 677 de
881 644 947 676 silio
960 645 1035 676 Dei.

142 692 236 723 Sicut
257 697 365 722 autem
389 689 511 731 profuit
533 691 561 721 ei
585 690 807 720 testimonium
830 699 912 720 suae
934 689 1036 719 nutri·

56 735 122 774 cis,
150 745 236 776 quac
259 734 340 765 dixit
361 733 450 764 hanc
473 742 549 763 esse
575 743 685 763 veram
709 733 920 770 sententiam,
944 737 976 763 et
998 741 1035 762 se

56 787 127 810 eam
156 778 326 809 audivisse
354 787 393 808 ex
425 776 591 817 Gregorio
619 774 678 807 illo
706 776 944 817 &avpatotiqflpz
979 774 1035 805 Sic

55 819 158 853 voluit
182 820 278 851 iidem
302 830 396 851 suam
420 820 618 850 confirmare
640 819 841 849 sciscitando
871 819 966 849 etiam
995 817 1036 851 tle

54 863 192 896 aliarum
222 861 361 904 plurium
391 862 619 893 Ecclesiarum
650 862 800 893 doctrina
830 868 861 892 et
892 861 1035 892 testiino-

54 907 136 945 niis,
165 917 249 948 quae
271 907 402 948 quidem
426 912 457 936 et
481 905 551 947 ipse
579 903 713 946 allegat.
758 905 792 935 ln
823 915 863 935 ea
891 903 1036 945 peregri-

54 950 186 982 natione
209 950 372 980 contraxit
395 958 529 990 quoque
552 949 696 979 notitiam
721 954 752 979 et
768 948 943 978 amicitiam
962 956 1035 977 cum

53 991 244 1035 plaerisque
268 992 463 1023 doctoribus
488 990 731 1031 Ecclesiarmn,
755 991 840 1021 sicut
864 997 895 1021 et
918 996 1035 1030 postea

53 1046 114 1078 pcr
135 1034 250 1066 literas
273 1035 356 1066 fovit
379 1041 412 1066 et
435 1033 536 1066 coluit
559 1034 734 1065 amicitiam
760 1044 833 1064 cum
857 1032 979 1064 multis.

140 1077 240 1109 Extat
274 1079 360 1109 inter
395 1085 545 1109 caeteras
576 1079 645 1108 eius
675 1075 863 1118 EpistolaS,
896 1086 962 1107 una
992 1075 1034 1106 ad

54 1122 265 1154 Ambrosium
295 1120 394 1153 valde
425 1120 549 1158 dulcis,
580 1131 620 1151 ex
649 1130 715 1161 qua
743 1118 881 1161 intelligi
911 1124 1034 1160 potest,

54 1163 162 1207 qualis
190 1165 331 1195 amicitia
358 1162 455 1195 suerit
483 1164 568 1194 inter
595 1162 670 1194 illos
699 1169 907 1203 praestantes·
931 1162 1034 1199 viros,

54 1218 241 1250 quanquam
262 1208 408 1238 vixerunt
435 1208 465 1237 111
487 1205 571 1237 locis
591 1205 707 1247 procul
727 1206 869 1236 dissitis:
892 1205 1035 1236 Ambro-

53 1252 124 1282 sius
147 1249 326 1282 Mediolani
349 1251 380 1281 in
404 1248 510 1282 italia:
544 1248 688 1281 Basilius
712 1249 743 1280 in
767 1249 867 1287 Asia,
897 1249 930 1280 in
953 1248 1035 1280 urbe

55 1293 235 1326 Caesarea.

140 1337 215 1368 Non
239 1335 397 1367 dubitavit
414 1336 625 1373 Ambrosius,
649 1341 780 1366 vertere
802 1335 983 1367 conciones
1001 1334 1033 1364 in

54 1380 193 1421 primum
217 1385 316 1420 caput
339 1378 481 1409 Genesis
509 1379 670 1419 scriptas,
700 1388 784 1418 quae
810 1384 887 1409 sunt
915 1376 1035 1419 plenae

55 1422 248 1454 eruditionis
266 1428 299 1452 et
316 1420 537 1462 eloquentiae,
560 1421 833 1462 quemadmodum
851 1427 884 1452 et
902 1427 1035 1452 caetera

54 1466 178 1507 scripta
202 1465 310 1495 onmia
333 1463 466 1501 Basilii,
496 1475 581 1506 quae
609 1470 686 1495 sunt
714 1464 815 1505 ipsius
845 1464 979 1505 propria
1003 1469 1035 1495 et

53 1509 170 1548 γνήσια.
210 1507 294 1538 Nam
313 1506 553 1538 Monachorum
576 1506 712 1550 regulas
735 1517 855 1549 magna
878 1517 919 1538 ex
940 1512 1035 1548 parte

53 1550 141 1582 salso
164 1550 193 1581 ei
216 1550 349 1581 attribui
373 1551 533 1581 existimo·

141 1592 176 1624 ln
207 1593 347 1623 caeteris
382 1599 414 1624 et
443 1594 570 1634 puritas
598 1598 651 1624 est
679 1593 864 1631 doctrinae,
900 1598 933 1624 et
966 1591 1034 1624 elo-

53 1637 187 1679 quentia
209 1642 311 1673 tanta,
336 1641 371 1667 ut
394 1646 482 1667 nunc
506 1636 635 1677 quidem
659 1634 780 1666 nullius
805 1634 1033 1667 Ecclesiastici

53 1679 227 1720 scriptoris
250 1685 360 1710 extent
383 1686 611 1716 monumenta,
635 1679 688 1720 qui
713 1680 837 1710 rectius
861 1686 893 1710 et
916 1677 1033 1710 melius

51 1721 186 1755 locutus
209 1722 261 1753 sit.
296 1721 405 1753 Utitur
424 1723 572 1753 oratione
591 1723 716 1760 nativa,
735 1728 767 1753 et
785 1733 851 1753 non
866 1721 1032 1754 affectata.

53 1765 199 1798 Adhibet
221 1763 422 1805 diligentiam
450 1766 482 1796 in
513 1764 643 1796 delectu
668 1766 861 1803 verborum,
890 1772 922 1797 et
949 1766 1033 1808 figu-

53 1818 175 1840 rarum.
221 1807 351 1839 Retinet
385 1808 526 1839 nativam
556 1807 675 1839 faciem
705 1807 854 1851 linguae,
890 1819 955 1839 non
988 1810 1033 1839 ni-

52 1852 152 1884 mium
177 1851 259 1883 ludit
282 1851 409 1893 figuris.
454 1851 514 1882 Est
541 1853 753 1893 perspicuus,
783 1858 815 1882 et
845 1862 1033 1893 quanquam

54 1901 104 1926 est
134 1895 309 1936 copiosus,
339 1901 447 1925 tamen
475 1895 607 1926 modum
638 1901 727 1926 tenet
754 1901 1032 1926 ornamentorum.

52 1936 158 1970 Multo
177 1938 312 1979 propior
329 1943 380 1968 est
397 1948 506 1969 sermo
524 1937 651 1975 Basilii,
676 1939 819 1970 sermoni
836 1938 1032 1970 Demosthe-

53 1982 123 2019 nis,
159 1992 256 2023 quam
287 1980 508 2019 Nazianzeui,
541 1986 598 2012 aut
630 1979 786 2020 aliorum,
820 1983 874 2024 qui
906 1982 1034 2013 Graece

53 2024 258 2067 scripserunt
280 2024 312 2054 in
335 2023 499 2054 Ecclesia.

141 2066 222 2098 Post
246 2067 530 2108 peregrinationes
553 2067 647 2098 rediit
663 2066 807 2099 Basilius
822 2067 1034 2107 Caesaream,

53 2111 108 2151 ubi
138 2117 279 2142 vocatus
313 2116 365 2141 est
392 2111 434 2140 ab
465 2109 633 2151 Episcopo
663 2109 810 2142 Eusebio
844 2113 885 2143 ad
914 2123 1033 2143 munus

54 2154 195 2185 docendi
219 2154 251 2184 in
274 2152 438 2184 Ecclesia.
477 2152 550 2184 Fuit
573 2154 670 2194 igitur
691 2153 892 2195 aliquamdiu
915 2153 1033 2193 lector,

54 2204 87 2228 et
109 2197 269 2238 interpres
292 2195 450 2228 librorum
474 2198 655 2237 scripturae
677 2207 813 2236 sacrae,
845 2197 943 2233 Quod
967 2209 1034 2229 mu-

752 166 967 199 POSTILLA
992 166 1022 197 M
1029 164 1391 197 ELAN'rHoNtANA.

1999 163 2063 195 358

1086 261 1183 300 βολον.
1228 259 1359 289 Amicus
1380 261 1427 289 est
1449 259 1572 290 animal
1590 264 1713 291 natura
1741 259 1898 291 mutabile.
1947 259 2064 292 Videte

1087 308 1203 334 nostra
1229 307 1396 342 tempora,
1431 311 1528 342 quam
1562 301 1682 333 multae
1712 303 1873 335 amicitiae
1903 302 2065 336 dissiliant

1087 346 1188 376 variis
1218 345 1260 389 de
1291 344 1414 375 causis.
1461 343 1600 378 Quando
1635 346 1781 377 incidunt
1810 347 2004 378 mutationes
2032 349 2064 379 in

1088 388 1230 428 imperiis
1253 393 1286 418 et
1307 385 1484 428 religione,
1516 392 1583 418 tum
1607 389 1794 420 crebriores
1817 397 1893 421 sunt
1916 391 2064 422 mutatio-

1089 440 1148 461 nes
1176 430 1399 461 amicitiarum.
1445 429 1511 461 Sed
1542 440 1642 471 saepe
1671 429 1848 463 levissimis
1882 434 1922 465 de
1954 435 2065 464 causis

1087 480 1253 504 mutantur
1269 472 1440 504 amicitiae.
1474 472 1547 504 Fuit
1566 474 1663 504 nobis
1685 476 1973 508 coniunctissimus
1991 476 2065 508 Sta-

1087 515 1220 558 phylus.
1265 515 1362 547 Nunc
1384 522 1507 556 quanta
1531 523 1583 547 est
1606 517 1676 547 eius
1705 519 1870 549 acerbitas
1898 526 1929 550 et
1955 521 2065 551 innua-

1087 560 1172 590 nitas
1198 565 1314 590 contra
1339 569 1414 596 nos,
1436 557 1506 590 fere
1529 560 1599 590 sine
1622 558 1689 590 ulla
1713 562 1835 593 causa?
1878 562 1996 595 Cicero
2020 565 2065 595 di·

1089 603 1132 633 cit
1155 602 1186 632 in
1211 600 1324 632 libello
1347 602 1389 632 de
1411 602 1571 634 amicitia:
1607 602 1720 644 lilayz's
1742 615 1839 645 saepe
1869 608 1987 638 ma‘rart'
2011 607 2065 639 Ιιο-

1088 645 1203 682 mz'nes,
1226 645 1312 685 quod
1330 643 1455 684 fhctnm
1478 645 1539 683 st't,
1563 655 1658 686 quam
1681 657 1740 678 cur
1758 646 1882 687 1110111111
1905 651 1957 680 sit.
2001 650 2066 686 Qui

1088 693 1161 718 sunt
1185 688 1239 728 pii,
1263 687 1296 718 hi
1319 698 1482 718 memores
1505 695 1583 719 sunt
1606 689 1699 721 dicti:
1733 691 1894 723 Remittae’te
1913 695 2066 725 011011111-

1089 734 1174 761 tetur
1196 731 1294 762 vobis.
1340 730 1381 761 Et
1411 731 1498 772 quod
1524 731 1609 762 tilius
1634 730 1696 764 Dei
1727 735 1758 765 in
1782 735 1853 775 ipsa
1877 737 2067 776 precatione

1088 784 1150 804 nos
1184 773 1469 805 commonefacere
1501 773 1619 806 voluit:
1662 776 1799 808 Remitte
1834 779 1925 809 nobis
1959 780 2067 812 debita

1087 820 1212 847 nostra.

1174 858 1289 890 Maluit
1308 860 1407 901 igitur
1419 858 1563 891 Basilius
1583 862 1701 893 cedere
1715 862 1894 905 Episcopo,
1918 875 1960 896 ne
1978 866 2067 897 initia

1087 900 1266 933 factionum
1288 903 1393 933 maius
1416 903 1601 935 incendium
1626 907 1818 938 excitarent.
1863 907 2013 940 Secessit
2035 909 2066 940 in

1089 945 1246 983 Pontum,
1277 952 1308 976 et
1333 946 1419 976 bona
1442 947 1547 986 patria
1572 947 1709 980 contulit
1738 950 1769 980 in
1794 961 1867 981 eum
1890 961 2002 989 usum,
2035 958 2068 983 ut

1088 989 1272 1019 institueret
1291 987 1440 1019 scholam
1459 1000 1519 1020 seu
1534 989 1672 1022 haberet
1691 1002 1803 1024 secum
1823 1001 1952 1026 coetum
1970 995 2068 1026 scho-

1088 1030 1249 1062 lasticum.
1296 1031 1459 1062 Versatus
1483 1039 1534 1063 est
1557 1034 1599 1064 ibi
1624 1035 1655 1065 in
1679 1037 1796 1067 studiis
1828 1048 1901 1068 cum
1928 1039 1998 1069 suis
2022 1037 2068 1070 fa-

1087 1073 1280 1105 miliaribus.
1327 1074 1405 1105 lnde
1434 1076 1551 1106 dicitur
1577 1076 1743 1116 Basilius,
1769 1084 1867 1119 parer
1892 1080 2067 1112 Monada)-

1087 1127 1167 1148 rum.
1215 1117 1281 1148 Sed
1306 1127 1371 1148 non
1395 1116 1454 1149 suit
1477 1117 1542 1149 tale
1565 1119 1705 1162 aliquid,
1730 1121 1827 1163 quale
1850 1130 1965 1165 postea
1989 1126 2069 1156 exti-

1087 1161 1124 1191 tit
1147 1170 1253 1202 genus
1277 1160 1364 1191 vitae
1386 1163 1615 1193 monasticum.

1174 1202 1223 1233 1111
1246 1213 1422 1242 secessus,
1453 1215 1536 1246 quos
1568 1207 1775 1239 nominarunt
1803 1207 1879 1240 olim
1904 1220 2067 1241 monaste-

1087 1246 1146 1283 ria,
1170 1245 1303 1277 fuerunt
1326 1246 1430 1278 libera
1454 1247 1622 1287 sodalitia,
1653 1258 1682 1281 et
1708 1250 1863 1290 scholae,
1893 1253 1925 1283 in
1949 1254 2066 1294 quib-is

1087 1300 1152 1321 una
1172 1290 1327 1320 vivebant
1347 1289 1495 1321 homines
1514 1299 1663 1324 amantes
1684 1294 1866 1326 doctrinam
1881 1295 2067 1336 Ecclesiae,

1087 1333 1256 1364 habebant
1279 1334 1435 1364 exercitia
1459 1336 1701 1375 precationum,
1726 1336 2004 1380 colloquebantur
2027 1342 2067 1373 de

1088 1376 1250 1413 doctrina,
1274 1378 1460 1407 tractabant
1483 1379 1591 1409 studia
1610 1378 1842 1421 philosophiae
1862 1388 1894 1413 et
1911 1382 2067 1425 eloquen-

1087 1419 1163 1449 tiae.
1208 1418 1506 1451 Commorabantur
1534 1421 1565 1451 in
1596 1423 1668 1453 istis
1696 1423 1823 1455 scholis
1850 1423 1971 1464 libere,
2001 1438 2067 1469 quo

1086 1462 1128 1492 ad
1152 1460 1320 1499 volebant,
1343 1463 1414 1493 sine
1434 1462 1703 1505 obligationibus,
1739 1466 1781 1498 Et
1803 1474 1911 1500 tamen
1934 1470 2068 1502 vincula

1086 1505 1246 1546 quaedam
1270 1504 1462 1547 disciplinae
1485 1513 1595 1546 erant,
1626 1508 1711 1544 Quia
1735 1509 1815 1542 nulli
1845 1518 1961 1545 coetus
1988 1525 2067 1556 pos-

1086 1554 1163 1579 sunt
1186 1558 1262 1579 esse
1285 1549 1357 1579 sine
1380 1548 1563 1589 disciplina.

1174 1591 1225 1623 Ac
1260 1590 1362 1622 11111110
1396 1591 1568 1633 pulchrior
1603 1600 1669 1626 tum
1704 1594 1764 1627 fuit
1797 1595 1904 1630 forma
1937 1598 2068 1632 illarum

1085 1632 1288 1672 scholarum,
1312 1645 1409 1675 quam
1433 1646 1517 1677 quae
1540 1647 1626 1668 nunc
1650 1645 1702 1670 est
1724 1639 1757 1670 in
1782 1643 1905 1673 nostris
1929 1642 2066 1675 scholis.

1086 1676 1152 1708 lmo
1176 1676 1252 1719 plus
1276 1684 1327 1708 est
1350 1678 1558 1711 obedientiae
1581 1682 1668 1721 apud
1692 1681 1828 1722 milites,
1858 1695 1955 1726 quam
1979 1687 2068 1728 apud

1085 1730 1168 1758 vos,
1196 1720 1250 1761 qui
1270 1731 1358 1752 nunc
1382 1720 1484 1753 vultis
1508 1723 1571 1753 dici
1595 1723 1799 1757 scholastici.
1843 1727 1954 1760 Minus
1982 1731 2067 1762 inter

1085 1762 1204 1795 milites
1233 1763 1392 1795 'l'urcicos
1423 1772 1473 1795 est
1501 1765 1720 1807 petulantiae,
1754 1780 1850 1811 quam
1879 1772 1966 1804 inter
1991 1784 2066 1812 νος,

1085 1807 1140 1847 qui
1164 1807 1274 1837 verius
1292 1808 1464 1839 stratiotae
1482 1809 1576 1848 estis,
1601 1821 1698 1851 quam
1721 1812 1923 1846 scholastici.
1958 1816 2067 1848 Noctu

1085 1850 1116 1880 in
1135 1850 1255 1880 eastris
1268 1849 1449 1882 'furcarum
1469 1857 1560 1883 tanta
1579 1860 1629 1884 est
1646 1854 1879 1896 tranquillitas,
1899 1865 1933 1890 ut
1948 1858 2065 1902 vigiles

1085 1893 1216 1933 possint
1245 1903 1282 1923 se
1313 1899 1425 1925 mutuo
1455 1896 1589 1933 audire,
1623 1903 1656 1928 et
1687 1899 1793 1937 scire,
1828 1901 1904 1942 quid
1935 1909 2065 1934 affatur.

1087 1935 1210 1982 Etiam,
1241 1947 1314 1967 cuin
1343 1936 1397 1967 1110
1420 1944 1515 1969 erant
1541 1938 1679 1978 milites,
1707 1949 1826 1975 noctes
1857 1929 2066 1978 erantotran-

1085 1977 1266 2020 quilliores,
1289 1990 1384 2021 quam
1408 1991 1495 2012 nunc
1518 1989 1606 2014 sunt.
1643 1983 1734 2016 Haec
1758 1988 1929 2020 barbaries
1954 1995 2066 2021 vestra

1086 2032 1224 2063 prorsus
1247 2021 1354 2054 aliena
1378 2030 1430 2055 est
1453 2035 1472 2055 a
1495 2025 1561 2056 vita
1584 2026 1801 2061 scholastica.

1171 2065 1331 2097 proderat
1354 2067 1451 2108 igitur
1472 2068 1505 2099 in
1529 2069 1600 2100 istis
1624 2072 1791 2103 veteribus
1815 2073 1953 2113 scholis,
1980 2086 2065 2117 quae

1085 2114 1163 2139 tunc
1179 2109 1372 2140 dicebantur
1384 2110 1600 2151 Monasteria,
1625 2117 1751 2146 versari
1770 2115 1968 2158 aliquamdiu
1986 2119 2065 2150 ado-

1084 2151 1270 2202 lescentes,
1293 2158 1327 2183 ut
1351 2153 1550 2186 adultiorum
1573 2156 1752 2198 exempliS,
1775 2166 1807 2191 et
1830 2161 1998 2199 doctrina,
2022 2162 2065 2193 ad

1085 2202 1237 2236 pietatem
1261 2196 1528 2236 instituerentur,
1551 2201 1769 2232 assuefierent
1792 2203 1833 2233 ad
1859 2204 2065 2244 modestiam,

53 2250 117 2272 nus
140 2238 246 2270 simile
269 2247 339 2271 erat
363 2239 583 2277 scholastico,
612 2247 647 2270 ut
670 2250 757 2272 nunc
779 2248 856 2272 sunt
879 2242 911 2272 111
935 2241 1033 2273 scho-
1055 2246 1061 2286 J
1085 2245 1362 2279 praepararentur
1390 2241 1431 2271 ad
1463 2239 1650 2274 functiones
1674 2243 1930 2277 Ecclesiasticas
1960 2254 1993 2279 et
2022 2249 2064 2280 ad

53 2281 95 2314 1ῑρ
119 2282 279 2314 Lectores
303 2293 362 2314 seu
387 2282 611 2313 Professmes,
657 2284 724 2315 Sed
749 2284 861 2316 incidit
884 2284 1032 2317 simultas
1056 2290 1062 2308 1
1085 2283 1265 2313 certamina
1293 2292 1367 2314 cum
1394 2284 1595 2316 adversariis
1624 2287 1772 2318 veritatis
1802 2289 1873 2320 sire
1904 2289 2064 2330 Ethnicis,

53 2327 139 2358 inter
166 2325 344 2357 Eusebium
375 2332 407 2357 et
436 2324 609 2362 Basilium,
643 2336 726 2367 quae
754 2328 831 2359 inde
860 2327 919 2359 suit
948 2335 1033 2367 orta,

55 2368 143 2411 quod
167 2368 353 2411 Episcopus
381 2370 538 2400 urebatur
566 2367 672 2410 gloria
695 2369 823 2409 Basilii,
852 2373 905 2413 qui
933 2371 1033 2403 habe-

55 2412 113 2443 bat
140 2413 249 2443 studia
277 2411 470 2450 multorum,
499 2412 561 2443 etsi
591 2418 707 2453 postea
737 2413 766 2444 ei
797 2413 1033 2447 reconciliatus

54 2452 128 2493 fuit,
152 2461 184 2486 et
204 2455 278 2496 ipse
301 2465 374 2486 eum
397 2455 575 2486 nominavit
598 2455 660 2486 sibi
684 2465 925 2489 successorem.

142 2496 251 2528 Ratae
272 2504 349 2530 sunt
372 2499 534 2529 amicitiae
557 2504 746 2540 perpetuae,
770 2500 862 2532 iuxta
885 2511 1033 2532 versum:

57 2539 176 2572 Omnia
197 2545 383 2578 vertuntur,
406 2545 492 2572 certe
513 2546 684 2572 vertuntur
706 2552 842 2575 amm-es.
886 2543 928 2575 Et
948 2543 1034 2575 'rha-

55 2581 108 2614 les
138 2583 232 2614 dixit:
266 2583 405 2615 Dulcius
431 2588 478 2616 est
503 2582 619 2624 facere
648 2586 800 2624 amicum,
833 2589 930 2627 qinom
956 2588 1034 2619 reti-

55 2635 143 2658 nere.
188 2625 285 2659 Plato
315 2627 411 2659 etiam
439 2628 558 2669 inquit:
586 2630 672 2669 φίλος
699 2630 773 2667 ζῶον
800 2630 891 2670 φόσει
911 2629 1033 2671 aimoi-

1085 2325 1156 2355 sive
1180 2324 1364 2357 haereticis

1172 2367 1316 2399 lulianus
1340 2376 1543 2411 conquestus
1567 2377 1635 2410 est,
1665 2371 1873 2406 Christianos
1901 2375 1964 2407 iam
1987 2387 2065 2410 esse

1086 2410 1267 2442 instructos
1290 2411 1478 2453 eloquentia
1502 2420 1533 2445 et
1553 2415 1749 2447 eruditione:
1785 2417 1825 2449 Et
1843 2428 1994 2459 cynosco,
2017 2421 2064 2452 in-

1086 2454 1166 2494 quit,
1192 2464 1280 2486 meas
1300 2465 1425 2495 pennas
1446 2457 1479 2487 in
1501 2459 1578 2489 meis
1598 2459 1791 2491 vulneribus.
1836 2460 1929 2494 Sicut
1951 2463 2065 2505 aquila

1086 2496 1210 2528 dixisse
1234 2496 1338 2530 fertur
1360 2499 1391 2529 in
1416 2498 1549 2538 tabulis,
1572 2509 1754 2542 conspecto
1775 2502 1850 2535 tclo.
1885 2504 1946 2537 Est
1966 2517 2063 2538 unum

1086 2549 1126 2570 ex
1151 2541 1294 2582 antiquis
1316 2543 1512 2583 proverbiis.
1557 2542 1668 2576 Voluit
1693 2546 1899 2588 significare:
1927 2560 1946 2580 a
1970 2549 2063 2581 Chri-

1085 2583 1202 2614 stianis
1224 2585 1407 2625 oppugnari
1430 2583 1590 2617 Ethnicos
1614 2587 1654 2618 iis
1676 2590 1788 2628 armis,
1813 2601 1898 2632 quae
1919 2594 1962 2624 ab
1987 2592 2064 2624 Eth-

1086 2625 1169 2657 uicis
1187 2627 1406 2667 accepissent.
1435 2627 1512 2659 ideo
1530 2629 1708 2670 prohibuit,
1727 2642 1769 2664 ne
1787 2633 1953 2667 discerent
1971 2635 2064 2668 Chri-

1807 2694 1858 2719 23·
