2324 2958
210 202 274 234 295

210 296 299 327 dedit
327 296 424 326 nobis
453 295 710 336 promissiones,
740 296 837 328 etiam
865 296 907 327 de
935 295 999 328 hac
1024 297 1089 327 vita
1116 305 1188 326 cor-

211 336 335 380 porali,
358 344 391 369 et
413 338 594 369 secundum
616 336 692 370 illas
715 339 769 370 dat
793 339 890 371 nobis
915 339 1039 376 cibum,
1065 344 1188 379 potum,

210 379 452 418 defensionem,
481 380 544 412 hos
569 382 640 419 itia,
668 381 795 413 etiamsi
823 380 921 413 simul
947 391 1009 412 nos
1032 381 1109 411 sinit
1131 391 1188 411 ex-

210 424 308 465 periri
337 433 475 465 magnas
561 424 730 462 amitates‚
760 426 846 456 sicut
875 434 1006 465 semper
1033 423 1189 455 Ecclesia

208 467 351 508 angitur,
375 473 406 497 et
430 466 618 498 concutitur
639 465 750 499 multis
772 468 889 499 modis,

295 507 459 540 Diabolus
482 510 609 551 quaerit
637 510 856 552 undequaque
886 510 1082 541 occasiones
1116 518 1187 548 ἰτε-

209 551 328 589 mendi,
351 557 383 583 et
403 551 620 584 conculcandi
640 551 837 591 Ecclesiam,
861 561 1058 594 quocunque
1076 552 1186 590 modo,

208 601 242 625 ut
268 593 410 636 implicet
433 605 496 627 nos
519 596 649 633 erratis,
675 602 705 627 et
727 597 886 637 peccatis,
910 601 940 625 et
963 593 1105 625 cumulet
1128 605 1186 626 no·

210 638 260 668 bis
284 647 421 679 poenas.
458 637 610 680 Undique
634 639 772 670 immittit
794 638 996 674 vexationes,
1020 643 1052 669 et
1074 638 1186 668 varias

208 689 439 712 aerumnarum
461 681 603 723 ἀφορμάς
625 682 802 722 excogitat.

294 723 385 755 Inter
407 724 489 755 istas
513 725 662 755 miserias
687 731 808 760 tamen,
833 729 864 754 et
883 723 914 754 in
934 732 1054 764 magna
1073 729 1187 754 nostra

207 766 394 798 infirmitate
416 766 510 798 Deus
536 773 647 798 servat
671 764 855 797 Ecclesiam
886 776 998 803 suam,
1029 771 1061 797 et
1090 765 1188 797 tradit

207 809 305 840 nobis
339 819 378 841 ea
411 810 442 840 in
478 820 513 840 re
547 808 792 841 consolationes
821 818 961 850 magnas
991 815 1023 839 et
1054 807 1186 840 multas.

211 850 356 887 Quarum
395 862 521 884 summa
562 850 801 893 comprehensa
840 857 889 882 est
928 851 959 882 in
998 852 1062 882 hoc
1099 852 1187 883 dicto

209 893 348 926 Psalmi:
383 895 510 927 Blultae
532 899 604 925 sunt
628 895 852 925 tribulatimzes
874 895 1047 926 iustmwm:
1068 895 1126 925 sed
1148 905 1188 926 ecc

207 937 257 969 his
279 939 420 969 munibus
442 938 592 970 liberabit
615 948 668 969 eos
690 937 858 969 Dominus.

295 980 367 1012 Has
397 991 519 1013 causas
548 991 648 1021 saepe
676 981 943 1018 consideremus,
978 987 1009 1011 et
1041 980 1186 1011 sciamus

208 1023 294 1055 hanc
318 1033 395 1055 esse
420 1034 547 1062 veram,
577 1030 607 1055 et
636 1023 859 1055 necessariam
889 1024 1089 1054 doctrinam:
1121 1033 1186 1055 non

206 1075 284 1097 esse
307 1065 445 1098 similem
475 1067 627 1098 inanibus
654 1065 936 1104 cavillationibus,
966 1066 1027 1097 sed
1056 1067 1186 1107 sapien—

207 1109 284 1141 tiam
307 1110 460 1140 diw'nitus
484 1111 580 1141 nobis
604 1110 766 1141 traditam.

294 1152 467 1188 Quomodo
491 1160 567 1184 sunt
590 1159 699 1184 autem
719 1152 859 1193 petenda
879 1153 967 1183 bona
987 1152 1186 1193 corporalia,

206 1195 281 1227 item
305 1197 471 1236 quomodo
495 1195 733 1237 intelligendae
754 1201 830 1226 sunt
851 1195 1089 1235 promissiones
1108 1196 1186 1227 isto·

207 1249 279 1270 rum
306 1239 488 1271 bonorum?
529 1238 738 1279 Respondeo.
784 1238 817 1268 ln
842 1238 997 1279 petitione
1022 1239 1186 1269 remissio-

206 1281 257 1312 nis
280 1288 506 1322 peccatorum,
537 1280 660 1313 nullam
683 1282 842 1313 debemus
874 1281 997 1312 addere
1027 1282 1186 1313 conditio-

207 1334 292 1355 nem.
338 1324 404 1355 Sed
429 1325 459 1355 in
484 1325 639 1365 petitione
663 1335 770 1356 rerum
795 1322 1016 1366 corporalium
1036 1331 1087 1356 est
1109 1335 1186 1356 con-

206 1367 305 1405 ditio,
334 1368 419 1399 sicut
442 1367 612 1408 Leprosus
642 1368 694 1399 hic
718 1368 838 1409 inquit,
869 1374 987 1408 petens
1010 1367 1186 1408 corporale

205 1409 376 1441 auxilium:
412 1411 548 1442 Domine
574 1412 606 1442 si
632 1412 696 1448 ris,
730 1415 822 1451 potes
852 1421 899 1441 me
926 1411 1093 1442 ministare.
1138 1411 1186 1443 lta

207 1459 240 1484 et
266 1463 329 1485 nos
355 1464 420 1484 non
449 1455 609 1485 debemus
637 1454 868 1495 praescribere
891 1453 966 1485 Deo
996 1460 1125 1494 tempus
1155 1460 1187 1485 et

208 1496 339 1528 modum
362 1497 591 1534 exauditionis,
615 1504 670 1528 aut
694 1496 915 1534 liberationis,
939 1497 1000 1528 sed
1022 1497 1187 1529 subiicere

209 1549 270 1569 nos
295 1538 454 1571 voluntati
478 1540 618 1577 divinae,
643 1545 675 1571 et
697 1550 737 1570 ac
762 1539 912 1570 uiescere
931 1540 962 1570 in
983 1540 1087 1580 ipsius
1108 1550 1187 1571 con-

207 1580 291 1613 silio.
337 1581 433 1618 Quod
465 1589 499 1614 ut
530 1583 651 1614 rectius
685 1583 750 1613 inte
779 1583 903 1624 igatur.
938 1583 1186 1614 consideremus

207 1624 426 1656 definitionem
450 1627 532 1666 spei.

293 1668 377 1703 Quid
402 1676 452 1699 est
475 1669 582 1710 spes?

294 1711 504 1753 Respondeo.
550 1711 607 1743 Est
639 1718 728 1743 certa
751 1712 937 1753 expectatio
967 1713 1053 1743 vitae
1082 1720 1186 1744 aeter-

208 1765 269 1786 nae
292 1755 418 1786 dandae
441 1761 574 1796 propter
602 1755 832 1787 mediatorem:
861 1761 892 1786 et
923 1761 973 1786 est
1002 1756 1186 1795 expectatio

207 1796 334 1835 auxilii,
363 1798 392 1828 id
426 1806 493 1830 est.
526 1798 577 1829 vel
609 1798 820 1839 mitigationis
845 1796 897 1829 vel
922 1797 1125 1829 liberationis·
1155 1800 1186 1829 in

207 1842 438 1882 praesentibus
457 1840 562 1874 malis.
581 1841 763 1873 secundum
779 1839 981 1873 voluntatem
995 1841 1066 1872 Dei.
1095 1841 1187 1873 llaec

206 1883 351 1915 definitio
371 1885 526 1922 ostendit,
551 1885 616 1916 duo
636 1894 711 1915 esse
731 1885 859 1915 obiecta
878 1885 961 1925 spei,
984 1885 1070 1916 sicut
1089 1885 1186 1916 etiam

207 1926 295 1958 fidei:
331 1926 437 1958 Unum
468 1928 632 1959 obiectum
663 1933 715 1959 est
744 1925 896 1958 liberatio
925 1926 1048 1958 ultima.
1093 1927 1187 1959 Hanc

206 1977 337 2011 oportet
362 1969 552 2011 simpliciter
576 1977 698 2002 certam
723 1980 808 2001 csse.
850 1970 891 2001 Et
914 1971 1044 2012 quidem
1066 1971 1187 2012 pendet

206 2023 247 2044 ea
269 2013 432 2045 certitudo
457 2025 496 2045 ex
521 2014 642 2045 fiducia
663 2013 732 2051 illa,
759 2014 846 2054 quod
883 2021 1005 2055 ›ropter
1027 2015 1185 2046 mediato-

207 2066 275 2087 rem
305 2057 500 2098 recipiamur
528 2068 548 2088 a
575 2057 649 2088 Deo
681 2057 795 2097 gratis.
841 2057 869 2087 A
888 2064 991 2088 terum
1023 2058 1186 2089 obiectum

206 2106 256 2129 est
281 2098 465 2141 corporalis
488 2098 651 2132 liberatio.
696 2100 894 2131 Liberantur
917 2107 1026 2131 antem
1052 2099 1106 2131 alii
1130 2099 1185 2131 ali-

208 2149 268 2179 ter,
294 2150 325 2174 et
350 2150 456 2174 tamen
482 2154 649 2185 nunquam
673 2143 838 2174 invocatio
862 2150 913 2174 est
937 2144 1038 2174 irrita.

294 2185 386 2217 Deus
416 2187 446 2217 in
471 2185 624 2218 Ecclesia
656 2197 731 2217 irre
760 2187 849 2217 audit
880 2193 956 2217 vota
986 2192 1016 2217 et
1046 2188 1184 2226 gemitus

207 2236 354 2265 nostros,
382 2239 442 2260 nec
465 2231 541 2261 sinit
566 2228 621 2261 illa
644 2240 718 2259 csse
743 2229 844 2261 irrita.
868 2236 897 2259 vt
922 2231 977 2260 dut
1000 2229 1083 2260 alias
1108 2229 1185 2261 libc-

207 2272 383 2303 rationem.
425 2271 508 2304 alia.-
544 2273 788 2315 mitigati-mem.
835 2272 925 2304 llaec
960 2283 1101 2304 necesse
1134 2280 1185 2304 est

207 2325 269 2345 nos
293 2316 440 2349 discere,
471 2323 505 2347 ut
530 2323 735 2356 prat-sternitis
760 2314 833 2346 Dco
858 2315 944 2346 hunc
973 2314 1112 2349 cultum.
1144 2318 1185 2348 de

208 2368 273 2399 quo
297 2359 430 2390 dicitur:
469 2359 583 2390 'nrm-u
608 2370 653 2389 me·
676 2361 706 2389 ’ἠ
731 2360 784 2388 alic·
806 2359 1035 2393 ‘m‘lutllntt'ot11‘s.

294 2402 522 2443 Proponamus
551 2403 646 2433 nobis
678 2410 811 2433 nostras
843 2403 1079 2436 necessitati-s,
1115 2403 1186 2434 sive

207 2444 370 2484 publicas,
395 2447 466 2477 sive
491 2453 718 2488 cognatorum,
741 2446 812 2476 sive
838 2451 1036 2486 parentum,x
1048 2446 1120 2477 sive
1143 2447 1184 2477 ad

207 2498 269 2518 nos
294 2489 383 2527 ipsos
408 2491 626 2529 pertinentes,
650 2495 682 2521 et
706 2487 779 2519 illas
803 2489 979 2520 afferamus
1003 2490 1042 2519 nd
1069 2488 1185 2526 Deum,

207 2531 290 2562 sicut
318 2530 439 2562 Paulus
463 2533 558 2563 dicit:
595 2533 798 2563 Itanon-,cram
827 2543 935 2563 rorum
963 2531 1031 2562 hro
1059 2534 1185 2572 lto-tilio-

208 2585 259 2604 nm
296 2580 323 2603 r!
359 2578 590 2614 5,1›.s11111111‘‹1rws
627 2572 779 2606 run-mv(
809 2575 847 2606 Et
882 2574 1032 2606 (flu-istus
1067 2575 1185 2617 inquit:

210 2619 347 2648 A.s>.ssdm
382 2624 490 2652 τινων,
525 2624 552 2647 v!
590 2630 650 2649 mm
686 2617 924 2660 'inflatos-nem.
960 2620 1053 2660 quasi
1088 2620 1186 2652 ‹ln-nt.

208 2672 299 2692 mora
324 2662 446 2692 cruciat
472 2663 635 2694 homines.
661 2670 689 2693 ct
715 2663 802 2703 quod
828 2672 892 2693 non
916 2662 1026 2692 statim
1051 2672 1186 2702 respon-

849 201 958 233 pun..
981 201 1083 233 MEL-
1107 200 1293 234 SCRIPTA
1314 201 1580 234 EXEGETICA.

2155 207 2220 241 298

1240 297 1296 327 det
1325 302 1482 334 eventuS,
1515 297 1600 328 sicut
1629 296 1798 330 vellemus.

1239 339 1372 380 gamini.

1326 381 1633 425 Quomodocunque
1655 388 1766 414 autem
1791 393 1830 414 se
1859 392 1915 414 res
1943 383 2065 417 habeat
2092 385 2134 418 de
2161 387 2220 419 bo·

1240 424 1291 455 nis
1315 424 1562 465 corporalibus,
1586 426 1758 457 retinenda
1781 431 1831 457 est
1854 435 1987 468 semper
2007 426 2065 459 illa
2086 435 2220 461 senten·

1239 467 1284 498 tia
1306 467 1393 499 lobi:
1424 467 1564 500 Etiamsi
1583 469 1739 500 occiderit
1761 479 1808 500 me
1829 468 1998 507 Dominus,
2021 474 2126 502 tamen
2147 481 2220 514 spe-

1238 510 1322 542 raho
1343 511 1377 542 in
1398 521 1447 549 eo,
1470 512 1502 543 id
1524 518 1587 549 est,
1610 522 1797 553 quanquam
1816 521 1883 543 non
1901 513 2103 554 respondent
2120 524 2219 547 even·

1239 558 1292 584 tus
1315 554 1550 595 cupiditatibus
1573 555 1710 592 nostris,
1735 560 1843 586 tamen
1866 564 1998 596 semper
2020 556 2120 589 debet
2141 567 2220 590 esse

1240 602 1333 627 certa
1354 597 1452 628 nobis
1474 596 1587 628 ultima
1609 596 1768 628 liberatio.

1325 639 1417 670 Haec
1440 647 1518 671 sunt
1542 639 1740 681 Principalia
1767 641 1799 671 in
1824 639 1889 672 hoc
1914 639 2106 684 Evangelio.
2151 642 2220 675 Sed

1239 681 1357 723 addam
1380 681 1492 714 adhuc
1512 693 1623 714 unum.

1843 297 1916 330 Hac
1944 308 2036 331 mora
2062 309 2105 332 ne
2131 299 2221 334 stan·

1293 846 1356 886 De
1389 847 1706 888 ceremoniarum
1738 847 1954 889 violatione
1988 857 2166 891 externa.

1327 937 1480 969 Christus
1503 936 1557 969 hic
1581 939 1710 981 attingit
1734 937 1918 980 leprosum,
1943 946 1978 971 ut
2001 950 2102 983 saepe
2124 940 2219 974 alias.

1239 980 1296 1013 Sic
1317 987 1541 1023 argumentor.

1326 1050 1395 1080 Lea⁴
1416 1049 1564 1091 prohihet
1587 1050 1707 1090 attinyi
1725 1049 1883 1090 leprosos.

1326 1092 1475 1124 Ckmktus
1498 1093 1638 1133 attingit.

1325 1135 1413 1178 Eryo
1442 1134 1527 1209 titzcit
1562 1139 1678 1167 contra
1710 1136 1825 1177 leyem,
1859 1140 1890 1167 et
1922 1147 1982 1178 per
2016 1147 2220 1180 consequens,

1364 1189 1464 1220 pecca
1481 1202 1489 1210 .

1326 1239 1537 1281 Respondeo.
1582 1239 1726 1271 Messias
1750 1246 1800 1271 est
1824 1239 1998 1279 Dominus,
2022 1247 2055 1273 et
2077 1241 2220 1284 abroga-

1238 1288 1292 1314 tor
1324 1281 1419 1325 legis.
1470 1281 1601 1314 Deinde
1640 1281 1693 1314 lex
1733 1283 1886 1324 prohibet
1924 1285 2220 1317 contrectationem

1238 1324 1362 1366 leprosi
1385 1325 1450 1357 hoc
1473 1325 1553 1364 fine,
1577 1335 1618 1357 ne
1640 1325 1740 1357 latius
1764 1333 1875 1368 serpat
1900 1327 2098 1369 contagium.
2144 1327 2221 1360 Non

1238 1375 1347 1400 autem
1375 1367 1527 1409 prohibet
1558 1369 1762 1400 curationem
1794 1369 1911 1400 morbi.
1957 1369 2034 1401 ldeo
2064 1371 2092 1401 si
2123 1372 2222 1402 etiam

1239 1410 1323 1443 alius
1347 1413 1529 1453 attigisset,
1553 1418 1586 1442 ut
1611 1418 1759 1449 curaret,
1785 1422 1852 1443 non
1876 1410 2013 1444 fecisset
2036 1419 2153 1444 contra
2175 1412 2221 1445 lc.»

1240 1464 1325 1495 gem.
1377 1454 1517 1494 Oportet
1550 1464 1613 1486 nos
1648 1454 1860 1486 considerare
1891 1456 2089 1487 sententiam
2121 1454 2221 1498 legis,

1239 1507 1306 1528 non
1330 1499 1433 1529 verba
1457 1495 1663 1528 calumniose
1686 1498 1782 1529 detor
1806 1507 1895 1529 uere.

1326 1539 1399 1571 Huc
1421 1541 1518 1571 etiam
1542 1541 1683 1582 pertinet
1706 1507 1823 1582 regdla
1841 1539 1900 1571 illa
1920 1541 2117 1573 communis:
2149 1540 2221 1574 Mo-

1240 1582 1323 1615 ralia
1342 1589 1417 1614 sunt
1435 1582 1651 1615 anteferenda
1670 1582 1959 1615 ceremonialibus.
1995 1583 2102 1620 Quam
2123 1594 2222 1627 regu-

1238 1625 1304 1658 lam
1326 1626 1405 1658 alibi
1428 1625 1583 1658 Christus
1606 1627 1694 1664 citat,
1720 1633 1752 1658 et
1776 1625 1936 1668 exemplis
1961 1636 2001 1658 ex
2026 1628 2221 1659 oeconomia

1239 1671 1380 1711 sumptis
1409 1668 1574 1707 declarat,
1605 1679 1678 1701 cum
1710 1669 1925 1712 hydropicum
1955 1676 2048 1702 curat
2076 1671 2110 1702 in
2139 1670 2222 1703 Sab-

1241 1714 1328 1744 bato.
1374 1712 1461 1744 Dicit
1483 1722 1586 1753 posse
1608 1711 1757 1744 laborem
1780 1713 2006 1745 extrahendae
2023 1713 2161 1755 pecudis
2178 1723 2221 1745 ex

1240 1754 1333 1787 fossa
1358 1755 1428 1787 fieri
1451 1757 1549 1787 etiam
1572 1756 1604 1786 in
1628 1755 1794 1793 Sabbato,
1819 1763 1940 1797 quanto
1965 1757 2071 1798 mag-is
2095 1757 2221 1789 curatio

1239 1800 1448 1836 morborum,
1476 1809 1564 1840 quae
1593 1805 1645 1829 est
1673 1809 1758 1839 opus
1787 1799 1975 1831 immediate
1997 1799 2159 1839 divinum,
2189 1805 2222 1832 et

1239 1848 1291 1873 est
1314 1852 1397 1883 opus
1421 1852 1523 1883 supra
1551 1840 1680 1883 legem?
1724 1842 1798 1873 Non
1828 1842 1928 1884 igitur
1956 1849 2074 1883 peccat
2104 1849 2222 1875 contra

1240 1883 1346 1926 legem
1370 1884 1522 1916 Christus
1546 1895 1647 1925 opere
1670 1885 1870 1922 sanationis,
1896 1886 1983 1918 sicut
2006 1885 2077 1927 ipse
2099 1886 2219 1928 inquit:

1241 1928 1341 1959 fitius
1363 1928 1498 1959 honu'm's
1521 1932 1567 1957 est
1590 1937 1694 1968 supra
1716 1929 1894 1959 sabbatam.

1325 1970 1397 2002 Lex
1421 1969 1651 2003 ceremonialis
1676 1977 1727 2002 est
1750 1970 1831 2004 lata.
1864 1977 1897 2003 ut
1922 1972 2048 2002 serviat
2076 1973 2131 2003 isti
2162 1982 2219 2014 po·

1239 2013 1339 2051 litiae,
1364 2024 1430 2045 non
1454 2022 1486 2045 nt
1511 2015 1665 2055 impediat
1689 2024 1790 2055 opera
1813 2015 1932 2046 divina.

1326 2056 1414 2088 Alibi
1446 2058 1521 2089 citat
1551 2068 1591 2088 ex
1622 2058 1784 2099 propheta
1814 2056 1879 2089 hoc
1908 2058 2047 2089 dictum:
2087 2058 2221 2090 Manere·-

1239 2101 1384 2132 cordn'am
1408 2101 1492 2137 rolo,
1514 2110 1576 2131 nou
1599 2101 1802 2142 snm·e's1‘rn'11nt.
1845 2100 1916 2132 Hoc
1935 2101 2056 2132 dictum
2075 2099 2108 2133 lo
2134 2102 2221 2134 uitur

1240 2144 1281 2175 de
1304 2143 1484 2175 collatione
1513 2154 1650 2185 operum
1679 2142 1850 2176 moralium
1879 2151 1909 2175 et
1940 2145 2105 2176 ceremoni
2142 2145 2217 2177 ium.

1239 2186 1280 2218 Et
1308 2187 1438 2229 quidem
1470 2187 1600 2218 lloseas¹
1630 2187 1797 2228 Propheta
1828 2188 1997 2228 coniungit
2026 2197 2129 2229 opera
2156 2189 2220 2230 pri—

1240 2241 1312 2261 mae
1342 2235 1374 2261 et
1405 2231 1572 2262 secundae
1603 2230 1752 2261 tabulae:
1794 2229 1871 2260 l‘olo
1901 2231 2067 2261 arienh'mn
2100 2230 2164 2262 Dea·
2188 2235 2220 2262 et

1238 2274 1502 2305 malm-icorm'mn.
1559 2274 1706 2305 Scicntia
1740 2273 1986 2315 comprehendit
2020 2275 2220 2315 agnitionem

1240 2315 1313 2353 Dei,
1337 2324 1367 2347 ct
1393 2325 1545 2348 caeteros
1568 2315 1689 2350 cultus.
1713 2327 1798 2358 quos
1819 2317 1952 2359 requirit
1973 2318 2076 2358 prima
2095 2315 2219 2355 tabula,

1239 2366 1273 2390 ut
1296 2366 1372 2390 sunt
1396 2361 1501 2391 timor.
1527 2361 1621 2392 fides.
1644 2359 1794 2392 dilectio.
1818 2370 1914 2401 spes,
1938 2360 2122 2397 invocatio,
2145 2370 2219 2402 gra-

1241 2403 1353 2434 tiarum
1390 2405 1493 2435 actio.
1529 2402 1719 2435 consessio.
1754 2412 1816 2434 etc.
1864 2403 1926 2434 l'er
1959 2403 2220 2435 misericordiam

1240 2444 1388 2486 intelligit
1415 2458 1516 2487 oprra
1540 2446 1741 2480 dilectionis,
1769 2457 1855 2488 quae
1879 2447 2089 2488 requiruntur
2111 2447 2143 2478 in
2166 2457 2219 2479 se·

1239 2490 1345 2520 cunda
1369 2489 1487 2521 tabula.

1327 2533 1413 2564 ldcm
1453 2534 1575 2564 dictum
1615 2533 1823 2574 reprehendit
1863 2533 1960 2564 etiam
1996 2531 2219 2564 idololatrian

1241 2576 1442 2607 ludaeorum.
1489 2575 1707 2608 Cntnulabant
1738 2577 1822 2607 enim
1853 2576 2017 2607 sacrificia
2047 2573 2105 2606 illo
2134 2582 2218 2607 tetro

1239 2630 1368 2652 errore.
1398 2620 1490 2660 qius-si
1515 2627 1718 2650 mererentur
1743 2619 1980 2650 Remi-wionem
2004 2624 2218 2659 pecc-atom-

1240 2673 1280 2693 ex
1305 2673 1407 2703 opere
1430 2670 1568 2704 operato
1624 2662 1754 2694 interim
1778 2669 1870 2694 crant
1892 2662 1964 2693 uine
1988 2662 2064 2696 fido.
2087 2662 2160 2693 sine
2182 2662 2218 2694 tb-

2297 1589 2324 2499 Ι
