2324 2958
111 204 173 237 185

111 296 326 329 'trucidantur
358 289 502 322 infantes
524 291 558 322 in
581 289 793 328 Bethlehem,
827 296 860 321 et
883 291 914 321 in
938 296 1007 321 tota
1028 288 1085 322 illa

112 339 240 372 vicinia.
284 334 375 367 Haec
407 333 469 365 suit
501 343 621 375 magna
643 332 827 371 calamitas,
851 332 994 365 interfici
1015 339 1086 364 tan-

112 389 179 415 tam
200 377 432 412 multitudinem
456 375 707 413 infantulorum,
741 376 796 417 qui
832 375 981 417 plerique
1015 376 1086 408 sue-

112 430 188 458 runt
208 419 327 458 bimuli,
351 419 424 455 Qua
436 425 544 450 aetate
567 420 714 451 cariores
736 417 846 449 solent
869 427 945 450 esse
969 429 1086 460 paren-

113 469 208 500 tibus.
272 463 420 498 Quorum
442 461 551 494 luctus
571 468 714 504 quantus
737 460 851 500 fuerit,
884 471 980 492 nemo
1003 462 1086 493 satis

113 509 257 552 cogitare
279 511 398 547 potest.
1024 538 1035 543 ,

196 549 293 582 Certe
316 549 434 590 ingens
457 545 554 579 dolor
576 545 647 585 fuit,
670 545 770 578 avelli
793 556 916 587 pueros
947 557 968 578 a
999 556 1086 578 com-

111 593 207 637 plexu
228 598 413 634 parentum,
437 596 468 621 et
491 590 522 621 in
542 600 655 622 eorum
679 596 862 631 conspectu
885 595 950 621 tam
976 590 1086 621 imma-

111 638 193 669 niter
223 633 374 667 interfici.
441 633 517 664 Non
547 634 680 664 dubium
704 639 765 671 est,
790 632 911 663 multos
934 633 1031 664 etiam
1053 633 1085 663 in

109 680 182 711 sinu
203 683 344 709 matrum
366 675 561 708 interfectos
585 686 673 707 esse.
731 676 794 711 Qui
817 676 902 707 inter
925 685 985 706 vos
1010 681 1087 706 sunt

109 727 274 765 parentes,
298 726 439 762 possunt
464 720 505 749 de
528 719 751 760 magnitudine
775 719 869 749 istius
893 717 1019 749 doloris
1037 725 1087 749 ut-

109 773 237 805 cunque
261 764 419 805 cogitare.
443 762 514 793 Etsi
537 761 680 793 infantes
710 771 843 803 qwque
866 761 989 792 habent
1012 771 1087 792 sen-

108 817 181 840 sum
194 805 335 838 doloris:
359 806 435 847 quia
446 806 602 843 sentiunt,
626 805 714 847 quod
732 804 989 836 interficiuntur:
1013 814 1087 835 sen·

111 851 192 882 tiunt
224 850 418 886 cruciatum,
452 858 525 879 cum
556 846 745 879 lacerantur
767 848 928 879 membra:
962 846 1086 878 Tamen

109 898 278 935 parentum
303 890 400 923 dolor
423 896 474 922 est
497 891 598 922 multo
623 892 737 922 maior.

193 934 254 965 Est
267 941 376 966 autem
394 933 460 966 hoc
478 934 697 965 testimonium
717 932 815 965 valde
836 932 976 970 illustre,
1000 932 1087 973 quod

109 976 237 1021 parvuli
256 979 442 1018 pertineant
463 977 505 1008 ad
529 976 729 1015 Ecclesiam,
760 977 845 1011 Quia
868 974 1087 1017 Evangelista

107 1021 337 1053 accommodat
370 1021 412 1052 ad
447 1030 506 1051 eos
546 1021 668 1052 dictum
707 1019 889 1061 prophetae
922 1019 963 1049 de
996 1017 1088 1049 luctu

107 1061 247 1100 Rachel,
271 1064 305 1094 id
328 1069 390 1101 est,
414 1062 599 1094 Ecclesiae.
645 1062 725 1093 Item
746 1063 822 1103 quia
843 1062 1012 1102 patiuntur
1033 1061 1087 1091 isti

107 1105 257 1138 infantuli
279 1112 415 1147 propter
438 1105 616 1137 Christum.
664 1105 809 1136 Fuerunt
830 1105 931 1146 igitur
943 1104 1087 1135 membra

106 1148 292 1187 Ecclesiae,
315 1147 446 1180 suerunt
467 1155 549 1180 mart
568 1158 644 1186 vres,
667 1146 800 1179 suerunt
817 1147 979 1178 haeredes
1001 1147 1088 1177 vitae

107 1199 282 1230 aeternae,
316 1193 401 1223 sicut
434 1192 476 1223 de
517 1192 548 1222 in
565 1192 697 1222 antibus
730 1191 762 1221 in
797 1189 952 1222 Ecclesia
984 1190 1089 1231 inquit

107 1233 280 1267 Christus:
308 1237 379 1266 Non
411 1239 462 1266 est
492 1234 638 1266 voluntas
665 1237 777 1274 patris
809 1237 881 1273 mei,
914 1237 951 1264 ut
972 1236 1089 1273 pereat

107 1288 192 1310 unus
224 1279 265 1309 de
290 1277 437 1317 parvulis
464 1280 548 1309 ism.
614 1278 704 1315 Item,
741 1278 862 1308 Talium
884 1280 935 1307 est
955 1285 1088 1316 reynum

106 1323 273 1354 coelorum.

195 1363 395 1394 Prudentius
418 1361 559 1403 pulchre
581 1363 715 1403 scripsit
748 1362 790 1393 de
818 1362 891 1392 istis
919 1359 1089 1392 infantulis

109 1406 233 1438 occisis
262 1406 304 1436 ab
329 1405 477 1436 Herode:
506 1406 634 1437 Salvece
652 1408 752 1445 flores
775 1409 968 1444 martyrum.
1007 1405 1090 1441 Quos

106 1451 215 1489 primo
243 1449 325 1479 ritae
354 1451 388 1478 in
416 1449 526 1478 limine
554 1449 664 1478 Hostis
694 1447 840 1478 Herodes
861 1447 999 1485 sustulit,
1026 1447 1090 1478 Ceu

110 1492 204 1522 turbo
226 1495 395 1522 nascentes
417 1500 520 1521 rosas.
588 1489 681 1521 Deus
705 1489 835 1520 ornavit
857 1490 942 1519 istos
966 1498 1089 1530 pueros

111 1533 280 1574 martyrio.
349 1532 415 1572 lpsi
449 1531 601 1564 laverunt
635 1530 742 1563 stolas
765 1541 844 1562 suas
873 1532 906 1562 in
929 1532 1090 1574 sanguine

109 1576 198 1616 agni.
265 1577 346 1606 Sunt
369 1576 519 1612 mactati,
555 1580 590 1605 ut
613 1580 728 1606 essent
751 1581 855 1606 testes
879 1575 920 1606 tie
943 1573 1090 1612 Christo,

109 1623 143 1649 et
165 1623 201 1648 ut
223 1622 338 1648 essent
358 1615 483 1648 similes
507 1616 641 1648 Christi.

194 1659 311 1700 Neque
344 1664 453 1691 tamen
488 1660 610 1701 ubique
634 1658 798 1690 Diabolus
821 1658 945 1690 similes
967 1660 1089 1691 caedes

108 1702 213 1744 potuit
236 1701 381 1733 efficere.
448 1702 595 1733 Fuerunt
618 1702 743 1732 servati
766 1708 932 1743 parentes.
999 1701 1089 1733 Alibi

109 1745 207 1776 etiam
240 1744 334 1776 Deus
366 1746 514 1786 pepercit
547 1744 736 1776 infantibus.
804 1744 978 1783 Scribitur‚
1000 1745 1088 1786 quod

110 1786 281 1819 Elizabeth
305 1793 384 1819 tunc
406 1787 527 1829 fugerit
549 1798 623 1819 cum
648 1787 792 1819 iohanne
822 1787 972 1829 Baptista
996 1794 1088 1819 trans

108 1829 279 1861 Iordanem
302 1831 333 1861 in
357 1828 578 1862 solitudinem.
624 1829 703 1861 Vult
726 1831 812 1862 enim
833 1829 928 1862 Deus
952 1840 1088 1862 servare

108 1872 308 1911 Ecclesiam,
331 1873 419 1905 sicut
441 1880 539 1904 antea
558 1884 691 1915 quoque
714 1874 778 1905 dixi
799 1874 839 1904 de
863 1873 979 1905 exiliis.
1022 1873 1088 1905 Dat

107 1914 202 1948 Deus
225 1915 389 1957 aliquibus
408 1915 618 1958 tranquillam
630 1917 744 1948 sedem
757 1915 967 1958 aliquamdiu.
991 1916 1087 1948 Alios

107 1965 242 1991 exercet
266 1960 297 1990 in
328 1957 443 1990 exiliis.
510 1961 556 1991 lta
578 1960 655 1991 sinit
679 1959 772 1991 Deus
795 1961 827 1990 in
851 1960 1087 2001 persecutioni-

108 2002 171 2033 bus
194 2001 332 2033 interfici
356 2001 466 2044 aliqua
488 2003 635 2033 membra
658 2002 844 2040 Ecclesiae,
869 2013 955 2044 quae
978 2009 1086 2034 tamen

107 2053 170 2076 suo
192 2051 342 2086 tempore
371 2046 588 2076 reviviscent:
625 2056 763 2087 quorum
793 2047 932 2087 sangnis
959 2046 1086 2077 interim

108 2085 229 2119 clamat
253 2094 368 2119 contra
390 2088 578 2129 Tyn-annos,
599 2095 737 2120 accusat
759 2089 949 2120 iniustitiam
962 2089 1086 2131 Tyran-

107 2140 236 2167 norum‚
271 2137 304 2161 et
333 2130 479 2172 postulat
508 2129 665 2163 ultionem
704 2138 820 2163 contra
854 2141 921 2163 eos,
990 2131 1086 2163 Alios

107 2174 269 2215 quosdam
283 2180 395 2205 servat
414 2174 621 2214 superstites.

193 2216 228 2247 ln
264 2215 314 2247 his
347 2217 499 2247 omnibus
532 2215 621 2247 lucet
648 2217 795 2249 miranda
818 2217 881 2248 Dei
911 2218 1085 2259 sapientia,

107 2264 139 2290 et
161 2259 376 2301 providentia.
444 2259 700 2300 Conspiciuntur
729 2259 878 2301 exempla
902 2261 1085 2302 stupendae

106 2312 246 2343 prorsus
271 2309 302 2333 et
330 2301 594 2333 mirabilissimae
628 2304 876 2344 gubernationis
899 2303 1084 2342 Ecclesiae,

107 2346 178 2377 sive
202 2343 297 2376 exilia
319 2346 446 2386 piorum
470 2352 614 2387 specteS,
636 2342 714 2377 sive'
737 2347 858 2379 caedes
887 2346 1083 2389 aliquorum.

193 2388 302 2429 Saepe
336 2387 412 2419 olim
446 2387 568 2419 tactum
598 2395 661 2426 est,
694 2395 730 2420 ut
760 2390 939 2421 Christiani
962 2400 1083 2433 magno

107 2440 257 2468 numero,
292 2441 354 2462 seu
386 2432 516 2473 magnis
551 2431 735 2472 agminibus
770 2431 1015 2473 expellerentur
1042 2443 1083 2464 ex

107 2473 305 2504 civitatibus,
351 2474 473 2506 Postea
496 2473 628 2505 fuerunt
650 2474 682 2505 in
706 2485 765 2506 eos
788 2477 924 2507 immissi
944 2477 1082 2518 equites,

107 2516 161 2557 qui
185 2515 420 2548 conculcarent
451 2517 592 2548 miseros
615 2527 726 2555 seneS,
756 2529 892 2559 pueros,
922 2519 1081 2561 virgines,

105 2565 286 2590 matronas.

192 2600 227 2631 ln
252 2601 396 2633 Eusebio
418 2602 561 2634 editione
589 2601 774 2634 Basileensi
806 2603 938 2635 Graeca
966 2605 1081 2636 scribi-

105 2647 159 2674 tur
191 2642 295 2675 fuisse
328 2644 516 2686 Episcopus
543 2646 675 2687 quidam
703 2645 911 2679 Chaeremon
933 2647 966 2678 in
989 2647 1081 2679 Nilo·
1106 2629 1110 2682 l
1133 2658 1194 2690 per

795 195 1012 229 POSTlLLA
1032 196 1434 229 MELANTHONIANA.

2054 196 2116 231 186

1137 289 1216 332 poli,
1249 290 1303 332 qui
1338 300 1412 322 cum
1445 300 1567 331 magna
1600 290 1805 323 multitudine
1836 289 1896 322 suit
1919 291 2044 322 eiectus
2073 302 2115 323 ex

1137 334 1233 365 urbe.
1300 332 1375 374 lpse
1404 338 1438 364 et
1465 343 1550 364 uxot·
1583 334 1653 364 eius
1684 332 1816 365 suerunt
1839 344 1951 371 senes,
1975 333 2116 366 consecti

1138 381 1247 407 aetate
1276 381 1308 407 et
1338 376 1444 407 annis.
1511 375 1586 406 Non
1605 383 1781 416 potuerunt
1803 377 1959 418 progredi
1981 384 2116 418 propter

1139 425 1318 451 senectam.
1363 417 1492 450 Sublati
1525 425 1603 450 sunt
1633 425 1739 450 autem
1762 421 1793 451 in
1825 419 1954 451 coelum
1983 421 2015 450 in
2039 430 2116 451 con-

1138 468 1254 503 spectu
1274 461 1427 492 omnium.
1494 460 1604 493 Credo
1628 461 1693 493 hoe
1716 473 1793 493 vere
1815 463 1864 493 sic
1886 463 2062 499 accidisse,
2086 468 2118 494 et

1138 511 1218 546 puto
1242 503 1343 535 multa
1365 502 1483 535 similia
1505 503 1579 535 aliis
1602 506 1805 545 temporibus
1828 506 1914 537 sacta
1938 516 2025 537 esse.
2051 505 2117 536 Eri-

1138 548 1207 588 puit
1231 557 1290 579 eos
1313 546 1406 578 Deus
1425 557 1466 578 ex
1490 545 1689 585 calamitate,
1713 553 1745 578 et
1768 547 1933 579 transtulit
1961 550 1993 579 in
2017 549 2117 580 vitam

1139 597 1317 621 aeternam.
1362 590 1429 621 Sed
1452 596 1560 621 tamen
1579 597 1612 621 et
1635 601 1675 622 ex
1698 589 1823 631 reliqua
1844 591 2060 629 multitudine,
2082 596 2119 622 ut

1139 633 1216 671 dixi,
1239 632 1433 664 mirabiliter
1455 640 1632 664 servantur
1654 632 1755 674 aliqui
1780 635 1811 664 in
1835 633 1898 665 hac
1920 635 1998 665 vita.
2050 633 2118 665 Alii

1139 676 1183 706 ita
1207 677 1385 716 patiuntur,
1407 682 1444 707 ut
1467 674 1643 708 crudeliter
1665 675 1914 707 interficiantur.
1960 678 2023 709 Sed
2047 676 2117 718 glo-

1139 719 1356 750 rificabuntur
1378 717 1467 757 olim,
1491 729 1565 750 cum
1588 719 1683 751 Deus
1706 718 1892 750 Ecclesiam
1914 719 2117 761 glorificatu-

1139 772 1198 793 rus
1221 768 1283 793 est.

1226 804 1332 835 Etiam
1366 803 1547 835 Zacharias
1580 810 1675 845 pater
1711 804 1905 845 Baptistae,
1949 803 2118 845 aliquanto

1140 853 1215 888 post
1239 845 1432 878 interfectus
1452 854 1503 878 est
1526 854 1661 888 propter
1685 846 1945 885 confessionem,
1975 847 2017 878 Et
2039 854 2118 888 puto

1140 889 1308 921 Christum
1332 890 1374 921 (le
1392 900 1432 921 eo
1450 889 1554 932 loqui,
1579 901 1652 922 cum
1677 891 1772 921 dicit:
1806 892 1911 921 Veniet
1934 900 2033 930 super
2065 900 2120 921 ros

1140 937 1243 965 onmis
1265 937 1399 972 sanquis
1421 934 1532 972 iustus,
1556 937 1611 973 qm·
1631 936 1751 973 effusus
1773 938 1823 964 es!
1839 935 1878 964 ab
1901 935 1987 970 Abel,
2020 943 2120 973 usque

1140 978 1184 1007 ad
1205 977 1409 1008 Zachariam.
1476 976 1517 1006 Et
1540 977 1589 1007 sic
1612 983 1760 1007 vetustas
1792 977 1906 1007 sensit.
1973 976 2119 1007 Basilius

1141 1029 1302 1059 expresse
1325 1019 1403 1050 dicit
1426 1017 1514 1050 hunc
1537 1028 1614 1050 esse
1636 1026 1782 1050 veterem
1802 1029 1988 1050 sennonem
2011 1019 2042 1061 in
2056 1019 2119 1050 Ec-

1141 1060 1254 1093 clesia.
1301 1062 1392 1093 Haec
1415 1062 1683 1100 consideremus,
1712 1068 1744 1093 et
1766 1062 1908 1093 sciamus
1932 1061 2120 1092 Ecclesiam

1141 1105 1324 1136 subiectam
1357 1114 1432 1136 esse
1467 1105 1569 1143 cruci,
1604 1111 1636 1137 et
1668 1111 1829 1145 petamus,
1864 1110 1898 1135 ut
1933 1104 2026 1136 Deus
2056 1114 2118 1135 nos

1141 1147 1325 1187 confirmet,
1346 1154 1379 1179 et
1402 1154 1516 1179 servet
1538 1148 1601 1180 sibi
1624 1147 1781 1189 reliquias
1795 1146 1922 1189 aliquas
1935 1146 2117 1179 Ecclesiae.

1186 1326 1405 1359 DOMINICA
1439 1326 1554 1359 POST
1589 1326 1766 1358 FESTUM
1801 1326 2081 1358 NATlVlTATIS

1542 1386 1726 1419 CHRISTI.

1142 1471 1254 1504 Evan
1264 1483 1286 1515 g
1295 1471 1416 1504 elium
1450 1472 1506 1504 Lu
1515 1484 1532 1504 0
1541 1483 1561 1504 a
1570 1483 1589 1504 e
1611 1472 1643 1502 2.
1694 1474 1798 1505 Erant
1829 1477 1924 1513 pater
1957 1477 1991 1504 et
2020 1477 2124 1505 macer

1463 1536 1532 1564 eius
1554 1536 1718 1572 mirantes,
1741 1537 1798 1565 etc.

1229 1637 1475 1678 Testimonia
1515 1637 1566 1678 de
1598 1637 1778 1678 doctrina
1817 1637 2027 1678 Ecclesiae.

1228 1747 1333 1786 Saepe
1355 1746 1477 1777 auditis
1489 1744 1576 1777 hanc
1595 1755 1802 1777 communem
1814 1746 2005 1785 doctrinam,
2029 1746 2118 1787 quod

1140 1786 1234 1819 Deus
1268 1787 1347 1820 velit
1380 1790 1443 1820 sibi
1476 1787 1662 1820 Ecclesiam
1697 1787 1857 1830 colligere
1889 1789 1922 1819 in
1956 1788 2019 1820 hac
2043 1790 2118 1827 vita,

1140 1840 1200 1871 per
1223 1832 1359 1863 verbum
1384 1838 1415 1863 et
1439 1832 1626 1863 testimonia
1649 1830 1725 1863 huic
1749 1832 1870 1862 addita.
1907 1832 1958 1862 Ac
1980 1832 2021 1863 ad
2046 1842 2119 1862 ver-

1140 1875 1217 1905 bum
1241 1875 1497 1915 praedicandum
1521 1876 1640 1907 missus
1664 1881 1715 1905 est
1739 1873 1825 1905 filius
1848 1874 1927 1912 Dei,
1962 1875 2037 1906 inde
2065 1885 2118 1905 us-

1140 1926 1204 1958 que
1227 1918 1269 1947 ab
1289 1918 1379 1949 initio
1402 1924 1479 1959 post
1499 1917 1629 1959 lapsum
1645 1918 1825 1959 primorum
1846 1924 2026 1958 parentum,
2049 1918 2119 1959 qui-

1140 1960 1202 1991 bus
1226 1959 1379 2000 patefecit
1401 1961 1653 2002 promissionem
1677 1962 1819 2002 gratiae,
1850 1961 1995 2001 ignotam
2027 1962 2117 2002 prius

1140 2004 1292 2034 omnihus
1315 2005 1487 2036 creaturis,
1557 2005 1679 2036 Postea
1710 2005 1794 2035 idcm
1820 2003 1904 2035 filius
1935 2004 2019 2035 misit
2043 2014 2117 2044 pro-

1139 2045 1268 2087 phetas,
1334 2046 1482 2078 Tandem
1517 2047 1587 2088 ipse
1616 2048 1768 2088 apparuit
1797 2048 1827 2078 in
1852 2057 1962 2078 came.
2028 2046 2118 2078 Misit

1139 2089 1335 2130 Apostolos,
1369 2091 1411 2121 ad
1440 2091 1695 2130 praedicandum
1730 2089 1947 2131 Evangelium
1982 2089 2012 2120 in
2047 2096 2117 2121 toto

1139 2134 1222 2164 orbe
1244 2139 1417 2164 terrarum.
1464 2136 1598 2174 Semper
1620 2139 1728 2164 antem
1752 2134 1897 2164 adiunxit
1921 2133 2116 2171 testimonia,

1138 2176 1180 2206 ad
1203 2175 1450 2207 confirmandos
1472 2177 1559 2217 pios,
1582 2181 1613 2207 et
1636 2175 1829 2207 refutandos
1852 2177 1980 2217 impios·
2047 2176 2116 2207 sed

1139 2229 1205 2249 non
1229 2219 1279 2250 sic
1303 2220 1474 2251 incurrunt
1498 2220 1529 2250 in
1554 2218 1690 2257 oculos,
1726 2229 1766 2249 ea
1794 2229 1879 2260 quac
1903 2225 2061 2259 geruntur
2083 2220 2117 2250 in

1138 2261 1304 2300 Ecclesia,
1323 2268 1358 2293 ut
1381 2271 1435 2293 res
1455 2269 1572 2304 gestae
1595 2261 1786 2299 Alexandri,
1822 2268 1877 2293 aut
1901 2260 1968 2292 lulii
1993 2261 2115 2293 Caesa-

1138 2305 1195 2342 ris,
1229 2315 1314 2346 quae
1353 2306 1496 2336 omnium
1537 2306 1681 2346 gentium
1715 2303 1820 2337 oculis
1854 2305 2114 2345 conspiciuntur.

1137 2347 1178 2379 Et
1199 2354 1306 2379 tamen
1330 2347 1400 2379 vult
1425 2348 1518 2380 Deus
1542 2346 1725 2379 Ecclesiam
1749 2357 1879 2389 quoqne
1893 2355 2017 2379 certam
2036 2358 2115 2379 esse

1137 2391 1178 2422 de
1201 2390 1360 2422 Articulis
1384 2391 1470 2422 fidei.
1506 2391 1582 2422 ldeo
1606 2391 1737 2432 quando
1762 2391 1894 2421 exhibet
1917 2401 2018 2431 opera
2042 2400 2113 2429 sua,

1137 2444 1221 2474 quae
1243 2435 1275 2465 in
1294 2435 1398 2465 verbo
1422 2435 1589 2475 promisit,
1621 2432 1718 2465 simul
1742 2432 1874 2464 exhibet
1897 2432 1998 2464 multa
2024 2435 2113 2465 testi-

1136 2477 1256 2508 monia.
1319 2477 1512 2508 Recitantur
1541 2478 1641 2518 igitur
1672 2483 1704 2507 et
1733 2476 1773 2507 de
1796 2477 1966 2507 nativitate
1990 2475 2114 2508 Christi

1135 2521 1179 2550 ab
1213 2519 1437 2562 Evangelistis
1466 2521 1668 2556 testimonia,
1701 2529 1786 2560 quae
1819 2520 1916 2551 nobis
1946 2518 2112 2552 inculcare

1135 2563 1307 2601 debemus,
1331 2569 1365 2594 ut
1388 2564 1484 2594 tidem
1508 2564 1538 2593 in
1558 2563 1652 2593 nobis
1673 2562 1876 2593 confirment.

1222 2605 1327 2637 Multo
1356 2606 1567 2646 conspectius.
1601 2605 1661 2636 suit
1699 2604 1838 2637 volitare
1882 2604 2110 2636 Alexandrum

1227 2648 1340 2680 Asiam
1371 2659 1445 2680 cum
1479 2649 1638 2685 exercitu,
1661 2653 1845 2680 vastantem
1877 2659 1998 2691 regna,
2031 2658 2109 2679 con-
