2324 2958
192 165 234 196 79

192 264 343 300 peccato,
374 263 408 289 ut
445 266 506 298 pro
540 265 578 287 se
610 262 667 288 aut
701 255 775 288 aliis
808 261 924 297 posset
957 253 1164 291 satisfacere,

191 301 285 333 Deus
318 310 458 342 poenam
492 297 656 330 transtulit
689 299 722 329 in
755 299 919 331 hominem
947 298 1163 334 innocentem,

193 344 246 386 qui
269 350 321 374 est
345 342 504 374 Christus.

279 386 344 418 Sed
367 395 433 417 non
457 390 581 415 tantum
599 384 640 415 de
671 385 782 416 causis
815 383 1049 424 assumptionis
1072 387 1164 412 natu-

191 438 247 460 rae
269 427 431 460 humanae
454 427 664 469 cogitandum
688 433 754 458 est:
777 425 899 457 Verum
923 426 1018 457 etiam
1042 433 1164 455 causae

190 470 451 503 considerandae
473 475 562 508 sunt,
584 479 686 511 quare
708 475 825 501 natura
848 469 988 499 divinam
1012 472 1164 508 oportue·

177 524 193 546 r
207 515 230 545 it
253 523 330 545 esse
353 513 384 544 in
407 512 471 544 hoc
494 512 694 544 mediatore.²
737 511 947 552 Respondeo.

275 555 429 593 Primum,
453 556 528 596 quia
550 555 692 587 humana
715 561 831 586 natura
853 552 926 584 sola
950 562 1016 583 non
1039 552 1163 593 potuis-

189 605 239 630 set
262 599 428 630 sustinere
453 607 591 639 poenam
615 603 646 629 et
680 598 823 629 tribuere
857 595 929 628 Deo
964 594 1093 626 laudem
1115 594 1162 627 iu-

188 641 306 673 stitiae.

273 683 438 721 Secundo,
461 682 552 714 nulla
575 688 726 714 creatura
749 681 911 723 potuisset
945 690 1020 711 esse
1049 680 1160 721 aequi—

186 725 303 758 valens
332 726 487 767 pretium,
522 735 587 756 non
610 725 726 763 modo,
760 724 834 766 quia
865 724 956 755 oneri
978 732 1158 764 poenarum

187 769 381 801 sustinendo
414 779 475 809 par
507 778 586 799 esse
619 777 685 799 non
719 773 838 808 potest,
873 766 932 797 sed
965 766 1060 796 etiam
1084 765 1160 806 quia

187 811 499 853 compensationem,
555 819 629 842 uam
663 810 754 841 Deus
778 808 923 850 postulat
951 819 1010 849 pro
1034 808 1159 839 infinita

186 853 310 886 malitia
333 854 471 895 peccati,
494 864 514 884 n
553 853 585 883 la
608 859 724 884 natura
737 852 826 883 finita
846 858 1018 893 praestare
1039 856 1158 892 potest.

271 896 400 935 Tertio,
429 897 504 938 quia
529 895 601 926 sola
631 901 782 927 creatura
804 905 869 926 non
894 900 1002 935 potest
1024 894 1158 935 propria

185 940 330 981 potentia
362 940 494 970 vincere
526 944 559 969 et
591 937 725 969 abolere
758 944 894 968 mortem
918 943 949 969 et
972 942 1163 979 peccatum,-

185 983 357 1014 restituere
380 982 531 1013 iustitiam
554 987 585 1012 et
609 981 706 1012 vitam
729 986 907 1011 aeternam.

271 1025 415 1063 Quarto,
449 1023 662 1055 Mediatorem
686 1029 815 1065 oportet
850 1032 926 1054 esse
955 1020 1067 1059 talem,
1102 1021 1157 1064 qui

184 1073 250 1099 stet
273 1077 383 1098 coram
407 1073 540 1098 aeterno
564 1072 657 1107 patre
687 1066 839 1097 omnibus
873 1066 1090 1106 temporibuS‚
1125 1070 1158 1096 et

184 1109 369 1151 interpellet
400 1120 460 1151 pro
494 1115 562 1140 tota
585 1108 750 1146 Ecclesia,
784 1114 817 1140 et
838 1107 979 1151 singulis
1001 1109 1158 1139 invocan-

184 1154 288 1191 tibus,
326 1153 400 1183 item
424 1153 478 1194 qui
501 1152 586 1182 norit
608 1162 648 1183 ac
672 1151 780 1182 videat
802 1158 935 1192 pectus,
971 1157 1003 1182 et
1025 1151 1157 1182 intimas

185 1195 402 1238 cogitationes
435 1195 548 1235 patris.
617 1193 712 1230 Quod
749 1204 814 1225 non
848 1194 912 1225 nisi
936 1193 1023 1225 filius
1046 1192 1159 1225 facere

183 1243 309 1279 potest,
343 1239 395 1279 qui
419 1244 469 1269 est
498 1237 529 1268 in
559 1238 633 1269 sinu
655 1238 769 1278 patris,
799 1237 885 1268 sicut
908 1237 1042 1268 dicium:
1059 1239 1159 1270 Nemo

179 1286 307 1322 patrem
330 1284 414 1312 until
430 1283 495 1311 nisi
513 1280 609 1319 filius.
633 1279 754 1321 Angcli
776 1285 900 1311 tantum
913 1281 1035 1318 sciunt,
1057 1289 1159 1321 quan-

183 1330 251 1355 tum
275 1324 323 1355 eis
346 1323 436 1354 Deus
464 1321 628 1364 patefacit.
696 1322 763 1354 Sed
797 1323 957 1355 mediator
990 1322 1047 1354 ille
1069 1323 1159 1355 videt

183 1372 286 1398 totum
311 1364 494 1403 consilium,
517 1366 699 1407 introspicit
718 1371 822 1397 totum
845 1372 963 1408 pectus
986 1366 1102 1408 patris·

270 1409 406 1446 Quinto,
440 1409 515 1450 quia
537 1409 697 1440 mediator
719 1413 771 1441 est
794 1416 927 1448 custos,
957 1414 1161 1441 sustentator

183 1458 215 1483 et
237 1451 422 1483 vitn'ficator
444 1450 639 1491 Ecclesiae,
674 1461 759 1494 quae
788 1458 865 1484 sunt
888 1462 991 1494 opera
1013 1453 1159 1494 omnipo-

183 1495 281 1526 tentis
305 1500 457 1525 naturae:
481 1494 566 1526 sicut
579 1495 713 1526 dicitur:
736 1497 835 1527 Nemo
857 1497 967 1536 rapiet
987 1506 1059 1528 ores
1070 1505 1160 1527 meas

184 1547 226 1569 ea:
248 1538 394 1569 manibus
416 1541 508 1577 viteis,
534 1538 613 1575 Quia
634 1547 692 1578 eqo
714 1542 747 1570 et
761 1543 861 1578 pater
882 1549 988 1571 smnus
1010 1549 1114 1571 unum.

268 1579 337 1611 Has
360 1590 480 1611 causas
504 1590 606 1622 saepe
629 1582 824 1621 recitamus,
859 1582 921 1613 etsi
955 1588 1033 1614 sunt
1055 1582 1159 1614 instar

183 1623 275 1664 paru·
297 1621 472 1664 alphabeti.
517 1623 592 1654 Non
615 1625 701 1656 enim
713 1634 892 1665 possumus
911 1624 1087 1657 exhaurire
1109 1631 1158 1658 to—

181 1672 246 1697 tam
268 1665 356 1697 hanc
374 1666 578 1707 sapientiam.

265 1709 362 1740 Nunc
386 1709 426 1740 de
448 1709 598 1741 secundo
621 1709 762 1742 articulo
785 1720 844 1742 seu
867 1717 960 1752 parte
978 1711 1076 1743 huius
1099 1711 1157 1742 do-

181 1752 306 1783 ctrinae
329 1751 490 1784 dicemus:
513 1752 546 1783 id
568 1758 631 1790 est,
655 1753 696 1784 de
719 1753 887 1786 beneficiis
911 1755 1156 1787 incarnationis.

408 1913 465 1946 De
488 1914 714 1947 beneficiis
740 1916 934 1949 Messiae.

269 2007 321 2039 De
344 2009 395 2039 liis
419 2009 587 2040 beneficiis
610 2011 734 2051 passim
759 2012 998 2042 concionantur
1020 2011 1160 2053 prophe-

183 2058 237 2082 tae
259 2061 380 2093 magno
404 2061 476 2083 cum
508 2051 686 2093 splendore
709 2055 878 2085 orationis.
935 2055 1001 2085 Sed
1032 2055 1063 2085 in
1087 2065 1162 2086 nar-

183 2095 310 2125 ratione
333 2093 477 2132 ioannis,
501 2095 661 2127 beneficia
692 2097 868 2138 praecipua
899 2098 1107 2129 continentur
1129 2099 1161 2129 in

183 2135 240 2168 illo
263 2138 369 2169 dicto:
392 2139 459 2169 Lea·
479 2149 539 2179 per
562 2141 682 2170 ,lloiseu
712 2141 789 2171 dala
818 2145 874 2171 est.
895 2144 1004 2179 ‚oralia
1026 2146 1059 2172 e!
1081 2145 1161 2172 reri-

183 2185 234 2211 !as
254 2183 347 2220 sacta
369 2185 420 2212 est
436 2192 498 2222 per
523 2181 630 2213 Iesum
656 2183 826 2214 (Verislum.
873 2182 1009 2214 Confert
1034 2183 1162 2215 Moisen

184 2230 216 2254 et
240 2222 418 2254 Christum.
476 2223 600 2255 moises
625 2223 684 2256 suit
706 2226 854 2257 minister
871 2224 968 2267 legis.
991 2227 1163 2267 proposuit

183 2277 226 2308 po
251 2265 308 2296 ulo
347 2276 459 2297 vocent
494 2265 597 2309 legis,
632 2274 663 2299 et
697 2267 789 2299 Deus
814 2278 873 2309 per
895 2279 970 2300 enin
994 2270 1164 2300 constitnit

183 2319 226 2350 po
242 2309 329 2340 itiam
352 2308 453 2340 illam.
501 2309 673 2342 Habebunt
696 2317 803 2343 autem
824 2311 934 2343 ludaei
958 2314 1018 2343 lmc
1041 2313 1164 2353 opinio-

184 2362 270 2389 nem,
294 2352 382 2393 quod
407 2352 548 2384 Messias
573 2352 647 2385 talis
670 2353 801 2386 futurus
825 2361 932 2386 esset.
963 2354 1070 2396 qualis
1094 2361 1165 2386 crat

185 2393 322 2428 Moises.
354 2395 415 2426 nisi
440 2397 527 2437 quod
552 2395 657 2437 gloria
679 2396 825 2428 messiae
848 2398 952 2428 maior
983 2397 1091 2429 lutura
1115 2408 1167 2429 es-

191 2444 252 2469 set.
299 2438 517 2480 Cogitabam:
541 2438 686 2471 Messias
709 2439 854 2481 proferet
879 2441 1048 2481 imperium
1071 2452 1167 2472 snum

186 2479 332 2522 longius,
355 2488 446 2522 geret
472 2492 526 2513 res
549 2483 702 2520 maiores9
736 2493 833 2525 quam
858 2482 1002 2521 moises,
1035 2485 1096 2515 sed
1121 2490 1166 2515 ta—

185 2523 414 2597 rlnep'similin
448 2523 558 2562 facim,
592 2532 624 2557 et
658 2524 871 2568 amplificabit
894 2536 1031 2569 regnum
1056 2525 1166 2569 populi

206 2577 321 2598 uiam,

275 2609 369 2642 nunc
392 2621 538 2643 errorem
559 2611 699 2644 loannes
723 2610 843 2644 refutat
866 2611 1019 2644 antithesi
1048 2613 1168 2650 addita,

818 159 931 193 PHlL.
954 159 1056 192 MEL·
1079 157 1263 192 SCRlPTA
1286 155 1547 189 EXEGETICA.

2151 157 2196 190 80

1217 262 1282 295 qua
1316 251 1475 283 discernit
1506 249 1674 283 Christum
1708 261 1728 282 a
1757 251 1884 290 Moise,
1921 253 2044 291 Gratia,
2078 252 2194 294 inquit,

1216 300 1250 327 et
1279 297 1398 327 veritas
1425 304 1491 335 per
1523 296 1630 326 Iesum
1667 294 1830 326 Christum
1854 297 1947 335 facta
1975 300 2032 327 est.
2080 294 2195 328 Gratia

1216 337 1381 380 significat
1404 337 1632 368 remissionem
1654 343 1866 378 peccatorum
1889 339 2066 379 gratuitam
2088 345 2122 371 et
2142 349 2196 371 re-

1218 379 1498 419 conciliationem,
1531 381 1607 411 item
1631 380 1878 422 imputationem
1900 381 2053 413 iustitiae.
2098 381 2195 414 Veri-

1215 430 1268 456 tas
1290 423 1457 466 significat
1478 432 1534 455 res
1557 431 1672 461 veraS,
1705 432 1765 454 seu
1790 433 1871 454 vera
1893 429 1927 455 et
1949 430 2085 457 aeterna
2105 425 2195 457 bona

1215 466 1248 498 in
1281 465 1486 508 nobisipsis
1509 465 1682 504 inchoata,
1711 464 1821 507 qualia
1855 472 1933 498 sunt
1966 477 2046 499 vera
2069 468 2194 511 agnitio

1216 509 1293 548 Dei,
1315 519 1377 541 seu
1399 519 1480 540 vera
1503 509 1674 550 sapientia.
1720 508 1797 539 ltem
1820 509 1944 541 iustitia
1959 520 2049 542 nova
2072 516 2106 542 et
2126 511 2196 543 vita

1215 558 1364 584 aeterna.
1430 551 1523 583 Haec
1550 556 1670 593 postea
1696 553 2013 585 consummabuntur
2030 553 2064 585 in
2086 554 2194 586 nobis.

1214 594 1292 627 ldeo
1315 593 1519 635 complector
1540 594 1689 626 veritatis
1708 593 1929 636 appellatione
1950 595 2050 629 simul
2060 597 2196 629 inchoa-

1216 638 1340 669 tionem
1361 643 1394 669 et
1418 638 1746 669 consummationem.

1301 681 1351 711 Ac
1384 679 1526 711 loannes
1567 681 1736 722 coniungit
1771 682 1909 723 gratiam
1943 686 1976 713 et
2008 683 2194 714 veritatem:

1186 737 1191 795 Ι
1215 723 1293 797 apia
1327 732 1433 797 gssnus
1467 721 1646 754 humanum
1667 734 1733 755 non
1757 725 1856 756 modo
1880 724 2037 776 recipitur
2058 731 2195 767 propter

1186 797 1189 804 ,
1254 777 1318 798 ium

1376 766 1418 804 ei,
1437 766 1497 796 sed
1521 764 1577 797 ille
1598 766 1672 806 ipse
1694 765 1782 798 filius
1807 773 1858 798 est
1880 766 2001 799 efficax
2022 778 2054 798 tn
2072 778 2194 810 genere

1212 807 1368 842 humano.
1435 806 1503 839 Dat
1535 808 1632 840 nobis
1666 809 1823 841 iustitiam
1852 811 1990 852 primum
2024 812 2194 843 remittens

1211 858 1363 894 peccata,
1386 861 1447 883 seu
1469 851 1636 891 imputans
1659 852 1814 884 iustitiam
1842 860 1874 885 et
1898 854 2118 886 obedientiam
2141 864 2195 886 su-

1212 904 1276 927 am.
1338 894 1463 926 Postea
1492 892 1643 925 efficiens
1676 894 1709 926 in
1731 896 1828 927 nobis
1851 897 1935 938 ipsis
1956 898 2115 929 iustitiam
2136 907 2194 929 no-

1210 948 1297 976 vam,
1321 944 1352 969 et
1375 937 1564 969 accendens
1586 937 1677 968 initia
1698 938 1786 970 vitae
1808 945 1981 972 aeternae:
2005 939 2100 976 Quae
2120 951 2195 983 per-

1211 980 1362 1013 ficientur
1386 981 1422 1013 in
1443 980 1702 1019 resurrectione,
1727 990 1802 1012 cum
1825 983 1886 1014 erit
1896 982 2046 1015 liberatio
2065 984 2196 1026 integra

1211 1034 1231 1055 a
1249 1029 1392 1067 peccato
1417 1029 1449 1056 et
1481 1029 1608 1060 morte,
1640 1028 1674 1054 et
1697 1022 1753 1055 fiet
1776 1027 2016 1058 consummatio
2039 1028 2196 1067 iustitiae,

1211 1073 1244 1099 et
1265 1068 1353 1100 vitae
1374 1069 1409 1101 in
1426 1067 1535 1099 nobis.
1583 1066 1635 1098 Ac
1669 1072 1736 1098 tum
1770 1067 1955 1099 videbimus
1989 1068 2074 1101 haec
2106 1071 2196 1102 bona

1212 1120 1289 1143 esse
1311 1120 1366 1143 res
1390 1120 1510 1148 veras,
1542 1119 1626 1151 quae
1659 1110 1692 1140 in
1715 1109 1779 1141 hae
1801 1111 1869 1142 w'ta
1891 1118 2059 1154 utcunque
2081 1112 2195 1145 incho-

1212 1160 1320 1192 antur,
1344 1164 1422 1188 cum
1445 1152 1503 1185 fiet
1525 1152 1687 1184 restitutio
1700 1151 1868 1194 perfectae
1886 1159 2026 1186 naturae
2049 1161 2195 1188 nostrae.

1298 1196 1392 1230 Haec
1425 1198 1519 1229 bona
1553 1205 1620 1226 non
1643 1195 1738 1227 affert
1766 1196 1910 1235 Moises,
1945 1197 2030 1234 Quia
2060 1197 2115 1230 lex
2138 1198 2196 1230 ha-

1213 1240 1283 1272 buit
1317 1245 1445 1273 tantum
1477 1239 1625 1276 umbraS‚
1658 1238 1812 1271 iustitiam
1836 1240 1945 1272 carnis
1968 1250 2029 1273 seu
2052 1242 2134 1273 disci
2159 1241 2197 1273 li-

1212 1293 1300 1322 nam,
1336 1289 1370 1315 et
1393 1288 1549 1316 externas
1573 1282 1795 1313 ceremonias:
1829 1282 1898 1315 Sed
1921 1282 2076 1316 Christus
2100 1295 2118 1316 a
2145 1290 2196 1316 ert

1212 1327 1398 1366 veritatem,
1432 1326 1466 1357 id
1490 1330 1554 1362 est,
1588 1334 1655 1355 non
1677 1325 1832 1357 iustitiam
1855 1325 2035 1367 politicam,
2058 1333 2090 1359 et
2113 1327 2196 1360 inte-

1212 1370 1359 1409 rituram,
1382 1379 1449 1402 non
1473 1373 1684 1399 externorum
1696 1368 1815 1399 rituum
1828 1369 2111 1409 observationem,
2134 1371 2195 1402 sed

1213 1423 1326 1445 veram
1361 1411 1535 1447 iustitiam,
1569 1416 1602 1442 et
1624 1420 1737 1442 veram
1760 1411 1869 1443 vitain.
1938 1413 2079 1455 Propter
2101 1411 2195 1445 Chri-

1213 1462 1299 1488 stum
1332 1462 1459 1488 certum
1487 1459 1558 1492 est,
1592 1458 1624 1484 te
1645 1463 1713 1484 non
1736 1454 1836 1486 modo
1859 1455 1981 1497 recipi,
2014 1457 2075 1488 sed
2099 1456 2197 1488 etiam

1214 1498 1428 1531 sanctificari.
1494 1496 1692 1537 Quanquam
1732 1497 1832 1539 igitur
1866 1497 2128 1531 circumferimus
2162 1499 2197 1531 in

1213 1542 1277 1575 hac
1300 1543 1369 1574 vita
1390 1547 1543 1573 naturam
1565 1539 1719 1571 miseram
1738 1545 1771 1571 et
1793 1539 1984 1579 mortalem,
2008 1547 2041 1573 et
2063 1546 2141 1572 sunt
2161 1541 2196 1573 in

1211 1586 1309 1618 nobis
1332 1584 1492 1627 reliquiae
1510 1581 1651 1624 peccati,
1677 1587 1786 1615 tamen
1808 1592 1875 1614 non
1906 1581 2013 1615 solum
2047 1584 2124 1616 iusti
2147 1593 2196 1616 re-

1210 1635 1366 1671 putamur
1387 1633 1526 1670 propter
1548 1624 1638 1656 hunc
1662 1623 1779 1663 filium,
1814 1626 1874 1657 sed
1904 1626 2002 1657 etiam
2022 1626 2195 1659 renovatio

1212 1673 1244 1704 in
1277 1672 1378 1703 nobis
1411 1669 1600 1704 inchoatur,
1634 1677 1719 1709 quae
1749 1668 1881 1700 tandem
1912 1668 2133 1711 complebitur
2154 1679 2196 1702 ac

1212 1713 1495 1747 consummabitur
1517 1711 1549 1742 in
1572 1711 1641 1742 vita
1662 1717 1810 1742 aeterna.
2095 1726 2100 1733 ι

1298 1756 1333 1788 ln
1358 1757 1474 1789 eodem
1497 1759 1588 1785 textu
1612 1753 1743 1785 loannis
1777 1760 1844 1784 est:
1876 1757 2005 1795 plemma
2030 1757 2142 1795 yrah'a
2165 1762 2198 1788 ec

1212 1801 1356 1833 reri'tale.
1403 1797 1490 1834 Quid
1512 1797 1578 1828 lioc
1602 1797 1676 1828 est?
1720 1796 1893 1838 Significat
1917 1796 2074 1833 Ioannes,
2105 1799 2196 1841 quod

1211 1845 1282 1886 ipse
1306 1841 1394 1875 filius
1417 1847 1449 1872 et
1466 1838 1598 1881 placeat
1618 1839 1704 1877 Deo,
1728 1849 1788 1870 seu
1809 1840 1853 1870 sit
1877 1838 2018 1873 dilectus
2041 1843 2139 1883 patri,
2162 1847 2195 1874 et

1212 1886 1302 1929 qnod
1324 1884 1444 1917 habea·
1469 1882 1525 1915 illa
1548 1893 1627 1913 vera
1651 1883 1755 1920 bona,
1791 1893 1903 1914 veram
1931 1885 2128 1925 sapientiam
2163 1890 2196 1917 et

1212 1939 1326 1961 veram
1349 1928 1514 1960 iustitiam.
1560 1925 1631 1956 Nos
1655 1933 1764 1957 antem
1788 1927 2028 1966 e.rp!em't11d1'ne
2050 1928 2121 1959 eius
2142 1938 2195 1960 ac-

1213 1973 1357 2013 cipimus,
1381 1969 1552 2012 placen-‚us
1575 1967 1650 1999 Deo
1673 1975 1809 2009 propter
1831 1968 2012 2009 Clu-istum,
2041 1971 2127 2002 sicut
2149 1971 2195 2003 di-

1215 2016 1316 2047 citur:
1353 2016 1472 2046 Sumus
1505 2013 1613 2043 dilecti
1647 2013 1680 2042 ιἰι
1714 2012 1844 2051 dilecto,
1879 2013 1911 2043 id
1934 2020 1998 2051 est,
2034 2013 2199 2056 diligimur

1215 2063 1352 2100 propter
1376 2055 1557 2092 Christum,
1581 2060 1612 2085 et
1637 2055 1680 2086 ita
1704 2056 1843 2086 loannes
1872 2055 1943 2096 ipse
1974 2063 2125 2088 enarrat:
2147 2066 2200 2088 ac-

1215 2101 1351 2142 ci'pimus
1383 2102 1520 2139 yrntmm
1549 2108 1610 2138 pro
1640 2100 1764 2137 pratia,
1799 2098 1830 2128 id
1854 2104 1922 2134 est,
1955 2099 2031 2140 qnia
2054 2100 2125 2140 ipse
2148 2105 2200 2131 est

1216 2149 1376 2183 acceptus
1399 2151 1460 2173 seu
1483 2139 1635 2175 dilectus,
1659 2147 1870 2182 acceptantur
1894 2152 1956 2172 nos
1980 2152 2112 2184 quoque
2123 2152 2199 2183 pro·

1216 2194 1290 2228 pter
1312 2186 1431 2226 ipsum.
1501 2183 1622 2215 Postea
1645 2194 1704 2225 per
1728 2191 1760 2215 ct
1784 2191 1922 2224 propter
1943 2185 2051 2225 ipsum
2075 2185 2199 2216 donan-

1217 2236 1269 2261 tur
1301 2229 1398 2261 nobis
1417 2234 1549 2259 caetera
1574 2227 1678 2265 bona,
1713 2237 1798 2269 quae
1821 2228 2001 2259 nominavit
2023 2234 2122 2260 antea
2144 2237 2199 2259 ve-

1217 2274 1359 2311 ritatem,
1382 2271 1414 2302 id
1438 2277 1499 2303 est,
1525 2269 1632 2301 lucent
1657 2280 1716 2302 seu
1741 2270 1887 2302 notitiam
1903 2269 2118 2312 spiritualem,
2142 2281 2200 2303 no·

1218 2325 1293 2347 vam
1316 2315 1483 2351 iustitiam,
1506 2320 1536 2344 et
1562 2314 1660 2344 vitam
1679 2319 1858 2345 aeternam.

1307 2357 1365 2389 Sic
1389 2364 1419 2388 et
1445 2355 1568 2387 Paulus
1594 2357 1639 2395 [2.
1664 2356 1742 2388 Cor.
1764 2355 1810 2395 5.]
1846 2356 1887 2388 de
1910 2356 2082 2388 beneficiis
2106 2355 2200 2389 Chri-

1212 2402 1260 2432 sti
1290 2401 1411 2441 inquit:
1437 2401 1512 2431 Eum
1536 2403 1590 2439 qm*
1612 2410 1675 2431 mm
1700 2403 1786 2431 riori!
1804 2404 1988 2440 peccatum,
2019 2402 2101 2440 fecit
2123 2409 2199 2440 pec-

1219 2448 1330 2478 calum.
1355 2449 1388 2475 u!
1411 2453 1470 2473 nos
1490 2444 1643 2481 fieremus
1667 2445 1792 2475 lustina
1814 2444 1875 2474 Hm·
1895 2443 1928 2474 t'n
1951 2452 1998 2474 eo.
2045 2442 2119 2473 Non
2141 2453 2200 2484 po-

1221 2493 1286 2517 test
1310 2485 1372 2517 hoc
1398 2486 1519 2517 dictum
1544 2484 1702 2526 explicari
1727 2486 1799 2517 sine
1830 2483 2024 2517 Dialectica.
2070 2484 2200 2516 Funda-

1220 2536 1364 2561 mentum
1399 2530 1528 2570 peccati
1563 2535 1613 2560 est
1644 2527 1796 2560 defectus
1831 2527 1886 2560 vel
1909 2527 1996 2560 mala
2017 2527 2199 2566 inclinatio,

1220 2571 1274 2603 vel
1298 2571 1384 2603 mala
1407 2573 1512 2608 actio,
1544 2571 1719 2603 'rorininus
1748 2572 1879 2614 peccati
1902 2579 1951 2603 est
1977 2578 2105 2610 reatus,
2139 2580 2201 2603 seu

1222 2614 1380 2656 obligatio
1405 2615 1446 2646 ad
1471 2625 1621 2656 poenam.
1690 2615 1772 2647 Fum
1802 2615 1900 2657 igitur
1928 2613 2052 2647 Paulus
2082 2613 2199 2656 inquit:

2299 659 2319 879 ’Ξ

2288 941 2321 1146 νὴ.
