2324 2958
190 185 254 218 255

191 284 223 310 to
256 287 341 308 nemo
363 279 396 306 in
419 284 521 305 amore
544 276 639 314 sapit.
686 273 773 310 Quid
806 280 858 305 est
891 273 956 312 ira,
989 274 1051 305 nisi
1075 271 1167 304 furor

191 320 325 353 brevis?
371 319 475 355 Quam
509 316 612 350 multa
646 316 727 349 fiunt
759 315 952 349 deformiter
981 317 1022 347 ab
1052 315 1168 347 iratis?

189 364 345 404 Denique
368 363 440 403 quis
464 367 615 393 nostrum
638 366 727 392 tenet
751 360 881 392 modum
894 360 926 391 in
946 358 1015 390 ullo
1027 358 1167 391 affectu?

190 405 320 449 Singuli
343 405 485 436 affectus
507 409 650 445 possunt
672 403 826 436 occidere
855 404 1027 435 hominem.
1072 399 1168 432 Multi

190 451 425 491 extinguuntur
436 447 571 485 laetitia,
594 445 893 488 plures'maestitiffi
915 444 1007 477 multi
1019 444 1168 486 indigna-

190 493 289 530 tione,
322 489 414 522 multi
436 491 606 522 amoribus
628 490 825 521 moriuntur.
869 489 925 520 Sic
948 488 980 518 in
1003 487 1099 518 nobis
1122 484 1169 517 af-

190 535 298 567 sectus
326 540 494 576 vagantur
522 538 615 565 extra
647 532 807 564 ordinem.
858 531 925 563 Sed
948 531 981 561 in
1004 528 1078 561 Deo
1102 539 1169 561 non

156 597 166 603 -
190 584 266 609 sunt
290 577 479 614 inordinati,
503 586 571 607 non
596 576 728 613 turbidi,
752 584 818 606 non
843 574 963 606 vitiosi.
1011 572 1117 604 Etiam
1137 573 1169 603 in

190 622 288 652 nobis
310 629 378 651 non
400 625 515 651 essent
526 619 658 656 turbidi,
683 619 712 649 si
734 623 909 660 peccatum
926 627 992 648 non
1006 615 1170 650 accessis-

191 670 253 695 set.

277 707 310 738 ln
335 703 483 747 angeliS,
519 711 549 735 et
574 704 760 735 hominibus
785 703 901 740 beatis,
935 712 1002 734 non
1027 709 1103 733 suut
1127 702 1170 732 si-

191 749 286 781 miles
309 749 468 789 ineptiae,
499 746 671 778 sutilitates
700 747 819 784 ἀιαξίαι
848 745 1038 776 affectuum:
1084 744 1170 780 Quia

191 803 258 824 non
281 799 332 824 est
354 792 388 823 in
411 791 459 823 cis
483 796 666 832 peccatum.
713 789 747 820 ln
777 789 902 820 sanctis
925 789 1025 820 etiam
1047 788 1080 819 in
1104 788 1169 819 hac

191 837 260 867 w‘ta
291 834 430 866 affectus
464 839 540 864 sunt
563 834 732 874 puriores,
767 841 865 873 quam
887 832 920 862 in
943 841 1010 862 non
1033 831 1168 862 renatis.

191 877 361 910 Abraham
385 876 491 919 diligit
513 874 630 915 filium,
655 876 715 907 sed
738 875 845 917 magis
868 880 955 905 amat
979 874 1104 912 Dcum,
1138 880 1170 905 et

192 923 221 954 ei
240 923 458 961 obtemperat,
480 919 603 951 iubenti
626 925 773 950 mactare
795 916 907 948 filium.
946 915 1095 959 Babylas
1119 926 1172 948 se-

192 975 256 996 nex
280 963 516 1006 octogenarius
540 968 606 993 stat
630 972 704 993 cum
728 961 868 1002 coniuge
890 970 971 998 anu,
998 966 1031 991 et
1054 958 1169 991 confir-

192 1013 259 1040 mat
288 1005 374 1037 filios
403 1006 436 1037 in
465 1004 639 1047 supplicio.
686 1002 808 1036 Mulier
830 1002 1036 1034 Maccabaea
1058 1002 1169 1034 horta-

192 1057 246 1082 tur
267 1060 288 1082 a
311 1049 532 1081 constantiam
555 1047 680 1078 liberos
703 1056 794 1078 suos.
840 1045 876 1077 lu
900 1046 1016 1077 ALica
1034 1051 1170 1087 propter

192 1093 263 1125 Arii
288 1093 410 1134 dogma
435 1090 661 1123 clamaverunt
676 1095 798 1121 matres
817 1089 859 1120 ad
883 1087 980 1126 filiaS,
1004 1098 1088 1130 quae
1112 1098 1171 1119 nu-

182 1137 256 1168 —dae
267 1135 567 1176 suspendebantur,
591 1139 625 1163 nt
648 1133 805 1174 probrum
828 1130 908 1163 illud
931 1132 1091 1172 patienter
1107 1129 1171 1162 ser-

193 1186 278 1217 rent,
301 1188 366 1210 nec
388 1175 659 1209 abstraherentur
680 1186 699 1206 a
723 1185 802 1207 vera
817 1175 977 1212 doctrina,
997 1174 1059 1206 etsi
1071 1183 1171 1205 sexus

193 1221 361 1254 muliebris
385 1219 482 1251 valde
505 1225 655 1251 movetur
677 1219 739 1249 ista
763 1215 973 1255 contumelia,
996 1227 1094 1259 quam
1115 1227 1172 1248 au-

193 1266 294 1308 gebat
317 1264 414 1295 etiam
439 1262 607 1294 cruciatus
629 1260 853 1293 ustulationis.

280 1307 327 1338 Ibi
350 1306 480 1341 videtis,
504 1311 626 1346 quanta
650 1303 745 1335 suerit
770 1301 949 1335 crudelitas
960 1302 1172 1333 Arianorum.

194 1350 244 1382 Ea
265 1351 338 1391 ipsa
361 1347 541 1381 crudelitas
565 1346 625 1379 suit
647 1347 869 1379 testimonium
892 1346 1025 1387 spiritus
1039 1344 1174 1376 homici-

195 1395 258 1426 dae
281 1394 313 1425 in
347 1393 406 1424 eis.
452 1391 518 1421 Sed
542 1400 606 1433 ego
628 1395 803 1432 propterea
831 1388 898 1421 hoc
921 1387 1106 1429 exemplum
1129 1386 1175 1418 al-

193 1435 290 1479 lego,
323 1441 357 1467 ut
380 1433 569 1475 intelligatis
598 1434 630 1464 in
654 1432 781 1465 sanctis
804 1432 927 1474 corrigi
952 1437 984 1463 et
1007 1431 1174 1463 emendari

195 1479 347 1516 affectus,
370 1484 401 1509 et
425 1478 530 1520 redigi
554 1476 659 1518 magis
683 1476 714 1507 in
739 1475 898 1506 ordinem.

282 1531 351 1562 Sed
386 1530 486 1561 redeo
520 1528 563 1560 ad
596 1526 675 1559 illud
705 1527 845 1563 dictum,
874 1527 907 1557 In
931 1535 996 1567 quo
1019 1530 1177 1556 aeternus

195 1573 296 1606 Pater
319 1572 459 1605 affirmat
483 1582 521 1603 se
545 1569 702 1602 delectari
725 1569 790 1601 hoc
813 1567 892 1600 filio.
949 1568 1012 1599 Hic
1034 1566 1176 1609 applica-

196 1618 319 1649 tionem
353 1615 621 1652 consideremus,
653 1620 685 1645 ct
719 1613 936 1654 adiungamus
968 1611 1053 1648 hoc,
1089 1609 1178 1651 quod

197 1658 322 1691 Paulus
346 1659 438 1691 dicit:
473 1658 543 1689 Nos
569 1667 669 1686 sumas
693 1655 803 1685 dilecti
825 1657 857 1684 ῐιι
881 1654 1008 1683 dilecto.
1055 1652 1090 1684 Id
1115 1659 1178 1691 est,

197 1709 334 1746 propter
366 1701 455 1733 hunc
489 1700 589 1732 filium
620 1700 806 1741 recipimur,
840 1704 872 1729 et
896 1699 1068 1739 placemus
1091 1695 1178 1727 Deo.

198 1748 282 1778 Sunt
304 1746 404 1788 igitur
427 1745 480 1776 hic
504 1743 766 1784 comprehensae
790 1750 906 1772 omncs
925 1740 1179 1781 promissioneS,

198 1800 338 1832 quarum
360 1798 456 1820 usum
481 1788 610 1819 discere
634 1787 794 1817 debemus
817 1783 1032 1825 experiundo.
1074 1782 1180 1814 Inno-

199 1833 279 1863 stris
302 1832 453 1863 maximis
477 1830 617 1862 miseriis
637 1830 796 1860 debemus
820 1827 1003 1868 confugere
1026 1826 1067 1857 ad
1092 1826 1181 1857 hunc

201 1875 314 1913 tilium,
338 1882 369 1906 et
393 1880 516 1916 petere,
541 1879 573 1904 ut
594 1879 730 1914 propter
752 1872 859 1912 ipsum
882 1870 1090 1911 recipiamur,
1126 1879 1180 1900 ex-

200 1919 381 1957 audiamur,
403 1918 562 1948 iux-emur.

287 1977 490 2009 Mementote
525 1977 621 2007 etlam
646 1974 901 2005 Grammaticatn
925 1970 1181 2012 explicationem

202 2023 380 2053 verborum
404 2019 515 2051 l'aull:
539 2022 745 2059 ,repromitteret
767 2020 854 2056 ἐσμὲν
878 2020 906 2046 ἐν
930 2018 970 2057 τῷ
995 2015 1180 2055 ζ’γαπημέιῳ.

202 2065 292 2097 [sus
311 2071 363 2096 est
386 2061 510 2095 Paulus
534 2061 696 2100 singulari
721 2070 803 2093 cura
832 2066 862 2091 et
883 2057 1034 2095 consitio,
1054 2058 1182 2089 duabus

203 2110 360 2140 vocibus:
396 2106 449 2137 De
470 2107 566 2137 nobis
591 2105 709 2145 inquit:
745 2105 868 2135 Sumus
898 2105 1122 2142 κεχαρισμέιω,
1152 2100 1184 2131 id

204 2158 266 2189 est,
291 2149 400 2182 dilecti
420 2160 480 2191 per
502 2148 780 2184 misericordiam,
805 2157 863 2187 per
887 2146 1035 2186 gratiam.
1082 2142 1184 2175 Filius

205 2202 254 2227 est
280 2195 476 2234 ἠγαπημένος,
500 2193 531 2223 itl
555 2198 617 2229 esi,
641 2190 787 2233 (lillgilur
809 2196 937 2220 natura.

291 2255 445 2286 Christus
468 2253 498 2284 iu
512 2262 622 2292 agone
645 2251 741 2292 petit:
767 2251 902 2281 lh'lectio
931 2254 987 2280 lua
1008 2250 1053 2280 si!
1073 2250 1105 2278 t'n
1129 2252 1184 2285 ets,

205 2309 266 2339 qna
285 2309 334 2329 mv
357 2299 476 2337 difficlis.
532 2295 618 2330 Quid
653 2294 757 2335 potuit
788 2292 874 2324 lilius
903 2293 1007 2323 maius
1032 2297 1143 2332 petere
1167 2300 1186 2320 a

205 2343 319 2382 patre?
366 2342 459 2376 Quae
494 2344 585 2369 essct
619 2337 774 2373 stultitia,
808 2336 835 2366 si
870 2341 904 2367 tu
937 2336 1121 2366 accedet-0⁴
1145 2333 1186 2364 aul

205 2383 362 2417 Carolttm
386 2383 427 2414 V.
452 2389 482 2415 et
504 2383 653 2413 diceres:
678 2380 820 2411 Domino
843 2377 1036 2420 imperator,
1061 2376 1187 2418 diligas

205 2438 274 2466 mc,
307 2434 341 2459 ut
363 2434 452 2458 tuum
487 2425 610 2457 silium?
666 2424 732 2455 Aut
767 2423 795 2453 si
829 2423 870 2453 ad
904 2421 1002 2452 alium
1033 2431 1186 2461 maguum

206 2473 322 2505 virum.
346 2471 397 2503 cui
423 2475 512 2501 esset
531 2467 617 2499 iilius
635 2466 834 2510 praestantis
852 2463 984 2502 iudom,
1008 2470 1038 2494 et
1062 2462 1188 2494 fortune

207 2515 355 2552 misniae,
379 2515 523 2544 dics-res:
548 2511 700 2548 Domine,
721 2508 820 2551 dilige
833 2518 895 2545 mc,
918 2514 952 2539 ut
968 2514 1056 2539 tuum
1075 2506 1186 2537 tilium.

207 2558 247 2589 Et
272 2563 378 2588 tame-,n
404 2555 490 2587 silius
514 2554 576 2587 Dei
600 2560 671 2586 orat
697 2563 758 2594 pro
793 2553 908 2589 nobis,
942 2558 976 2581 ut
1005 2556 1100 2593 pater
1124 2560 1186 2581 uos

207 2602 251 2632 ita
284 2599 414 2643 diligat,
448 2606 482 2631 ut
517 2597 628 2631 fitium.
685 2595 766 2628 Vult
800 2593 985 2627 Ecclesium
1018 2594 1121 2634 recipi
1154 2599 1186 2625 et

828 179 941 212 mm..
963 179 1065 212 MEL.
1088 177 1277 211 SCRIPTA
1297 175 1562 209 EXEGETIGA.

1542 76 1558 88 Ν

2137 176 2211 210 256·

1219 272 1323 303 amari
1356 280 1436 302 vera
1468 269 1664 309 dilectione,
1707 271 1796 303 sicut
1838 276 1935 312 pater
1968 271 2074 312 ipsum
2112 277 2203 303 amat

1219 312 1432 345 inenarrabili
1455 314 1575 355 οτοργῆ.

1307 355 1381 388 Huc
1413 356 1583 398 adiungite
1605 357 1729 388 dictum
1756 357 1789 387 in
1824 355 1977 387 leremia:
2014 357 2109 388 Dec„
2124 358 2202 389 dile-

1220 405 1303 432 ctam
1336 403 1479 431 animam
1511 409 1614 431 meam
1649 402 1682 431 in
1715 400 1855 431 medium
1888 402 2101 431 inania-orum.
2146 398 2204 431 Ait

1223 452 1261 475 se
1295 441 1434 484 diligere
1463 441 1662 480 Ecclesiam,
1695 448 1731 473 ut
1765 443 1950 483 seipsum,
1983 442 2069 473 sicut
2091 441 2204 474 solent

1220 485 1371 517 homines
1401 483 1506 527 loqui:
1542 484 1609 516 Iste
1632 491 1683 516 est
1706 495 1765 515 cor
1787 495 1906 522 meum,
1939 483 2068 516 ocellus
2097 495 2204 525 meus,

1221 529 1350 561 animus
1374 538 1477 560 meuS.
1532 527 1607 559 Non
1640 533 1750 569 potest
1782 537 1876 559 amor
1908 525 2114 568 plenioribus
2147 533 2205 561 aut

1223 571 1525 604 vehementioribus
1548 571 1662 602 verbis
1684 568 1856 611 explicari.
1913 569 1954 601 Et
1977 576 2086 602 tamen
2108 571 2205 604 mira-

1222 615 1280 647 bili
1304 613 1445 646 consilio
1469 614 1546 646 sinit
1568 612 1662 645 Deus
1685 612 1875 645 Ecclesiam
1899 614 1930 643 in
1954 613 2018 645 hac
2042 615 2109 646 vita
2131 624 2205 646 ver-

1222 659 1290 691 sari
1312 658 1397 688 inter
1418 655 1586 700 procellas
1609 662 1642 688 et
1665 655 1788 688 fluctus
1811 656 1932 687 mundi.

1310 707 1483 752 Cogitate,
1516 714 1640 750 quanta
1662 707 1748 739 haec
1770 708 1850 738 sint:
1887 707 1971 739 Sunt
2001 709 2047 739 ita
2070 717 2204 751 magna,

1222 760 1258 785 ut
1287 753 1380 785 nulla
1409 757 1564 784 creatura
1596 751 1704 792 possit
1738 751 1993 793 magnitudinem
2028 759 2206 792 exponere.

1222 794 1324 828 Nulla
1346 804 1440 827 mens
1464 800 1517 826 est
1537 800 1605 825 tam
1627 803 1752 834 capax,
1786 799 1822 825 ut
1844 794 1954 835 possit
1977 794 2059 825 satis
2083 795 2124 825 de
2141 792 2207 825 hac

1223 837 1436 881 amplitudine
1458 847 1568 869 rerum
1591 838 1749 879 cogitare.
1796 836 1864 868 Sed
1893 847 1959 868 non
1983 837 2025 868 sit
2048 837 2206 880 cogitatio

1222 883 1341 914 otiosa.
1386 881 1620 912 Exuscitetnus
1641 889 1705 911 nos
1727 880 1771 911 ad
1794 879 1904 917 fidem,
1933 890 1998 922 qua
2022 885 2208 912 statuamus

1222 935 1285 957 nos
1308 925 1420 966 recipi,
1456 930 1487 955 et
1522 923 1587 954 hac
1609 921 1674 954 fide
1692 929 1844 963 petamus
1867 928 1899 954 et
1912 928 2125 964 expectemus
2149 931 2206 954 ne-

1223 968 1372 1000 cessaria
1394 965 1567 998 Ecclesiae
1600 971 1634 996 et
1656 965 1764 1003 nobis,
1791 971 1828 997 ut
1850 965 1982 1004 videtis,
2007 976 2105 1008 quam
2123 963 2207 998 mul-

1221 1017 1291 1043 tum
1314 1012 1412 1042 instet
1434 1007 1658 1052 periculorum
1676 1013 1710 1039 et
1732 1006 1964 1040 calamitatum.

1278 1070 1477 1102 Tribuamus
1485 1068 1560 1100 Deo
1568 1067 1657 1100 hunc
1663 1067 1836 1106 honorem,
1847 1068 1936 1110 quod
1946 1078 2111 1107 vera‚non
2118 1067 2209 1108 ficta,

1223 1125 1290 1146 non
1302 1112 1388 1145 salsa
1412 1114 1455 1144 sit
1477 1112 1596 1150 oratio,
1617 1121 1702 1153 quae
1719 1116 1861 1143 testatur
1874 1111 1915 1143 de
1927 1121 1989 1143 suo
2002 1121 2114 1142 amore
2127 1121 2211 1154 erga

1224 1156 1326 1188 tilium
1361 1162 1393 1188 et
1423 1165 1506 1198 erga
1539 1164 1616 1186 nos:
1654 1153 1695 1185 Et
1729 1154 1949 1186 accendamur
1982 1154 2210 1197 magnitudine

1225 1200 1324 1231 huius
1348 1199 1483 1236 amoris
1518 1203 1552 1230 ut
1588 1197 1763 1229 credamus
1787 1197 2064 1238 promissionibus
2098 1203 2131 1229 et
2153 1206 2210 1239 pe-

1225 1250 1334 1274 tamus
1357 1240 1527 1284 supplices
1550 1249 1631 1272 vero
1655 1240 1776 1278 corde,
1809 1247 1844 1271 ut
1876 1241 2072 1272 misereatur
2104 1240 2212 1273 nostri

1226 1292 1384 1317 aeternus
1403 1290 1497 1326 pater
1519 1289 1656 1325 propter
1674 1281 1786 1321 filium,
1810 1289 1842 1314 et
1853 1283 1979 1325 mitiget
1992 1282 2212 1323 calamitates,

1227 1327 1322 1402 willa-t
1344 1334 1484 1369 peccata
1511 1333 1544 1358 et
1572 1325 1752 1364 scandala,
1787 1324 1904 1358 liberet
1937 1336 1978 1357 ac
2011 1332 2125 1359 servet
2146 1325 2211 1359 Ec·

1230 1383 1249 1404 c
1265 1381 1378 1403 esiam.

1317 1430 1384 1461 ista
1417 1429 1545 1461 debetis
1577 1434 1716 1469 petere,
1755 1434 1786 1458 et
1821 1438 1888 1459 non
1922 1429 2088 1466 dubitare,
2133 1428 2212 1469 quin

1229 1473 1460 1506 exaudiamini.
1494 1471 1536 1502 Et
1559 1481 1747 1513 quanquam
1760 1470 1843 1501 fides
1867 1477 1917 1501 est
1939 1470 2080 1507 infirma,
2103 1476 2214 1502 tamen

1231 1518 1390 1548 debemus
1419 1521 1587 1551 statuere,
1620 1525 1684 1546 nos
1718 1523 1797 1544 vere
1831 1511 1964 1554 placere
1998 1512 2089 1550 Deo,
2125 1513 2214 1544 sicut

1229 1559 1271 1591 D.
1281 1558 1410 1599 Caspar
1417 1557 1580 1599 Cruciger
1587 1567 1688 1598 saepe
1697 1557 1825 1587 dicebat
1836 1562 2082 1587 aute2mortem:
2102 1557 2216 1588 Invoco

1231 1608 1262 1634 le
1283 1606 1416 1633 aeterne
1439 1603 1534 1637 Dens,
1564 1603 1721 1632 miserere
1743 1602 1808 1630 met·
1831 1603 1967 1639 propter
1993 1599 2096 1637 silium
2126 1603 2215 1630 tutem

1232 1648 1404 1677 Dominum
1443 1648 1589 1676 nostram
1623 1645 1728 1675 lesum
1765 1643 1942 1680 Chrismm,
1977 1643 2132 1680 Sanlt'fica
2165 1651 2216 1673 me

1231 1690 1356 1729 Spiritu
1378 1692 1489 1719 sanclo
1510 1691 1571 1718 luo.
1628 1686 1744 1717 [πνοι-ο
1766 1695 1945 1725 quanquam
1968 1685 2122 1724 Ianym'da
2141 1685 2217 1726 fide,

1231 1733 1292 1763 sed
1308 1735 1414 1763 tamen
1431 1731 1504 1769 fide.
1561 1728 1602 1759 Et
1625 1729 1730 1760 Marc.
1755 1727 1786 1759 9.
1812 1727 1933 1759 clamat
1963 1733 2058 1769 pater
2081 1726 2217 1770 paraly-

1232 1775 1308 1806 tici:
1361 1773 1491 1804 πιστεύω
1524 1772 1620 1812 κύριεῖ,
1661 1770 1734 1802 ἀλλά
1766 1771 1877 1812 βοήθει
1910 1771 1945 1809 τῇ
1982 1769 2108 1801 ἀπιστία
2147 1783 2216 1810 μου.

1236 1818 1339 1849 Credo
1373 1819 1527 1852 Dmm'ne,
1571 1816 1631 1847 sed
1662 1824 1753 1855 apem
1785 1817 1843 1854 fet·
1876 1814 2086 1845 imbecillitati
2116 1823 2218 1846 meae.

1233 1860 1326 1892 llaec
1349 1860 1390 1891 de
1413 1866 1478 1891 tam
1507 1857 1627 1889 illustri
1662 1855 1905 1898 patefactione,
1936 1866 2020 1898 quae
2055 1854 2146 1888 sacta
2168 1862 2223 1890 est

1233 1904 1266 1934 in
1301 1903 1473 1944 Baptismo
1508 1901 1643 1939 Christi,
1679 1900 1980 1942 quomodocunque
2014 1899 2103 1931 dicta
2136 1900 2221 1932 sint:

1235 1956 1334 1987 quam
1358 1946 1505 1977 sciamus
1523 1954 1588 1975 non
1623 1950 1750 1975 tantum
1781 1949 1917 1984 propter
1946 1941 2037 1974 illius
2061 1942 2220 1983 temporis

1238 1987 1449 2025 Ecclesiam,
1473 1988 1532 2018 sed
1557 1988 1654 2018 etiam
1674 1991 1717 2018 ad
1742 1997 1803 2017 uos
1829 1985 2077 2017 confirmandos
2096 1984 2222 2018 exhibi-

1237 2038 1302 2063 tam
1326 2038 1357 2062 et
1380 2031 1536 2072 scriptam
1561 2040 1646 2060 esse.
1704 2029 1744 2060 Et
1768 2029 1845 2070 quia
1876 2035 1990 2060 noster
2015 2029 2220 2070 Baptismus,

1237 2074 1338 2106 veluti
1362 2080 1582 2105 consecratus
1606 2080 1657 2103 est
1682 2073 1851 2113 Raptis-mo
1875 2071 2010 2110 flu-isti,
2039 2072 2223 2115 cogitemus

1237 2118 1279 2150 ad
1303 2128 1365 2148 nos
1388 2117 1485 2148 ctiam
1510 2117 1692 2158 pertinere,
1727 2125 1813 2157 quae
1848 2116 1879 2146 in
1903 2115 2075 2155 Baptismo
2099 2114 2223 2147 Christi

1239 2161 1459 2201 contigerunt.
1506 2160 1638 2201 Cogita,
1661 2160 1749 2201 quod
1774 2159 1805 2189 itt
1830 2164 1886 2190 tuo
1906 2168 2037 2200 quoque
2050 2158 2224 2199 Baptismo

1239 2205 1391 2235 divinitus
1427 2213 1463 2234 se
1492 2203 1690 2245 patefaciat.
1729 2203 1814 2233 sicut
1850 2202 1953 2233 verba
1995 2200 2049 2232 illa
2084 2206 2221 2233 sonantt

1242 2247 1378 2288 Buplt'w
1402 2251 1431 2277 tr
1454 2247 1485 2277 ἰη
1510 2250 1634 2277 nomine
1657 2247 1776 2286 patris,
1800 2245 1870 2286 ῙῑΙῐί,
1889 2249 1918 2276 et
1937 2245 2083 2286 Spiritu-e
2105 2244 2222 2276 sanc-ti.

1241 2291 1282 2321 Et
1305 2296 1339 2322 ut
1363 2296 1441 2321 tuuc
1477 2289 1604 2321 coelum
1640 2288 1699 2321 suit
1722 2295 1888 2331 apertum,
1923 2287 1969 2319 lta
2004 2289 2035 2319 in
2069 2293 2126 2319 tuo
2159 2287 2223 2320 Bn-

1241 2335 1359 2375 ptismo
1387 2334 1482 2364 adest
1514 2333 1680 2371 divinitas,
1714 2339 1745 2363 et
1769 2337 1941 2373 pet-ratum
1965 2331 2155 2369 remittitur,
2190 2335 2225 2363 et

1241 2376 1413 2408 inchoatur
1436 2377 1665 2407 sanctificatio.
1722 2375 1792 2407 Nec
1826 2380 2002 2416 propterea
2036 2373 2072 2405 fit
2094 2373 2223 2416 Baptis-

1241 2430 1313 2451 mus
1336 2420 1459 2457 irritus,
1483 2420 1610 2451 etiamsi
1623 2417 1772 2450 labamur
1794 2423 1870 2459 post
1885 2417 1930 2448 nn
1958 2418 2098 2454 tismum‚
2122 2417 2223 2450 modo

1241 2463 1325 2504 lapsi
1350 2463 1525 2494 redeamus
1559 2463 1600 2493 ad
1631 2461 1876 2503 poenitentiam.
1931 2428 2013 2492 ἲύηι
2044 2460 2129 2491 enim
2153 2469 2224 2492 rur·

1242 2517 1299 2537 sus
1323 2506 1467 2547 aperitur
1480 2502 1586 2536 'nobis
1611 2503 1753 2542 roelum,
1779 2503 1966 2545 Recipimus
1990 2503 2099 2535 omniu
2122 2504 2222 2535 bene-

1240 2549 1314 2581 ficta
1337 2549 1508 2589 nnpttsnu,
1533 2549 1708 2589 recipimur
1730 2553 1866 2589 propter
1888 2545 2008 2585 filium,
2039 2552 2071 2578 et
2098 2545 2222 2580 uncti-

1238 2593 1376 2625 ficantur
1397 2592 1519 2634 Spiritu
1542 2596 1673 2624 sancto.
