2324 2958
167 224 231 256 ⁷29
845 218 1058 254 POSTILLA
1091 218 1273 251 MELANT
1276 219 1365 251 HON
1369 219 1444 252 IAN
1448 220 1473 251 Α
1479 243 1487 251 .
2099 222 2162 254 730

167 319 205 348 In
223 318 386 358 principio
408 316 481 346 libri
502 317 650 354 scriptum
672 318 732 351 est,
762 318 795 344 ut
813 315 933 352 faciam
955 314 1139 344 voluntatem
1191 312 1267 354 quia
1296 310 1374 343 nihil
1401 313 1537 344 interest
1565 314 1648 345 inter
1676 313 1797 346 cultum
1821 315 1944 346 Bacchi
1967 322 1997 347 et
2022 315 2161 347 Sancto·

167 365 264 391 namn:
292 361 325 391 id
347 366 416 397 est,
444 366 532 399 totus
555 358 656 395 liber,
676 363 747 388 tota
771 355 929 389 revelatio
953 357 1070 389 tradita
1093 357 1139 387 di·
1191 365 1262 386 rum
1290 356 1541 387 invocationem.
1606 357 1780 388 Praeterea
1814 359 1845 389 in
1879 366 1987 389 mente
2020 358 2163 389 humana

168 404 307 440 vinitus,
336 412 395 443 per
421 411 536 434 omnes
565 399 745 441 prophetas
774 400 815 430 de
838 410 889 430 me
912 398 1070 441 loquitur:
1092 399 1140 431 ai·
1191 407 1323 439 semper
1357 404 1488 429 manent
1523 399 1741 430 dubitationes
1775 400 2005 432 Academicae.
2068 400 2162 432 Multi

167 446 274 477 firmat
307 443 464 475 Messiam
496 445 581 475 hunc
611 443 710 480 mitti,
742 447 777 474 ut
805 440 905 474 faciat
938 441 1139 473 voluntatem
1191 446 1279 479 sunt,
1299 440 1353 481 qui
1372 441 1493 471 liabent
1512 440 1705 482 phantasias
1724 444 1866 479 stoicas,
1885 451 1999 484 postea
2023 445 2161 475 maxiam

167 488 290 519 aeterni
314 486 433 518 Patris¹
480 486 532 518 Ad
554 487 618 518 ista
642 486 792 526 respicit:
821 495 934 516 verum
958 495 1037 516 vero
1061 496 1139 516 con-
1191 481 1362 515 multitudo
1387 489 1438 513 est
1461 482 1712 523 Epicureorum,
1736 493 1767 515 et
1791 485 1984 526 Cyclopum.

167 536 277 561 sonat.
322 529 381 560 Est
404 530 566 560 invocatio
589 529 631 559 ad
655 538 768 560 verum
792 527 916 566 Deum,
944 538 1039 568 quem
1067 529 1138 569 ipse
1164 550 1167 556 .
1277 524 1329 557 De
1351 527 1422 556 istis
1447 527 1598 557 omnibns
1622 527 1713 563 dit-it,
1740 529 1924 569 quicunque
1947 536 2163 569 perseverant

165 573 348 613 praedicat:
377 571 427 603 Tu
449 582 486 603 es
511 571 603 603 Deus
628 581 738 608 meus,
760 569 905 607 scilicet,
928 581 1023 611 quem
1046 581 1140 611 prae-
1192 570 1224 599 in
1247 569 1318 599 istis
1342 567 1522 599 furoribus:
1547 569 1647 598 Multa
1670 569 1758 598 Idola
1778 581 1887 600 eorum.
1911 573 1963 610 qui
1976 576 2051 610 post
2070 572 2163 601 alium

166 615 291 652 dicavi,
320 615 374 656 qui
403 615 522 645 dedisti
546 614 766 645 testimonium
789 624 861 644 meo
886 612 1085 655 Evangelio,
1108 620 1140 644 te
1191 611 1289 641 Deum
1313 615 1448 641 ειιννιιηῑ.
1495 611 1567 652 Ego
1590 619 1621 642 te
1644 611 1751 643 Deum
1775 614 1912 649 invoco,
1941 614 1993 654 qui
2018 621 2049 644 te
2074 620 2162 655 pate-

165 658 297 695 invoco,
321 667 341 688 a
364 665 395 688 te
419 664 506 697 peto,
526 663 560 689 ut
582 667 633 688 me
656 662 834 688 sustentes.
881 655 952 687 Hoc
976 662 1028 687 est
1053 656 1140 697 prin·
1192 653 1300 685 fecisti
1323 655 1354 684 in
1372 653 1567 695 Evangelio,
1587 656 1641 695 qui
1665 656 1844 694 praebuisti
1868 655 1943 686 mihi
1966 657 2160 688 testimonia.

166 701 282 742 cipiunt
307 701 516 740 precationis.
1192 697 1258 728 Sed
1292 695 1392 727 multa
1425 704 1501 727 sunt
1535 696 1641 735 idola,
1676 696 1729 728 vel
1765 698 1920 736 dolores,
1954 698 2008 730 vel
2031 697 2161 730 furores

252 742 374 774 Postea
397 743 545 783 seqnitur
567 751 668 772 causa
693 740 816 772 finalis:
846 742 974 771 Sam-tis
994 743 1048 781 qui
1069 745 1139 771 sum
1191 738 1326 770 aliarum
1353 741 1662 781 congregationunu
1694 740 1810 781 quales
1840 748 1915 771 sunt
1939 740 2070 773 furores
2092 741 2162 773 Ma-

165 788 198 815 ὑι
221 790 304 815 terra
328 788 357 814 et
380 785 588 822 mirabilibus,
614 783 682 821 vel,
706 786 843 813 eximiis:
869 784 976 813 Omnes
998 784 1140 814 voluntas
1190 781 1360 820 hometici,
1391 782 1539 820 Ethnici,
1570 781 1786 821 idololatrici,
1817 786 1912 814 etiam
1941 785 1972 815 in
1995 793 2035 815 ea
2058 791 2162 824 parte,

165 838 231 858 mea
253 829 285 856 in
309 829 366 857 eis:
396 827 427 858 id
457 833 523 866 est,
552 837 612 866 pro
640 828 766 857 sanctis
792 836 854 868 ego
879 827 1005 867 patior,
1035 835 1065 858 et
1090 828 1138 857 eis
1190 835 1274 866 quae
1293 831 1432 855 vocatur
1443 824 1608 866 Ecclesia,
1624 825 1708 857 sicut
1720 824 1811 867 Papa
1834 836 1870 857 se
1892 827 2036 858 nominat
2048 825 2164 859 Eccle-

165 869 329 908 delector,
353 869 414 900 hos
437 880 527 908 amo,
550 869 611 900 hos
636 868 724 900 volo.
776 868 867 900 Facit
889 869 933 899 ibi
957 869 1138 900 distinctio·
1190 868 1289 905 siam,
1312 873 1345 898 et
1368 868 1422 908 qui
1445 868 1564 898 addicti
1587 874 1662 899 sunt
1685 869 1725 900 ei.
1779 869 1902 900 Omnes
1925 870 1998 907 isti,
2029 880 2163 911 quomo-

165 924 240 946 nem
264 922 364 945 verae
386 911 559 944 Ecclesiae
588 918 620 943 et
643 913 785 943 omnium
808 910 946 943 aliarum
969 913 1137 953 impiarum
1190 910 1364 951 docunque
1382 919 1421 940 se
1437 913 1616 949 nominent,
1636 917 1771 942 currunt
1790 921 1854 943 non
1874 912 1915 942 ad
1934 913 2032 943 istum
2044 911 2164 951 Deum,

165 956 469 998 congregationum.
525 955 599 987 Non
628 962 698 992 est,
725 955 812 995 quod
841 955 882 985 ad
908 954 1045 985 ludaeos
1069 961 1139 986 tan-
1191 953 1245 993 qui
1269 963 1307 983 se
1330 951 1500 992 patefecit,
1534 960 1566 984 et
1595 954 1679 985 sicut
1709 963 1747 985 se
1774 953 1937 994 patefecit.
1994 955 2069 986 Non
2093 966 2164 986 cur-

165 1006 233 1032 turn
261 998 445 1030 reserantur
473 1009 558 1039 quac
588 1004 785 1039 sequuntur:
820 997 921 1026 Multa
952 1001 1022 1027 cunt
1049 997 1139 1026 idola
1190 1002 1265 1025 runt
1294 1002 1371 1036 post
1399 1005 1503 1026 meam
1533 1007 1668 1035 vocem,
1701 997 1761 1028 sed
1791 1007 1969 1038 properant
1993 1003 2025 1028 et
2049 996 2163 1030 cenfu-

165 1052 284 1073 wram:
311 1040 383 1078 vel,
417 1041 669 1079 illultiplizwztur
698 1040 823 1069 dolores
843 1040 981 1074 illorum,
1015 1042 1068 1080 qui
1090 1050 1138 1069 ac.
1190 1038 1281 1078 giunt
1310 1038 1352 1068 ad
1382 1036 1469 1069 aliud
1494 1049 1630 1077 numen,
1660 1046 1821 1081 quaerunt
1843 1039 1939 1071 aliam
1964 1040 2163 1072 consolatio-

165 1085 300 1115 celerant
323 1084 367 1113 acl.
389 1084 479 1114 alios.
526 1084 597 1114 Hoc
620 1081 688 1114 vult
712 1084 821 1114 dicere
844 1083 875 1113 in
901 1093 1042 1114 summa:
1066 1082 1138 1124 Ego
1189 1090 1279 1117 nem,
1302 1080 1367 1110 alia
1390 1082 1566 1120 praesidia.

166 1127 273 1168 patior
302 1137 361 1167 pro
390 1127 531 1158 sanctis:
566 1125 630 1157 hoc
657 1134 727 1163 est,
761 1135 832 1156 mea
856 1125 970 1166 passio
992 1125 1139 1166 proderit
1278 1122 1320 1153 Ut
1344 1123 1443 1164 igitur
1471 1130 1567 1155 antea
1590 1132 1745 1165 precatus
1770 1132 1821 1156 est
1843 1136 1903 1166 pro
1926 1124 2092 1164 Ecclesia,
2115 1127 2164 1157 sic

165 1169 293 1201 electae
327 1168 498 1207 Ecclesia,
532 1176 564 1200 et
597 1168 659 1200 hos
687 1167 782 1204 v0103
818 1177 877 1208 pro
905 1168 976 1198 istis
1006 1178 1138 1208 precor,
1161 1176 1166 1218 2
1189 1165 1254 1196 iam
1278 1164 1442 1196 maledicit
1466 1165 1679 1207 blasphemis.
1725 1167 1767 1198 Et
1788 1175 1840 1199 est
1858 1167 1955 1200 valde
1975 1169 2080 1199 tristis
2099 1179 2165 1200 ma-

165 1213 251 1244 sicut
273 1211 385 1243 lohan.
407 1212 455 1242 17.
500 1211 620 1240 Precor
642 1222 704 1251 pro
733 1212 823 1249 istis,·
855 1214 884 1239 et
906 1220 967 1239 nou
986 1220 1046 1249 pro
1068 1212 1139 1239 istis
1189 1206 1342 1246 ledictiO,
1375 1210 1461 1240 sicut
1489 1210 1642 1250 superior
1670 1211 1817 1251 precatio
1847 1217 1899 1242 est
1921 1210 2018 1243 valde
2041 1210 2163 1243 dulcis:

165 1258 291 1289 tantum,
311 1255 366 1284 sed
385 1265 446 1293 pro
470 1254 605 1283 omuibus
628 1253 794 1283 credituris
812 1263 872 1292 per
892 1253 1012 1282 verbum
1035 1263 1138 1282 eoram
1191 1250 1297 1279 Omnis
1318 1250 1460 1280 voluntas
1482 1262 1547 1280 mea
1569 1253 1602 1281 in
1624 1254 1683 1281 eis:
1707 1253 1740 1284 id
1763 1259 1831 1292 est,
1856 1253 1902 1284 illi
1925 1259 2002 1285 sunt
2026 1253 2165 1287 deliciae

162 1298 196 1326 ἰκ
217 1307 323 1326 nomen
350 1307 452 1326 meum.
510 1295 611 1327 l'lane
641 1302 718 1327 sunt
745 1296 798 1326 hie
830 1296 931 1326 verba
959 1296 1072 1326 eadem
1097 1296 1137 1326 de
1190 1303 1300 1331 meae,
1334 1293 1385 1322 iclz
1412 1294 1472 1323 hab
1496 1294 1577 1324 dran
1599 1295 1661 1325 lust
1683 1296 1747 1325 umI
1765 1297 1893 1333 frewtle.
1944 1297 2004 1328 Hic
2028 1304 2165 1328 econtra

161 1338 383 1380 applicatione
407 1339 571 1379 passionis
595 1337 726 1370 Christi.
771 1338 837 1368 Pro
859 1338 917 1372 his,
941 1338 1055 1380 inquit,
1079 1349 1137 1377 eqo
1190 1337 1284 1366 dicit:
1317 1336 1390 1366 Non
1423 1336 1524 1366 libabo
1558 1337 1705 1368 libamina
1739 1349 1840 1368 eorum
1869 1340 1910 1369 de
1938 1341 2102 1379 sanquine:
2135 1345 2166 1370 et

158 1383 285 1422 patior,
319 1382 382 1413 hos
413 1382 470 1412 tibi
499 1382 704 1413 commendo.
760 1381 851 1412 Haec
879 1387 931 1411 est
960 1380 1136 1422 applicatio
1188 1389 1250 1408 non
1272 1389 1384 1408 sumam
1412 1381 1536 1409 nomina
1564 1391 1667 1411 eorum
1696 1393 1788 1420 saper·
1817 1382 1901 1411 labia
1925 1393 1999 1413 mea.
2032 1382 2163 1414 ‘Tristis

162 1425 339 1467 passionis.
385 1424 476 1455 Haec
506 1431 557 1454 est
585 1425 731 1465 precatio
761 1428 822 1464 pro
851 1424 948 1455 nobis
972 1425 1135 1455 munibus⁴
1161 1431 1165 1448 ι
1189 1432 1254 1453 vox
1278 1428 1345 1460 est,
1368 1432 1428 1463 pro
1453 1423 1533 1464 ipsis
1557 1434 1623 1455 non
1646 1432 1741 1465 peto,
1772 1434 1878 1466 neque
1901 1426 2025 1466 recipio
2049 1435 2164 1457 eorum

163 1468 241 1498 Ideo
266 1466 439 1509 diligenter
461 1473 511 1497 est
537 1467 790 1497 consideranda.
836 1467 998 1497 Dominus
1021 1474 1137 1497 noster
1189 1465 1364 1496 sacrificia.
1420 1465 1624 1507 Quamquam
1653 1467 1775 1498 habent
1802 1477 1941 1509 magnos
1965 1474 1997 1499 et
2021 1467 2164 1509 splendi-

163 1510 255 1542 lesus
279 1509 432 1541 Christus
455 1515 609 1549 precatur
630 1510 661 1540 in
685 1508 736 1539 liis
759 1509 870 1540 verbis
894 1519 954 1549 pro
978 1509 1085 1547 nobis,
1104 1515 1137 1540 et

164 1553 370 1584 commendat
395 1561 457 1582 nos
479 1559 614 1583 aeterno
638 1552 735 1593 patri,
758 1557 791 1582 et
809 1550 891 1583 haec
910 1559 960 1582 est
979 1552 1136 1593 precatio,

163 1600 196 1627 et
217 1605 284 1626 vox
307 1594 378 1625 Filii
402 1595 477 1625 inde
500 1605 605 1636 usque
628 1605 647 1625 a
670 1595 848 1635 principio,
877 1605 896 1625 a
920 1593 1017 1635 lapsu
1042 1594 1136 1626 Adae

162 1647 267 1681 usque
290 1637 330 1668 ad
355 1637 633 1668 resurrectionem
657 1643 874 1668 mortuorum:
905 1636 1052 1667 Voluntas
1070 1648 1137 1667 mea

160 1680 193 1710 bi
215 1681 274 1714 eis,
298 1686 361 1711 etc.
419 1678 489 1711 Hos
518 1678 613 1717 volo,
646 1690 706 1720 pro
734 1678 786 1710 his
815 1690 952 1720 precor,
986 1680 1049 1711 hos
1079 1681 1136 1711 tibi

161 1723 366 1754 commendo.
411 1721 459 1753 lta
477 1722 615 1754 retinete
634 1721 909 1763 simplicissimam
928 1723 1135 1760 sententiam,

161 1775 247 1806 quae
268 1770 320 1796 est
343 1774 421 1795 vere
443 1765 564 1796 nativa.
619 1765 694 1796 Non
718 1765 881 1807 fingamus
904 1764 1041 1802 Protea,
1070 1775 1135 1795 non
1190 1763 1313 1795 Romae
1341 1775 1427 1796 unus
1457 1774 1499 1796 ex
1526 1765 1795 1806 imperatoribus.
1825 1768 2037 1808 (quamquam
2061 1769 2161 1799 credo

162 1806 436 1839 transformemus
459 1818 558 1838 uuum
577 1817 708 1839 versum
727 1809 759 1839 in
778 1807 922 1839 infinitas
940 1809 1136 1845 sententias,
1187 1816 1288 1846 saepe
1310 1804 1433 1839 factum
1456 1808 1548 1847 esse)
1570 1808 1769 1840 sacrificavit
1793 1816 1922 1840 centum
1941 1809 2067 1848 leones,
2087 1820 2162 1842 cen-

1159 1489 1165 1724 Ι
1189 1506 1402 1546 dos.cultus,
1425 1506 1524 1550 aliqui
1548 1509 1645 1539 ctiam
1668 1511 1751 1540 dura
1773 1511 1945 1544 exercitia:
1970 1518 2093 1545 tamen,
2117 1512 2163 1542 in-

162 1849 215 1881 vel
237 1851 346 1891 potius
370 1849 585 1890 corruptelas.
1158 1873 1165 2101 f
1188 1855 1255 1879 tum
1278 1849 1423 1890 aquilas,
1456 1856 1489 1881 et
1513 1858 1642 1882 centum
1668 1852 1790 1888 boves;
1822 1851 1881 1883 suit
1903 1852 2068 1894 ἑκατόμβη,
2102 1854 2160 1884 sed

1189 1551 1275 1591 quit,
1309 1561 1375 1581 non
1404 1561 1485 1582 curo
1518 1552 1600 1582 istas
1628 1553 1775 1592 ineptias.
1832 1552 1926 1584 Multi
1953 1560 2162 1594 praestantes

1188 1593 1249 1623 viri
1283 1600 1360 1624 sunt
1393 1593 1478 1624 inter
1515 1593 1785 1633 mahometistas,
1823 1597 1878 1637 qui
1917 1596 2041 1628 habent
2081 1605 2162 1628 suos

1189 1633 1317 1673 cultus,
1340 1646 1402 1668 nec
1425 1643 1536 1668 tamen
1557 1643 1733 1678 propterea
1754 1637 1889 1680 placent
1911 1638 1997 1670 Deo.
2043 1638 2099 1671 Sic
2121 1640 2163 1671 de

1189 1679 1340 1709 caeteris.

1272 1721 1355 1757 Non,
1380 1722 1455 1753 dico
1485 1721 1548 1752 iam
1578 1722 1619 1753 de
1647 1724 1868 1755 ostentatione
1899 1730 2042 1762 tantum,
2076 1725 2162 1756 sicut

249 1893 315 1924 lam
339 1893 496 1923 discernit
519 1892 603 1924 hanc
627 1903 738 1924 veram
762 1891 948 1923 Ecclesiam
971 1893 1013 1923 ab
1031 1891 1137 1923 altera
1189 1890 1367 1932 triplicata:
1403 1892 1463 1924 fuit
1497 1892 1598 1924 stulta
1628 1904 1765 1935 pompa,
1799 1905 1866 1926 non
1897 1897 2020 1936 pietas:
2054 1896 2161 1927 Etiam

162 1936 420 1977 congregatione
449 1935 635 1975 impiorum3
665 1935 767 1965 Multa
791 1935 881 1965 idola
913 1945 1036 1969 cortun,
1072 1934 1134 1975 vel,
1189 1933 1284 1965 Plato
1308 1935 1428 1976 inquit:
1457 1935 1544 1965 Deus
1566 1936 1630 1966 vult
1652 1936 1716 1966 coli
1736 1947 1808 1967 vero
1838 1938 1970 1971 honore,
2002 1949 2062 1968 non
2090 1940 2160 1978 σχή-

161 1979 249 2008 multi
281 1977 407 2008 dolores
439 1981 508 2007 mut
541 1988 658 2012 eorum,
689 1980 744 2018 qui
773 1982 846 2018 post
876 1978 968 2008 alium
997 1982 1133 2007 currunt.
1186 1988 1275 2015 μασι;
1298 1979 1331 2008 id
1355 1985 1424 2016 est,
1455 1979 1542 2009 veris
1565 1980 1755 2018 sententiis,
1785 1988 1902 2021 postea
1927 1982 2014 2012 veris
2038 1981 2159 2013 affecti·

162 2020 286 2053 Multae
309 2026 384 2052 sunt
406 2019 490 2051 aliae
512 2020 631 2061 impiae
654 2021 950 2063 congregationes,
979 2021 1063 2052 sicut
1088 2021 1134 2052 vi-

161 2065 266 2102 detis,
301 2070 442 2105 quantae
476 2061 595 2094 fuerint
628 2063 842 2095 confusiones
875 2065 907 2095 in
941 2062 1133 2095 idololatriis

163 2108 323 2150 gentium3
346 2105 400 2137 alii
424 2105 604 2143 Venerem,
627 2105 681 2136 alii
706 2105 869 2147 Priapum,
886 2106 941 2138 alii
964 2106 1133 2138 Bacchum

161 2151 399 2182 adoraveruntz
423 2147 571 2180 fecerunt
590 2149 722 2179 numina
740 2148 941 2190 multiplicia,
959 2149 1133 2181 horrendis

161 2191 338 2225 furoribus.
395 2192 518 2222 Postea
548 2192 656 2222 videte
686 2190 921 2232 Philosophus:
955 2191 1010 2223 alii
1044 2193 1134 2224 dixe-

161 2242 238 2267 runt
259 2234 338 2266 nihil
361 2244 438 2266 esse
462 2234 579 2272 Deum,
601 2235 686 2265 sicut
710 2234 932 2274 Democritus,
954 2234 1132 2277 Diagoras.

162 2276 282 2310 Melius
304 2277 358 2309 alii
381 2278 550 2315 dixerunt,
578 2275 699 2318 aliquid
731 2286 808 2308 esse
829 2276 952 2315 Deum,
983 2279 1043 2309 sed
1066 2289 1132 2309 non

161 2331 279 2352 curare
307 2331 362 2352 res
392 2320 572 2356 humanas,
607 2327 641 2350 ut
669 2319 835 2361 Epicurei:
867 2319 922 2351 alii
954 2319 1133 2362 alligarunt

1188 2021 1266 2060 bus,
1299 2032 1365 2052 non
1395 2028 1531 2052 externo
1562 2028 1686 2053 tantum
1716 2030 1823 2064 gestu.
1879 2023 1919 2054 Et
1948 2023 2002 2054 lex
2025 2023 2161 2056 Zaleuci

1186 2064 1247 2101 ait,
1282 2064 1380 2093 Deum
1409 2074 1473 2093 esse
1506 2064 1667 2094 colendum
1700 2067 1822 2095 iustitia
1855 2070 1885 2096 et
1920 2068 2064 2097 veritate.
2097 2078 2160 2096 non

1186 2107 1362 2145 trayoediis
1394 2111 1424 2136 et
1456 2108 1652 2146 spectandis.
1715 2108 1855 2144 Quando
1890 2109 2039 2141 Pontisex
2070 2120 2159 2142 nunc

1187 2149 1333 2181 celebrat
1362 2150 1516 2188 Missam,
1545 2157 1623 2182 sunt
1652 2161 1770 2193 magna
1799 2151 2010 2192 spectacula,
2039 2162 2158 2194 magna

1185 2193 1315 2233 specics
1339 2193 1517 2224 offunditur
1539 2193 1704 2224 hominum
1729 2193 1845 2225 oculis.

1272 2235 1362 2266 Haec
1385 2237 1493 2267 omnia
1517 2237 1778 2277 comprehendit,
1810 2238 1940 2278 quando
1964 2237 2056 2268 dicit:
2085 2237 2157 2267 Nou

1185 2278 1287 2308 libabo
1315 2278 1462 2309 libamina
1485 2289 1603 2309 eorum:
1632 2279 1664 2310 id
1688 2285 1754 2317 est,
1777 2290 1842 2310 non
1866 2279 2019 2320 recipiam
2043 2290 2157 2312 eorum

1185 2321 1359 2353 sacrificia.
1415 2321 1529 2351 Libare
1559 2328 1628 2359 est,
1663 2323 1794 2363 quando
1826 2321 1970 2353 funditur
2003 2322 2156 2363 poculum

160 2362 267 2395 Deum
291 2364 401 2395 causis·
421 2363 592 2394 secundis:
617 2361 670 2393 alii
693 2363 860 2403 sapientes
884 2363 1034 2394 dixerunt
1057 2374 1134 2395 esse

160 2406 382 2438 dubitandum.
439 2405 486 2437 lta
515 2404 747 2446 Philosophia,
781 2415 865 2446 quae
893 2412 945 2436 est
972 2407 1133 2447 sapientia

160 2449 339 2490 quaedam,
374 2459 440 2479 non
463 2454 514 2479 est
538 2449 670 2479 omnino
694 2446 809 2478 stulta:
839 2448 967 2489 quaerit
989 2449 1132 2480 rationes

159 2490 303 2533 aliquas:
331 2497 439 2522 tamen
469 2498 519 2522 est
549 2490 648 2532 plena
677 2489 828 2533 caliginis
855 2497 886 2522 et
914 2501 1063 2523 error-un
1091 2493 1132 2523 de

159 2533 244 2566 Deo.

244 2576 302 2608 Sic
333 2575 566 2607 universaliter
597 2576 628 2606 in
660 2573 820 2614 cultibus,
852 2575 884 2607 in
915 2581 985 2607 toto
1009 2568 1132 2618 ge⁸nere

158 2619 304 2652 humano
334 2617 418 2651 tales
447 2617 579 2650 furores
609 2625 781 2659 vagantur.
836 2618 976 2659 Semper
998 2625 1132 2650 manent
1183 2632 1257 2653 nem
1287 2620 1399 2653 calicis
1427 2630 1487 2662 pro
1516 2621 1690 2658 demenso,
1719 2619 1773 2651 vel
1802 2631 1861 2662 pro
1886 2622 2040 2653 attributa
2063 2630 2154 2653 certa

158 2659 352 2694 idololatrici
387 2660 516 2699 cultim,
550 2661 677 2692 etiamsi
709 2659 792 2692 alias
826 2666 987 2694 vocantur
1020 2661 1130 2694 aliter:
1155 2694 1159 2703 ὅ
1183 2671 1275 2705 parte
1305 2663 1389 2696 sumi
1397 2673 1406 2703 5
1440 2669 1474 2695 ut
1503 2663 1680 2692 potestisne
1707 2663 1832 2693 calicem
1859 2674 1952 2693 'neum
1975 2664 2098 2694 bibere?
2121 2666 2154 2696 id

1185 2365 1257 2395 sive
1279 2365 1363 2403 vini,
1386 2365 1457 2396 sive
1480 2365 1671 2406 sanguilliS,
1699 2365 1770 2395 sive
1798 2375 1902 2406 aquae
1925 2366 1954 2395 in
1979 2366 2156 2403 victimam,

1184 2406 1238 2439 vel
1262 2417 1490 2449 quamcunque
1512 2418 1598 2446 rem,
1621 2418 1707 2449 quae
1731 2407 1938 2438 offerebatur.

1272 2450 1354 2482 Hinc
1383 2451 1467 2481 redit
1494 2451 1534 2481 ad
1564 2460 1656 2481 suam
1683 2449 1884 2488 Ecclesiam,
1914 2457 1945 2481 et
1968 2458 2154 2489 asseverat,

1184 2494 1380 2525 servandam
1422 2503 1499 2524 esse
1541 2491 1740 2529 Ecclesiam,
1781 2499 1811 2523 et
1850 2493 1977 2523 servari
2020 2502 2157 2535 propter

1184 2537 1301 2577 ipsum.
1335 2536 1488 2566 Dominus
1502 2546 1583 2574 pars
1600 2537 1704 2565 sortis.
1723 2536 1786 2564 sive
1797 2535 2002 2565 haereditatis
2020 2547 2111 2571 mene,
2124 2542 2154 2566 et

1184 2579 1294 2608 calicis
1316 2580 1382 2607 mvi.
1428 2577 1575 2609 Discatis
1598 2587 1659 2608 vos
1682 2576 1938 2615 adolescentuli,
1960 2578 2153 2620 appellatio-
