2324 2958
38 242 104 276 ⁶33

164 330 337 366 VERSUS
359 327 544 362 PHILIPPI
567 325 883 359 MELANTHOle

43 431 84 462 de
106 427 215 461 verbis
238 424 377 458 Christi:
402 424 453 456 Sit
465 423 598 460 dilectio,
620 431 682 462 qua
703 430 754 452 me
770 420 877 460 diliyz's
899 423 933 451 in
954 420 1011 452 eis.

127 506 193 539 Nec
213 507 257 543 tu,
277 506 374 542 anate
396 500 467 538 Dei,
490 501 601 538 maius,
623 497 737 529 melius
759 507 795 528 ve
817 505 935 536 royare

169 548 338 579 Aeternum
356 547 497 584 poteras,
519 544 635 581 optime
661 541 796 578 Christe,
820 541 965 578 Patrem,-

131 591 229 628 Quam
247 589 332 628 quale·
355 586 460 627 στοργῇ
480 593 608 624 Semper
631 587 662 614 te
683 583 788 622 diliyit
808 583 885 622 ime,

169 631 296 670 Diligat
315 634 348 661 et
366 629 465 661 simili
486 636 545 659 nos
566 630 602 657 ut
622 635 731 657 amore
754 626 868 663 Putem

126 675 192 707 Nec
213 675 308 705 tribui
328 673 418 704 nobts
439 672 498 702 lzoc
510 672 616 710 possit
636 678 768 700 munere
791 671 905 699 maius.

174 717 257 755 Quid
276 718 346 747 nati
360 717 474 755 posset
493 713 597 743 maius
619 721 728 743 aneore
749 711 848 743 dari?

128 761 198 793 Non
220 759 308 799 apud
327 761 492 789 aeternum
511 757 598 794 facis
621 755 718 786 irrita
740 759 810 785 vota
829 756 1013 794 parentem,

173 803 322 842 Amr-mat
341 800 454 831 iurans
476 799 534 829 hoc
557 799 656 829 Pater
678 800 748 837 ipse
769 797 834 828 tibi.

129 845 217 884 ,ΕΙ-,σα
237 853 296 875 nos
317 845 413 874 etiam
436 851 471 872 es
489 843 590 881 patrii
608 844 642 871 tu
660 840 780 880 pignus
801 840 934 876 amor-is,

171 887 285 918 Iussus
301 894 365 925 pro
387 884 478 916 nobis
500 884 606 915 debita
630 883 717 923 λύτρα
740 884 827 914 dare.

127 930 193 962 Nos
214 931 313 968 igitur
345 935 532 967 quamquam
565 935 675 957 sumus
703 934 802 964 aeyra
830 928 863 956 et
882 923 1014 955 sordida

400 978 516 1008 massa,

174 1013 342 1045 Credimus
364 1015 430 1043 ista
451 1015 557 1042 tamen
579 1019 715 1042 munera
737 1018 860 1041 summa
881 1009 964 1046 dari,

131 1055 309 1094 confisique
331 1059 386 1086 tua
402 1064 509 1094 prece,
536 1054 668 1093 Christe,
687 1054 833 1093 pericula
854 1055 966 1083 nostra

171 1098 202 1129 A
224 1107 346 1129 summo
363 1100 505 1137 petimus
527 1100 639 1127 cuncta
658 1098 797 1136 parente
818 1097 896 1133 reqi-

134 1141 239 1181 Tuque
259 1150 355 1179 reyas
376 1149 546 1179 servesque
568 1139 712 1177 infirmos
728 1140 868 1174 numine,
890 1139 945 1176 qui
965 1139 1013 1168 vis

172 1185 210 1215 In
232 1186 352 1215 nostris·
373 1185 480 1214 vivens
501 1182 657 1213 mentibus
678 1190 750 1212 esse
772 1179 865 1219 λόγος.

243 1342 305 1375 DE
334 1342 469 1375 DICTO
500 1341 679 1374 IOANNlS
703 1340 806 1372 xvn.

283 1438 372 1469 Haec
393 1441 444 1469 est
463 1439 528 1468 vita
550 1439 694 1476 aeterna,
717 1437 774 1466 etc.

126 1522 233 1555 Iesum
255 1531 326 1554 esse
347 1522 531 1559 Christum]
576 1522 667 1552 Iesus
685 1520 817 1560 ponitur
838 1517 914 1550 loco
929 1518 1012 1550 Sub-

41 1566 127 1604 iecti,
151 1571 183 1596 et
208 1565 363 1603 &mli-tus,
386 1563 587 1595 praedicati:
621 1568 653 1594 et
682 1572 803 1594 sensus
826 1567 894 1600 est,
947 1562 1011 1593 uod

41 1607 137 1640 Iesus
171 1607 224 1638 bic
257 1607 302 1638 sit
335 1606 498 1638 Christus.
565 1606 727 1644 Christus,
767 1605 901 1647 ponitur
949 1614 1010 1636 oco

39 1649 243 1687 praedicati,
277 1649 352 1690 quia
386 1655 438 1680 est
471 1658 590 1679 nomen
625 1646 735 1678 officii.
791 1647 858 1679 Ista
891 1657 1011 1688 propo-

39 1693 114 1724 sitio
149 1698 200 1723 est
222 1701 349 1723 summa
372 1691 540 1723 doctrinae
569 1689 758 1732 Evangelii,
791 1696 824 1721 et
859 1690 1012 1732 congruit

39 1745 116 1768 cum
138 1735 224 1766 dicto
247 1734 382 1766 Esaiae:
416 1736 536 1766 Νοῐῑιϊα
557 1736 643 1765 servi
664 1736 728 1765 mei
748 1736 833 1773 iusti,
863 1734 1011 1772 iustifica-

39 1779 85 1810 bit
114 1780 239 1810 multos.
295 1776 487 1819 Intelligatis
520 1777 736 1818 agnitionem,
772 1785 856 1818 quae
889 1774 1012 1818 alioqui

39 1826 178 1852 vocatur
207 1821 312 1852 Fides.
367 1820 428 1851 Est
459 1821 494 1851 in
526 1818 665 1851 diabolis
684 1819 816 1857 notitia,
851 1819 911 1850 sed
944 1829 1010 1850 non

40 1862 128 1901 αιΙίε,
152 1873 238 1904 quae
261 1864 440 1895 assentitur
461 1862 670 1905 promissioni
694 1862 843 1899 divinae,
872 1867 905 1893 et
927 1871 1011 1903 quae

41 1911 93 1938 est
114 1906 235 1937 fiducia
256 1906 474 1947 acquiescens
492 1905 524 1935 in
535 1904 609 1936 Deo
633 1910 767 1946 propter
784 1903 1009 1942 mediatorem,

40 1955 75 1980 et
96 1949 286 1980 accendens
320 1958 360 1979 ac
394 1946 644 1988 apprehendens
679 1948 857 1978 bonitatem
885 1947 1011 1979 aeterni

40 1989 168 2029 Patris,
201 1998 233 2022 et
256 1991 361 2032 ipsum
383 1990 517 2028 Filium,
552 1991 606 2032 qui
629 1996 680 2021 est
701 1990 809 2022 sactus
832 1999 892 2029 pro
915 1990 1011 2021 nobis

42 2033 183 2072 victima,
206 2034 260 2075 qui
283 2040 335 2065 est
357 2032 505 2064 salvator
527 2033 641 2063 merito
664 2038 697 2064 et
718 2032 881 2071 efficacia,
903 2032 1010 2074 qualis

42 2082 94 2108 est
115 2075 198 2108 fides
221 2082 348 2115 nostra,
370 2083 406 2108 ut
428 2085 530 2116 saepe
551 2075 699 2107 dicimus.

44 2239 179 2291 Qualis
209 2248 270 2282 est
304 2241 565 2296 praedicatio:
597 2240 750 2281 Notitia
778 2240 855 2281 Dei
883 2241 1011 2283 Patris

227 2324 270 2358 et
299 2318 386 2358 Filii
418 2324 479 2358 est
516 2317 600 2358 vita
631 2317 826 2360 aeterna?

126 2415 186 2447 Est
207 2417 409 2458 praedicatio
439 2427 562 2449 causae
584 2415 746 2448 formalis:
777 2415 818 2448 Et
839 2423 891 2448 est
912 2418 1009 2456 idem,

42 2459 131 2500 quod
157 2458 280 2490 Paulus
315 2460 393 2491 dicit
426 2471 467 2491 ex
502 2460 683 2501 Propheta:
717 2461 824 2492 Iustus
854 2461 919 2498 fide
951 2471 1012 2493 sua

43 2504 140 2532 vivet:
171 2501 204 2532 id
227 2508 295 2539 est,
327 2502 426 2535 Fides
450 2509 500 2534 est
523 2501 621 2543 illud,
655 2513 720 2544 quo
756 2503 791 2533 tit
822 2502 1009 2536 vivificatio.

42 2541 98 2574 Sic
119 2541 177 2575 illa
198 2545 322 2586 agnitio
346 2552 397 2577 est
420 2544 499 2577 illud
523 2546 641 2586 ipsum,
670 2555 735 2587 quo
758 2544 794 2576 fit
817 2544 1009 2585 vivificati05

42 2591 74 2616 et
92 2591 128 2617 ut
159 2596 221 2617 nos
261 2586 408 2620 solemus
438 2589 558 2620 usitate
581 2589 704 2619 dicere:
739 2588 821 2619 fides
851 2594 883 2618 et
907 2588 1010 2620 vivifi-

42 2628 128 2660 catio
160 2628 283 2661 habent
315 2640 353 2662 se
388 2630 603 2669 correlative,
638 2631 669 2662 id
692 2637 760 2670 cst,
795 2631 926 2672 quando
945 2631 1010 2663 fide

40 2671 260 2712 apprehendis
295 2673 521 2705 remissionem
551 2680 760 2714 peccatorum
797 2680 931 2715 propter
958 2674 1009 2706 Pi-

721 231 939 266 POSTILLA
960 227 1355 263 MELANTHONIANA.

1970 225 2034 258 634

1064 322 1142 355 lium
1159 321 1234 360 Dei,
1257 321 1340 353 etin
1362 319 1461 351 Filio:
1484 320 1554 351 sive
1578 330 1652 352 cum
1675 320 1833 363 agnoscis
1857 320 2034 351 bonitatem

1064 365 1187 398 aeterni
1221 365 1324 406 patris
1357 369 1390 394 te
1427 363 1616 403 recipientis
1649 370 1783 404 propter
1812 361 1944 394 Filium:
1977 361 2034 395 illa

1065 408 1130 440 fide
1152 407 1189 438 fit
1207 405 1396 444 vivificatio,
1419 415 1484 446 qua
1496 405 1672 436 vivificaris
1684 407 1725 436 ad
1737 406 1837 437 vitam
1855 412 2032 437 aeternam.

1065 451 1207 483 Sumatis
1230 447 1380 489 exempla
1403 458 1444 479 ex
1466 448 1616 479 doctrina
1637 447 1874 479 poenitentiae.

1151 492 1292 528 Quando
1315 491 1423 523 David
1446 491 1535 521 audit
1558 500 1675 521 vocem
1697 490 1844 521 Nathan:
1874 490 2034 523 Dominus

1065 536 1193 569 abstulit
1208 539 1376 576 peccalum
1394 539 1498 565 tuum:
1519 539 1587 564 tum
1610 531 1664 563 ille
1687 534 1826 564 credens
1850 532 1926 565 huic
1949 533 2033 567 voci¹

1065 580 1166 611 sentit
1200 589 1237 609 se
1270 576 1430 609 vivificari
1458 586 1518 617 per
1542 574 1658 607 Filium
1680 574 1756 612 Dei,
1786 582 1819 607 et
1852 577 1949 607 sentit
1976 586 2035 607 cor

1064 621 1237 654 laetificari
1279 621 1357 652 dato
1391 619 1514 659 Spiritu
1552 624 1680 649 sanem.
1742 617 1814 649 Hoc
1854 617 2035 659 exemplum

1065 666 1220 706 cogitate,
1255 673 1297 695 ne
1319 661 1513 694 existimetis
1542 671 1605 692 nos
1628 659 1720 702 loqui
1756 661 1797 691 de
1825 660 1907 692 ideis
1928 660 2035 691 Plato-

1065 708 1147 738 nicis
1171 712 1203 738 et
1225 705 1407 748 phantasiis
1430 704 1562 746 ignotis.
1618 703 1676 734 Sic
1706 703 1838 744 quando
1866 712 1979 734 sumus
2002 704 2035 735 in

1064 759 1173 792 agone
1195 749 1326 787 mortis,
1358 755 1392 779 et
1421 748 1626 789 disputamus
1657 746 1698 777 de
1720 746 1845 777 nostris
1877 746 2035 786 peccatis,

1065 793 1106 824 de
1128 798 1267 823 venturo
1286 791 1417 828 iudicio,
1446 796 1477 821 et
1501 790 1567 821 vita
1589 795 1738 820 aeterna:
1776 789 1812 820 Si
1840 798 1898 819 cor
1938 789 2034 830 erigi-

1066 842 1129 872 tur,
1153 841 1186 866 et
1209 835 1339 872 statuit,
1373 833 1462 875 quod
1496 838 1632 873 propter
1664 830 1777 863 Filium
1812 830 1876 863 Dei
1909 830 2035 862 habeas

1065 878 1291 908 remissionem
1309 881 1539 918 peccatorum,
1573 880 1652 906 tunc
1685 875 1788 906 sentis
1811 879 1843 905 te
1866 873 2035 912 vivificari,

1065 926 1098 951 et
1120 918 1176 951 illa
1199 919 1376 951 vivificatio
1399 924 1451 950 est
1484 918 1607 949 initium
1639 917 1727 949 vitae
1760 923 1926 948 aeternae.
1982 915 2035 948 De

1063 962 1127 994 hac
1149 962 1371 994 vivificatione
1393 961 1497 1003 inquit
1509 960 1679 992 Psalmus:
1701 962 1825 993 Recrea
1846 970 1907 998 me,
1924 963 2035 1001 prius-

1063 1016 1156 1046 quam
1179 1006 1265 1037 abeo.

1149 1048 1241 1080 Haec
1265 1047 1423 1079 discenda
1451 1052 1528 1078 sunt
1549 1046 1582 1078 in
1604 1055 1683 1078 vera
1706 1046 1924 1088 poenitentia:
1959 1043 2036 1086 quia

1063 1090 1210 1122 similiter
1233 1090 1314 1121 fiunt
1342 1091 1374 1121 in
1398 1090 1564 1127 omnibus,
1597 1089 1652 1130 qui
1686 1098 1765 1120 vere
1799 1093 2036 1120 convertuntur

1063 1134 1105 1165 ad
1129 1133 1250 1165 Deum:
1282 1133 1317 1164 ln
1339 1131 1414 1164 aliis
1443 1132 1548 1174 magis
1572 1132 1741 1163 evidenter
1764 1132 1968 1169 sentiuntur,
2002 1130 2035 1161 in

1063 1176 1136 1207 aliis
1159 1177 1276 1208 minus.
1331 1175 1374 1207 Et
1395 1174 1460 1206 hoc
1481 1176 1589 1216 ipsum
1612 1180 1679 1212 est,
1709 1175 1799 1216 quod
1820 1172 1943 1206 Paulus
1972 1173 2033 1204 ait:

1061 1220 1230 1259 Iustificali
1244 1220 1316 1259 fide,
1336 1227 1448 1259 pacem
1470 1219 1622 1249 habemus
1639 1227 1716 1258 erya
1738 1219 1848 1249 Deum.

1149 1262 1233 1293 Sunt
1254 1267 1364 1293 autem
1396 1267 1429 1293 et
1462 1259 1565 1291 multa
1587 1260 1670 1298 alia,
1704 1270 1790 1302 quae
1823 1257 2035 1301 comprehen-

1064 1305 1184 1337 duntur
1206 1306 1238 1336 in
1260 1303 1324 1336 hac
1346 1304 1526 1335 sententia:
1549 1301 1777 1335 Excluduntur
1800 1303 1907 1334 omnia
1932 1300 2033 1334 idola:

1063 1349 1139 1389 quia
1162 1348 1254 1379 dicit:
1286 1349 1373 1379 Haec
1395 1351 1446 1379 est
1465 1349 1528 1378 vita
1555 1350 1702 1384 aeterna,
1738 1351 1773 1378 ul
1797 1349 1973 1386 aqnoscant
2004 1349 2035 1377 te

1062 1394 1162 1422 solum
1185 1392 1295 1422 Deum.
1351 1391 1459 1422 Solum
1488 1389 1665 1430 opponitur
1689 1388 1925 1421 commenticiis
1948 1386 2033 1419 Diis.

1062 1433 1229 1465 Discernit
1253 1433 1479 1464 commenticia
1495 1431 1636 1463 Numina
1658 1442 1678 1462 a
1699 1441 1780 1463 vero
1797 1431 1882 1470 Deo,
1905 1431 1960 1473 qui
1983 1436 2035 1462 est

1063 1482 1216 1508 aeternus
1239 1476 1349 1513 Pater,
1371 1474 1473 1507 Filius
1492 1480 1524 1506 et
1547 1473 1687 1516 Spiritus
1711 1479 1857 1505 sanctus.

1148 1518 1277 1549 Arriani
1300 1517 1437 1549 multum
1460 1517 1667 1559 disputarunt
1690 1518 1731 1548 de
1753 1516 1818 1548 hoc
1839 1516 1928 1555 1000,
1958 1516 2034 1558 quia

1063 1560 1215 1593 Christus
1239 1561 1405 1593 discernat
1433 1561 1517 1592 inter
1540 1559 1647 1591 Deum
1669 1570 1801 1598 verum,
1835 1565 1867 1591 et
1888 1560 1972 1591 inter
1995 1568 2034 1591 se

1062 1605 1184 1645 ipsum:
1216 1604 1276 1635 sed
1310 1610 1362 1635 est
1394 1602 1501 1635 facilis
1534 1602 1707 1643 explicatio
1741 1613 1800 1644 per
1835 1600 2033 1634 vocabulum

1065 1648 1220 1679 Christus.
1269 1645 1457 1688 Appellatio
1486 1645 1550 1677 Dei
1583 1645 1830 1685 comprehendit
1863 1651 2034 1676 aeternum

1063 1691 1203 1724 Patrem,
1226 1688 1360 1728 Filium,
1395 1695 1427 1721 et
1449 1688 1604 1730 Spiritum
1634 1694 1800 1719 sanctum:
1836 1687 1960 1719 Postea
1978 1688 2033 1720 de-

1060 1733 1215 1765 scribitur
1237 1731 1350 1770 Filius,
1373 1733 1406 1763 in
1429 1737 1584 1774 quantum
1607 1736 1660 1762 est
1683 1741 1827 1771 persona
1848 1731 1961 1762 missa.

1146 1775 1218 1807 Nos
1252 1774 1419 1807 Christum
1451 1775 1645 1806 invocamus
1684 1772 1867 1814 dupliciter.
1922 1772 2032 1806 Primo

1060 1818 1252 1851 invocamus
1285 1828 1359 1849 eum
1393 1829 1467 1850 cum
1501 1817 1598 1849 Patre
1621 1822 1653 1848 et
1682 1817 1802 1858 Spiritu
1832 1822 1966 1856 sanct03
2001 1822 2033 1848 et

1061 1867 1127 1893 tum
1152 1859 1398 1902 complectimur
1419 1870 1517 1892 unam
1539 1865 1572 1891 et
1599 1865 1699 1891 totam
1723 1860 1940 1891 divinitatem:
1969 1858 2032 1891 Po-

1061 1910 1132 1935 stea
1154 1904 1346 1936 invocamus
1363 1913 1448 1942 eum,
1469 1910 1505 1934 ut
1518 1903 1731 1934 Mediatorem
1754 1903 1901 1940 missum,
1925 1901 2032 1934 Deum

1062 1954 1093 1979 et
1116 1948 1291 1978 hominem.
1335 1946 1409 1978 Hoc
1427 1946 1571 1988 quotidie
1593 1946 1801 1977 invocatione
1824 1945 2032 1986 cogitandum

1062 1995 1123 2028 est,
1147 1991 1234 2032 quia,
1251 1990 1282 2020 in
1307 1994 1463 2031 quantum
1486 1988 1647 2020 Mediator
1681 1995 1748 2027 est,
1782 1989 1915 2020 exaudit
1942 1994 1974 2019 te
2001 1994 2032 2019 et

1062 2031 1185 2074 persei-t
1206 2042 1324 2074 preces
1346 2037 1421 2064 tuas
1445 2032 1487 2063 ad
1511 2030 1683 2063 consilium
1705 2042 1861 2063 arcanum
1885 2030 2032 2062 divinita-

1061 2077 1115 2113 tis,
1137 2076 1169 2107 in
1193 2086 1258 2117 quo
1283 2074 1421 2107 consilio
1444 2075 1516 2116 ipse
1539 2085 1669 2117 quoque
1693 2080 1754 2112 est,
1783 2080 1818 2106 ut
1841 2073 1934 2105 Deus
1957 2083 2031 2105 cum

1062 2119 1160 2150 Patre
1191 2125 1222 2150 et
1246 2118 1369 2160 Spiritu
1391 2124 1516 2149 sancto.
1568 2117 1634 2149 Sed
1662 2123 1713 2148 est
1745 2118 1919 2148 discrimen
1949 2117 2032 2148 inter

1061 2161 1273 2192 Divinitatem
1297 2162 1488 2199 mittentem,
1513 2167 1545 2191 et
1564 2159 1680 2191 Filium
1703 2161 1848 2191 missum.
1894 2159 1941 2190 lta
1964 2157 2031 2200 pla-

1061 2204 1196 2235 nissime
1218 2204 1438 2245 respondetur
1460 2203 1623 2242 Arrianis,
1644 2203 1673 2234 si
1696 2208 1896 2234 monstretur
1920 2202 2030 2233 (listin—

1062 2248 1127 2279 ctio
1149 2248 1235 2278 inter
1257 2247 1455 2278 divinitatem
1479 2247 1674 2284 mittentem,
1704 2252 1736 2276 et
1757 2255 1933 2286 personam
1956 2245 2030 2276 mis-

1062 2300 1145 2321 sam.
1211 2289 1282 2322 Nec
1314 2290 1502 2331 pervenitur
1536 2290 1578 2320 ad
1611 2288 1808 2330 agnitionem
1843 2287 2029 2326 divinitatis,

1062 2333 1124 2364 nisi
1148 2333 1260 2375 agnito
1282 2332 1364 2364 Filio
1388 2333 1502 2370 misso,
1535 2337 1571 2363 ut
1593 2332 1724 2362 dicitur:
1758 2333 1856 2362 Nemo
1883 2333 1969 2362 venit
1988 2332 2033 2362 ad

1062 2377 1191 2407 Patrem
1215 2379 1280 2408 nisi
1295 2386 1359 2417 per
1376 2375 1512 2407 Filium.-
1534 2375 1574 2406 Et
1597 2377 1652 2415 qui
1670 2383 1735 2406 non
1756 2375 1892 2405 honorat
1905 2374 2029 2413 Fatum,

1061 2423 1156 2451 etiam
1178 2429 1242 2451 non
1263 2421 1402 2451 honorat
1423 2418 1562 2449 Patrem.

1147 2461 1324 2493 Praeterea
1336 2461 1410 2492 dico
1432 2460 1485 2492 hic
1499 2458 1627 2491 excludi
1646 2464 1745 2490 totam
1758 2459 1909 2490 iustitiam
1931 2457 2029 2501 legis.

1062 2505 1206 2536 Accedis
1228 2505 1270 2535 ad
1293 2510 1460 2536 aeternum
1483 2502 1630 2539 Patrem,
1659 2501 1837 2533 vivificaris
1863 2501 2030 2543 agnitione

1060 2546 1124 2579 Dei
1148 2553 1179 2579 et
1201 2547 1289 2586 Filii,
1320 2556 1387 2578 non
1412 2546 1475 2576 tuis
1499 2552 1555 2577 aut
1587 2543 1686 2576 ullius
1719 2543 1856 2576 alterius
1889 2545 2028 2576 hominis

1061 2591 1216 2631 operibus
1239 2596 1294 2621 aut
1316 2589 1451 2620 mci-itis.
1496 2587 1542 2619 lta
1565 2588 1701 2626 videtis,
1731 2595 1874 2629 quantae
1897 2597 1952 2618 res
1975 2586 2028 2619 hic

1060 2633 1392 2674 comprehendantur,
1434 2641 1571 2672 quarum
1593 2630 1848 2673 magnitudinem
1871 2640 1936 2662 non
1959 2637 2027 2661 tan·

1059 2681 1126 2706 tum
1150 2685 1212 2717 ego
1236 2674 1403 2716 explicare
1427 2684 1491 2705 non
1510 2683 1658 2714 possum,
1680 2674 1741 2705 sed
1757 2672 1848 2705 nulla
1864 2679 2025 2705 creatura.
