2324 2958
166 135 228 168 531

165 230 292 262 nientae
314 228 576 270 tempestatibus.
620 228 719 260 Aries
741 235 794 260 est
815 228 938 267 siccus,
961 228 1036 260 ideo
1059 234 1138 260 tem-

165 279 312 315 pestates
334 282 421 304 nunc
443 277 520 302 sunt
542 271 712 309 sicciores,
733 277 768 303 ut
791 271 999 304 humiditates
1021 270 1136 302 hiemis

166 322 412 347 consumantur.
457 314 491 344 In
516 313 620 356 Aprili
644 320 677 345 et
699 314 786 346 Maio
810 315 898 346 venit
916 313 969 346 sol
987 314 1028 345 ad
1049 313 1136 354 Hya-

166 359 244 396 des,
277 364 309 390 et
338 358 401 389 ciet
429 357 570 397 pluvias.
627 356 686 389 Sol
709 357 844 388 veniens
869 357 910 388 ad
934 354 1136 394 Caniculam,

165 399 311 441 duplicat
333 406 466 438 aestus,
487 406 523 432 ut
546 407 680 442 segetes
703 405 937 431 maturescant.
993 398 1060 430 Sed
1082 397 1136 429 hic

165 444 248 474 ordo
272 449 408 474 naturae
431 453 496 474 non
519 441 708 481 sufficeret,
736 443 797 473 nisi
821 442 894 473 Deo
917 440 1137 473 foecundante

165 492 197 518 et
221 486 436 517 benedicente
459 487 576 517 omnia.
621 485 715 517 Deus
734 486 818 516 enim
838 485 893 516 dat
911 485 1063 515 cmnibus
1086 494 1136 516 re-

165 529 227 560 bus
249 529 483 560 incrementum
507 538 567 561 sua
590 528 745 569 potentia.
798 527 874 559 ldeo
897 525 1050 558 Christus
1071 527 1136 559 ius-

164 572 205 603 sit
230 581 292 602 nos
314 578 429 614 petere
452 582 568 613 panem
592 578 740 602 nostrum
763 570 996 611 quotidianum.

251 614 332 646 Post
359 624 500 646 messem
530 613 650 655 legitur
676 611 791 645 similis
813 612 971 651 historia,
1002 617 1038 643 ut
1060 622 1137 654 aga-

164 667 238 689 mus
260 656 335 689 Deo
362 658 484 699 gratias
514 667 574 698 pro
604 657 734 688 donatis
757 653 924 698 frugibus,
947 661 979 686 et
1002 664 1137 686 conser-

165 700 297 732 vatione
319 701 415 731 vltae.
459 700 614 741 Magnum
645 700 765 730 bonum
789 704 859 736 αεὶ,-
885 697 1016 739 quando
1040 697 1136 729 Deus

164 743 221 774 dat
254 743 373 774 victum
415 748 445 773 et
479 743 632 774 amictum
666 748 695 773 et
731 739 1002 772 incolumitatem:
1041 741 1136 771 etiam

163 785 292 817 Ethnici
316 786 536 826 scripserunt:
560 785 730 816 Orandum
749 787 807 821 est,
826 788 860 815 ut
880 784 923 815 sit
944 792 1032 814 mens
1054 792 1138 814 sana

164 829 197 860 in
220 838 358 869 corpore
380 838 470 859 sano.
515 827 638 869 Magna
662 837 715 858 res
740 832 791 857 est
812 836 928 858 sanum
947 835 1078 866 corpus.

250 871 308 903 Est
329 872 491 913 aenigma,
509 881 574 911 quo
594 870 772 911 quaeritur,
790 879 875 910 quae
898 870 940 899 sit
963 878 1030 905 res,
1053 879 1138 910 quae

163 923 230 946 non
253 913 381 945 adserat
404 913 566 945 taedium?
608 913 683 943 Was
706 912 800 943 wae'rdt
821 921 895 943 man
916 911 1002 942 nicht
1025 911 1139 942 miide?

164 956 295 989 (ἔρευναί
317 965 402 998 seyn.
448 954 593 987 Aliarum
616 965 724 987 rerum
743 955 885 987 omnium
908 961 960 986 est
983 955 1137 986 satietas:

163 1000 315 1032 sanitatis
337 1009 403 1031 non
427 1006 477 1031 est
504 999 650 1030 satietas.

163 1167 233 1207 Ad
250 1181 372 1220 quam
393 1166 573 1221 regulam
590 1165 765 1220 pertinet
779 1165 856 1204 hoc
880 1163 1108 1218 exemplum
1120 1163 1138 1203 ’ἒ

249 1257 333 1292 Quia
356 1255 506 1298 exempla
530 1265 662 1297 semper
689 1262 763 1286 sunt
789 1254 1071 1285 accommodanda
1094 1254 1135 1284 ad

163 1300 304 1342 aliquam
328 1298 484 1342 regulam.
538 1299 700 1336 Primum,
732 1298 887 1336 Quaerite
908 1306 1038 1337 requam
1062 1295 1136 1334 Dei,

161 1349 191 1376 et
214 1344 339 1384 reliqua
362 1343 465 1374 οηιιιιά
489 1341 708 1373 addi'z'cienmr
723 1341 824 1372 vobis.
871 1339 961 1372 Haec
980 1345 1030 1370 est
1049 1349 1135 1370 com-

161 1387 268 1418 munis
293 1384 408 1428 regula
431 1391 462 1416 et
481 1384 672 1416 necessaria
689 1384 721 1415 in
741 1384 817 1415 vita.
864 1382 958 1420 Item,
982 1381 1135 1413 Subditus

161 1433 230 1462 esto
251 1429 334 1467 Deo,
357 1434 390 1460 ec
408 1437 470 1459 ora
492 1437 569 1459 eum.
615 1426 705 1464 Item,
730 1425 920 1457 Commendo
942 1425 1014 1456 Deo
1035 1426 1136 1456 vitam

161 1477 267 1510 tuam,
290 1476 319 1503 et
342 1481 441 1512 spera
463 1471 495 1502 in
518 1480 606 1502 eum:
628 1470 660 1501 id
683 1474 753 1507 est,
777 1467 832 1500 fac
855 1467 965 1499 officia
989 1468 1136 1500 vocatio-

160 1516 230 1556 nis,
264 1521 296 1547 et
330 1514 525 1547 commenda
558 1519 615 1545 tua
647 1510 810 1554 pericula,
844 1517 875 1542 et
907 1511 1015 1542 exitus
1050 1510 1135 1542 Deo.

161 1558 240 1590 Pius
268 1557 362 1589 miles
390 1564 446 1589 aut
475 1557 570 1588 etiam
599 1557 664 1587 dux
694 1555 791 1587 debet
814 1554 925 1586 facere
947 1552 1058 1585 officia
1079 1563 1136 1585 vo-

162 1601 301 1635 cationis
324 1610 417 1638 suae‚
441 1600 538 1631 debet
560 1597 714 1640 proeliari
737 1598 769 1629 in
793 1597 880 1629 bello
903 1597 1003 1635 iusto,
1028 1602 1060 1628 et
1082 1606 1137 1638 pe-

161 1643 265 1676 ricula
281 1651 379 1685 atque
396 1642 516 1674 exitum
533 1642 764 1674 commendare
780 1640 866 1672 Deo.
911 1640 967 1672 Sic
984 1640 1016 1671 in
1036 1639 1136 1671 omni-

153 1689 224 1736 ¹hus
258 1687 345 1719 vitae
379 1686 555 1728 generibus
589 1685 689 1717 debet
723 1685 787 1716 ista
816 1681 931 1724 regula
955 1693 1032 1715 esse
1057 1689 1136 1713 tam-

152 1739 258 1772 quam
280 1730 446 1767 directi-ix,
469 1736 501 1760 et
524 1728 737 1759 monstratrix
761 1727 899 1759 consilii.
945 1726 1064 1758 Facias
1089 1723 1135 1757 os-

162 1775 237 1805 ficia
261 1773 460 1810 vocati‹»1iiS‚
495 1779 525 1803 et
558 1781 616 1802 ora
639 1770 766 1807 Deum,
802 1770 994 1802 commenda
1018 1769 1046 1800 ei
1070 1769 1135 1800 exi-

161 1823 227 1848 tum
247 1822 277 1847 et
297 1814 453 1857 perit-ula.
494 1813 622 1845 Usitate
636 1815 684 1845 sic
704 1814 836 1844 dicitur:
861 1813 996 1844 [Λάιον-α
1015 1816 1045 1843 et
1063 1821 1134 1843 ora.

247 1859 305 1890 Est
323 1857 430 1889 dulcis
448 1856 573 1899 regula,
587 1863 618 1888 et
630 1863 680 1888 est
695 1866 814 1897 magna
828 1853 1014 1888 consolatio
1034 1854 1134 1886 omni-

162 1903 224 1934 bus
237 1903 311 1943 piis,
331 1901 404 1942 quia
426 1910 491 1931 non
510 1909 687 1941 possumus
708 1899 816 1930 onmia
834 1897 980 1940 pericula
1004 1906 1133 1937 cavere.

161 1945 302 1982 Videtis,
323 1954 418 1984 quani
442 1943 561 1974 misera
585 1943 625 1973 sit
650 1941 812 1979 Ecclesia,
836 1948 991 1983 quantuni
1016 1939 1133 1971 habeat

161 1988 305 2020 hostium
328 1987 413 2017 intus
437 1993 466 2017 ct
492 1985 588 2018 soris:
618 1983 769 2017 Ecclesia
799 1990 849 2015 est
873 1985 1091 2015 circumsessa
1115 1992 1134 2013 a

161 2031 310 2063 Turcicis
339 2029 554 2066 exercitibus,
585 2027 830 2064 Mahmneficis,
859 2026 1050 2068 PapisticiS‚
1074 2025 1134 2056 Fa-

162 2075 293 2105 naticis:
335 2073 404 2104 Nos
428 2082 494 2102 non
519 2082 695 2113 possumus
725 2080 802 2101 esse
825 2070 882 2101 tuti
916 2077 1031 2100 nostra
1054 2069 1133 2110 vigi-

162 2116 272 2148 lantia.
317 2115 443 2146 Deinde
473 2115 503 2145 in
533 2113 680 2156 qualibet
710 2113 947 2155 gubernatione
977 2118 1133 2154 quantum

162 2167 213 2192 est
236 2157 469 2201 periculorum!

248 2201 400 2243 Cogitate
430 2201 470 2231 de
500 2201 564 2231 vita
588 2201 676 2241 ipsa,
699 2209 795 2241 quain
819 2199 859 2229 sit
884 2199 1010 2229 incerta
1033 2202 1064 2229 et
1088 2195 1134 2228 fu-

162 2256 238 2289 gax.
284 2245 424 2280 Quando
458 2243 551 2275 Deus
585 2253 649 2274 non
682 2249 788 2274 tuetur
816 2242 935 2278 vitain,
971 2248 1047 2272 tunc
1078 2250 1133 2271 ex-

161 2289 336 2330 tinguitur,
373 2288 468 2318 etiam
504 2297 577 2318 cum
611 2297 677 2317 non
711 2295 887 2327 possumus
917 2284 1065 2326 cogitare
1093 2284 1134 2314 de

162 2331 230 2364 ulla
255 2341 356 2363 causti
380 2331 626 2371 προκαινιρκῐικῇ.

248 2373 372 2404 Emit-m
396 2374 535 2414 pertinet
558 2373 653 2403 etiam
677 2371 740 2403 hoc
759 2371 893 2402 dietum:
918 2369 992 2401 Non
1011 2370 1043 2400 1¹11
1066 2370 1134 2400 solo

160 2427 246 2458 prmo*
281 2418 356 2447 riv-17
388 2417 495 2449 Immo.
529 2417 586 2446 scd
619 2426 658 2446 ι’,τ
685 2415 772 2447 οηιηι·
798 2414 894 2444 rrrho
922 2413 992 2443 1)ιί”.
1039 2411 1133 2443 item:

162 2461 239 2492 sine
262 2471 310 2491 mr·
333 2460 410 2490 m'ln‘l
425 2463 557 2500 potastis
572 2457 695 2498 fasne.
740 2455 841 2488 Tales
859 2456 1041 2487 sententias
1059 2466 1132 2496 pro—

164 2507 274 2544 ponite
297 2503 402 2539 vobis,
422 2510 453 2533 et
471 2502 613 2533 ext-itate
636 2511 698 2533 vos
720 2501 760 2532 ad
780 2499 1032 2536 invocationem,
1056 2505 1133 2530 tunc

165 2557 241 2578 vere
264 2546 389 2576 curabit
415 2556 474 2575 vos
499 2544 601 2576 Deus.

249 2588 388 2620 Nomina
411 2598 647 2621 mensurarum.
665 2587 846 2628 ponderum
869 2592 946 2617 sunt
968 2583 1132 2617 Hebraea:

1155 2103 1164 2619 *ψ

793 133 906 167 pun..
928 133 1030 167 MEL.
1053 134 1238 168 SCRIPTA
1261 135 1521 171 EXEGETICA.

2097 142 2160 176 532

1190 229 1280 281 qnod
1302 236 1355 262 est
1376 231 1596 264 testimonium
1623 229 1768 273 linguam
1795 231 1884 264 illam
1907 243 1985 266 esse
2005 235 2161 277 antiquis-

1189 282 1316 305 simam.
1360 273 1431 306 Nos
1448 274 1636 315 accepimus
1653 280 1787 307 nostras
1806 274 2043 317 appellationes
2061 288 2081 309 a
2097 277 2162 310 La·

1189 315 1282 355 tinis,
1300 315 1424 357 pfund‚
1446 327 1466 349 a
1489 318 1614 358 pondo:
1638 317 1793 357 Cenum,
1815 329 1837 350 a
1858 325 1991 352 centum
2009 318 2112 352 libris.

1453 481 1572 524 Unde
1603 489 1665 523 est
1692 483 1897 526 Tausent?

1274 571 1306 603 A
1328 572 1439 605 decies
1475 579 1622 605 centum:
1656 574 1822 615 corruptis
1855 574 1995 607 vocibus
2026 575 2162 614 Latinis,

1189 619 1241 645 est
1263 624 1324 655 per
1346 616 1606 647 contractionem
1628 615 1843 658 syllabarum.
1887 615 2002 658 pterim·
2026 643 2036 658 ‚
2065 619 2163 650 etiam

1188 662 1240 688 est
1260 667 1281 688 a
1304 667 1388 690 voce
1410 659 1539 698 pondo;
1568 659 1613 690 ita
1635 658 1840 691 Graecorum
1869 661 1976 692 vocab
2062 659 2164 694 multu

1188 705 1266 731 sunt
1282 700 1324 731 ab
1342 699 1515 732 Hebraeis.
1560 700 1708 733 Choenix
1728 712 1749 733 a
1766 702 1868 733 Ultus:
1890 701 1980 735 Mina
1993 703 2161 736 alliano&

1189 740 1308 773 Poloni
1335 742 1437 774 multa
1465 743 1588 775 habent
1617 744 1769 776 Hebraea
1792 746 1824 776 in
1847 755 1910 777 sua
1931 744 1974 777 lin
2024 756 2063 783 ag
2090 745 2162 778 Μο-

1190 784 1261 816 dius
1285 790 1338 816 est
1360 784 1552 827 simpliciter
1575 786 1779 825 Hebraeum,
1803 788 1945 819 Modan:
2006 789 2095 821 raeci
2117 789 2163 821 di-

1189 834 1310 859 xerunt
1331 828 1480 862 modium,
1504 828 1610 860 Latini
1632 830 1768 860 modius:
1799 830 1889 869 Nos,
1911 831 1961 862 ein
1985 831 2098 863 Mezze.

1275 869 1434 902 Vetustas
1467 871 1511 902 ita
1544 870 1604 902 suit
1637 871 1778 914 diligens
1811 875 1844 904 in
1873 874 2095 912 (leconomia‚
2129 881 2165 907 nt

1189 913 1292 945 sciret
1307 913 1447 955 quisque
1464 919 1622 955 quantum
1640 922 1860 947 consumeret.
1901 915 2064 948 Nobilitas
2083 916 2164 949 mul-

1190 962 1256 987 tum
1278 955 1376 988 hodie
1399 957 1580 995 consumit,
1609 963 1640 988 et
1669 956 1846 990 facultates
1869 965 1977 990 tamen
1998 969 2065 991 non
2088 966 2165 992 snm

1189 998 1345 1031 infinitae.
1390 998 1548 1031 Homines
1577 1009 1643 1031 non
1667 1007 1874 1041 computant,
1901 1001 1976 1042 quid
1999 994 2163 1034 sustinere

1189 1043 1333 1083 possint:
1366 1049 1517 1083 sumptus
1541 1048 1592 1074 est
1614 1043 1734 1080 maior,
1761 1054 1858 1084 quam
1881 1043 2015 1074 reditus.
2059 1043 2163 1075 Pauci

1189 1085 1311 1116 habent
1334 1085 1558 1117 (Jewnomias
1582 1083 1739 1127 frugales.

1295 1249 1432 1300 Qualis
1463 1250 1587 1290 debet
1617 1265 1703 1290 esse
1735 1249 2065 1292 Materfamilias?

1273 1338 1382 1371 Debet
1416 1350 1493 1371 esse
1528 1339 1643 1371 similis
1672 1341 1735 1381 api.
1788 1340 1989 1372 Simonides:
2042 1340 2164 1372 Beatus

1186 1383 1243 1424 ’μα’
1262 1381 1357 1414 habet
1379 1393 1473 1424 apem
1495 1384 1667 1424 cmuuyem.

1355 1548 1470 1599 Quae
1500 1556 1594 1590 sunt
1622 1549 1792 1589 virtutes
1824 1549 1863 1589 in
1893 1549 1986 1603 api?

1273 1639 1416 1672 Primum
1441 1646 1491 1671 est
1515 1640 1546 1671 in
1570 1649 1610 1671 ea
1656 1639 1814 1671 radentia.
1859 1637 1981 1680 Mag-na
1999 1639 2162 1670 industria

1186 1681 1326 1715 fabricat
1349 1683 1497 1720 domum,
1526 1689 1557 1714 et
1587 1681 1715 1723 coligit
1745 1681 1857 1714 ssoreS.
1903 1680 2019 1712 Altera
2043 1681 2161 1719 virtus,

1188 1733 1237 1757 est
1272 1726 1403 1758 iustitia.
1459 1725 1550 1767 Apes
1585 1731 1785 1756 venerantur
1814 1734 1908 1756 suum
1939 1733 2069 1766 regem,
2104 1724 2162 1755 ob-

1187 1775 1369 1810 temperant
1393 1769 1438 1806 ei,
1466 1775 1496 1800 et
1521 1778 1586 1799 una
1614 1778 1679 1799 non
1709 1767 1840 1808 impedit
1869 1765 2017 1798 alteram.
2064 1765 2162 1801 Quod

1187 1818 1239 1843 est
1272 1809 1439 1848 mirabile,
1474 1822 1546 1843 cum
1582 1811 1624 1841 sit
1657 1821 1811 1852 magnum
1846 1819 1994 1841 examen.
2051 1808 2161 1841 Tertia

1187 1855 1309 1892 virtus,
1333 1855 1479 1885 castitas.

1348 2020 1564 2070 Quomodo
1596 2025 1689 2059 sunt
1720 2025 1853 2058 castae
1886 2017 2007 2072 apes?

1272 2110 1460 2142 Nascuntur
1487 2121 1527 2142 ex
1559 2119 1652 2145 rore;
1681 2119 1747 2140 non
1771 2115 1805 2140 ut
1835 2107 1899 2140 alia
1922 2108 2098 2139 animantia
2120 2118 2161 2140 ex

1188 2155 1373 2185 concubitu.
1420 2153 1480 2185 Est
1510 2155 1618 2195 imago
1646 2150 1832 2184 Ecclesiae.
1877 2150 2031 2183 Ecclesia
2053 2151 2161 2182 nasci-

1187 2203 1239 2228 tur
1262 2207 1300 2227 ex
1324 2206 1411 2234 rore,
1438 2206 1478 2228 cx
1502 2198 1605 2228 verbo
1628 2195 1701 2227 Dei.
1746 2195 1813 2226 Sed
1838 2195 1982 2226 nondum
2005 2193 2086 2225 uatis
2109 2200 2162 2225 est

1187 2239 1310 2271 habere
1340 2239 1565 2277 prudentiam,
1600 2238 1772 2274 iustitiam,
1807 2236 2015 2274 Castitatem,
2048 2246 2160 2278 quam·

1187 2293 1281 2324 quain
1316 2282 1377 2314 liae
1411 2289 1487 2315 sunt
1521 2292 1572 2315 nia
1600 2292 1662 2313 nae
1695 2281 1843 2312 virtutes.
1901 2279 1959 2310 Est
1995 2279 2094 2321 igitur
2127 2279 2159 2309 ln

1187 2326 1239 2367 api
1271 2332 1387 2367 quarta
1418 2327 1542 2362 virtus,
1607 2323 1812 2356 eneiicentia.
1877 2321 2011 2353 Etiamsi
2041 2319 2161 2363 aliquis

1187 2376 1275 2399 esse-t
1301 2375 1430 2407 castus,
1453 2369 1617 2410 prudens,
1639 2368 1667 2398 si
1690 2377 1755 2398 non
1779 2372 1870 2397 esset
1895 2364 2082 2401 beneficus,
2104 2374 2160 2405 po·

1451 2413 1501 2443 uia
1533 2413 1653 2443 bonum
1682 2417 1734 2442 est
1762 2407 2069 2440 communicativum
2099 2407 2160 2443 sui,

1466 2453 1647 2487 iberalitas-

1187 2422 1257 2443 rum
1286 2419 1393 2445 ‘'S-Sel:

1186 2455 1249 2486 liuc
1274 2456 1413 2497 pertinet
