2324 2958
41 143 101 175 1⁷3
126 164 129 165 ν

37 235 213 269 excellenti
243 236 373 277 ingenio
401 240 433 265 et
457 234 586 266 virtute.
631 232 673 264 Et
701 234 777 275 quia
805 234 910 265 maior
932 238 1011 265 natu
1036 239 1042 284 ι

39 285 109 311 erat
131 280 214 311 inter
243 283 395 309 caeteros
423 275 528 315 filios,
558 276 740 308 debebatur
768 275 798 307 ei
825 276 1009 308 successio.

38 323 101 354 Sed
123 327 217 364 pater
238 331 312 352 eum
333 318 505 352 interfecit.

123 362 336 396 Aristobulus
358 361 442 394 alter
464 361 563 399 filius,
585 362 682 393 etiam
700 366 876 402 praestans
893 361 1013 392 virtute

39 406 109 440 fuit.
143 406 240 438 Hunc
262 415 393 448 quoque
414 403 577 437 interfecit
599 410 703 445 pater,
728 409 889 441 metuens,
912 413 954 434 ne
970 404 1010 434 ab

39 460 79 482 eo
102 460 143 482 ex
165 459 268 491 regno
292 449 472 480 eiiceretur.

3 516 7 524 .
123 491 253 524 Tettius
282 489 342 523 suit
368 488 572 527 Archelaus,
603 489 657 531 qui
688 489 850 519 successit
881 489 1012 520 tandem

39 535 179 572 Herodi,
210 533 277 565 Sed
301 535 376 575 quia
399 531 618 574 multipliciter
641 530 784 562 crudelis
807 530 883 569 fuit,
908 540 1013 562 remo-

39 585 92 610 tus
108 582 194 610 esta
213 576 464 618 gubernatione,
487 586 560 606 cum
581 585 644 606 non
663 575 716 605 diu
736 574 896 605 tenuisset
915 574 1013 615 impe—

39 621 130 652 rium.
175 618 237 650 Est
258 619 355 660 igitur
377 616 562 660 exemplum
585 616 735 659 regulae:
770 618 896 648 Iniusta
918 617 1013 657 impe-

37 664 92 694 ria
107 671 171 694 mm
186 665 258 694 sunt
276 662 443 699 diuturna,
461 662 545 692 sicut
557 660 653 692 etiam
668 661 699 690 in
713 659 867 701 Physicis
881 660 1012 690 dicitur:

38 705 169 737 Nullum
191 705 360 736 violentum
388 707 435 735 est
462 704 657 735 dt'utumzmn.
702 702 761 733 Est
790 701 905 745 regula
927 701 1013 744 Phy-

39 751 125 786 sica,
154 753 185 778 et
213 745 361 778 moralis:
395 746 478 778 Nam
506 745 644 778 moralia
671 746 836 776 imitantur
859 744 1012 786 Physica.

38 789 196 823 Salomon
218 790 335 831 inquit:
362 790 493 822 Iustitia
515 789 638 821 stabilit
663 788 810 820 thronum
832 789 928 829 regis.
962 789 1013 819 In-

37 833 162 866 fflstitz'a
183 833 307 864 evertit.

123 875 267 911 Quartus
293 873 352 906 fuit
375 874 525 906 Herodes
548 875 700 915 Antipas.
745 873 805 905 llic
834 879 885 904 est
914 872 1013 903 inter-

37 917 144 950 sector
156 917 313 949 Iohannis
327 917 508 958 Baptistae.
547 918 685 958 Antipas
709 916 826 948 dicitur
847 925 908 956 pro
932 915 1011 945 α’ντί-

0 968 1 978 ³
36 971 164 1002 πατρος,
199 966 231 992 ut
264 958 408 1001 Cleopas
437 970 497 1001 pro
529 960 707 1000 κλεόπατρος
737 969 795 1000 per
824 958 1011 1000 Syncopen.

37 1003 136 1036 Scitis
158 1003 289 1035 nomina
311 1003 444 1044 propria
467 1003 562 1034 ctiam
585 1003 616 1033 in
641 1008 754 1033 nostra
781 1000 893 1043 lingua
920 1000 1012 1031 muti—

36 1045 109 1085 lari,
134 1044 185 1078 vel
210 1045 397 1077 blandiendi
421 1056 533 1084 causa,
557 1044 611 1076 vel
634 1045 802 1076 brevitatis
825 1043 949 1081 studio,
977 1048 1013 1075 ut

38 1088 128 1130 Spattfi
151 1098 212 1130 pro
235 1087 414 1119 lohannes:
439 1088 525 1129 Gutta
549 1099 609 1129 pro
633 1087 817 1119 Conradus.

124 1129 264 1167 Quintus
287 1129 345 1162 suit
369 1130 551 1172 Philippus,
575 1131 668 1161 cuius
690 1139 826 1161 uxorem
853 1127 1012 1160 Herodia-

38 1174 110 1205 dem
134 1174 239 1214 rapuit
260 1174 407 1214 Antipas.

122 1215 209 1246 Dicti
238 1220 314 1246 sunt
343 1221 449 1246 autem
473 1214 622 1246 Herodes
645 1214 804 1255 Antipas,
834 1220 866 1246 et
894 1212 1012 1254 Philip-

36 1268 98 1298 pus
121 1256 320 1296 Ten-archa,
350 1258 381 1288 id
406 1263 472 1296 est,
501 1258 686 1299 principes,
716 1267 782 1288 non
806 1266 920 1299 reges,
950 1257 1011 1288 etsi

37 1299 173 1343 vulgus,
213 1301 290 1342 quia
323 1307 517 1332 assueverat
546 1301 666 1331 nomini
701 1301 813 1342 regio,
847 1300 1012 1331 Herodem

34 1344 153 1375 usitate
185 1344 363 1374 nominavit
392 1353 523 1385 regem,
558 1349 591 1374 ut
625 1349 763 1384 apparet
792 1352 833 1373 ex
863 1342 1012 1384 Evange-

35 1385 182 1417 listarum
207 1386 458 1417 narrationibus.
499 1385 617 1417 Tenuit
640 1392 748 1416 autem
770 1385 920 1417 Herodes
945 1386 1012 1416 An-

36 1429 120 1470 tipas
144 1426 335 1459 Galilaeam.
378 1427 546 1469 Philippus
569 1428 673 1459 tenuit
697 1428 856 1459 ituraeam
879 1434 910 1458 et
933 1427 1012 1459 Tra-

38 1470 245 1502 chonitidem.
294 1470 473 1511 Utrumque
497 1480 615 1502 nomen
640 1471 791 1512 congruit
812 1468 1012 1511 scopulosae

34 1519 66 1544 et
86 1512 309 1553 confragosae
328 1514 466 1554 regioni.
501 1513 558 1545 (Sin
576 1515 641 1544 tint?
661 1514 717 1545 itte
737 1523 803 1553 cuge
821 1516 932 1554 ,qcbitge
953 1513 1011 1551 [pat.

33 1555 116 1586 Nam
140 1554 337 1586 vocabulum
359 1556 451 1595 θύρα,
476 1556 550 1594 titiis,
575 1556 691 1593 idest,
715 1556 821 1586 aditus
839 1562 1012 1597 angustus,

35 1604 86 1629 est
108 1597 306 1635 Hebraeum,
330 1597 505 1636 Graecum,
528 1603 559 1630 ct
584 1598 826 1629 Germanicum.
862 1598 902 1628 Et
925 1598 1011 1638 apud

34 1640 171 1672 Latinos
196 1639 237 1670 ab
261 1640 375 1671 eadem
399 1640 526 1682 origine
549 1647 599 1671 est
629 1650 745 1672 nomen
772 1640 903 1678 Turris,
933 1640 1011 1671 ltem

34 1693 129 1715 mons
147 1682 285 1714 Taurus.

124 1725 254 1766 Τράχων
276 1722 372 1756 etiam
396 1725 536 1756 Graecis
559 1726 725 1767 significat
747 1724 856 1758 locum
880 1725 1011 1757 confra-

34 1777 150 1809 gosum
175 1774 205 1799 et
229 1778 391 1809 aspemni.

119 1826 306 1859 Archelaus
336 1828 437 1859 tenuit
466 1828 549 1859 duas
578 1835 690 1869 partes
725 1839 796 1859 cum
828 1828 1008 1859 Ethnarchi

33 1868 145 1907 titulo,
168 1870 252 1905 Quia
276 1880 334 1901 rex
356 1876 426 1901 erat
449 1881 468 1902 a
490 1878 583 1911 patre
605 1872 807 1902 nominatus:
845 1871 910 1902 Sed
936 1882 1009 1902 cum
1034 1875 1038 1887 '

35 1919 168 1953 propter
191 1913 391 1944 decisionem
416 1914 508 1955 regni
531 1915 754 1955 disceptarent
781 1915 864 1945 inter
885 1924 922 1945 se
944 1912 1007 1945 sra-

35 1960 120 1985 tres:
152 1955 325 1995 Augustus
355 1956 383 1986 ei
412 1966 478 1986 non
508 1955 611 1987 voluit
640 1958 782 1988 tribuere
812 1963 1008 1997 potestatem

108 2007 169 2028 am.
214 1997 364 2029 Herodes
396 1998 532 2038 Antipas
565 2006 681 2040 postea
718 1998 777 2030 fuit
809 2001 841 2031 in
877 1989 1037 2031 exiliuml

35 2006 71 2027 re

35 2007 167 2080 puisus,
205 2047 237 2071 et
274 2051 345 2072 cum
381 2042 520 2083 coniuge
553 2041 739 2074 Herodiade
773 2049 922 2074 mortuus
957 2051 1008 2074 est

37 2080 114 2113 exul
136 2083 166 2113 in
191 2081 310 2114 Gallia.

123 2141 302 2173 Aristobuli
326 2141 489 2174 interfecti
513 2153 532 2174 a
554 2151 648 2185 patre
671 2144 755 2176 filius
769 2143 827 2177 suit
846 2145 1009 2184 Herodes,

35 2184 88 2256 fui
114 2185 299 2215 nominatur
322 2186 489 2227 Agrippa,
525 2187 565 2217 de
594 2196 659 2228 quo
682 2195 733 2219 est
762 2188 793 2219 in
816 2188 911 2220 Actis
935 2199 1008 2229 cap.
1035 2197 1037 2216 i

55 2226 86 2256 2.
132 2226 298 2258 interfecit
321 2229 472 2259 Iacobum
497 2228 665 2267 Maiorem,
689 2237 719 2261 et
745 2230 874 2263 Petrum
901 2232 1008 2262 conie-
1035 2237 1037 2256 1

35 2269 76 2299 cit
98 2270 129 2299 in
153 2269 296 2301 vincula.
343 2270 403 2302 Hic
427 2277 502 2311 post
526 2270 754 2311 relegationem
777 2273 918 2305 Herodis
941 2275 1009 2305 An-

38 2311 122 2352 tipae
145 2314 245 2343 tenuit
271 2311 465 2351 Galilaeam,
489 2320 519 2345 et
543 2321 667 2355 partem
689 2315 830 2358 aliquam
854 2316 986 2348 Iudaea.

119 2362 219 2394 filius
243 2365 313 2395 eins
339 2362 396 2394 fuit
420 2365 568 2406 Agrippa
597 2368 771 2406 posterior,
800 2368 854 2409 qui
879 2368 1008 2399 destru-

33 2412 87 2438 cta
121 2405 353 2448 Hierosolyma
377 2409 477 2438 tenuit
502 2419 637 2449 regnum
665 2408 842 2441 Chalcidis-

33 2449 121 2480 hunc
156 2447 215 2480 suit
247 2449 418 2487 Berenice,
462 2460 558 2491 quam
591 2453 712 2483 amarit
745 2452 838 2484 Titus
873 2461 1007 2495 propter

33 2492 267 2534 praestantiam
301 2490 440 2523 formam
475 2499 507 2523 ct
540 2492 821 2534 pulchritudinem.
879 2497 1006 2527 Nomen

33 2540 85 2566 est
105 2532 369 2572 Macedonicum,
391 2545 411 2566 a
434 2538 516 2576 φέρω
540 2541 572 2566 ct
594 2535 668 2574 νικὴ,
692 2535 803 2569 ferens
825 2539 1005 2571 victoriam.

33 2576 100 2609 Sed
121 2574 169 2607 illi
192 2577 394 2618 scripserunt
407 2587 466 2618 per
479 2577 519 2615 B,
544 2577 627 2613 Quia
646 2577 795 2611 fecerunt
808 2581 1004 2623 Aegyptium

723 139 940 171 POSTlLLA
961 138 1355 171 MELANTHONlANA.

908 2411 1007 2451 Apud
1033 2419 1037 2462 t

1978 143 2037 174 174

1065 243 1086 265 a
1108 236 1188 272 Bar,
1221 234 1251 264 id
1276 238 1337 271 est,
1371 244 1498 274 purum,
1534 236 1690 274 nativum,
1714 235 1752 266 Et
1777 238 1845 268 Nelc
1867 237 2037 274 innocens,

1065 277 1252 314 innocuum,
1275 277 1369 317 quasi
1393 277 1497 315 dicas,
1521 278 1644 318 puritas
1668 285 1698 310 et
1723 279 1919 310 innocentia.

1111 440 1268 481 Utilitas
1300 440 1627 481 considerationis
1659 443 1908 483 historiarum
1943 446 1993 484 de

1363 518 1530 571 posteris
1561 517 1744 559 Herodis.

1152 616 1292 652 Quando
1316 617 1468 648 coenatis
1493 617 1533 648 de
1556 619 1748 659 posteritate
1772 618 1930 657 Herodis,
1962 631 2038 651 ‹fon-

1039 659 1209 718 ‘siderate
1243 639 1390 700 exempla
1424 660 1555 700 punitae
1589 661 1782 702 tyrannidis,
1816 661 1855 692 Et
1891 664 1975 704 quod
2007 664 2037 694 in

1065 711 1163 733 versu
1187 701 1353 734 Theocriti
1377 703 1510 734 dicitur:

1153 761 1311 802 Ειῖσεβέων
1334 761 1478 793 natatem
1500 762 1535 793 τοὶ
1559 763 1635 794 laisa
1659 763 1827 804 δυσσεβὲων
1853 764 1878 795 δ’
1901 764 1946 795 οὗ.

1038 808 1044 874 Ι
1152 829 1248 861 Hunc
1281 839 1414 860 versum
1448 838 1658 871 sumpserunt
1694 831 1823 863 Ethnici
1858 844 1876 863 a
1915 835 2039 864 sanctis

1065 872 1214 912 patribus
1247 872 1278 903 in
1313 871 1475 911 Ecclesia,
1510 874 1594 905 sicut
1628 875 1659 905 in
1691 874 1824 905 Psalmo
1848 877 1878 906 in
1903 877 2038 907 eandem

1064 915 1258 946 sententiam
1282 916 1438 955 scriptum
1462 923 1529 946 est:
1554 917 1766 948 Generationi
1798 926 1961 950 rectorum
1985 920 2040 950 be-

1063 957 1244 988 nedicetur.
1310 957 1405 989 Unde
1439 959 1606 1000 sequitur:
1642 959 1800 992 malorem
1835 963 2038 1004 generationi

1063 998 1223 1031 maledici.

1150 1042 1388 1075 Universaliter
1411 1045 1632 1076 consideratio
1656 1045 1879 1084 historiarum,
1903 1047 2039 1079 muitum

1063 1084 1157 1116 affert.
1181 1085 1543 1118 commonefactionum.
1611 1088 1675 1119 Sed
1705 1088 1938 1131 Evangelistae
1965 1091 2038 1122 ideo

1064 1129 1162 1159 toties
1184 1128 1351 1160 inculcant
1374 1131 1571 1161 mentionem
1585 1130 1726 1162 Herodis
1740 1140 1813 1173 post
1839 1133 2040 1165 nativitatem

1036 1166 1200 1209 lChristi,
1235 1178 1267 1202 ut
1302 1182 1363 1203 nos
1399 1179 1564 1210 moneant,
1600 1173 1806 1215 Completum
1838 1182 1914 1207 tunc
1938 1175 2040 1208 fuisse

1065 1214 1203 1245 dictum:
1227 1216 1297 1246 Non
1309 1213 1476 1254 ans'erelnr
1487 1221 1650 1256 sceplrmn
1665 1218 1705 1248 cie
1716 1218 1806 1255 Inda,
1825 1220 1925 1250 donec
1938 1221 2044 1251 reniae

1065 1258 1161 1291 Siloa,
1193 1257 1275 1292 Quia
1307 1264 1384 1289 tunc
1408 1268 1544 1299 regnunt
1568 1259 1732 1291 ludaicum
1757 1260 1951 1293 translatum
1983 1262 2040 1294 i'uit

1064 1300 1106 1330 ad
1130 1301 1334 1341 peregrinam
1348 1301 1494 1341 stirpem,
1517 1312 1658 1334 necesse
1681 1302 1739 1334 fuit
1759 1303 1917 1335 Messian]
1938 1306 2040 1336 nasci.

1151 1342 1279 1374 Rursus
1314 1349 1420 1374 autem
1455 1354 1587 1382 moneo,
1617 1351 1650 1376 ut
1686 1347 1904 1378 consideretis
1928 1358 2042 1389 perpe-

1064 1390 1163 1427 tuam,
1199 1395 1337 1427 eamque
1371 1385 1467 1417 valde
1495 1387 1674 1419 mirabilem
1705 1390 1988 1430 gubernationem,
2008 1397 2041 1422 et

1065 1429 1351 1459 conservationem
1374 1428 1557 1461 Ecclesiae.
1603 1430 1683 1462 Post
1712 1430 1892 1474 relegatum
1917 1433 2041 1464 Arche-

1063 1469 1150 1500 laum
1174 1471 1359 1502 immediate
1381 1471 1499 1503 ludaea
1523 1473 1705 1514 gubernata
1725 1481 1775 1505 est
1796 1485 1854 1515 per
1870 1477 2042 1517 praesides

1064 1512 1243 1543 Romanos.
1289 1513 1329 1544 Hi
1349 1514 1449 1545 multo
1473 1514 1602 1547 suet-unt
1626 1517 1764 1547 modesti
1779 1529 1845 1549 ›res
1875 1525 1905 1549 et
1930 1520 2042 1551 iustio-

1065 1565 1131 1593 res,
1165 1565 1261 1596 quam
1296 1555 1425 1587 fuerant
1456 1567 1566 1599 reges,
1600 1559 1750 1590 Herodes
1785 1567 1814 1591 et
1840 1561 2039 1594 Archelaus·

1064 1596 1193 1629 Profuit
1226 1599 1325 1640 igitur
1359 1601 1493 1631 mutatio
1528 1602 1591 1632 ista
1621 1602 1661 1632 ad
1694 1602 1959 1645 tranquillitatem
1983 1616 2040 1646 pu-

1064 1639 1193 1671 blicam.
1260 1641 1370 1673 Minus
1394 1643 1477 1673 enim
1502 1645 1671 1675 turbarum
1694 1644 1766 1678 suit.
1797 1657 1869 1678 cum
1902 1646 2040 1679 Romani

1063 1684 1234 1723 praesides
1271 1683 1483 1724 praefuerunt
1523 1686 1658 1727 imperio
1698 1687 1900 1721 Iudaeorum.
1968 1690 2041 1721 Hoc

1036 1718 1161 1757 lmodo
1197 1725 1371 1758 consulere
1405 1727 1498 1759 Dens
1532 1728 1634 1760 voluit
1667 1729 1856 1763 Ecclesiae:
1885 1734 1945 1763 etsi
1977 1735 2039 1764 sub

1034 1759 1039 1820 Ξ
1062 1769 1135 1809 ipso
1159 1779 1290 1810 quoque
1313 1769 1444 1802 Herode
1467 1772 1543 1802 texit
1569 1772 1660 1805 Deus
1684 1774 1737 1814 pia
1760 1776 1905 1806 membra
1924 1775 2039 1807 Eccle-

1035 1834 1038 1840 .
1061 1813 1142 1842 siae.

1034 1844 1037 1869 ³
1148 1853 1265 1886 Habuit
1291 1854 1441 1886 Herodes
1466 1856 1650 1889 satellitium
1675 1858 1851 1891 collectum
1877 1872 1916 1892 ex
1939 1863 2039 1893 variis

1033 1902 1037 1929 t
1061 1898 1238 1938 gentibus(
1272 1897 1307 1928 ln
1331 1898 1472 1939 Iosepho
1497 1906 1560 1938 est,
1586 1902 1673 1942 quod
1704 1903 1737 1934 in
1759 1902 1912 1935 satellitio
1938 1904 2038 1935 Hero-

1033 1943 1037 1983 j
1061 1940 1112 1970 dis
1136 1938 1256 1971 fuerint
1278 1941 1374 1972 etiam
1397 1941 1514 1973 milites
1546 1943 1743 1976 Germanici.
1811 1946 1930 1978 Habuit
1954 1949 2038 1979 enim

1061 1983 1158 2014 fidem
1182 1983 1368 2022 Germanis,
1391 1990 1446 2015 aut
1469 1985 1590 2028 alioqui
1610 1989 1756 2027 speravit
1779 1991 1883 2031 magis
1901 2000 1960 2031 per
1983 2001 2037 2021 ex-

1034 2041 1037 2054 ·
1060 2031 1151 2056 teros
1175 2025 1306 2057 defendi
1331 2037 1453 2068 corpus
1475 2040 1569 2060 suum
1593 2040 1705 2070 posse,
1728 2042 1826 2073 quam
1851 2043 1909 2074 per
1928 2034 2037 2064 dome-

1061 2069 1178 2106 sticos,
1203 2079 1222 2099 a
1246 2070 1364 2110 quibus
1389 2072 1450 2101 sibi
1475 2074 1650 2104 metuebat.

1149 2112 1215 2142 Sed
1248 2111 1360 2143 habuit
1397 2114 1428 2144 in
1460 2116 1574 2145 eodem
1597 2115 1763 2154 satellitio,
1788 2124 1817 2147 ct
1842 2118 1872 2148 in
1897 2120 2035 2150 cacteris

1035 2165 1037 2187 t
1061 2154 1130 2184 suis
1155 2155 1365 2193 exercitibus,
1388 2167 1471 2198 quos
1485 2165 1640 2198 perpetuo
1655 2159 1777 2198 alebat,
1801 2160 1918 2191 milites
1940 2162 2034 2193 ctiam

1034 2225 1037 2236 ⁴
1062 2196 1250 2235 Parthicos,
1275 2198 1447 2240 Syriacos,
1471 2201 1646 2240 Arabicus,
1669 2202 1864 2244 Aegyptios.
1897 2204 2036 2246 denique

1062 2238 1237 2271 colluviem
1271 2242 1413 2272 oninium
1444 2243 1540 2274 etiam
1576 2245 1790 2285 pessimarum
1816 2247 1969 2286 gentium,
2004 2254 2034 2279 et

1034 2304 1038 2313 .
1061 2289 1093 2312 tit
1118 2283 1188 2323 ipsc
1210 2282 1395 2324 Tyrannicc
1419 2287 1527 2317 omnia
1550 2288 1686 2327 agebat,
1714 2288 1762 2318 sic
1799 2288 1930 2320 indulsit
1963 2291 2034 2321 istis

1033 2331 1037 2368 j
1061 2326 1129 2356 suis
1153 2324 1319 2364 militibus,
1342 2334 1377 2358 ut
1400 2329 1561 2370 eriperent
1587 2331 1725 2360 subditis
1745 2329 1932 2370 facultates,
1956 2344 2034 2364 con-

1034 2383 1037 2408 ς
1059 2368 1166 2410 iuges,
1191 2375 1219 2400 et
1247 2368 1344 2400 filias.

1146 2411 1232 2443 {nter
1261 2412 1323 2443 hos
1359 2421 1465 2445 tamen
1489 2413 1670 2446 nebulones
1695 2415 1786 2447 Deus
1811 2416 1954 2448 defendit
1977 2417 2033 2450 ali—

1032 2472 1035 2491 ,
1059 2459 1138 2494 quot
1161 2455 1232 2494 pias
1254 2462 1422 2487 matronas
1447 2463 1478 2488 et
1501 2458 1662 2499 virgines,
1696 2464 1730 2489 ut
1754 2459 1894 2498 Annam,
1928 2460 2033 2493 Elisa-

1032 2494 1036 2547 }
1060 2495 1147 2534 beth,
1182 2496 1331 2536 Mariam,
1364 2506 1396 2529 et
1429 2499 1549 2531 multas
1571 2499 1672 2539 alias,
1696 2509 1904 2542 praestantes
1927 2503 2031 2535 forma

1032 2550 1035 2577 !
1058 2545 1091 2570 et
1114 2540 1244 2571 virtute.

1145 2581 1217 2613 Hoc
1241 2584 1421 2624 exemptum
1448 2583 1540 2615 soleo
1565 2596 1665 2627 saepe
1691 2588 1765 2618 mihi
1780 2599 1975 2630 proponetc,
1999 2596 2029 2620 et
