2324 2958
157 158 220 191 797

225 254 340 304 Quae
372 262 434 295 est
465 256 705 296 constructio
736 257 777 297 in
808 258 885 297 hoc
918 258 1052 300 dieto?

210 378 213 381 ,
243 343 454 384 Respondeo.
504 345 567 375 Tua
590 346 777 385 disciplina:
802 347 834 377 id
857 353 924 385 est,
948 355 1003 380 tua
1027 349 1124 380 casti·

157 387 246 428 gatio
269 393 320 418 est
343 387 390 417 eis
413 389 581 429 angustia,
611 394 645 420 ut
668 388 809 420 clament
831 390 874 421 ad
897 397 946 426 te;
974 401 1057 420 weun
1081 391 1124 420 du

157 431 202 458 sie
224 428 400 468 zt'iclttae‘yest,
418 440 453 459 so
476 431 569 468 rnffen
591 433 636 460 sie
654 431 852 471 enystiylich:
876 431 939 463 hoc
963 439 1024 471 est,
1047 434 1121 464 ideo

157 471 379 513 castigantur,
408 477 443 503 ut
470 471 611 504 clament
638 474 680 505 ad
709 480 751 504 te.
801 474 848 505 lta
870 475 978 506 David
1001 476 1120 516 inquit:

155 512 277 543 Bonum
304 518 365 548 cst,
398 514 548 549 Domine,
583 517 667 555 qnod
686 516 855 546 humiliasti
876 528 936 552 7118,
965 522 997 547 ut
1020 518 1120 548 disco-

154 566 215 584 rem
242 557 476 594 iustificationes
503 561 580 587 tuas.
635 559 717 589 Nam
747 559 894 590 doctrina
924 561 963 591 de
986 561 1118 592 invoca-

154 599 244 629 tione
266 604 298 629 et
316 599 398 637 fide,
421 610 487 630 non
511 600 647 632 discitur
669 602 808 640 rectius,
836 603 898 633 nisi
921 603 984 634 isto
1007 604 1116 634 modo.

153 639 196 671 Et
216 641 355 681 pertinet
378 641 442 674 huc
466 641 636 681 δοκιμασία,
657 644 697 674 de
720 655 782 685 qua
806 644 975 685 pulchrum
999 646 1118 677 dictum

153 681 253 714 habet
275 683 494 725 Augustinus:
517 685 683 723 Profectus
701 686 835 725 fidelium
858 698 917 716 non
941 690 1120 727 agnoscitur

152 726 214 754 m‘si
235 727 267 754 in
289 728 457 756 tentatione
464 737 474 760 ‚·
507 737 562 756 nec
583 730 741 768 quisquam
763 729 823 759 sibi
844 731 1026 764 innotescit,
1056 733 1121 761 sine

146 767 347 806 probationis
369 771 515 805 examine.

238 810 358 845 Quinta
388 822 490 843 causa
517 819 582 843 est:
617 812 710 845 Deus
739 813 808 846 mlt
832 813 1036 847 calamitates
1059 814 1122 847 Ec-

152 851 274 884 clesiae
292 863 368 885 esse
391 855 575 886 testimonia
598 856 638 887 de
661 857 828 893 doctriua:
858 865 909 895 ut,
940 859 1015 899 quia
1038 857 1121 889 Pau-

150 893 203 926 lus
226 894 367 927 antefert
391 897 606 939 Evangelium
629 900 717 930 vitae
740 910 838 938 suae,
862 910 900 931 8ο
924 900 996 941 ipso
1020 906 1120 931 testa-

149 943 219 975 tur,
242 939 329 979 quod
352 940 439 971 serio
462 942 512 971 sic
535 942 670 979 sentiat,
695 943 779 973 sicut
802 943 910 973 docet.
957 942 1014 974 Sic
1036 953 1120 974 mar-

149 986 241 1021 tyres
265 981 363 1012 edunt
386 983 568 1014 testimonia
593 984 813 1015 consessionis
837 995 936 1023 suae,
966 995 1039 1016 cum
1062 995 1120 1016 vo-

150 1020 222 1054 lunt
244 1024 352 1063 potius
375 1025 531 1062 interfici,-
555 1037 652 1067 quam
675 1027 846 1058 discedere
869 1038 888 1058 a
906 1028 1052 1059 veritate.

236 1066 336 1097 Sexta
367 1078 468 1099 causa
492 1074 558 1100 est:
591 1069 682 1101 Deus
707 1069 776 1101 vult
799 1071 975 1111 praecipua
998 1069 1118 1101 lumina

149 1106 321 1140 Ecclesiae
344 1110 524 1142 conformia
549 1121 625 1142 esse
647 1113 779 1154 imagini
797 1111 869 1143 Filii
891 1113 941 1143 sui
964 1113 996 1143 in
1019 1122 1118 1144 cruce

150 1155 182 1180 et
204 1151 375 1191 passione,
397 1154 481 1184 sicut
502 1160 618 1194 postea
640 1155 735 1185 etiam
758 1155 790 1185 111
814 1154 930 1196 gloria.

233 1194 378 1234 Septima
409 1206 524 1226 causa:
555 1196 647 1227 Deus
674 1195 742 1227 vult
769 1197 973 1228 calamitates
1002 1195 1118 1229 Eccle-

145 1235 215 1266 stae
237 1245 313 1266 esse
336 1238 520 1268 testimonia
543 1246 717 1270 secuturae
739 1239 998 1277 immortalitatis,
1018 1245 1050 1271 et
1068 1238 1116 1271 su·

146 1278 209 1308 turi
244 1278 362 1310 iudicii.
419 1279 503 1314 Quia
536 1282 621 1312 enim
650 1281 742 1313 Deus
770 1289 866 1313 antea
894 1288 1035 1314 testatus
1064 1288 1116 1314 est

145 1319 207 1351 sibi
229 1330 328 1351 curae
351 1331 428 1352 esse
450 1322 556 1361 Abel,
578 1323 728 1362 Esaiam,
751 1324 937 1363 lei-entiam,
965 1323 1113 1362 Paulum,

144 1367 178 1392 et
206 1368 312 1393 tamen
346 1363 483 1395 interfici
518 1375 576 1396 eos
605 1367 681 1397 sinit
710 1376 729 1397 a
752 1368 925 1398 teterrimis
948 1369 1112 1408 tyrannis:

144 1403 292 1435 Necesse
315 1411 384 1444 est,
407 1413 533 1438 restare
559 1408 730 1446 iudicium,
759 1410 790 1440 in
815 1420 880 1451 quo
903 1409 1050 1442 facturus
1070 1411 1111 1441 sit

143 1445 237 1478 Deus
260 1447 434 1479 discrimen
453 1449 537 1480 inter
554 1449 692 1482 Paulum
710 1458 742 1482 et
757 1452 934 1490 Neronem,
951 1459 983 1484 et
1002 1459 1113 1484 osten·

142 1496 254 1527 surus,
284 1499 320 1521 se
344 1500 419 1521 esse
441 1492 578 1530 iustum,
602 1499 635 1524 et
660 1494 818 1525 vindicem
841 1504 986 1526 suorum.

231 1531 358 1563 Octava
381 1543 483 1565 causa
507 1541 572 1571 est,
594 1541 630 1566 ut
653 1537 683 1567 in
706 1537 787 1578 ipsis
810 1538 974 1569 aerumnis
997 1536 1111 1569 Eccle-

141 1573 228 1610 siae,
263 1576 487 1615 conspiciatur
517 1580 702 1617 praesentia
732 1579 794 1611 Dei
823 1580 856 1611 in
885 1579 1056 1617 Ecclesia3
1079 1586 1111 1612 et

140 1615 306 1656 inprimis,
337 1623 371 1648 ut
401 1618 567 1651 mirandae
594 1619 806 1653 liberationes
835 1629 1023 1654 sanctorum
1046 1623 1111 1654 sint

141 1659 327 1690 testimonia
361 1660 535 1699 bonitatis,
571 1664 768 1704 sapientiae,
801 1671 833 1696 et
865 1666 1031 1706 potentiae
1064 1667 1110 1697 di-

139 1700 247 1732 vinae.
305 1701 383 1733 Vult
417 1703 500 1734 enim
535 1707 682 1746 conspici
712 1709 930 1747 praesentiam
960 1718 1053 1740 suam
1077 1709 1109 1740 in

141 1741 303 1774 Ecclesia.
360 1744 436 1776 ldeo
470 1745 573 1778 multa
601 1748 836 1781 inextricabilia
863 1749 1006 1782 humano
1033 1761 1110 1783 con-

140 1783 214 1815 silio
237 1786 312 1816 sinit
335 1788 486 1820 accidere
508 1788 691 1829 Ecclesiae,
715 1798 746 1823 et
765 1793 798 1823 in
822 1791 962 1824 Psalmis
985 1795 1109 1834 passim

139 1834 367 1869 proponuntur
397 1830 544 1872 exempla
565 1831 811 1872 liberationum,
840 1841 875 1866 ut
898 1834 961 1866 illis
984 1837 1108 1875 moniti,

139 1871 261 1901 caeteri
291 1881 422 1913 quoque
450 1881 633 1914 agnoscant
661 1878 883 1917 praesentiam
906 1877 969 1909 Dei
992 1879 1024 1910 in
1047 1879 1108 1911 Ec-

139 1911 261 1951 clesia,
291 1920 321 1943 et
350 1921 385 1945 ut
414 1914 460 1945 illi
489 1916 635 1949 similiter
661 1919 767 1951 Deum
791 1921 946 1952 invocare
969 1922 1107 1960 discant,

137 1955 223 1986 sicut
248 1955 367 1987 dicitur
390 1956 478 1988 Psal.
502 1958 570 1989 34.:
593 1960 656 1990 Iste
673 1973 797 2001 pauper
819 1963 962 1994 clamavit
981 1965 1024 1993 ad
1041 1965 1106 1994 Do-

834 160 1050 193 POSTlLLA
1071 161 1465 197 MELANTHONIANA.

137 1998 256 2032 minum,
277 2002 306 2027 et
328 1999 480 2030 Dominus
503 2002 664 2033 exaudivit
686 2015 758 2035 eum.
803 2005 953 2037 Accedite
976 2008 1018 2036 ad
1041 2018 1105 2037 eum
1130 2041 1131 2044 Ἴ

1129 2067 1131 2074 .
1155 2045 1258 2084 potuit
1282 2044 1481 2086 Cratippus?
1511 2054 1567 2079 aut
1591 2050 1708 2090 quibus
1733 2050 2016 2084 consolationibus
2039 2052 2124 2085 alius

136 2043 166 2069 et
187 2040 407 2071 illuminamini.

220 2082 291 2114 Nos
315 2094 429 2115 omnes
452 2087 567 2117 eodem
586 2088 683 2119 modo
702 2099 873 2122 servamur
889 2091 999 2130 hodie,
1018 2093 1104 2124 sicut

134 2130 204 2156 tres
227 2124 272 2156 illi
296 2127 355 2157 viri
379 2129 410 2158 in
435 2130 579 2166 811111111ος
609 2131 671 2162 nisi
695 2133 783 2173 quod
811 2143 873 2165 nos
897 2144 962 2165 non
986 2134 1102 2166 intelli-

134 2168 240 2210 gimus
262 2176 376 2200 nostra
399 2170 561 2211 pericula3
583 2174 643 2204 sed
665 2184 730 2215 quo
752 2176 825 2216 quis
848 2175 922 2217 plus
939 2178 1102 2218 periculo·

134 2220 203 2241 rum
233 2211 338 2250 videt,
370 2224 409 2243 eo
438 2215 542 2256 magis
571 2217 755 2256 experitur,
790 2228 826 2249 se
855 2229 921 2250 non
950 2219 1099 2252 humanis
1124 2226 1126 2259 J

132 2253 256 2285 viribus
278 2255 472 2294 subsistere,
494 2258 551 2287 sed
576 2263 700 2290 tantum
723 2260 831 2292 divina
854 2272 928 2302 ope,
951 2270 983 2294 et
1006 2274 1099 2305 prae—

131 2295 227 2326 sidio.
283 2296 359 2328 Ideo
388 2300 506 2340 scripsi
537 2310 640 2342 nuper
668 2301 755 2334 hanc
783 2301 954 2336 formulam
984 2317 1098 2347 preca-

130 2338 243 2369 tionis:

219 2397 259 2428 Te
281 2409 396 2438 semper
417 2406 537 2431 maneat
559 2407 698 2433 servante
715 2404 876 2441 Ecclesia,
901 2406 1036 2438 Christe:

256 2441 450 2482 Inserlosqne
473 2446 536 2482 ipsi
558 2455 613 2474 nos
637 2451 689 2475 tua
712 2447 825 2477 dextra
849 2453 942 2487 teyal.

218 2482 290 2513 Tres
312 2485 391 2514 velut
413 2487 444 2514 in
464 2488 587 2524 flamma
611 2493 700 2518 testes
722 2489 922 2531 Babylom'de
943 2502 1056 2527 servas,

255 2525 327 2555 Rex
347 2527 399 2556 ubi
416 2533 608 2567 praesentem
631 2536 660 2560 te
683 2533 766 2561 videt
790 2543 852 2563 esse
878 2534 981 2564 Deum.

212 2583 282 2617 Hae
305 2596 426 2619 causae
448 2594 572 2621 tantum
594 2590 626 2621 in
651 2591 799 2624 doctrina
821 2591 994 2626 Ecclesiae
1017 2602 1093 2628 sunt

1122 2354 1124 2365 ¹
1149 2341 1262 2375 lorcm.

1122 2383 1123 2389 ’
1148 2392 1211 2423 est,
1234 2397 1332 2428 quam
1354 2398 1476 2430 augere
1500 2389 1561 2420 sibi
1585 2388 1743 2420 dolorem.
1788 2390 1870 2422 Cum
1894 2392 1966 2433 quis
1990 2394 2116 2435 cogitat

2084 173 2147 207 798

1175 256 1332 294 traditae,
1366 264 1398 289 et
1432 258 1552 290 debent
1585 263 1735 294 omnibus
1765 262 2018 297 familiarissime
2047 272 2145 299 notae

1175 307 1261 329 esse.
1307 299 1389 331 Sunt
1411 307 1518 332 autem
1540 300 1669 344 aliquae
1692 315 1732 336 ex
1755 306 1805 337 his
1829 306 2038 347 impulsivae,
2060 308 2145 342 aliae

1175 339 1305 372 finales:
1329 342 1380 374 Ac
1411 344 1567 375 debemus
1591 348 1738 378 instructi
1762 358 1838 379 esse
1861 351 2032 381 sententiis
2057 351 2144 383 Scri·

1173 391 1306 424 pturae,
1336 385 1369 415 in
1399 386 1516 426 quibus
1544 387 1579 417 tit
1608 390 1727 420 mentio
1755 389 1870 423 harum
1894 402 2088 430 causarum3
2111 401 2144 426 et

1174 427 1234 457 has
1258 425 1410 459 conferre
1433 429 1589 460 debemus
1614 441 1687 462 cum
1709 433 1774 464 hoc
1797 439 1898 471 textu,
1921 435 1952 465 in
1976 445 2041 476 quo
2065 437 2143 468 dici-

1175 475 1244 506 tur,
1267 469 1402 499 illandus
1424 471 1588 509 yamlebe't:
1614 483 1666 502 vos
1689 478 1786 503 autem
1810 475 2064 509 lamentabinu'ni:
2086 479 2142 510 ubi

1173 521 1251 542 mox
1273 512 1418 544 additum
1441 519 1491 545 est
1514 514 1697 556 exemplum
1720 517 1761 547 de
1779 517 1913 549 muliere
1931 521 2143 560 parturiente,

1173 555 1262 595 quod
1285 562 1448 596 sumptum
1475 562 1526 588 est
1553 567 1595 588 ex
1625 558 1750 590 Osaea:
1785 559 1921 590 Dolores
1940 565 2145 600 parturientis

1167 598 1285 626 venient
1307 599 1344 626 ei.

1256 639 1328 681 Ego
1351 650 1451 682 saepe
1476 652 1548 673 cum
1573 641 1741 675 doloribus
1764 643 1828 675 illis
1853 643 1986 676 confero
2006 657 2142 689 magnas

1170 680 1244 712 illas
1279 683 1429 714 miserias
1463 683 1637 716 Ecclesiae
1670 696 1737 717 non
1770 693 1893 718 tantum
1926 688 1958 718 iu
1988 699 2142 730 persecu-

1172 725 1277 762 tione,
1313 726 1372 756 sed
1406 726 1502 757 etiam
1533 727 1565 757 in
1596 728 1792 760 confusione
1822 730 2026 770 opinionum,
2059 742 2143 773 quae

1173 766 1270 798 valde
1294 770 1463 799 excruciat
1487 770 1591 800 bonas
1614 777 1751 803 mentes.
1806 771 1906 803 Esset
1932 773 2039 805 adhuc
2062 774 2142 807 tole-

1172 808 1290 847 rabile,
1315 811 1381 850 pati
1405 813 1554 852 corporis
1577 822 1691 844 necem
1715 823 1776 845 seu
1798 815 2063 847 trucidationem:
2093 817 2141 849 lta

1173 853 1257 883 enim
1286 853 1380 885 citius
1409 853 1483 885 finis
1514 861 1604 887 esset
1626 855 1804 895 malorum,
1837 858 1922 888 sicut
1945 856 2068 890 factum
2090 867 2142 892 est

1170 896 1372 932 temporibus
1402 896 1603 939 Martyrum3
1636 899 1696 929 sed
1725 898 1828 931 multo
1858 901 1991 932 saevior
2013 902 2140 934 carnifi-

1171 937 1245 968 cina
1267 944 1317 968 est
1339 939 1452 970 videre
1474 945 1539 971 tam
1562 939 1749 973 horribilem
1769 942 1997 974 confusionem
2016 945 2140 985 opinio—

1170 990 1257 1017 num,
1274 986 1306 1011 et
1329 988 1394 1012 tam
1418 983 1615 1014 obstinatam
1637 985 1847 1025 pertinaciam
1870 986 1903 1016 in
1926 984 2140 1019 defendendis

1169 1023 1322 1053 absurdis
1347 1025 1564 1064 opinionibus.
1611 1026 1681 1057 Nec
1704 1027 1835 1058 dubium
1859 1034 1911 1059 est
1933 1039 1974 1060 ex
1992 1028 2049 1061 illa
2067 1031 2140 1072 ipsa

1169 1063 1366 1097 confusione
1395 1067 1582 1108 opinionum
1610 1070 1704 1100 nasci
1735 1068 1938 1102 calamitates
1966 1073 2076 1104 varias
2107 1079 2140 1105 et

1169 1105 1376 1147 multiplices.

1252 1149 1491 1182 Discernamus
1525 1158 1632 1184 autem
1667 1152 1867 1187 afflictiones
1901 1161 2090 1188 sanctorum
2118 1168 2137 1189 a

1167 1192 1324 1232 passione
1353 1192 1495 1232 Christi,
1530 1195 1571 1226 de
1598 1206 1663 1236 qua
1691 1196 1745 1228 hic
1775 1198 1847 1238 ipse
1875 1204 1984 1230 textus
2008 1209 2139 1242 quoque

1168 1236 1399 1274 concionatur,
1424 1246 1496 1268 cum
1519 1238 1623 1279 inquit
1646 1238 1813 1271 Christus:
1836 1241 1993 1271 Modicum
2015 1251 2076 1272 non
2097 1244 2138 1272 οι·-

1165 1276 1279 1306 debitz's
1312 1288 1371 1313 me,
1405 1283 1436 1308 ct
1468 1280 1619 1310 modicum
1646 1282 1792 1312 videbitis
1823 1293 1880 1315 me:
1915 1284 1947 1315 id
1970 1290 2038 1324 est,
2072 1295 2135 1328 ego

1165 1319 1265 1360 paulo
1288 1327 1364 1362 post
1385 1322 1526 1361 moriar,
1551 1329 1583 1354 et
1606 1330 1715 1356 tamen
1739 1335 1920 1368 resurgam.

1325 1485 1408 1527 Cur
1438 1487 1559 1542 igitur
1589 1489 1740 1543 patitur
1772 1489 1981 1534 Christus?

1248 1574 1459 1618 Respondeo.
1510 1577 1601 1611 Illius
1629 1581 1742 1621 passio
1771 1587 1823 1613 est
1849 1582 1963 1624 λύτρον.
2009 1582 2133 1616 Patitur

1162 1615 1314 1649 Christus
1338 1626 1474 1661 propter
1495 1628 1643 1653 nostrum
1666 1630 1848 1664 peccatum.
1893 1625 1963 1657 Nos
1981 1627 2133 1667 patimur,

1161 1666 1195 1690 ut
1217 1668 1355 1701 peccata
1377 1669 1492 1694 nostra
1515 1674 1749 1705 agnoscamus,
1774 1672 1805 1698 et
1827 1668 2009 1709 cogitemus
2033 1669 2074 1701 de
2095 1669 2131 1701 li-

1162 1702 1331 1743 beratore,
1355 1706 1520 1746 quomodo
1545 1716 1602 1747 per
1624 1706 1739 1740 Filium
1762 1708 1948 1741 liberemur.

1246 1745 1313 1777 lam
1341 1748 1437 1778 etiam
1468 1748 1641 1781 dicendum
1670 1757 1721 1782 est
1749 1752 1789 1783 de
1817 1751 1899 1784 locis
1931 1753 2130 1786 consolatio-

1160 1798 1247 1819 num.
1292 1789 1354 1821 Hic
1383 1800 1498 1822 rursus
1529 1793 1729 1831 coo-itemus,
1760 1793 1845 1825 alias
1874 1806 1951 1826 esse
1979 1795 2130 1828 consola·

1160 1831 1267 1862 tiones
1290 1833 1482 1868 mundanas
1501 1840 1533 1865 et
1585 1835 1632 1866 ias
1652 1835 1895 1869 consolationes
1916 1839 1947 1869 in
1965 1838 2128 1872 Ecclesia.

1159 1873 1336 1915 Pompeius
1370 1877 1502 1916 quando
1535 1875 1594 1908 fuit
1623 1879 1654 1908 in
1684 1877 1781 1920 fuga,
1815 1882 1901 1911 venit
1924 1880 2129 1923 Mitylenam,

1158 1917 1212 1947 ubi
1242 1923 1312 1948 erat
1341 1917 1517 1960 Cratippus
1546 1919 1781 1953 celeberrimus
1812 1933 1852 1954 ex
1880 1922 2127 1965 professoribus

1157 1957 1406 2001 philosophicis.
1463 1961 1559 1993 Hunc
1586 1965 1762 1996 accersivit
1790 1966 1831 1996 ad
1855 1976 1910 2004 se,
1941 1967 1982 1997 ad
2005 1966 2127 1999 lenien-

1157 2001 1231 2032 dum
1256 2002 1414 2034 dolorem.
1466 2003 1555 2039 Quas
1579 2006 1677 2048 igitur
1701 2006 1946 2040 consolationes
1969 2010 2126 2042 adhibere

1155 2087 1340 2129 quicunque
1354 2087 1576 2129 Philosophus
1595 2098 1705 2132 potest
1724 2094 1850 2135 erigere
1868 2093 2030 2126 hominem
2050 2105 2123 2127 con·

1154 2130 1302 2161 stitutum
1335 2132 1367 2161 in
1401 2132 1563 2164 miseriis?
1607 2133 1816 2176 Respondco.
1869 2137 1952 2168 Sunt
1982 2138 2123 2180 quinque

1126 2177 1127 2181 ’
1151 2178 1207 2203 aut
1233 2183 1291 2204 sex
1321 2172 1388 2206 loci
1415 2175 1680 2209 consolationum
1708 2177 2007 2220 philosophicarum
2030 2191 2122 2222 prae-

1150 2225 1178 2245 ci
1205 2226 1245 2246 111.

1181 2225 1201 2256 p
1236 2258 1364 2291 Primus
1397 2266 1463 2298 est,
1496 2261 1689 2297 Necessitas-3
1722 2264 1814 2304 quia,
1849 2264 1876 2294 si
1907 2264 1990 2296 velis
2020 2265 2061 2296 im
2087 2276 2119 2297 a-

1149 2301 1280 2333 tientius
1303 2301 1401 2336 ferre.
1423 2304 1511 2345 quod
1535 2305 1649 2335 mutari
1673 2314 1738 2336 non
1761 2312 1878 2346 potest,
1901 2308 2040 2349 augebis
2063 2277 2118 2340 Ro-

1326 2344 1423 2377 Velle
1457 2356 1643 2388 repugnare
1676 2349 1882 2387 necessitati,
1916 2348 1995 2380 nibil
2028 2349 2117 2383 aliud

1149 2429 1188 2459 de
1217 2436 1340 2467 morte,
1372 2437 1403 2461 ct
1434 2431 1519 2462 videt
1552 2442 1588 2462 se
1617 2431 1759 2464 dolendo
1790 2444 1855 2465 non
1878 2444 1980 2475 posse
2001 2445 2116 2468 arcere

1147 2478 1299 2510 mortem,
1332 2473 1360 2503 is
1395 2472 1569 2514 duplicabit
1604 2475 1663 2505 sibi
1693 2473 1830 2514 malum,
1865 2478 1893 2508 si
1921 2487 1959 2509 se
1981 2477 2114 2511 multum

1147 2521 1303 2555 angeret,
1326 2521 1357 2546 et
1380 2516 1508 2556 quidem
1532 2515 1652 2547 frustra
1676 2527 1712 2548 se
1736 2525 1881 2559 angeret.

1232 2556 1292 2587 Est
1322 2558 1406 2589 inter
1434 2559 1584 2589 senarios
1614 2559 1720 2590 mimi:
1754 2561 1868 2591 Malum
1896 2563 1980 2602 quod
2001 2567 2113 2594 mutem

1145 2609 1205 2628 mm
1225 2603 1340 2639 potest,
1359 2600 1455 2637 ferae.
1503 2600 1542 2632 Et
1565 2600 1701 2634 Plautus
1725 2603 1839 2645 inquit:
1862 2604 1973 2635 Bonus
1995 2608 2112 2636 animus
