2324 2958
41 211 104 244 581

43 303 152 338 omnia
173 303 207 334 in
228 300 397 338 omnibus,
429 298 463 330 id
491 303 560 335 est,
594 295 762 337 plenitudo
791 294 931 326 iustitiae
953 293 1014 325 erit

43 349 76 380 in
98 346 204 378 nobis.
993 339 1007 349 -·

130 388 217 420 ldem
247 386 344 417 etiam
373 385 490 416 dicitur
517 383 550 415 in
577 381 642 413 hoc
672 387 779 411 textu:
818 379 920 420 Heyni
948 379 1014 409 eius

45 433 108 464 erit
139 430 228 473 finis:
261 428 294 459 id
327 433 394 464 est,
427 428 499 467 ipse
532 425 637 457 reddit
670 423 824 454 iustitiam
853 429 886 452 et
914 422 1014 452 vitam

46 482 228 510 aeternam,
251 470 310 502 sed
332 470 521 511 imputative
548 468 701 509 primum:
730 470 848 505 postca
874 473 934 504 per
957 473 1014 494 no-

45 517 155 549 vitatis
184 513 424 546 inchoationem
447 512 478 542 in
502 511 566 542 hac
587 510 671 546 vita,
701 508 830 539 tandem
863 516 1014 538 consum-

45 559 164 592 mative
185 557 218 588 in
239 554 343 587 altera
365 555 441 586 vita.

131 599 273 639 Propter
309 598 402 628 unius
435 596 643 628 obedientiam
674 594 753 624 iusti
784 592 1016 623 constituentur

45 643 144 676 multi.
189 641 251 672 Est
272 641 408 671 verbum
433 639 581 670 forense:
611 638 644 668 id
667 642 736 670 est,
759 635 807 665 l’ii
829 633 959 676 placent
983 634 1015 663 in

44 686 109 718 hac
141 685 208 715 vita
240 689 375 724 propter
408 681 627 713 obedientiam
647 677 725 712 *Filii
757 678 839 715 fide,
873 683 906 708 et
933 675 1017 706 haec

44 729 118 769 ipsa
140 727 223 758 fides
247 731 299 757 est
319 725 444 756 initium
468 724 555 755 vitae
583 728 754 758 aeternae,
790 719 862 750 Deo
885 729 943 760 per
966 718 1017 748 Fi-

45 770 125 803 lium
147 767 335 800 vivificante
360 767 472 804 corda,
495 771 531 797 ut
553 765 685 797 dicitur:
709 764 775 804 Eyo
796 763 891 793 citam
915 765 1017 791 aeter-

46 823 119 844 nam
146 812 189 843 do
218 811 272 842 eis.
318 809 398 841 ltem
428 807 550 840 Paulus
581 807 699 849 inquit:
745 806 873 846 Corpus
894 804 1018 844 quidem

46 858 204 888 mortuum
233 857 280 884 est
304 856 442 893 propter
469 855 653 892 peccatum3
686 849 832 888 Spiritus
858 851 904 878 est
932 847 1016 877 vita:

47 895 175 929 scilicet
190 906 249 937 per
267 894 364 926 fidem
382 895 561 926 intuentem
580 892 799 924 obedientiam
817 889 1017 921 mediatoris.

133 939 215 970 Post
237 938 324 969 hanc
345 938 445 968 vitam
470 937 529 968 erit
553 935 646 967 Deus
670 935 778 965 onmia
800 933 832 963 in
857 932 1016 963 omnibus.

46 982 144 1014 Nunc
165 987 218 1013 est
239 979 336 1012 simul
358 986 533 1021 peccatum
556 979 588 1009 in
611 978 721 1009 nobis:
744 976 834 1017 Ergo
857 975 921 1006 iam
938 983 1019 1004 non-

49 1025 125 1057 dum
154 1030 207 1056 est
237 1022 344 1054 onmia
372 1023 403 1053 in
434 1022 605 1058 omnibus,
637 1020 713 1061 quia
742 1019 833 1049 Deus
863 1027 928 1048 non
950 1014 1019 1047 vult

47 1073 232 1109 peccatum.
287 1065 347 1096 Est
369 1066 400 1096 in
423 1065 520 1096 nobis
543 1064 659 1104 ingens
683 1066 874 1103 peccatum,
902 1060 1019 1100 ingens

49 1108 269 1142 imbecillitas.
313 1107 388 1138 Non
409 1108 553 1149 cogitate
569 1104 644 1137 illos
663 1110 785 1136 tantum
803 1102 926 1133 habere
944 1111 1020 1142 pec-

50 1157 136 1190 cata,
159 1151 214 1193 qui
237 1156 431 1193 grassantur
453 1150 595 1181 externis
619 1146 811 1179 sceleribus.
857 1145 945 1175 Satis
968 1149 1020 1174 est

49 1195 81 1226 in
115 1194 212 1226 nobis
245 1199 466 1235 peccatorum.
522 1190 657 1221 Etiamsi
690 1188 745 1220 illa
779 1186 927 1219 similiter
954 1196 1019 1217 non

49 1243 126 1269 sunt
158 1237 190 1267 in
225 1235 392 1269 omnibus3
431 1240 537 1265 tamen
578 1238 629 1264 est
663 1233 779 1272 ingens
813 1228 1020 1261 imbecillitas

48 1280 148 1311 etiam
171 1279 203 1308 in
226 1276 309 1311 illis,
332 1276 388 1318 qui
410 1275 575 1307 excellunt
604 1275 739 1311 virtute,
767 1280 803 1305 ut
824 1273 856 1305 in
880 1272 1020 1310 Davide,

49 1320 234 1358 Abraham,
256 1319 373 1350 Moise.
418 1317 466 1350 llli
490 1319 614 1350 dicunt:
643 1317 719 1348 Non
741 1315 967 1358 iustificabitur
989 1316 1023 1345 in

49 1367 220 1403 conspectu
253 1366 307 1393 tuo
339 1362 442 1393 onmis
473 1362 591 1393 vivens.
641 1359 684 1390 Et
717 1359 790 1391 lob:
831 1358 911 1389 Vere
943 1358 1022 1396 scio,

50 1406 203 1442 Domine,
231 1405 316 1445 qnod
344 1414 407 1435 non
435 1404 478 1435 sit
499 1405 602 1433 iustus
625 1411 733 1433 coram
757 1406 800 1432 te:
825 1402 885 1432 sed
909 1410 1022 1432 sumus

51 1449 126 1480 iusti
149 1454 284 1489 propter
307 1446 430 1477 Filium.
475 1446 555 1477 Post
577 1444 664 1475 hanc
686 1444 784 1475 vitam
804 1450 897 1475 erunt
914 1445 947 1474 in
966 1454 1023 1474 no-

51 1491 158 1522 bisin
181 1496 250 1521 tota
271 1490 480 1527 aeternitate,
515 1488 598 1526 vita,
631 1487 770 1524 iustitia,
800 1485 937 1524 laetitia,
966 1485 1024 1517 lux

51 1531 199 1574 perfecta
223 1538 254 1563 et
277 1532 417 1573 integra.

137 1575 305 1616 Cogitate,
340 1584 436 1615 quam
466 1571 584 1614 procul
615 1573 679 1604 ista
707 1572 816 1613 posita
845 1572 910 1603 sint
932 1576 1026 1602 extra

52 1622 268 1658 conspectum
301 1615 463 1647 humanae
497 1616 648 1647 rationis:
687 1615 748 1645 sed
782 1616 885 1645 verbo
915 1615 1024 1645 divino

51 1670 114 1692 nos
127 1664 360 1696 sustentemus,
371 1659 462 1690 iuxta
475 1658 611 1690 dictum:
634 1658 783 1688 Lucerna
799 1657 934 1697 pedibus
951 1657 1028 1687 meis

51 1703 180 1734 verbum
202 1706 296 1732 tuum.

139 1745 225 1775 Istas
255 1753 375 1775 causas
408 1741 624 1785 copulationis
653 1742 781 1774 divinae
811 1748 843 1773 et
865 1741 1028 1773 humanae

55 1794 192 1819 naturae
214 1787 245 1817 in
268 1785 402 1818 Christo
426 1787 578 1829 cogitate.
624 1785 664 1816 Et
693 1796 767 1817 cum
791 1786 833 1816 sit
855 1791 946 1816 tanta
968 1795 1026 1815 no-

56 1835 127 1861 stra
159 1827 382 1867 imbecillitas,
417 1836 447 1860 et
475 1829 628 1860 assensio
655 1829 696 1859 sit
724 1826 879 1869 languida
907 1834 939 1858 et
962 1834 1027 1858 tre·

716 200 933 234 POSTlLLA
960 196 1354 232 MELANTHONIANA.

1969 196 2033 229 582

1065 302 1144 329 vare
1164 289 1246 322 Filio
1267 289 1469 322 Ecclesiam:
1499 296 1530 322 et
1558 289 1659 322 Filius
1683 300 1748 322 non
1782 289 1906 322 frustra
1932 290 2033 322 venit.

1066 335 1165 366 Sedet
1187 335 1282 365 etiam
1306 333 1348 363 ad
1372 333 1518 364 dextram
1541 332 1659 371 Patris,
1685 334 1768 364 dans
1792 333 1877 365 dona
1899 331 2034 363 homini-

1066 379 1140 415 buS,
1170 377 1229 408 sed
1253 377 1309 407 dat
1332 376 1531 416 petentibus.
1587 375 1662 406 Non
1696 376 1798 407 simus
1833 382 1898 407 tam
1931 374 2034 412 efferi,

1066 428 1101 452 ut
1123 418 1266 452 nolimus
1288 424 1410 460 petere.

1217 588 1277 621 EX
1298 587 1637 620 PRAELECTIONE
1655 588 1763 620 ANNI
1788 588 1892 627 1560„

1155 683 1220 725 qui
1249 682 1323 715 fuit
1351 692 1482 716 annus
1512 683 1656 713 mortis
1685 681 1729 713 D.
1759 681 1952 724 Philippi.

1071 788 1187 838 Quae
1218 787 1398 828 doctrina
1429 787 1617 827 discernit,
1647 786 1863 826 Ecclesiam
1895 802 1919 826 a
1950 787 2039 827 reli-

1388 864 1475 918 quis
1513 863 1725 918 gentibus?

1157 972 1317 1004 Doctrina
1344 973 1385 1003 de
1414 971 1497 1004 Filio
1520 970 1594 1002 Dei.
1649 970 1811 1004 Doctrina
1844 969 1961 1012 legalis
1990 978 2042 1002 est

1072 1014 1181 1057 aliquo
1204 1015 1302 1046 modo
1337 1021 1415 1046 nota
1449 1014 1634 1046 hominibus
1668 1015 1759 1045 sanis
1783 1014 1945 1051 omnibus,
1976 1024 2042 1045 non

1072 1057 1275 1093 furentibus3
1299 1058 1374 1099 quia
1397 1064 1473 1088 sunt
1495 1058 1626 1099 quidam
1645 1057 1725 1087 radii
1747 1055 1834 1087 illius
1851 1057 2043 1097 sapientiae,

1072 1111 1157 1143 quae
1180 1106 1231 1132 est
1254 1100 1335 1138 Lex,
1358 1102 1466 1142 sparsi
1488 1101 1520 1130 in
1543 1106 1670 1131 mentes
1699 1100 1731 1130 in
1756 1099 1932 1130 creatione.
1976 1099 2042 1131 Sed

1073 1145 1137 1175 hoc
1160 1142 1344 1181 consilium,
1366 1143 1453 1184 quod
1477 1142 1571 1174 Deus
1593 1141 1673 1174 velit
1695 1141 1846 1183 recipere
1868 1142 2043 1173 humanum

1073 1196 1195 1230 genus3
1229 1193 1263 1217 et
1283 1187 1329 1217 ita
1351 1185 1431 1216 velit
1454 1186 1617 1226 recipere,
1646 1185 1749 1216 misso
1779 1183 1881 1222 Filio,
1915 1185 1969 1227 qui
2002 1185 2045 1215 sit

1075 1230 1273 1261 constitutus
1310 1228 1545 1260 reconciliator
1578 1234 1611 1259 et
1649 1228 1861 1268 propitiator3
1895 1234 1928 1258 et
1956 1228 2044 1269 quod

1074 1271 1177 1304 Filius
1210 1271 1267 1303 ille
1301 1273 1344 1302 sit
1377 1272 1463 1310 λόγος
1496 1271 1621 1302 aeterni
1651 1269 1773 1308 Patris,
1807 1271 1862 1311 qui
1896 1276 2044 1302 assumta

1074 1315 1216 1347 humana
1238 1320 1355 1346 natura
1377 1325 1418 1345 ex
1440 1315 1568 1356 virgine
1589 1320 1686 1344 natus
1709 1314 1767 1351 sit,
1800 1320 1850 1344 est
1882 1314 2044 1344 inenarra-

1076 1357 1150 1389 bilis
1196 1358 1358 1398 sapientia
1372 1380 1381 1395 ,
1433 1356 1487 1388 vel
1541 1357 1650 1398 potius
1703 1355 2044 1397 incomprehensibilis

1076 1402 1226 1433 omuibus
1250 1400 1421 1431 creatun's.
1476 1399 1554 1431 Ideo
1589 1400 1745 1430 debemus
1769 1405 1881 1439 petere
1903 1398 2044 1430 ardenti-

1076 1445 1138 1475 bus
1173 1443 1279 1480 votis,
1311 1449 1347 1474 ut
1379 1442 1434 1474 hic
1457 1443 1529 1482 ipse
1552 1440 1652 1472 Filius
1685 1451 1748 1472 nos
1788 1442 1926 1479 doceat,
1961 1442 2046 1472 sicut

1077 1487 1170 1517 dicit:
1194 1487 1292 1517 Nemo
1314 1489 1400 1516 novit
1416 1489 1545 1525 patrem
1567 1487 1633 1515 nisi
1654 1486 1770 1516 Filius:
1795 1488 1824 1516 et
1849 1494 1940 1516 nemo
1962 1487 2049 1516 novit

1078 1531 1207 1566 Filium,
1240 1529 1306 1559 nisi
1326 1530 1438 1567 Pater,
1473 1531 1503 1558 et
1531 1531 1582 1558 cui
1610 1529 1744 1558 voluerit
1767 1528 1866 1559 Filius
1894 1529 2046 1559 repelare.

1077 1571 1232 1603 Petamus
1254 1580 1353 1612 ergo,
1376 1577 1409 1601 ut
1429 1580 1492 1601 nos
1517 1570 1646 1608 doceat,
1668 1576 1701 1600 et
1720 1569 1899 1601 clamemus
1921 1569 2047 1601 assidui

1077 1615 1118 1645 ad
1142 1624 1227 1651 eum,
1246 1614 1330 1644 sicut
1352 1613 1461 1644 iussit:
1503 1613 1605 1644 Venite
1637 1613 1682 1643 ad
1703 1622 1753 1643 me
1775 1622 1896 1653 omnes,
1926 1616 1980 1653 qui
2001 1613 2046 1644 Ia-

1079 1657 1199 1689 boratis
1221 1660 1253 1687 et
1273 1659 1400 1687 onerati
1420 1659 1506 1693 estis,
1529 1665 1585 1694 eyo
1607 1657 1749 1694 reficiam
1771 1665 1835 1686 vos.

1164 1699 1230 1730 lsta
1249 1699 1409 1739 sapientia
1421 1698 1523 1729 maior
1546 1703 1607 1735 est,
1641 1708 1738 1738 quam
1772 1697 1921 1729 doctrina
1943 1697 2045 1739 legis:

1079 1751 1273 1784 quamquam
1298 1751 1336 1772 ea
1359 1750 1490 1782 quoquc
1513 1746 1564 1771 est
1586 1738 1682 1771 valde
1705 1738 1860 1781 pulchras
1895 1739 1962 1771 Sed
1985 1741 2051 1771 ista

1079 1785 1238 1826 sapientia
1262 1789 1313 1815 est
1336 1794 1435 1824 supra
1466 1789 1594 1824 captum
1621 1782 1813 1821 humanum,
1845 1793 1941 1824 quam
1971 1793 2048 1815 con-

1078 1826 1307 1868 templabimur
1329 1828 1360 1857 in
1384 1832 1454 1857 tota
1475 1826 1678 1858 aeternitate.
1723 1824 1802 1857 Vult
1826 1833 1932 1857 tamen
1953 1825 2047 1857 Deus

78 1873 151 1910 ida,
174 1870 351 1902 clamemus
379 1872 525 1903 assidue:
558 1871 664 1902 Credo
686 1870 836 1910 Domine,
858 1871 915 1901 sed
938 1880 1026 1910 opem
1050 1866 1053 1918 Ι
1079 1881 1140 1902 nos
1159 1870 1248 1901 initia
1270 1870 1399 1900 discere
1421 1870 1453 1900 in
1482 1868 1545 1900 hac
1567 1870 1642 1899 vita.
1687 1867 1776 1899 Dicit
1804 1877 1957 1900 :internus
1986 1867 2048 1899 Pa-

52 1883 109 1955 }er
131 1915 340 1946 imbecillitati
359 1924 456 1951 meae,
476 1914 563 1955 quod
580 1924 680 1955 saepe
697 1914 783 1951 dico,
801 1919 832 1944 ct
851 1918 1026 1954 propterea
1050 1920 1053 1953 Ι
1078 1920 1144 1945 ter:
1168 1914 1226 1944 Hic
1248 1917 1297 1945 est
1316 1914 1415 1944 Filius
1437 1921 1524 1943 mens
1545 1912 1686 1950 dilectus,
1709 1921 1769 1951 qno
1791 1913 1937 1951 (la-lector,
1966 1914 2049 1943 hunc

57 1958 148 1995 dico,
170 1964 204 1988 ut
227 1955 457 1988 assuefaciatis
480 1966 540 1986 vos
565 1958 605 1987 ad
628 1956 714 1987 hano
736 1957 971 1997 precationem.

141 1999 278 2031 Debetis
307 2009 440 2041 quoque
468 2000 606 2030 recitare
634 1998 827 2040 Symbolum
858 1997 1027 2039 Apostoli-

1050 1957 1053 1979 Ι
1079 1956 1198 1988 audite.

1254 1956 1322 1986 lsta
1355 1955 1509 1986 mandata
1539 1960 1724 1992 teneamuS,
1759 1961 1791 1985 et
1827 1956 2048 1996 obsequamur

1077 1998 1149 2037 his,
1181 2004 1214 2030 et
1242 1999 1329 2030 sicut
1351 1996 1500 2029 infantuli
1529 1997 1645 2028 sedent
1668 1995 1786 2028 inclusi
1816 1999 1848 2028 in
1866 2003 1960 2029 utero
1980 2007 2047 2028 ma-

57 2053 150 2080 cum,
184 2048 215 2073 et
245 2043 276 2072 in
306 2052 344 2072 ea
374 2042 563 2072 recitatione
592 2052 692 2083 opera
715 2041 777 2073 Dei
802 2042 1026 2079 considerare,
1077 2041 1152 2073 tris:
1177 2042 1226 2073 sic
1246 2041 1431 2073 muniamus
1453 2049 1515 2071 nos
1538 2041 1641 2071 verbo
1672 2046 1787 2071 contra
1814 2040 1951 2071 insidias
1971 2039 2047 2070 Dia-

56 2090 89 2116 et
110 2091 240 2126 petere,
263 2090 297 2115 ut
319 2091 480 2125 augeatur
504 2084 596 2115 tides.
640 2083 735 2116 Multi
758 2091 850 2122 sunt,
874 2085 929 2126 qui
958 2094 1024 2115 non
1078 2083 1154 2123 boli,
1178 2094 1263 2126 quae
1280 2093 1419 2125 magnae
1441 2090 1474 2114 et
1493 2081 1667 2115 horribiles
1689 2081 1820 2116 fuerunt
1843 2083 1918 2114 inde
1940 2091 2048 2124 usque

56 2133 196 2169 possunt
228 2127 369 2158 recitare
403 2125 608 2168 Symbolum.

81 2171 201 2202 uotidie
234 2171 355 2201 debent
388 2170 528 2200 recitare
561 2168 774 2211 Symbolum,
808 2176 839 2201 et
870 2168 1023 2201 clamare:

56 2180 204 2250 Zomine,
227 2213 354 2253 odauye
376 2212 466 2243 uobis
485 2212 587 2253 fidem.
637 2211 686 2243 Tu
708 2210 800 2244 Deus
823 2213 943 2244 dedisti
965 2223 1024 2243 no-

57 2255 108 2287 bis
128 2256 264 2294 initium,
281 2256 323 2286 da
345 2255 440 2286 etiam
462 2254 704 2286 incrementum.
749 2255 806 2287 Sic
822 2256 926 2296 inquit
940 2255 1025 2287 Pau-

669 2126 753 2158 Boni
790 2126 1024 2158 adolescentes
1075 2128 1116 2160 ab
1140 2128 1229 2159 initio
1253 2127 1385 2170 generis
1405 2125 1545 2158 humani.

55 2296 124 2329 lus:
158 2297 248 2329 Deus
276 2301 322 2329 est
350 2298 420 2338 qui,
454 2307 521 2328 cum
543 2296 703 2336 offecm·1't,
736 2302 770 2329 ut
792 2299 908 2335 relius,
930 2299 1025 2329 etiam
1078 2293 1293 2343 Quomodo
1336 2292 1437 2334 Cain
1477 2292 1625 2333 defecit
1661 2308 1684 2333 a
1727 2293 1869 2333 Patre:
1913 2305 2046 2331 nonne

54 2340 210 2381 perficiet,
229 2345 264 2371 ut
285 2341 429 2381 possitis,
454 2344 486 2371 ut
507 2341 616 2380 aliqua
636 2339 719 2371 bona
734 2340 814 2382 fiant
831 2342 896 2381 ipsi
907 2344 1025 2381 gyrata:

55 2382 88 2413 id
111 2389 179 2421 est,
214 2394 287 2415 cum
311 2383 436 2414 dederit
464 2383 558 2413 vobis
582 2383 683 2422 initia,
717 2390 750 2419 et
770 2384 940 2414 vocaverit
961 2394 1024 2415 vos
1047 2371 1051 2419 Ι
1076 2369 1151 2410 sUit·
1189 2370 1378 2425 sapiens?

57 2425 98 2455 ad
122 2426 312 2457 societatem
336 2426 515 2463 doctrinae,
539 2431 571 2456 et
592 2424 676 2456 lucis
700 2424 933 2466 Evangelicae,
956 2425 1025 2458 vult
1048 2431 1051 2460 Ι

58 2476 99 2498 ea
119 2467 291 2508 perficere.
336 2467 433 2500 Certe
456 2478 521 2499 non
546 2466 670 2498 frustra
693 2469 842 2506 vocavit,
866 2469 955 2499 dedit
977 2475 1025 2500 ta·

57 2507 201 2546 lentum3
229 2509 315 2548 vult,
343 2517 378 2542 ut
408 2511 632 2547 negotiemini:
660 2510 736 2541 ldeo
760 2511 852 2542 dicit:
874 2515 908 2541 ut
927 2511 1025 2553 perfi-

57 2552 162 2583 ciatis.
217 2551 420 2594 Quamquam
450 2544 531 2584 fides
555 2553 740 2583 concutitur
761 2559 793 2584 et
816 2560 1026 2595 oppugnatur

1441 2369 1560 2411 Certe
1601 2371 1684 2409 eius
1732 2369 1942 2423 posteritas
1986 2368 2046 2408 in—

1343 2447 1454 2487 venit
1485 2446 1613 2486 varias
1650 2452 1755 2486 artes
1764 2445 1782 2488 ’ἔ

1162 2554 1370 2596 Respondeo.
1435 2553 1508 2584 Fuit
1546 2552 1749 2585 excellenter
1787 2554 1941 2595 sapiens3
1985 2555 2046 2585 sed

56 2603 78 2624 a
99 2593 260 2632 Diabolo‚
293 2602 325 2626 et
350 2602 401 2626 est
431 2606 489 2635 per
517 2605 554 2626 se
578 2594 766 2633 imbecillis,
800 2602 907 2627 tamen
931 2597 1024 2628 Deus
1076 2597 1208 2639 quando
1231 2598 1354 2628 audivit
1384 2606 1425 2628 ex
1455 2602 1564 2636 patre:
1599 2597 1709 2628 Semen
1736 2598 1880 2629 mulieris
1909 2601 2047 2629 cmueret

55 2637 190 2679 augebit
211 2636 324 2675 fidem,
354 2638 559 2669 confirmabit
581 2636 730 2679 aliquos3
759 2638 835 2680 quia
863 2637 933 2670 vult
956 2649 1024 2671 ser-

1076 2645 1173 2680 caput
1191 2643 1367 2681 serpentis,
1391 2639 1549 2680 cogitavit
1572 2648 1648 2670 esse
1670 2638 1886 2680 phantasiam.

1789 2698 1843 2724 ³7·
