2324 2958
192 158 254 190 ωἱ
830 158 940 191 Pfflb.
965 157 1067 191 MEL.
1086 157 1276 191 somma
1297 156 1560 190 EXEGE'HCA.
2123 163 2193 197 {352

193 252 412 284 vivificantur.
468 250 521 283 De
542 251 605 283 bac
627 260 664 282 re
686 252 829 293 cogitate
852 254 948 284 etiam
970 252 1168 289 testimonia,

194 305 279 336 quae
307 295 405 326 nobis
434 301 511 326 sunt
538 294 709 336 proposita
738 296 769 327 in
794 305 897 326 coena
921 295 1064 326 Domini.
1119 294 1169 325 Ea

193 348 282 369 nunc
309 343 361 369 est
389 343 536 368 nostrum
566 337 716 376 Pascha,
748 343 782 369 et
805 348 864 380 per
888 337 973 369 hanc
996 337 1082 368 tilius
1105 336 1168 368 Dei

192 386 350 418 testatur,
383 381 470 421 quod
505 378 581 411 velit
613 390 674 411 nos
705 390 766 412 sua
795 381 942 412 membra
968 379 1100 418 facere,
1135 386 1168 410 et

190 423 280 464 quod
303 421 382 454 velit
405 432 468 453 nos
490 422 591 454 inseri
609 433 691 454 suae
716 432 846 454 massae
865 429 1030 464 tamquam
1051 432 1168 454 surcu-

192 464 264 503 los,
287 471 322 497 ut
343 465 548 497 vivificemur
570 475 630 506 per
653 475 737 497 eum.

427 646 490 687 De
522 647 719 687 vocabulo
751 660 924 700 azymus.

280 736 353 779 Ego
376 737 524 775 memini,
553 748 626 769 cum
657 736 845 769 canonicus
869 736 990 769 Comes
1013 736 1166 768 Hennen—

191 781 366 823 bergensis
396 781 599 822 reciperetur
628 790 647 811 a
678 778 820 821 collegio
851 779 1110 822 Bambergensi,
1135 786 1165 811 et

191 833 263 855 mos
286 830 395 861 esset,
425 831 459 855 ut
482 823 608 865 legeret
631 833 742 854 coram
766 822 903 864 populo:
937 821 992 854 ille
1015 821 1163 854 levebat:

190 865 279 896 sieut
302 869 376 896 estis
399 867 493 897 asini:
517 876 616 897 senes
639 866 809 897 dicebant:
832 866 902 896 Nos
926 876 992 897 non
1011 876 1053 896 vo
1069 875 1164 897 umus

190 910 303 941 audire
331 921 351 941 a
379 910 513 940 senibus
544 915 575 939 et
608 909 841 949 prudentibus;
871 915 903 939 et
938 914 1068 950 oportet
1102 918 1163 939 nos

191 952 304 983 audire
327 954 368 983 ab
392 951 670 983 adolescentibus.
715 950 897 983 Vertebant
917 950 999 983 illud
1021 957 1164 983 erratum

190 995 222 1026 in
246 1005 381 1037 gravem
404 995 669 1026 admonitionem.

191 1172 250 1205 DE
280 1171 587 1204 MEDtTA'rtoNE
618 1171 848 1204 PASSlOMS
872 1171 1061 1204 CHRISTl:
1092 1171 1166 1204 1)OE

525 1231 824 1264 PARASCEUES.

277 1317 343 1350 lsta
366 1324 418 1349 est
441 1323 534 1349 vetus
557 1316 731 1349 Ecclesiae
759 1318 983 1355 consuetudo,
1013 1327 1078 1348 non
1102 1318 1166 1358 pri-

190 1372 276 1392 mum
299 1362 341 1392 ab
366 1359 556 1401 Apostolis‚
579 1361 640 1391 sed
664 1361 750 1391 haud
774 1361 872 1391 dubie
894 1360 970 1390 inde
993 1369 1100 1400 usque
1123 1360 1164 1390 ab

189 1405 279 1436 initio
303 1405 434 1445 generis
457 1403 605 1440 humani,
628 1404 659 1433 id
684 1409 751 1441 est,
775 1403 850 1434 inde
873 1412 977 1444 usque
1000 1403 1042 1433 ab
1066 1401 1165 1440 Abel,

190 1446 364 1479 celebrare
387 1446 450 1478 hoc
474 1453 620 1487 tempore
639 1444 717 1477 illud
737 1446 856 1485 ingens
876 1451 908 1476 et
927 1443 1076 1476 mirabile
1095 1455 1164 1486 my-

188 1491 343 1528 sterium,
371 1490 460 1531 quod
484 1489 557 1520 Deo
589 1487 729 1530 placuit,
759 1489 824 1526 sic,
851 1494 883 1519 et
906 1499 972 1519 non
995 1486 1089 1519 aliter
1113 1498 1163 1519 re·

188 1535 313 1566 dimere
346 1543 452 1575 genus
487 1532 680 1569 humanum,
720 1537 752 1563 et
786 1529 944 1573 colligere
977 1529 1164 1563 Ecclesiam

189 1577 292 1608 misso
324 1575 425 1612 Pilio,
460 1576 515 1617 qui
543 1585 604 1616 pro
630 1575 728 1606 nobis
751 1574 845 1605 fieret
868 1575 1009 1605 victima.
1054 1573 1162 1605 Credo

193 1629 307 1652 necem
342 1617 428 1650 Abel
467 1619 555 1649 circa
590 1621 654 1649 hoc
689 1625 816 1658 tempus
849 1616 970 1648 saetam
1004 1626 1099 1654 esse,
1132 1622 1164 1648 et

191 1661 391 1694 oblationem
415 1661 527 1699 Isaac,
552 1661 592 1692 de
615 1671 679 1702 qua
702 1671 766 1691 non
791 1661 916 1691 dubito.

969 1660 1090 1691 Postea
1112 1667 1163 1691 est
1187 1675 1191 1693 ι

190 1706 392 1743 institutum,
421 1710 456 1735 ut
481 1705 593 1742 scitis,
623 1705 654 1734 in
679 1704 768 1734 exitu
792 1702 1012 1734 lsraelitarum
1037 1713 1076 1734 ex
1101 1703 1164 1734 Ae-
1187 1698 1191 1742 Ι
1217 1705 1293 1736 tatis
1322 1703 1433 1735 habet·

1219 249 1309 282 blice
1336 250 1552 284 celebrabant
1580 250 1668 284 festa
1694 263 1756 295 pro
1778 255 1932 293 mortuis,
1950 255 2025 296 fisse
2047 255 2193 290 celebr-a-

1221 293 1277 324 bat
1300 295 1398 335 orgia
1425 293 1569 334 Bocchi,
1595 298 1630 326 et
1657 301 1792 334 contra,
1818 302 1855 328 ut
1877 297 2039 330 derideret
2059 299 2193 343 religio-

1218 345 1306 367 nem.
1350 337 1407 368 Sic
1436 347 1499 369 nos
1527 338 1733 370 meminimus
1755 339 1916 380 quendam
1937 341 2192 382 phantasticam,

1220 379 1276 419 qui
1317 385 1464 420 tempore
1502 379 1679 412 Paschatis
1719 381 1980 414 concionabatur
2014 383 2058 415 tle
2090 385 2192 417 natali

1221 421 1356 460 Christi,
1379 428 1412 453 et
1433 428 1579 464 tempore
1598 424 1768 464 passionis
1790 425 1832 456 de
1854 424 1974 465 natali,
1996 433 2029 458 et
2050 427 2193 467 dicebat,

1219 462 1419 505 Papisticum
1443 475 1520 497 esse
1542 476 1679 498 servare
1696 465 1796 498 alium
1812 477 1951 499 morem.
1996 469 2058 505 Qui
2076 471 2127 502 sic
2144 469 2192 502 lu-

1212 506 1318 545 dunt,
1341 517 1410 539 non
1432 508 1656 547 benefaciunt,
1680 519 1723 541 ne
1745 510 1824 551 quid
1845 509 1933 542 aliud
1956 512 2073 543 dicum.

1305 549 1403 581 Omni
1424 555 1574 593 tempore
1589 558 1640 583 est
1658 562 1698 583 co
1737 553 1835 584 tanda
1853 554 2008 586 nativitas
2027 561 2059 586 et
2077 557 2191 597 passio

1220 591 1359 623 Christi:
1392 593 1452 624 sed
1485 600 1594 625 tamen
1629 601 1661 626 et
1692 562 1769 626 iffos
1803 596 1886 627 ritus
1920 606 2057 629 servare
2091 599 2191 630 certis

1218 635 1422 675 temporibus
1451 637 1527 668 anni
1554 637 1728 669 honestum
1757 644 1788 669 et
1810 637 1890 670 utile
1912 644 1984 677 est,
2015 642 2192 673 memoriae

1219 687 1332 709 causa.
1387 677 1444 709 Sic
1472 685 1504 710 et
1532 689 1613 717 nos,
1646 690 1842 722 quamquam
1865 683 2118 723 magnitudinem
2141 693 2191 716 re*

1216 730 1289 751 rum
1310 730 1377 751 nnn
1405 721 1574 762 possimus
1602 723 1666 754 isto
1698 724 1789 755 brevi
1811 730 1977 765 tempore,
2005 723 2059 756 vel
2082 727 2191 768 potius

1216 761 1308 794 nullo
1332 769 1479 804 ternpore
1501 765 1582 795 satis
1606 764 1784 805 explicare,
1808 772 1916 798 tamen
1940 765 2080 809 legimus
2103 778 2192 799 nunc

1217 804 1347 847 aliquas
1375 812 1490 847 partes
1518 807 1674 839 historiae
1702 809 1934 850 propheticae:
1974 810 2114 841 Caetera
2144 811 2191 841 di-

1216 855 1334 880 ountur
1354 858 1416 890 per
1436 854 1541 880 totum
1563 859 1696 889 annum,
1713 857 1869 892 quantum
1885 852 2018 894 quidem
2035 862 2098 884 nos
2115 861 2189 895 pos·

1216 901 1341 923 sumus.

1302 933 1410 965 Vetus
1432 939 1484 965 est
1506 934 1642 966 dictum:
1670 934 1789 964 suumn
1811 946 1890 975 opus
1912 946 1976 966 esse
1996 939 2112 976 maius,
2132 948 2190 968 m

1217 977 1295 1016 lius,
1327 978 1482 1015 sanctius,
1512 977 1715 1007 meditatione
1740 980 1901 1017 passionis
1934 979 2061 1009 Christi.
2117 980 2192 1012 Fuit

1216 1019 1385 1061 antiquum
1413 1020 1544 1051 dictum.
1596 1020 1667 1051 Nos
1697 1029 1798 1052 senes
1827 1031 1929 1062 saepe
1957 1023 2141 1054 audivimus
2170 1033 2192 1055 a

1217 1062 1410 1103 parentibus
1438 1063 1578 1100 nostris,
1612 1069 1645 1094 et
1674 1069 1726 1094 est
1754 1065 1894 1102 bonum,
1928 1075 2061 1107 quoquo
2092 1065 2190 1098 modo

1219 1104 1435 1147 intelligatur,
1455 1112 1547 1137 recte
1568 1106 1860 1138 accommodando.

1304 1149 1474 1180 Meditatio
1503 1149 1670 1189 passionis
1700 1147 1823 1180 Christi
1846 1155 1898 1180 est
1919 1148 2052 1191 triplex:
2079 1150 2191 1183 Prima

1218 1191 1464 1232 paedagogica;
1492 1190 1528 1220 ll.
1552 1189 1755 1232 Spiritualis3
1782 1191 1834 1222 ΙΙΙ.
1858 1191 2076 1233 Exemplaris.
2121 1193 2190 1225 Me-

1219 1234 1331 1265 ditatio
1356 1233 1606 1275 Paedagogica‚
1635 1239 1687 1264 est
1710 1235 1876 1276 cognitio,
1904 1233 2023 1272 lectio,
2045 1236 2189 1268 studium

1218 1276 1393 1313 historiae,
1421 1277 1507 1307 sicut
1529 1285 1670 1307 necesse
1692 1283 1744 1307 est
1766 1278 1922 1315 iuvenes,
1946 1276 2190 1317 adolescentes,

1217 1328 1338 1359 pueros
1372 1319 1493 1349 docere
1525 1317 1713 1356 historiam,
1745 1320 1924 1350 admonere
1953 1320 1994 1350 de
2023 1321 2190 1352 doctrina:

1218 1362 1292 1392 ideo
1333 1361 1449 1391 retinet
1488 1359 1641 1391 Ecclesia
1680 1361 1775 1391 ritum
1816 1360 1977 1402 legendae
2020 1362 2190 1393 historiae.

1217 1403 1357 1445 Oportet
1387 1413 1464 1434 esse
1485 1401 1596 1443 aliqua
1626 1409 1790 1443 tempora,
1815 1404 1848 1434 in
1872 1404 1992 1444 quibus
2013 1405 2191 1446 praecipue

1219 1453 1249 1478 et
1272 1445 1434 1488 prolixius
1456 1444 1595 1476 historia
1617 1451 1792 1484 tractetur,
1820 1452 1850 1477 et
1878 1445 2063 1478 inculcetur
2084 1448 2191 1478 rudio-

1216 1491 1321 1527 ribus,
1343 1494 1379 1520 ut
1401 1489 1557 1519 memoria
1578 1487 1736 1520 historiae
1760 1495 1989 1521 conservetur:
2021 1489 2107 1525 Quia
2124 1499 2191 1522 non

1216 1533 1345 1564 debetis
1363 1532 1523 1573 cogitare,
1542 1531 1629 1572 quod
1650 1541 1723 1563 cum
1741 1531 1845 1563 semel
1863 1537 1962 1573 atque
1983 1533 2099 1563 iterum
2122 1542 2190 1564 rem

1215 1574 1358 1617 aliquam
1380 1574 1538 1610 audistis,
1568 1584 1630 1604 vos
1660 1584 1732 1605 eam
1759 1584 1890 1616 semper
1912 1584 2014 1616 posse
2037 1575 2188 1608 retinere.

1216 1618 1290 1650 Non
1313 1619 1362 1649 sic
1385 1624 1454 1655 est,
1476 1618 1535 1648 sed
1559 1617 1674 1648 eadem
1697 1627 1829 1658 semper
1851 1618 2029 1658 repetenda
2052 1625 2138 1650 suut.

1302 1661 1369 1692 lsta
1392 1660 1624 1702 Paedagogica
1647 1660 1814 1691 meditatio
1836 1659 1933 1691 valde
1955 1658 2089 1692 multum
2109 1658 2190 1692 utili-

1487 1703 1664 1744 Legendus
1695 1709 1746 1734 est
1774 1709 1904 1740 textuS,
1938 1710 1968 1734 et
1998 1703 2190 1735 conserendi

190 1755 314 1791 gypto,
354 1754 389 1779 ut
422 1757 528 1789 agnus
568 1753 768 1778 mactaretur
802 1745 865 1778 hoc
899 1747 970 1787 ipso
1007 1754 1164 1786 tempore,
1188 1745 1192 1777 Ι
1216 1747 1411 1788 prophetae,
1429 1746 1595 1787 quomodo
1618 1747 1669 1776 isti
1692 1747 1860 1777 vaticinati
1874 1746 1948 1787 *sint
1971 1746 2012 1777 de
2033 1747 2190 1787 passione

189 1791 278 1829 quod
302 1797 353 1821 est
378 1791 524 1827 ramim,
548 1791 579 1821 in
603 1800 668 1831 quo
692 1799 813 1830 passus
837 1796 887 1820 est
911 1789 1080 1820 Christus:
1110 1789 1163 1830 qui
1188 1786 1192 1817 l
1216 1790 1351 1822 Christi.

880 1831 1047 1872 Deinceps
1067 1833 1164 1862 istum
1188 1822 1192 1850 ¹

190 1835 263 1876 ipse
285 1834 431 1865 servavit
454 1833 620 1864 historiam
646 1834 740 1863 istius
761 1833 833 1863 diei.

1403 1787 1722 1819 Commonesaciendi
1751 1795 1827 1820 sunt
1856 1787 2005 1820 homines
2034 1789 2075 1820 de
2102 1799 2190 1820 com·

1218 1834 1304 1864 muni
1329 1832 1476 1863 doctrina
1501 1832 1708 1863 catechismi.
1743 1832 1831 1873 quod
1862 1831 1970 1863 ludaei
1997 1830 2083 1863 aliud
2113 1833 2189 1863 ima-

191 1887 313 1908 morcm
337 1876 467 1907 retinuit
497 1874 666 1913 Ecclesia,
697 1882 729 1906 ut
754 1875 819 1907 huc
842 1876 915 1916 ipso
939 1882 1086 1915 tempore
1109 1875 1164 1905 mi-
1188 1877 1192 1911 ᾇ
1219 1876 1391 1919 ginentur‚
1430 1873 1518 1904 aliud
1552 1873 1727 1915 loquantur
1763 1873 1947 1915 Prophetae
1981 1876 2023 1906 de
2055 1873 2189 1906 Messia.

190 1921 284 1951 randi
319 1919 464 1959 mysterii
500 1919 654 1949 memoria
690 1917 929 1956 celebraretur,
969 1925 999 1949 et
1035 1916 1165 1959 publice
1189 1934 1192 1956 t
1218 1920 1311 1951 stent
1331 1917 1439 1948 adhuc
1461 1916 1556 1947 hodie
1580 1916 1701 1948 habent
1723 1917 1962 1957 phantasticam
1986 1917 2189 1959 imaginatio·

190 1970 388 1995 tractaretur
410 1962 558 1993 doctrina
583 1962 623 1992 ‹le
647 1960 709 1991 hac
731 1971 777 1991 re.

1189 1957 1192 1988 l
1219 1972 1292 1993 nem
1317 1961 1441 1991 ludaei:
1477 1959 1620 1990 Messias
1649 1961 1754 1991 veniet
1779 1966 1811 1990 et
1834 1961 1969 1991 reducet
1992 1970 2054 1991 nos
2076 1961 2108 1991 in
2134 1959 2190 1991 Pa-

278 2005 347 2036 Etsi
372 2006 455 2036 enim
479 2004 561 2035 haec
584 2005 746 2046 quotidie,
777 2010 808 2035 et
830 2004 968 2045 singulis
992 2004 1165 2034 momentis
1190 1999 1194 2051 Ἰ
1219 2003 1404 2040 laestinam‚
1427 2009 1457 2033 et
1482 2003 1626 2034 instituet
1651 2013 1788 2043 regnum
1811 2001 1991 2044 politicum,
2012 2003 2067 2034 ubi
2090 2003 2190 2034 sedes

195 2049 373 2089 cogitanda
409 2054 501 2084 sunt,
532 2049 607 2089 qui-¹
642 2048 673 2078 in
709 2047 916 2078 invocatione
946 2056 1086 2077 rim-esse
1116 2053 1166 2077 est

192 2088 327 2123 assidue
350 2091 466 2122 intueri
491 2089 589 2121 filium
609 2089 670 2121 Dei
695 2090 949 2120 intercedentem
974 2100 1033 2130 pro
1057 2090 1166 2126 nobis,
1191 2116 1194 2142 ἶ

1192 2157 1193 2169 ,
1219 2144 1293 2164 nam
1317 2133 1555 2172 Prophetarum
1575 2139 1606 2162 et
1627 2131 1877 2172 Apostolorum.
1922 2132 2054 2162 scimus
2077 2129 2191 2162 Filium

192 2141 299 2166 tanen
325 2132 473 2165 Ecclesia
496 2134 636 2175 sumpsit
658 2140 786 2174 teinpus
809 2139 949 2170 certum,
977 2133 1008 2163 in
1032 2143 1097 2174 quo
1121 2132 1168 2163 hi-

193 2178 296 2209 storia
326 2183 568 2219 proponeretur
596 2174 738 2217 populo,
775 2177 974 2216 repetendae
997 2175 1167 2206 doctrinae

192 2231 312 2258 causa,
342 2221 394 2251 ubi
426 2220 593 2261 eopiosius
622 2220 662 2251 (le
690 2217 746 2250 illa
777 2229 812 2249 re
843 2219 1026 2250 (luceretur.
1073 2218 1166 2250 Hunc

192 2273 315 2294 morem
339 2270 371 2294 et
394 2273 456 2293 nos
480 2273 668 2301 servamus,
692 2269 720 2292 ct
746 2262 874 2303 quidem
899 2272 1070 2292 servamus
1092 2272 1166 2303 pru-
1191 2262 1194 2268 '

1220 2048 1280 2079 erit
1309 2047 1457 2088 imperii,
1487 2052 1517 2075 et
1548 2046 1734 2086 provincias
1761 2047 1918 2076 subactas
1949 2046 2119 2077 distribuet
2142 2045 2191 2077 lu-

1219 2091 1322 2122 daeis.
1379 2089 1447 2119 Nos
1474 2090 1505 2119 in
1536 2087 1686 2119 Ecclesia
1715 2095 1844 2125 contra,
1877 2089 2044 2129 sequimur
2071 2088 2192 2119 doctri-

1220 2176 1281 2208 Dei
1311 2176 1445 2206 missum
1474 2184 1571 2211 esse,
1604 2181 1639 2206 ut
1669 2174 1759 2205 tieret
1788 2175 1934 2211 victima,
1967 2180 2003 2205 ut
2033 2173 2192 2205 Dominus

1221 2221 1317 2250 «locut
1343 2217 1524 2259 discipulos
1548 2224 1664 2248 euntes
1687 2218 1717 2248 in
1742 2217 1874 2250 Emaus.
1898 2217 1951 2258 qui
1975 2217 2070 2248 etiam
2092 2216 2192 2249 habe·

1219 2263 1297 2294 bant
1321 2260 1408 2291 illam
1432 2260 1617 2301 opinionem
1640 2261 1682 2292 «le
1706 2258 1837 2301 politico
1857 2259 1918 2290 illo
1942 2269 2045 2301 reguo
2068 2266 2100 2291 et
2118 2269 2192 2302 par-

191 2313 263 2348 μετ’
283 2304 431 2347 exempla
448 2304 677 2346 pulcherrima.
712 2304 798 2340 Quid
813 2305 896 2336 enim
915 2310 965 2335 est
982 2303 1165 2346 pulchrius,
1189 2324 1193 2360 Ι
1219 2306 1333 2337 titione
1357 2304 1610 2345 provinciarum.

216 2360 288 2381 uam
318 2359 412 2390 sequi
442 2347 628 2389 exemplum
657 2347 711 2379 filii
737 2347 818 2385 Dei,
851 2354 882 2379 et
906 2348 1081 2379 universae
1106 2347 1166 2378 bc-

192 2360 317 2424 ssesiae
340 2393 482 2423 omnium
506 2390 710 2432 temporum?

281 2434 350 2466 Vos
384 2444 486 2476 saepe
515 2436 672 2470 audistis,
707 2434 846 2464 Athenis
878 2432 981 2465 fuisse
1005 2434 1165 2474 {intendam
1190 2433 1194 2445 ⁹

194 2477 387 2520 Cynesiam,
410 2479 463 2519 qui
487 2476 599 2509 habuit
622 2487 738 2509 nomen
763 2489 781 2507 a
806 2487 899 2514 mne,
924 2483 953 2506 et
978 2475 1035 2507 suit
1061 2478 1166 2514 canis,
1191 2474 1195 2503 ἲ

193 2522 248 2561 (ut
283 2519 435 2553 canisius
469 2519 542 2558 ille,
576 2521 630 2561 qui
659 2521 744 2562 apud
776 2520 898 2574 Regem
929 2518 1195 2566 Fen-‹tinunctun=[

194 2565 402 2607 persequitur
427 2563 633 2603 Ecclesiam)
661 2565 688 2594 is
718 2569 789 2594 erat
812 2564 975 2605 hymnus,
1003 2569 1034 2594 et
1056 2572 1168 2593 serva-

1192 2572 1197 2644 Ι
1220 2563 1285 2647 23⁰

196 2609 251 2638 bot
275 2606 358 2638 fasta
383 2608 547 2639 oomni-tn
577 2605 716 2647 public-is
743 2604 856 2644 sesua,
886 2612 920 2637 ut
948 2605 1081 2647 quando
1111 2615 1169 2647 pu·

1305 2348 1369 2378 lsta
1400 2347 1612 2389 Paedagog-ia
1643 2352 1692 2377 est
1728 2345 1966 2387 qualiscunque
2001 2344 2118 2380 lectio„
2157 2351 2192 2376 ut

1191 2420 1193 2422 .
1220 2401 1306 2422 nnnc
1336 2391 1431 2421 etiam
1461 2390 1601 2432 legimus
1629 2396 1726 2430 caput
1752 2389 1889 2426 Esaiae,
1918 2395 1951 2419 ut
1975 2388 2017 2419 sit
2039 2388 2193 2419 omnibu·

1219 2433 1470 2465 familiarissime
1495 2439 1625 2469 notum,
1652 2439 1685 2463 et
1709 2438 1741 2463 ut
1766 2430 1999 2462 adolescentes
2023 2430 2192 2462 (immmu-

1219 2478 1315 2507 ticnm
1348 2477 1378 2507 in
1408 2475 1464 2507 illo
1488 2482 1575 2507 textu
1599 2476 1820 2507 considerent.
1870 2473 1910 2505 Et
1933 2473 1997 2505 hoc
2021 2479 2119 2515 caput
2141 2478 2195 2504 ent

1220 2519 1349 2551 illustre
1377 2520 1596 2550 testimonium
1625 2525 1739 2550 contra
1770 2518 1919 2549 ludaeos.
1975 2517 2076 2559 ldque
2098 2515 2194 2547 etia-

1319 2563 1557 2604 aedngogicam
1591 2562 1832 2593 meditationem
1866 2561 2027 2602 pertinen
2050 2559 2135 2634 aula
2161 2563 2194 2590 et

1361 2616 1380 2637 e
1403 2606 1561 2647 proponent
1584 2603 1650 2635 hoo
1671 2611 1769 2645 caput
1788 2603 1920 2641 tudam,
1942 2603 2031 2644 quod
2085 2602 2193 2633 ond-

2298 2473 2312 2507 ‘2
