2324 2958
184 162 226 193 75
820 158 927 190 l’HlL.
951 158 1052 190 MEL.
1077 157 1261 190 SCRIPTA
1284 155 1547 189 EXEGETICA.
1812 190 1817 194 ,
2147 161 2189 193 76

270 254 311 286 Et
343 255 418 296 quia
451 254 550 285 utitur
583 253 747 295 scriptura
771 252 1048 295 appellationibus
1072 262 1158 284 sum-

183 299 248 340 ptis
271 307 312 329 ex
335 304 452 329 natura
486 296 642 334 hominis,
667 307 752 338 quae
775 306 837 328 nos
862 297 1025 327 deducunt
1049 295 1091 325 ad
1115 295 1157 325 si-

182 340 393 372 militudinem
416 349 540 377 eorum,
564 349 649 380 quae
673 340 753 371 liunt
777 341 809 371 in
828 339 936 376 nobis,
971 347 1071 378 saepe
1093 346 1156 367 nos

183 386 274 425 ipsos
297 383 508 423 aspiciamus,
533 387 565 413 et
587 382 837 414 consideremus
855 382 1005 413 actiones
1028 380 1155 411 animae

182 428 214 458 in
236 426 344 457 nobis.
411 423 518 466 Magis
541 425 638 456 etiam
659 435 807 457 amemus
836 423 944 455 studia
974 423 1154 459 doctrinae,

181 475 214 500 ut
237 468 346 509 aliquo
370 467 467 498 modo
490 466 662 499 declarare
683 469 850 509 possimus
874 466 957 497 haec
980 462 1153 496 vocabula.

266 511 340 541 Non
364 510 515 541 tribuitur
537 509 671 550 Spiritui
700 516 816 542 sancto
846 509 955 546 nasci,
984 508 1042 538 sed
1072 505 1152 544 filio,

180 555 320 595 Spiritus
342 559 479 584 sanctus
502 559 611 584 autem
634 554 749 584 dicitur
771 552 967 593 procedere,
992 550 1075 585 Quia
1097 559 1153 580 na—

179 597 227 627 sci
251 602 302 628 est
315 606 334 626 a
346 596 492 636 potentia
505 597 681 637 cogitante.
705 595 786 627 Nam
800 594 998 637 cogitatione
1010 591 1153 623 forman-

179 646 230 670 tur
253 639 422 679 imagines,
446 639 627 678 precedere
650 644 701 669 est
723 649 741 669 a
755 637 899 679 potentia
919 634 1068 673 volente,
1091 644 1152 666 seu

177 687 369 723 appetente,
392 681 423 711 in
453 691 517 722 qua
540 687 615 712 sunt
639 686 747 712 motus
771 680 953 711 affectuum.
983 678 1152 709 Aeternus

177 729 269 764 pater
302 724 432 755 intuens
467 733 544 754 sese
567 724 670 765 gignit
694 722 809 754 filium:
832 721 872 752 Et
895 719 981 752 iilius
1004 720 1153 752 nascitur

177 768 283 808 imago
303 772 477 798 coaeterna
496 768 614 806 panis:
645 765 784 806 Spiritus
813 770 947 796 sanctus
970 770 1023 795 est
1045 769 1152 795 motor

177 819 235 841 seu
260 810 415 851 agitator,
446 815 476 839 et
511 814 560 840 est
584 819 687 846 amor,
711 814 743 840 et
765 807 886 839 laetitia
919 812 1095 838 coaeterna
1119 811 1151 837 et

177 851 405 883 substantialis
429 852 513 883 inter
536 858 660 892 patrem
679 857 711 882 et
734 850 845 882 filium.

263 897 309 926 ita
338 900 414 925 sunt
448 895 479 924 in
515 893 643 925 bomine
666 895 800 925 umbrae
822 893 984 934 quaedam
1014 893 1150 923 istarum

174 939 388 969 maximarum
402 947 522 974 rerum,
545 947 630 977 quae
652 935 789 967 fuissent
815 935 1022 972 illustriores,
1041 936 1070 965 si
1094 945 1150 966 na-

176 986 247 1012 tura
270 981 448 1011 mansisset
471 981 610 1021 integra,
644 979 699 1010 ubi
721 979 826 1021 magis
850 977 1000 1009 fulsisset
1024 977 1149 1009 Divini—

174 1030 226 1055 tas
249 1024 281 1055 in
304 1023 408 1054 nobis.
456 1022 550 1054 Nunc
574 1023 628 1053 vix
652 1021 805 1054 attollere
831 1020 946 1053 oculos
969 1030 1148 1062 possumus

173 1066 216 1097 ad
249 1072 410 1097 tantarum
446 1075 553 1096 rerum
589 1065 896 1096 considerationem.
944 1063 1011 1095 Sed
1040 1069 1148 1095 tamen

173 1108 330 1140 debemus
364 1108 504 1140 retinere
539 1107 780 1139 confessionem
817 1107 975 1144 veritatis,
1009 1113 1041 1138 et
1076 1116 1148 1138 eam

173 1161 293 1183 sonare
317 1152 478 1182 adversus
503 1149 695 1187 Diabolum,
725 1150 934 1192 quantumvis
965 1148 1148 1181 imbecilles

171 1201 202 1226 et
226 1194 341 1225 infirmi
365 1204 489 1231 sumus,
515 1194 601 1224 sicut
623 1192 784 1231 infantuli,
813 1194 854 1224 de
877 1193 996 1235 quibus
1020 1193 1148 1232 (licitur,

171 1248 210 1269 ex
223 1247 280 1268 ore
294 1235 464 1268 infantium
476 1242 505 1268 et
520 1235 707 1268 lactentium
716 1234 884 1277 perfecisti
908 1235 1039 1267 laudem
1048 1242 1147 1267 tuam.

257 1280 320 1310 lam
345 1278 552 1310 conseramus
576 1290 648 1310 cum
671 1278 734 1317 his,
759 1290 844 1321 quac
869 1280 909 1310 de
928 1288 1073 1320 persona
1096 1279 1148 1310 Fi-

171 1322 203 1354 lii
239 1323 389 1360 diximus,
423 1323 640 1353 narrationem
674 1321 819 1359 loannis,
853 1323 907 1364 qui
940 1322 973 1353 in
1009 1322 1146 1353 exordio

168 1364 341 1407 Evangelii
364 1366 414 1397 sui
434 1365 571 1406 primum
595 1366 738 1397 omnium
760 1365 851 1406 ponit
874 1365 1147 1407 propositionem,

168 1418 253 1450 quae
276 1415 327 1440 est
350 1408 554 1439 asseveratio
578 1409 619 1439 de
642 1409 881 1440 coaeternitate
903 1408 976 1439 Filii
999 1418 1073 1440 cum
1085 1407 1148 1439 Pa-

168 1457 230 1483 tre:
267 1454 302 1483 ln
329 1455 491 1492 principio
519 1456 590 1483 erac
620 1452 758 1483 Verbum.
825 1451 954 1483 Deinde
987 1451 1147 1483 discernit

167 1504 342 1535 personant
366 1494 437 1526 filii
460 1505 480 1526 a
505 1493 620 1532 Patre,
651 1505 723 1525 cum
754 1495 874 1536 inquit:
911 1496 1040 1526 Verbum
1074 1499 1148 1526 erac

166 1539 253 1578 aJmcl
274 1537 386 1569 Deum.
433 1537 503 1569 Hac
527 1536 632 1568 forma
655 1537 1024 1579 verborumrsignificat
1047 1537 1145 1569 etlam

165 1591 306 1613 arcanas
331 1580 584 1612 deliberationes
607 1580 692 1611 inter
705 1580 836 1612 Patrem
860 1587 893 1612 et
908 1579 1036 1619 Filium,
1058 1581 1144 1612 sicut

167 1625 197 1655 in
221 1624 388 1656 creatione
411 1634 542 1665 quoque
562 1622 721 1655 deliberat
738 1623 838 1655 Pater
861 1634 936 1656 eum
959 1623 1058 1655 Filio:
1084 1624 1145 1655 Fa-

167 1668 290 1699 ciamus
327 1667 488 1698 bominem
523 1667 565 1697 ad
594 1667 768 1709 imaginem
792 1672 950 1698 nostram.
1019 1667 1144 1698 Postea

165 1710 270 1741 addit:
296 1709 338 1741 E!
360 1711 446 1741 Deus
469 1714 542 1741 era!
571 1711 707 1741 Verbum.
755 1709 805 1741 De
828 1710 891 1741 hac
915 1711 1143 1752 propositione

165 1762 305 1795 quaero:
329 1752 433 1791 Quae,
456 1751 574 1794 qualis,
598 1754 745 1794 quanta?
790 1752 1002 1794 Respondeo.
1045 1752 1143 1784 Cate-

165 1797 290 1838 gorica,
325 1794 543 1833 Ami-rumim,
578 1795 775 1838 Singularis.
852 1798 979 1828 Verbum
1009 1797 1143 1838 ponitur

165 1839 241 1871 loco
265 1838 421 1870 Subiecti.
492 1840 576 1870 Dens
598 1838 674 1871 loco
704 1839 898 1871 Praedicati.
968 1839 1057 1871 llaec
1091 1845 1141 1870 est

164 1882 268 1924 igitur*
285 1882 498 1913 constructio.
575 1883 701 1913 Verbum
730 1887 805 1913 rra!
832 1885 928 1919 Deus,
957 1882 973 1912 ὁ
998 1883 1084 1922 λόγος
1108 1877 1143 1920 ἧν

164 1926 247 1961 θεός.
306 1925 367 1960 Qui
404 1934 467 1955 non
504 1925 666 1959 viderunt,
700 1925 846 1957 Verbum
870 1935 931 1957 seu
954 1926 1040 1965 λόγον
1065 1935 1142 1957 esse

163 1967 354 1999 Subiectum
379 1969 409 1998 in
433 1966 495 1998 hac
515 1969 751 2008 propositione.
776 1967 872 1999 valde
896 1978 933 1999 se
953 1969 1142 2000 cruciarunt

164 2011 194 2042 in
218 2009 439 2051 explicatione
462 2009 558 2041 huius
588 2009 651 2043 loci
708 2011 947 2053 Excogitarunt
976 2012 1141 2043 obscuras

163 2060 194 2085 et
228 2052 354 2085 alienas
388 2053 634 2095 expositiones,
677 2055 763 2085 sieut
802 2064 943 2085 necesse
977 2061 1028 2085 cst
1059 2053 1141 2092 fieri,

163 2097 293 2138 quando
317 2097 487 2138 ignoratur
512 2096 745 2128 (iranunatica.
792 2097 896 2135 Etiam
922 2099 952 2128 in
978 2099 1140 2128 communi

162 2149 314 2171 sermone
326 2149 444 2171 nomen
464 2140 666 2171 communius
680 2146 731 2171 cst
751 2139 994 2171 Prnctlicatum:
1007 2140 1074 2172 Sed
1088 2139 1140 2171 hic

163 2193 203 2213 ex
228 2181 366 2213 articulo
385 2183 497 2214 addito
521 2183 654 2214 iudicari
678 2189 788 2224 potest,
812 2183 853 2213 de
865 2183 1040 2215 Subiecto:
1065 2193 1139 2214 nam

163 2225 333 2256 Articulus
369 2224 536 2263 Graecus,
571 2226 759 2267 ubicunque
793 2227 942 2266 ponitur,
978 2232 1136 2257 monstrat

162 2269 371 2300 Subiectum:
397 2267 521 2310 Estque
544 2279 703 2310 expressa
727 2267 918 2303 nssiriimtio,
954 2269 1039 2307 λόγον
1063 2279 1139 2300 csse

161 2321 336 2353 personam
360 2311 522 2342 divinum:
546 2311 616 2343 Nec
639 2311 770 2353 ponitur
793 2311 846 2342 hic
859 2310 952 2343 Deus
972 2311 1139 2352 metapho-

162 2355 241 2391 rice,
259 2355 318 2385 sed
342 2352 572 2385 essentialiter.
619 2354 695 2386 ideo
718 2364 792 2385 mox
816 2355 923 2386 addit:
952 2357 1058 2386 (lumin
1079 2365 1139 2394 per

161 2401 258 2438 ipsum
279 2400 372 2437 sac-tn
394 2401 476 2429 mant.
501 2402 532 2429 ΡΙ
553 2401 624 2429 sine
647 2401 716 2438 ipso
736 2400 861 2437 filetum
886 2401 933 2428 rr!
956 2399 1036 2428 mhi!
1057 2399 1141 2437 qma!

158 2443 282 2480 sactum
305 2445 370 2472 ru:
404 2441 499 2482 quusi
523 2440 628 2472 client:
664 2440 738 2482 lpse
761 2451 827 2471 non
852 2447 900 2471 est
927 2439 1048 2473 suctus,
1079 2441 1137 2470 scd

161 2490 210 2515 est
236 2481 341 2514 factor
366 2494 473 2515 rerum
496 2483 649 2515 omnium.

227 2526 379 2557 Loriotus
404 2527 544 2568 negabat
569 2527 697 2558 Patrem
711 2536 788 2558 esse
800 2533 995 2559 creatorem.
1015 2527 1074 2557 sed
1091 2527 1138 2557 Fi-

161 2569 236 2601 lium
262 2577 384 2601 tantum
410 2570 538 2600 dicebat
564 2576 747 2601 creatorem
771 2580 858 2607 esse,
883 2571 958 2612 quin
985 2569 1037 2600 hi‹-
1058 2570 1137 2600 scri-

160 2619 248 2653 ptum
274 2613 330 2643 sit:
359 2615 468 2644 ornam
488 2624 549 2653 per
573 2617 676 2652 ipsum
698 2616 790 2652 sacta
813 2617 893 2644 sinu.

1291 249 1363 281 Etsi
1397 256 1507 282 autem
1541 251 1574 282 in
1606 250 1725 283 Latino
1760 258 1852 284 textu
1886 258 1936 284 est
1975 254 2187 295 ambiguitas,

1205 293 1281 334 quia
1314 292 1477 334 particula
1510 295 1573 326 Per
1606 298 1711 335 ipsum
1748 294 1871 326 Latinis
1894 305 1998 336 saepe
2021 296 2188 338 signifieat

1204 341 1353 367 autorem
1387 337 1520 368 unicum
1554 342 1724 379 agentem:
1758 343 1868 369 tamen
1900 339 1934 369 in
1963 337 2095 371 Graeco
2117 350 2186 372 non

1204 383 1256 409 est
1279 377 1351 417 ὑπὸ,
1386 378 1447 410 sed
1470 378 1533 418 διά,
1568 390 1652 421 quae
1674 390 1741 411 vox
1763 389 1831 412 non
1853 379 2002 412 excludit
2021 381 2122 414 alium
2142 383 2186 415 si-

1203 419 1271 452 mul
1293 426 1457 464 agentem.
1524 422 1619 454 Adeo
1652 420 1789 454 multum
1822 422 1942 462 refert,
1976 424 2010 455 in
2032 425 2185 458 omnibus

1203 464 1346 495 textibus
1369 465 1555 506 scripturae
1574 465 1788 497 considerare
1811 466 2078 498 Grammatieam.
2122 467 2186 501 Est

1203 506 1286 538 enim
1306 506 1438 539 Creatio
1463 517 1636 539 commune
1658 518 1743 549 opus
1766 508 1875 541 Patris
1898 515 1930 541 et
1960 508 2034 542 Filii
2057 516 2089 542 et
2112 510 2199 553 Spi-'

1201 549 1284 581 ritus
1307 550 1427 588 sancti,
1451 551 1511 581 sed
1524 557 1617 583 certo
1635 552 1750 582 ordine
1773 552 1924 584 tribuitur
1941 554 2094 594 personis
2116 555 2185 585 sin-

1202 590 1298 634 gulis.
1344 592 1444 624 Pater
1467 592 1538 625 vult
1561 594 1776 633 creationem,
1799 601 1832 626 et
1855 595 1995 627 dicendo
2019 607 2091 628 eam
2114 595 2183 628 effi-

1202 635 1245 666 cit
1268 645 1328 676 per
1350 634 1475 667 Filium.
1522 635 1625 668 l-'ilius
1648 639 1819 680 exequitur
1841 636 2045 671 voluntatem
2060 639 2182 679 Patris,

1201 683 1233 708 et
1254 687 1314 719 per
1336 687 1374 709 se
1397 679 1510 710 tribuit
1531 679 1632 711 rebus
1656 681 1826 719 omnibus,
1859 687 1895 712 ut
1918 680 2016 720 fiant,
2050 688 2082 713 et
2116 683 2184 714 sint

1201 719 1334 761 aliquid.
1359 719 1502 761 Spiritus
1524 728 1662 755 sanctus
1685 724 1802 765 vigore
1824 734 1885 756 suo
1908 723 2002 756 fovet
2023 734 2079 756 res
2097 735 2183 767 quae

1200 769 1365 801 creantur,
1384 769 1416 796 et
1438 770 1550 796 movet
1571 775 1640 796 eas.
1687 765 1785 801 Quod
1808 774 1919 798 autem
1949 767 2080 799 dicitur:
2104 769 2184 801 Sine

1200 809 1270 846 ipso
1300 810 1426 846 factum
1459 812 1510 839 esc
1541 809 1622 840 uilia
1639 811 1723 849 quod
1741 812 1868 849 factum
1893 816 1958 843 est:
1991 810 2027 841 ld
2050 810 2182 842 additur

1199 847 1401 881 exclusionis
1425 859 1539 888 causa,
1562 852 1658 891 quasi
1681 851 1784 884 dicat:
1818 852 1940 894 Aliqua
1974 863 2062 885 nunc
2092 859 2180 892 sunt,

1199 901 1285 934 quae
1305 902 1372 923 non
1396 898 1473 923 sunt
1496 891 1603 931 facta,
1637 900 1672 925 ut
1690 901 1864 935 peceatum
1887 903 1919 927 et
1941 906 2042 928 morS.
2089 895 2182 929 Haec

1198 945 1265 966 non
1288 941 1366 966 sunt
1389 945 1449 976 per
1472 946 1545 967 eum
1569 934 1669 974 facta,
1692 938 1753 968 sed
1776 947 1835 979 per
1857 937 2034 971 Diabolum
2057 940 2182 981 irrupe-

1199 984 1277 1009 runt
1299 978 1331 1009 iu
1351 979 1514 1010 mundum.
1562 978 1664 1010 Addit
1687 979 1844 1022 deinceps
1868 983 2026 1014 loannes:
2050 985 2088 1014 In
2109 983 2182 1023 ipio

1197 1025 1271 1052 erat
1286 1024 1360 1059 cita,
1383 1020 1448 1052 hoc
1471 1027 1534 1060 est,
1568 1021 1671 1054 Filius
1695 1029 1748 1054 est
1771 1023 1966 1063 vivificator,
1999 1035 2060 1056 seu
2084 1025 2181 1056 dator

1197 1064 1294 1095 vitae.
1362 1063 1403 1095 Et
1424 1063 1509 1096 haec
1530 1070 1582 1096 est
1605 1074 1719 1103 eausa,
1739 1076 1798 1098 eur
1819 1068 1930 1098 statim
1950 1074 2029 1108 post
2052 1067 2180 1108 lapsum

1197 1107 1320 1138 missus
1344 1108 1387 1138 sit
1406 1108 1446 1138 ad
1472 1118 1579 1150 genus
1602 1108 1790 1140 humanum.
1821 1109 1857 1141 Si
1875 1115 1995 1141 natura
2013 1109 2181 1142 hominum

1197 1159 1264 1181 non
1287 1148 1405 1181 fuisset
1430 1149 1545 1192 lapsa,
1579 1157 1690 1183 tamen
1709 1152 1794 1192 λόγος
1813 1151 1999 1184 habitasset
2021 1154 2053 1184 in
2076 1152 2181 1184 homi-

1196 1193 1307 1231 nibus,
1341 1192 1515 1225 vivificans
1548 1204 1620 1225 eos.
1687 1194 1775 1226 idem
1810 1194 1913 1227 multo
1948 1197 2054 1238 magis
2088 1206 2177 1228 nunc

1197 1245 1281 1276 opus
1300 1241 1353 1266 est
1376 1236 1508 1267 bomini.
1538 1236 1580 1268 Et
1601 1244 1779 1279 propterea
1796 1238 1872 1270 inde
1894 1248 2002 1280 usque
2023 1240 2066 1270 ab
2089 1239 2180 1271 initio

1196 1279 1318 1310 missus
1338 1284 1389 1310 est
1401 1279 1443 1310 ad
1455 1278 1653 1318 Ecclesiam,
1677 1287 1712 1311 ut
1734 1291 1852 1313 rursus
1876 1282 2021 1313 vivificet
2045 1282 2180 1314 creden-

1196 1328 1260 1360 tes,
1285 1328 1317 1353 et
1338 1320 1457 1353 liberet
1480 1324 1521 1354 ab
1545 1329 1683 1354 aeterna
1705 1330 1821 1356 morte.

1282 1364 1379 1400 Quod
1391 1372 1500 1397 autem
1512 1366 1658 1398 additur:
1682 1368 1724 1398 Ec
1745 1370 1808 1399 cita
1830 1367 1979 1400 oramate
1997 1369 2180 1401 hominum:

1195 1417 1303 1450 neque
1327 1408 1368 1439 de
1387 1408 1466 1446 vita,
1490 1418 1599 1451 neque
1622 1409 1663 1440 de
1687 1408 1763 1441 luce
1784 1416 1912 1442 tantum
1936 1409 2103 1452 corporali
2127 1417 2181 1443 est

1196 1449 1456 1493 intelligendum,
1480 1452 1541 1484 sed
1564 1452 1606 1483 de
1629 1452 1697 1483 vita
1720 1458 1751 1484 et
1774 1451 1851 1484 luce
1873 1451 2046 1494 spirituali.
2086 1453 2180 1486 Haec

1194 1493 1252 1525 lux
1281 1499 1333 1526 est
1367 1495 1482 1526 notitia
1516 1493 1698 1527 voluntatis
1728 1495 1792 1528 Dei
1814 1506 1873 1538 per
1897 1496 2058 1535 Verbum,
2089 1497 2179 1539 quod

1193 1536 1297 1569 Filius
1320 1535 1481 1569 revelavit
1504 1538 1678 1577 Patribus,
1707 1549 1766 1579 per
1789 1539 1878 1580 quod
1899 1541 1997 1570 etiarn
2020 1539 2122 1571 efficit
2145 1540 2178 1571 in

1194 1581 1407 1613 credentibus
1432 1591 1539 1613 novos
1562 1587 1684 1620 motus,
1707 1582 1786 1613 dato
1808 1582 1831 1610 S
1857 1582 1932 1613 iritu
1955 1587 2083 1613 sancto.
2131 1581 2178 1613 lta

1192 1622 1294 1656 Filius
1317 1623 1416 1655 simul
1438 1630 1489 1656 est
1513 1631 1546 1656 et
1569 1623 1755 1655 vivificator
1777 1630 1810 1655 et
1832 1626 1840 1655 i
1868 1631 2026 1656 astrator.

1278 1666 1339 1698 Est
1361 1673 1473 1698 autem
1495 1667 1598 1698 tristis
1611 1667 1789 1708 descriptio
1809 1668 1981 1708 impiorum
1993 1677 2060 1698 non
2073 1678 2177 1709 agno-

1193 1711 1354 1741 scentium
1378 1709 1498 1748 lucem,
1521 1708 1649 1741 scilicet
1661 1709 1778 1741 Filium
1797 1709 1871 1747 Dei,
1897 1721 1958 1742 nec
1983 1710 2173 1743 habentium
2198 1739 2205 1750 ,

1192 1763 1304 1783 veram
1328 1752 1391 1783 Dei
1414 1753 1573 1791 notitiam,
1597 1763 1670 1784 cuni
1695 1752 1836 1784 loannes
1860 1760 1963 1785 totum
1986 1763 2093 1795 genus
2116 1753 2176 1785 hu-

1191 1806 1320 1827 manum
1345 1803 1444 1827 vocat
1466 1797 1636 1827 tenebras:
1666 1797 1707 1827 Et
1726 1799 1781 1828 Im·
1804 1800 1836 1827 in
1860 1798 2003 1828 tenebris
2024 1799 2121 1831 lucet.
2145 1801 2178 1829 ee

1190 1839 1343 1870 lenebrae
1365 1849 1436 1870 eam
1459 1849 1523 1870 non
1545 1841 1864 1879 comm-ehenam-unt.
1931 1840 1984 1871 Ab
2009 1839 2059 1870 liis
2083 1845 2175 1871 tene-

1193 1883 1260 1913 bris
1283 1881 1482 1913 discernitur
1505 1889 1613 1913 tamen
1637 1892 1717 1913 wera
1740 1881 1913 1920 Ecclesia,
1948 1883 1980 1913 in
2005 1892 2070 1924 qua
2097 1888 2175 1914 sunt

1192 1924 1299 1961 electi,
1322 1925 1354 1955 in
1379 1925 1497 1966 quibus
1520 1931 1570 1955 est
1594 1925 1708 1956 notitia
1733 1924 1786 1956 tilii
1808 1924 1882 1961 net,
1912 1935 1973 1957 seu
1998 1928 2029 1956 in
2053 1925 2174 1967 quibus

1190 1978 1285 1999 suani
1303 1966 1413 1999 lucem
1436 1979 1495 2009 per
1518 1966 1734 2008 Evangelium
1757 1969 1919 1999 accendit.
1966 1969 2040 2000 ldeo
2071 1969 2175 2010 inquit

1190 2017 1323 2052 postea:
1350 2012 1429 2042 Era!
1449 2013 1508 2042 lus
1531 2021 1616 2042 rura.
1641 2021 1721 2051 quae
1740 2014 1901 2043 illumina!
1927 2021 2053 2043 onmem
2075 2013 2174 2044 leonti-

1190 2064 1273 2091 nem,
1296 2053 1434 2091 scilicet,
1459 2055 1512 2095 qui
1537 2053 1749 2085 illuminatur.
1820 2054 1900 2086 Num
1931 2055 1981 2087 sic
2011 2055 2173 2095 interpre-

1190 2098 1289 2128 tanda
1312 2104 1363 2127 est
1382 2095 1582 2129 universalis
1608 2097 1781 2138 particula,
1806 2104 1839 2128 nt
1866 2103 2060 2129 occurratur
2083 2097 2172 2128 obie-

1190 2141 1300 2172 ctioni.

1276 2202 1344 2231 Xon
1368 2211 1476 2231 onuws
1500 2202 1644 2232 lnmmws
1667 2203 1897 2232 illmne'mtnlnr.

1279 2245 1362 2280 Ιίνῃυ
1387 2245 1466 2275 Imm·
1485 2248 1664 2284 propositio
1694 2254 1756 2275 non
1780 2248 1864 2275 recle
1883 2247 2016 2284 ponilur
2046 2247 2170 2274 uun-er—

1320 2289 1440 2318 samer.
2138 2297 2142 2301 “

1276 2354 1487 2396 Respondet».
1558 2354 1762 2387 Universnlis
1787 2353 1842 2386 illu
1865 2360 1916 2386 est
1942 2354 2172 2396 restringenda

1163 2366 1168 2433 Ι
1188 2398 1219 2428 in
1243 2397 1329 2429 lianc
1342 2398 1536 2429 sententium
1569 2399 1771 2440 :Quicunque
1791 2396 2028 2435 illuminantur,
2057 2397 2089 2428 hi
2104 2407 2171 2429 non

1189 2442 1250 2471 nisi
1275 2451 1335 2482 per
1360 2440 1458 2472 tilium
1485 2440 1546 2472 Dei
1571 2440 1805 2473 illuminantur.
1852 2439 1968 2476 Qualis
1993 2438 2171 2482 explicatio

1188 2485 1285 2515 ctiam
1319 2491 1369 2515 est
1404 2486 1434 2515 in
1471 2483 1528 2515 illo
1558 2486 1661 2516 dicto:
1696 2485 1866 2519 illisereor,
1889 2487 1980 2516 cetius
2003 2487 2170 2522 netsereor,

1187 2527 1218 2557 id
1239 2534 1301 2560 est.
1327 2528 1522 2568 Quicunque
1548 2528 1808 2560 miscricordiam
1831 2527 2008 2568 accipiunt,
2039 2536 2105 2558 non
2128 2536 2170 2557 ex

1187 2571 1342 2611 operibus
1367 2577 1398 2601 et
1422 2571 1544 2602 nieritis
1570 2572 1652 2608 suis,
1676 2571 1736 2602 sed
1759 2581 1799 2602 ex
1824 2571 1965 2612 gratuita
1982 2569 2170 2601 misericor-

1162 2613 1165 2640 Ι
1187 2613 1240 2644 dia
1264 2613 1325 2645 Dei
1351 2624 1421 2645 cam
1446 2621 1706 2656 consequuntur.
1753 2613 1900 2654 Vulgata
1923 2613 2033 2645 versio
2052 2611 2169 2644 habet:

2308 621 2324 798 ‘nna-AW*
