2324 2958
232 197 294 230 XV
862 194 971 226 PHlL.
995 192 1096 225 MEL.
1120 189 1306 222 SCRtP'rA
1328 185 1592 219 EXEGEthA.
2151 188 2230 220 XVI

235 302 301 322 cum
325 301 431 321 manns
455 290 607 320 eeleritate
631 291 659 319 in
683 289 842 319 scribendo
866 287 1013 321 valerent,
1036 285 1180 325 pleraque
1203 292 1241 311 ex
1263 292 1314 311 ore
1337 279 1521 310 familiariter
1542 281 1724 312 disserentis
1747 283 1903 321 excipere,
1932 291 1967 311 ac
1990 281 2020 311 in
2043 281 2164 312 chartas
2186 292 2231 312 re·

235 335 310 364 serre
334 335 514 365 studebantz
538 333 652 371 fuitque
675 336 756 361 tanta
779 331 943 369 aliquorum
968 329 1130 362 industria,
1158 329 1189 354 ut
1212 334 1248 353 ne
1271 324 1405 364 πάρεργα
1428 323 1548 362 quidem
1571 325 1858 363 praetermitterent,
1881 325 1953 363 quin
1977 334 2012 354 ea
2037 334 2159 364 quoque
2182 334 2231 354 an-

234 382 379 407 notarent.
426 376 533 405 }larum
557 374 814 403 conciuncularum
839 373 1008 401 memoriam
1032 380 1097 399 cum
1121 366 1327 397 recordatione
1349 367 1534 395 suavissima
1556 371 1771 396 conservarunt
1793 366 1878 396 multi
1903 377 1941 396 ex
1959 367 2159 408 auditoribus,
2179 369 2231 407 qui

235 419 354 458 quidem
378 413 571 447 vehementer
594 421 729 456 optarunt
753 416 867 444 illarum
891 414 1051 452 reliquias.
1076 422 1112 440 ne
1135 410 1225 449 plane
1248 409 1396 447 perirent,
1425 408 1527 448 colligi
1558 413 1648 448 atque
1681 411 1709 439 in
1737 409 1889 449 publicum
1919 409 1976 439 edi.
2031 410 2163 447 Quorum
2194 421 2232 440 ex

234 472 355 491 nun-ero
380 463 495 490 suerunt
526 461 658 498 inprimis
687 457 740 487 Dr.
771 458 942 486 Andreas
971 454 1080 484 Pauli
1111 450 1363 488 lurisconsultus,
1398 450 1450 480 Dr.
1481 451 1623 491 Caspar
1651 451 1860 488 Peucerus,
1894 461 1987 491 gener
2013 451 2231 494 Mebmthonis,

233 504 353 542 aliique.
400 503 437 532 Hi
462 513 478 531 a
502 502 554 531 Dr.
578 500 862 539 christophoro
894 497 1063 527 Pezelio.
1091 494 1252 524 Ecclesiae
1283 497 1313 522 et
1342 493 1476 523 Scholae
1502 493 1681 525 Bremensis
1709 493 1837 525 Pastore
1867 505 1901 524 ac
1929 494 2112 524 Professore
2135 495 2232 526 Theo-

233 546 347 578 lor-riae.
372 556 458 584 quem
484 545 611 574 nominis
636 548 665 573 et
688 544 839 572 doctrinae
862 540 1123 570 Melanthouianae
1147 537 1386 566 amantissimum
1410 547 1486 566 esse
1508 537 1662 575 sciebant,
1686 538 1919 579 contenderunt,
1949 541 1982 567 ut
2005 548 2073 567 eum
2097 537 2231 568 laborem

233 590 261 618 in
285 599 388 617 manus
411 592 554 617 sumeret.

436 672 492 701 His
519 671 636 699 iudiciis
661 680 696 699 ac
725 670 802 697 votis
826 666 1038 707 praestantium
1068 665 1194 694 virorum
1220 664 1431 700 confirmatus,
1462 673 1580 703 suaque
1604 669 1714 705 sponte
1737 665 1775 694 ad
1799 664 1988 704 colligendas
2011 665 2156 705 reliquias
2179 665 2232 695 do-

234 716 344 744 ctrinae
368 713 630 743 Melanthonianae
654 713 809 745 incitatus,
835 709 1016 739 Pezelius
1041 708 1077 737 ad
1103 707 1181 736 hunc
1205 707 1337 736 laborem
1357 707 1498 747 accessit,
1518 717 1699 747 quamquam
1723 709 1806 738 initio
1830 708 2022 738 adminiculis
2047 709 2232 738 necessariis

233 758 396 787 destitutus
428 762 506 785 erat:
542 765 606 784 uam
637 765 732 794 pauca
760 758 870 782 tantum
895 753 969 780 inter
999 751 1117 779 chartas
1147 760 1222 779 suas
1252 750 1435 788 reperiebat„
1471 759 1549 788 quae
1572 761 1608 780 ex
1632 751 1771 781 docentis
1795 762 1846 780 ore
1870 762 1959 781 manu
1982 762 2039 780 sua
2061 755 2232 790 exceperat,

233 801 301 839 quia
324 801 350 828 ei
378 810 433 828 non
458 799 579 827 licuerat
605 799 631 826 iu
657 797 819 826 Academia
841 793 1067 832 *Vitebergensi
1092 793 1142 821 diu
1166 792 1268 822 audire
1292 792 1531 822 Melanthonem.
1576 792 1693 823 Verum
1718 798 1885 833 opportune
1910 796 1936 823 ei
1961 795 2086 828 accidit,
2111 799 2142 824 ut
2161 793 2232 823 alio-

233 854 293 872 rum
330 842 513 870 collectanea
549 841 779 869 nancisceretur.
835 837 965 866 Primum
1001 836 1078 865 enim
1113 835 1155 864 Μ.
1188 835 1409 865 loachimus
1443 835 1677 874 Meisterus,
1711 837 1848 866 eiusdem
1884 837 2017 867 Scholae
2052 837 2232 866 Breinensis

232 885 360 914 Rector.
391 885 417 912 ei
447 884 581 922 praebuit
611 882 795 911 collectanea
823 880 968 919 quaedam
997 879 1160 908 lectionum
1185 878 1438 917 Philippicarum,
1473 888 1566 917 quae,
1597 883 1758 918 antequam
1788 879 1860 909 illuc
1883 884 2024 913 venerat,
2055 881 2092 909 ab
2117 880 2232 909 Abra-

232 928 338 957 hamo
373 925 631 955 Bucholcero.
668 924 841 953 necessario
871 933 944 961 suo,
979 925 1085 951 nactus
1114 921 1228 957 suerat,
1263 922 1290 950 in
1322 922 1433 960 quibus
1467 925 1550 950 erant
1584 931 1727 951 annorum
1771 925 2003 953 1549—1551.
2033 922 2233 962 Rhapsodiae

231 969 431 1007 evangelicae.
468 967 599 1003 Quorum
624 977 764 996 annorum
791 965 986 1004 Rhapsodias
1009 974 1084 993 suas
1108 965 1195 993 etiam
1220 964 1415 993 Henricus
1438 963 1632 993 Mollerus
1657 963 1844 1004 Theologiae
1867 965 1983 995 Doctor
2007 976 2073 995 cum
2093 976 2130 995 eo
2152 976 2233 995 com-

233 1013 400 1042 municavit.
458 1010 570 1039 Postea
598 1015 627 1039 et
656 1009 767 1038 Ductor
795 1009 968 1037 Andreas
997 1006 1129 1043 Pauli,
1161 1008 1248 1036 cuius
1277 1017 1370 1046 supra
1397 1008 1509 1036 mentio
1539 1011 1588 1036 est
1618 1007 1709 1043 sacta,
1740 1018 1791 1047 per
1820 1008 1939 1038 affinem
1967 1019 2056 1038 suum
2088 1008 2138 1037 Dr.
2164 1010 2233 1038 An-

231 1056 356 1084 drean·
381 1065 397 1083 a
422 1053 550 1085 Dham,
581 1052 781 1082 consiliarium
810 1050 928 1080 Ducum
956 1050 1254 1088 Luneburgensium‚
1278 1049 1474 1089 Rhapsodias
1499 1060 1641 1079 annorum
1669 1053 1759 1081 1555.
1783 1054 1814 1080 et
1840 1053 1930 1081 1556.
1955 1052 1981 1080 ei
2007 1053 2136 1089 curavit,
2156 1061 2233 1090 quas

231 1099 258 1127 in
282 1099 425 1136 privatum
449 1107 534 1125 suum
559 1106 646 1125 usum
672 1096 891 1133 conscripserat
922 1093 1096 1123 Andreas
1127 1092 1347 1132 Schoppius
1370 1093 1607 1131 Leobergensis.
1663 1093 1712 1122 Ad
1733 1093 1788 1122 bas
1811 1098 2010 1123 accesserunt
2034 1094 2234 1134 Rhapsodiao

232 1141 414 1169 diversorum
438 1149 593 1177 annorum,
617 1148 692 1177 quas
712 1137 749 1166 D.
776 1136 936 1166 lacobus
960 1136 1172 1172 Monavius‚
1197 1146 1263 1165 cum
1288 1137 1316 1165 in
1342 1135 1514 1165 Pannonias
1538 1136 1699 1175 aliquando
1724 1146 1761 1166 ex
1783 1137 1878 1176 patria
1898 1137 2086 1176 negotiorum
2109 1147 2234 1167 suorum

230 1193 320 1212 causa
344 1183 529 1221 exspatiatus
553 1185 652 1211 esset.
676 1190 692 1209 a
716 1180 889 1219 pastoribus
918 1178 1034 1208 illorum
1062 1177 1196 1207 locorum
1226 1179 1333 1208 editori
1361 1179 1580 1218 impetraverat.
1636 1178 1753 1208 Postea
1782 1189 1848 1209 cum
1873 1178 2018 1209 Pezelius
2045 1179 2234 1219 Noribergae

231 1230 334 1257 esset.
358 1225 477 1253 biennio
501 1226 555 1253 iam
581 1229 610 1253 et
634 1223 784 1262 aliquanto
808 1221 937 1261 amplius
962 1225 1084 1257 exacto,
1120 1222 1222 1260 ibique
1247 1232 1313 1251 cum
1342 1222 1448 1251 amicis
1479 1222 1516 1251 de
1541 1221 1678 1260 reliquiis
1705 1222 1766 1251 illis
1790 1222 1970 1252 Scholarum
1995 1221 2233 1262 Philippicarum

231 1270 258 1297 in
291 1267 470 1306 colloquium
507 1268 660 1305 venisset,
695 1266 739 1299 hi,
776 1265 907 1304 inprimis
935 1264 974 1294 1).
1005 1264 1212 1294 Mauricius
1241 1264 1466 1304 Hellingus,
1494 1263 1537 1293 M.
1562 1263 1797 1294 Laurentius
1826 1264 2101 1295 Durnhoserus
2131 1269 2161 1295 et
2189 1265 2232 1294 M.

231 1310 415 1340 Matthias
445 1309 664 1339 Schilerus.
699 1319 756 1337 nou
786 1307 875 1337 modo
905 1317 972 1336 eum
998 1307 1106 1337 hortati
1129 1311 1218 1341 sunt,
1252 1311 1284 1337 ut
1306 1307 1440 1336 laborem
1464 1311 1643 1346 susceptum
1666 1307 1808 1347 publicae
1831 1307 1970 1338 utilitatis
1995 1318 2090 1337 causa
2112 1312 2234 1347 urgeret

228 1358 317 1392 atque
342 1354 510 1392 perficeret,
544 1353 600 1381 sed
624 1353 727 1391 etiam,
752 1361 828 1390 quas
853 1352 881 1379 in
905 1349 1108 1380 Bibliothecis
1131 1351 1198 1379 suis
1223 1350 1382 1389 habehant,
1406 1351 1653 1389 consignationes
1677 1361 1820 1380 annorum
1844 1351 1972 1390 plurium
2003 1361 2069 1380 curu
2094 1361 2130 1380 eo
2156 1361 2234 1381 com-

227 1397 419 1425 municarunt.
468 1395 606 1433 Denique
630 1396 717 1424 etiam
741 1394 917 1423 Andreas
941 1393 1072 1429 Scato,
1107 1394 1179 1423 artis
1207 1393 1348 1422 Medicae
1375 1392 1490 1422 Doctor
1519 1398 1550 1423 et
1573 1392 1752 1430 Professor,
1776 1394 2006 1433 explicationem
2031 1393 2234 1434 philippicam

227 1441 294 1469 anni
322 1441 410 1469 1551.
435 1449 500 1467 cum
526 1439 651 1471 editore,
675 1448 764 1477 quum
788 1436 995 1476 W'itebergam
1019 1437 1209 1470 transiisset,
1234 1437 1473 1470 communicavit,
1498 1440 1530 1465 ut
1554 1446 1621 1465 curu
1645 1436 1714 1465 aliis
1738 1437 1963 1476 exemplaribus
1987 1437 2146 1467 conferret.

430 1531 596 1570 Postquam
627 1531 684 1561 hoc
707 1531 794 1561 modo
829 1530 881 1560 Pe
893 1530 1016 1560 zelius
1040 1540 1057 1559 a
1079 1529 1218 1569 pluribus
1246 1530 1319 1558 viris
1347 1529 1586 1568 spectatissimis
1618 1529 1838 1559 humanissime
1867 1529 1947 1559 haud
1977 1530 2087 1569 exigua
2110 1530 2234 1560 admini-

226 1574 358 1605 culorum
383 1576 469 1614 copia
491 1575 528 1604 ad
552 1575 609 1604 boc
633 1585 710 1614 opus
733 1575 897 1604 instructus
920 1578 993 1608 erat,
1017 1574 1054 1602 ab
1082 1572 1153 1602 aliis
1177 1583 1247 1601 vero
1279 1571 1395 1611 aliquot
1418 1582 1562 1602 annorum
1585 1572 1801 1612 Rhapsodias‚
1833 1583 1910 1612 quas
1940 1573 1980 1602 ad
2001 1573 2234 1603 continuandam

226 1619 332 1648 seriem
357 1628 498 1647 annorum
527 1619 564 1647 ab
587 1628 664 1647 anno
691 1620 781 1648 15⁴0.
806 1626 904 1656 usque
927 1616 965 1646 ad
993 1626 1100 1645 annum
1128 1618 1218 1646 1560.
1243 1616 1370 1645 invicem
1397 1626 1433 1645 se
1463 1616 1717 1654 subsequentium
1748 1615 1848 1645 adhuc
1871 1615 2084 1649 desiderabat,
2123 1615 2234 1646 frustra

226 1662 433 1699 requisiverat.
458 1661 577 1690 tandem
601 1671 717 1690 manum
742 1661 823 1700 operi
848 1663 994 1699 suscepto
1014 1659 1161 1693 admovit,
1191 1658 1285 1697 idque
1305 1659 1388 1688 initio
1411 1659 1458 1688 sic
1482 1659 1622 1693 instituit,
1653 1663 1686 1688 ut
1708 1658 1892 1698 exemplaria
1915 1669 1972 1688 non
1996 1660 2087 1688 unius
2112 1658 2235 1695 saltem,

226 1704 282 1733 sed
306 1703 431 1743 plurium
456 1714 596 1733 annorum
621 1704 784 1738 conferret,
820 1703 983 1741 insigniora
1006 1712 1043 1731 ex
1066 1701 1197 1741 singulis
1221 1701 1410 1741 Rhapsodiis
1435 1705 1567 1736 notaret,
1602 1706 1788 1741 excerperet,
1815 1703 1843 1731 in
1874 1701 2008 1731 ordinem
2028 1702 2179 1741 redigeret
2203 1706 2234 1732 et

225 1748 291 1776 suis
323 1758 461 1785 quaeque
490 1746 566 1776 locis
590 1751 763 1786 reponeret,
793 1756 850 1775 non
874 1756 910 1775 ex
938 1745 1069 1785 singulis
1099 1744 1289 1785 Rhapsodiis
1313 1744 1452 1783 singulas
1482 1744 1715 1776 conciunculas.
1753 1745 1811 1774 sed
1839 1754 1876 1774 ex
1904 1745 2056 1774 universis
2087 1755 2232 1775 annorum

226 1789 352 1830 plurium
377 1800 464 1819 unam
489 1791 661 1819 concionem
686 1790 834 1819 adornans
854 1793 884 1818 et
907 1790 994 1827 quasi
1015 1789 1044 1818 in
1067 1799 1157 1818 unum
1181 1797 1291 1827 corpus
1315 1788 1468 1827 redigens,
1491 1787 1549 1817 hoc
1568 1788 1672 1817 ordine
1694 1787 1872 1827 plerumque
1895 1791 2027 1822 servato,
2050 1792 2082 1817 ut
2105 1788 2233 1828 primum

226 1834 428 1873 yrommotico
462 1838 491 1862 et
524 1832 691 1867 historica,
726 1837 833 1872 postea
862 1842 932 1861 vero
971 1832 1138 1861 doetrinae
1175 1830 1263 1861 locos
1285 1832 1439 1865 recitaret,
1475 1841 1534 1870 quo
1564 1831 1631 1870 ipso
1667 1831 1769 1860 ordine
1803 1831 1926 1860 videbat
1949 1834 1979 1859 et
2002 1829 2231 1861 Melanthonem

228 1886 334 1915 magna
358 1886 393 1905 ex
418 1880 500 1915 parte
524 1886 610 1905 risum
635 1876 742 1906 fuisse.
763 1876 812 1914 qui
836 1879 933 1904 tamen
957 1875 1027 1904 aliis
1051 1879 1142 1914 atque
1165 1874 1234 1904 aliis
1265 1875 1352 1904 annis
1388 1878 1440 1904 aut
1467 1874 1554 1913 plura
1582 1878 1633 1903 aut
1655 1875 1785 1907 minora,
1820 1883 1900 1913 quae
1935 1873 1973 1903 ad
2006 1875 2231 1913 grammaticam

226 1919 416 1958 spectabant,
441 1924 469 1947 et
494 1919 645 1948 doctrinae
669 1919 754 1948 locos
778 1918 855 1947 alios
879 1923 969 1957 atque
992 1917 1069 1947 alios
1094 1918 1150 1947 hoc
1174 1921 1225 1947 aut
1249 1917 1308 1947 alio
1333 1918 1437 1947 ordine
1460 1917 1555 1947 libere
1578 1921 1705 1947 tractare
1728 1916 1857 1947 solebat.
1905 1916 1936 1947 ln
1966 1916 2024 1945 hoc.
2051 1917 2156 1947 labore
2185 1917 2232 1947 sic

227 1963 364 1991 instituto
388 1962 493 1991 editori
518 1962 638 2000 quidem
663 1962 766 1999 religio
791 1961 845 1991 suit
868 1961 1028 1990 discedere
1051 1972 1068 1991 a
1091 1961 1192 1990 verbis
1227 1964 1257 1990 et
1279 1960 1443 2000 phrasibus
1467 1959 1667 1999 Philippicis,
1702 1965 1801 1990 tamen
1833 1960 1963 1989 subinde
1986 1959 2063 1990 baec
2086 1970 2124 1990 ex
2146 1963 2232 2000 parte

226 2015 263 2034 eo
296 2006 437 2036 mutavit.
470 2005 549 2043 quod
574 2005 750 2034 Germanica
773 2004 865 2034 multa
888 2005 963 2033 iuter
986 2005 1154 2034 docendum
1177 2004 1325 2043 adspersa
1348 2004 1456 2033 Latine
1480 2003 1642 2037 reddebat,
1676 2008 1727 2033 aut
1761 2013 1798 2032 ex
1822 2002 2012 2042 Rhapsodiis
2042 2003 2230 2033 diversorum

226 2058 368 2077 annorum
394 2048 577 2077 evidentiora
600 2047 767 2086 deligebat.
800 2052 849 2076 aut
878 2058 955 2086 quae
979 2048 1006 2076 in
1031 2047 1167 2087 pluribus
1191 2047 1382 2087 Rhapsodiis
1406 2047 1542 2081 diversa,
1578 2047 1636 2076 scd
1671 2047 1709 2076 ad
1740 2056 1828 2076 unam
1853 2045 2044 2085 eandemque
2068 2046 2231 2077 doctrinm

227 2090 432 2120 illustrandam
457 2090 541 2119 utilia
564 2101 600 2119 se
614 2091 792 2122 offerebant.
817 2091 1087 2130 quomodocunque
1111 2091 1318 2120 connectebat.

433 2176 518 2205 Hunc
539 2176 657 2205 modum
683 2181 840 2215 postquam
876 2177 950 2205 iuter
980 2177 1060 2205 initia
1094 2175 1184 2205 huius
1207 2176 1320 2205 laboris
1355 2175 1539 2216 aliquamdiu
1562 2179 1746 2215 prosecutus
1770 2178 1833 2205 erat
1856 2175 1968 2206 editor,
1998 2179 2109 2214 postea
2132 2178 2230 2203 tamen

228 2221 318 2248 certis
348 2219 385 2247 de
415 2220 517 2247 causis
543 2220 681 2248 mutavit:
712 2221 850 2257 primum.
886 2221 955 2258 quia
978 2220 1097 2249 nimium
1123 2220 1266 2259 tenzporis
1294 2219 1332 2248 ad
1357 2219 1438 2248 illum
1465 2219 1573 2257 requiri
1598 2218 1735 2250 videbat:
1770 2217 1898 2253 deinde,
1936 2219 1963 2247 si
1997 2227 2084 2247 unam
2121 2216 2230 2247 saltem

228 2263 402 2291 concionem
427 2272 462 2291 ex
489 2263 644 2292 omnibus.
680 2272 756 2300 quas
781 2273 920 2291 annorum
946 2264 1129 2291 diversorum
1155 2273 1250 2301 penes
1274 2273 1310 2291 se
1334 2262 1468 2293 haberet.
1498 2261 1685 2301 Rhapsodiis
1709 2265 1870 2290 contexere
1894 2264 2042 2301 pergeret.
2065 2261 2230 2291 metuam.

227 2316 264 2335 ne
288 2305 445 2344 prolixitas
471 2305 622 2333 fastidium
656 2304 757 2334 lectori
787 2310 910 2344 pareret.
971 2307 1016 2335 Ad
1053 2306 1128 2334 baec
1153 2306 1363 2345 experiebatur
1400 2306 1532 2334 ordinem
1557 2305 1687 2334 subinde
1711 2305 1901 2336 mutandum.
1940 2315 2029 2343 quem
2052 2302 2230 2333 Melantho-i

227 2352 432 2387 usurpaverat.
457 2358 551 2387 saepe
576 2349 663 2377 etiam
688 2349 857 2377 earumdem
883 2360 976 2377 rerum
1002 2349 1223 2377 declarationes
1248 2349 1404 2378 uberiores
1428 2352 1478 2377 aut
1502 2348 1561 2377 alio
1586 2348 1653 2377 loco
1678 2347 1875 2381 inserendas.
1905 2352 1956 2377 ant
1980 2347 2068 2387 plane
2093 2347 2231 2376 onnam-

227 2391 283 2420 das
308 2401 389 2419 ene.
434 2391 495 2420 Sed
522 2395 550 2419 el
574 2390 675 2419 lectori
701 2396 812 2424 aratum
838 2391 899 2419 sore
923 2393 1063 2431 putabat.
1100 2393 1231 2429 integras
1261 2392 1379 2430 aliquas
1409 2391 1623 2420 conciunculas
1660 2403 1696 2419 eo
1721 2391 1809 2420 ruodo
1834 2391 2004 2430 descriptas
2027 2390 2140 2425 videre,
2172 2400 2230 2429 quo

227 2440 309 2463 erant
334 2434 453 2463 habitae
473 2444 490 2462 a
514 2433 717 2463 Melanthoue.
770 2433 908 2472 Denique
939 2435 1058 2471 singula
1092 2436 1232 2463 maiorem
1265 2436 1351 2464 tidem
1382 2435 1517 2464 habitura
1550 2435 1755 2467 existimabat.
1786 2438 1877 2473 atque
1913 2434 2054 2463 suaviora
2088 2433 2142 2465 iis.
2180 2433 2231 2472 qui

227 2476 398 2516 Philippum
423 2478 522 2516 ipsun»
546 2477 745 2507 audivissent.
770 2477 831 2505 sore
855 2478 912 2506 sibi
939 2478 1156 2516 persuadebat,
1189 2479 1231 2509 si.
1264 2489 1341 2517 quae
1370 2478 1407 2507 de
1438 2482 1519 2508 textu
1543 2479 1698 2518 proposito
1735 2487 1794 2506 uno
1825 2482 1959 2517 tempore
1990 2475 2174 2506 familiariter
2202 2481 2231 2505 et

227 2521 355 2550 dictione
380 2525 609 2559 extemporanea
633 2519 683 2548 ille
703 2521 919 2551 ‹lissa-ruisset.
954 2531 1010 2549 una
1040 2522 1128 2549 etiam
1166 2521 1362 2551 conciuncula
1393 2521 1499 2551 eodem
1536 2531 1661 2561 prorsus
1685 2520 1791 2552 modo.
1830 2531 1889 2559 quo
1918 2519 1971 2549 illa
1994 2529 2011 2548 a
2035 2518 2232 2549 Metnnttiom·

227 2562 330 2592 habita
353 2568 446 2593 unet.
472 2574 528 2591 suo
553 2573 692 2602 quaeque
716 2563 781 2591 loco
802 2565 983 2592 retineretur.
1031 2564 1093 2593 llas
1124 2564 1161 2591 ob
1186 2565 1317 2594 rationes
1342 2568 1454 2594 uintato
1484 2565 1572 2604 priori
1608 2565 1760 2594 instituto.
1795 2568 1856 2593 tum
1882 2574 1939 2593 non
1964 2562 2068 2603 plures
2092 2562 2230 2602 Rhapso-

228 2606 293 2635 ‹tisu-
314 2616 372 2635 unn
396 2607 539 2635 concione
564 2606 732 2645 complecti.
764 2606 819 2634 scd
845 2617 879 2635 ex
906 2612 967 2635 toto
991 2607 1108 2635 ‹aiiiiulo
1134 2606 1394 2647 Rhapsodinruni,
1428 2618 1504 2647 quas
1529 2607 1566 2637 ad
1589 2618 1708 2638 manum
1733 2606 1879 2638 habebat.
1910 2605 2135 2636 conciunculam
2166 2615 2231 2633 cnm

227 2649 265 2678 nd
285 2649 458 2679 Dominio-³1·
482 2649 639 2687 singulas.
676 2660 754 2688 quae
773 2650 838 2678 vina
861 2649 913 2679 l'uit
939 2650 1063 2689 pleniorv
1088 2651 1230 2689 integram
1255 2651 1484 2681 describendam
1509 2652 1637 2683 curavit.
1672 2661 1772 2690 neque
1807 2649 1954 2690 demptis,
1986 2659 2086 2689 neque
2118 2647 2232 2679 additis
