2324 2958
118 150 159 182 21

119 242 250 274 {uerunt
280 240 366 278 elati,
400 246 431 271 et
456 240 574 281 grandi
596 245 724 270 statura
747 248 923 278 corporum
949 238 1096 279 praediti.

120 285 241 316 Postea
260 281 416 325 paulatim
441 283 615 313 extiterunt
633 280 689 312 alii
708 279 886 311 bellatores
906 279 1019 312 sortes.
1047 282 1097 312 Ac
1122 305 1124 314 ⁴

118 327 291 369 pulchrum
314 331 365 357 est
389 326 421 356 in
444 324 591 355 historiis
627 324 856 360 considerare,
889 324 944 364 qui
976 323 1098 355 fuerint
1122 319 1125 360 ξ

117 371 151 401 in
173 369 327 401 Ecclesia
351 373 384 399 et
406 368 493 409 apud
516 366 676 398 Ethnicos
700 366 886 403 coaetanei,
914 371 947 396 ut
971 366 1096 398 Hercu·
1122 362 1125 405 ἱ

117 411 182 444 lem
216 421 247 442 et
270 411 466 443 Samsonem
498 417 578 451 puto
607 409 826 451 Synchronos
861 407 986 439 fuisse:
1020 410 1125 448 itcmg

117 453 283 487 Achillem
303 460 335 485 et
357 452 531 484 Davidem.
576 452 727 487 Quantus
752 449 894 482 bellator
916 449 974 482 fuit
998 450 1097 482 Alex·
1122 464 1125 469 ⁴

117 498 241 534 ander,
282 497 336 537 qui
370 497 473 527 instar
506 496 648 536 sagittae
682 494 925 526 circumvolitat
962 494 994 524 in
1028 500 1097 524 toto

117 541 199 572 orbe
223 547 392 570 terrarum.
427 537 541 570 lulium
561 538 711 569 existimo
736 543 825 568 recte
848 537 925 578 poni
949 535 1096 572 ultimum
1122 541 1125 574 ξ

117 583 150 614 in
169 588 277 614 aetate
300 582 427 619 θυμικῆ.
473 582 646 622 Augustus
683 590 747 611 non
783 578 840 610 tuit
877 577 1029 617 bellator,
1066 586 1097 610 et

118 623 208 657 facta
242 630 319 656 sunt
347 623 504 664 paulatim
535 624 642 653 omnia
666 621 885 663 languidiora.
931 622 1003 653 Non
1028 620 1097 653 fue-

118 674 193 700 runt
227 673 342 708 postea
373 673 438 697 tant
469 664 620 697 bellicosi
654 664 802 696 homines
826 671 856 696 et
888 665 1094 706 magnanimi.
1122 681 1124 685 ·

118 709 218 742 lulius
247 710 351 751 potuit
380 710 515 746 sistere,
545 715 578 739 et
605 707 775 739 retrahere
805 708 981 749 fugientem
1004 717 1096 738 exer-

119 754 230 786 citum.
275 751 378 784 Cuius
401 762 489 783 nunc
513 759 562 782 est
587 757 675 782 tanta
713 751 868 782 fortitudo
898 751 1007 788 animi,
1041 750 1095 791 qui
1122 751 1123 754 ’

118 796 184 827 hoc
205 795 312 835 possit
334 793 466 826 faeere?

204 838 274 869 Nos
298 836 395 868 hodie
425 847 540 868 sumus
563 835 735 867 ventriculi
761 847 840 877 prae
862 837 935 867 istis
960 835 1095 867 homini-

119 882 193 918 bus,
216 881 287 911 sive
310 880 503 920 sapientiam
524 886 668 919 spectes,
692 881 762 910 sive
785 878 1017 910 fortitudinem.
1053 878 1093 909 E:

117 929 226 954 tamen
249 933 361 954 sumus
386 921 473 963 pleni
497 923 664 962 superbia,
697 922 785 963 pleni
819 920 907 953 sastu
941 928 972 951 et
1003 932 1094 952 arro-

117 966 237 1008 gantia.
284 965 351 996 Sed
377 964 462 996 tales
493 973 566 995 sunt
604 964 707 1002 stulti,
742 964 825 1000 Quia
859 963 1093 995 universaliter

116 1008 272 1049 superbia
295 1013 345 1039 est
368 1018 480 1039 comes
504 1006 670 1038 stultitiae.
705 1007 737 1037 ld
758 1008 958 1048 experientia
982 1014 1092 1038 osten-

116 1051 161 1082 dit
181 1052 213 1081 in
237 1051 434 1092 quotidianis
458 1049 626 1091 exemplis.
671 1049 769 1081 Nulla
794 1060 829 1080 re
853 1051 956 1091 magis
992 1049 1091 1080 ofl'en-
1116 1064 1117 1067 ¹

116 1093 249 1132 duntur,
282 1094 359 1135 quia
392 1104 456 1124 non
492 1099 568 1124 sunt
592 1103 693 1124 sanae
717 1094 850 1130 mentis,
885 1103 982 1134 quam
1017 1103 1090 1124 cun:

116 1137 251 1168 audi-ait
273 1136 395 1177 aliquid
419 1136 481 1166 diei
505 1142 619 1166 contra
642 1145 735 1166 suam
766 1137 963 1177 opinionem.
1009 1135 1091 1166 lndi-
1115 1135 1116 1142 ¹

116 1186 260 1221 guantur
292 1189 332 1210 ac
368 1177 630 1211 stomachantur,
673 1189 746 1209 cum
785 1179 972 1209 existimant
1004 1176 1090 1209 laedi

115 1231 208 1253 suam
231 1222 514 1253 existimationem.
560 1220 715 1251 Vicissim
739 1219 928 1262 placantur,
959 1222 1090 1263 quando

115 1263 298 1296 evehuntur
317 1269 349 1295 et
371 1262 558 1295 laudantur.
604 1263 700 1295 Fiunt
723 1265 868 1295 mitiores
897 1270 928 1295 et
962 1265 1092 1295 suavio-

115 1317 183 1345 res,
205 1318 280 1338 cum
303 1307 438 1338 audiunt
461 1305 647 1338 blanditias,
695 1306 729 1337 ld
754 1308 940 1347 experimur
960 1307 1030 1337 tieri
1059 1307 1091 1337 in

114 1350 181 1388 his,
208 1350 262 1391 qui
290 1356 406 1381 natura
430 1356 506 1381 sunt
531 1350 624 1381 bardi
647 1359 705 1381 seu
730 1348 821 1381 fatui.
867 1350 934 1382 Sed
957 1351 1035 1380 item
1058 1349 1093 1379 fit
1119 1372 1121 1396 1

116 1393 158 1429 de
179 1393 275 1424 nobis
299 1393 468 1430 omnibus,
502 1393 556 1433 qni
591 1399 698 1423 tamen
729 1391 881 1424 volumus
911 1393 1015 1424 videri
1043 1402 1093 1423 sa-

116 1436 263 1477 pientes,
297 1440 333 1466 ut
355 1442 447 1466 recte
470 1435 581 1466 dicet-e
604 1435 734 1475 possis,
769 1436 875 1466 omnis
897 1434 1020 1467 stultus
1043 1441 1093 1466 est
1120 1427 1122 1440 '

117 1478 295 1519 superbus,
319 1482 352 1508 et
374 1478 481 1508 omnis
503 1479 669 1517 superbus
693 1484 742 1508 est
767 1475 897 1509 stultus.
944 1477 1097 1509 lactitaut
1122 1485 1123 1512 ζ

116 1520 222 1551 nostri
245 1519 395 1551 homines
417 1519 653 1552 tortitudinem.
691 1518 814 1551 Volunt
838 1520 940 1551 videri
964 1530 1097 1561 magna·
1121 1518 1124 1552 Ι

117 1562 206 1599 nimi,
229 1561 370 1600 scilicet,
395 1573 468 1594 cum
493 1569 570 1593 sunt
593 1561 667 1593 soli.
702 1563 768 1594 Sed
787 1563 840 1594 ubi
864 1569 916 1594 est
939 1563 1096 1594 fortitudo
1122 1563 1124 1598 ἐ

117 1604 186 1643 illa,
205 1604 337 1647 qualem
361 1605 515 1636 describit
541 1604 708 1636 Hesiodus
738 1607 769 1635 in
796 1615 906 1642 versu,
941 1607 995 1647 qui
1019 1607 1098 1636 cita·
1122 1626 1125 1646 t

117 1654 171 1681 tur
199 1649 286 1690 apud
310 1647 500 1690 Polybium:
536 1647 679 1678 Αίακιδαὶ
708 1651 829 1689 πυλέμῳ
862 1648 1036 1688 κεχαρήοιες
1067 1648 1100 1686 ἠέ
1123 1679 1125 1684 ,

117 1704 149 1731 γε
173 1690 265 1722 δαιτί.
310 1690 480 1723 Aeacidae
503 1691 609 1732 magis
633 1689 758 1730 praelio
788 1689 963 1729 laetantur,
999 1701 1097 1732 quam

118 1734 286 1766 convivio.
343 1734 390 1766 lta
423 1743 485 1764 nec
518 1734 679 1774 sapientia
714 1732 768 1764 illa
807 1740 901 1765 vetus
937 1734 1125 1774 reperitur*

117 1776 226 1808 hodie.
262 1776 328 1807 Vix
352 1786 554 1808 eanservare
577 1786 756 1817 possumus
781 1775 846 1814 illa,
881 1786 966 1818 quae
988 1787 1009 1808 a
1033 1786 1099 1808 ma-

117 1820 244 1852 ioribus
266 1822 341 1851 sunt
360 1820 489 1850 tradita.

203 1862 346 1894 Tantum
368 1862 478 1894 dedita
501 1868 550 1893 est
568 1861 650 1894 haec
670 1869 762 1895 aetas
782 1862 1006 1903 voluptatibus
1023 1872 1100 1894 ven-

119 1906 191 1939 tris.
236 1904 313 1937 Ideo
337 1912 428 1937 recte
451 1906 585 1937 dicitur:
620 1905 654 1936 ln
679 1907 741 1938 bac
767 1906 871 1937 delira
895 1912 925 1937 et
944 1905 1100 1947 languida

119 1956 257 1982 senecta
279 1949 390 1981 mundi
413 1959 553 1991 regnare
576 1950 799 1988 ἐπιθυμητικόν.
832 1949 988 1980 Homines
1013 1959 1099 1980 nunc

119 1992 269 2034 plerique
287 1999 363 2024 sunt
376 1993 463 2024 avidi
477 1992 532 2023 otii
556 1999 587 2023 et
611 1991 827 2033 voluptatum.
856 1992 893 2022 Et
913 2002 1099 2033 quanquam

120 2037 154 2067 in
178 2036 332 2067 omnibus
354 2036 467 2077 regnis
491 2033 626 2066 multum
650 2043 701 2066 est
723 2035 953 2076 inquietudinis
977 2042 1010 2066 et
1034 2033 1100 2065 bel—

121 2077 246 2110 lorum:
276 2077 399 2110 Tamen
423 2089 489 2109 non
513 2085 578 2109 tum
603 2077 689 2110 bella
713 2085 802 2116 sunt,
827 2089 923 2120 quam
948 2087 1099 2110 rumores

122 2120 299 2159 belforurrn
323 2121 355 2152 id
379 2127 442 2159 est,
466 2131 532 2153 non
555 2127 714 2161 geruntur
738 2120 826 2152 bella
850 2119 1008 2163 legitima,
1032 2122 1100 2162 qui·

122 2165 184 2196 bus
225 2165 468 2195 constituantur
500 2170 555 2195 aut
589 2171 745 2196 ornentur
768 2164 917 2206 imperia.
962 2164 1127 2203 Tantum}

122 2213 199 2238 sunt
222 2205 381 2238 tumultus
405 2207 577 2238 turbantes
595 2217 723 2248 pacem,
748 2214 917 2239 vastantes
934 2208 1101 2245 mundum,
1124 2211 1130 2563 ι

1124 2072 1126 2085 l

123 2256 159 2282 ut
180 2250 210 2281 si
234 2250 360 2291 cogites
379 2249 420 2281 de
443 2249 630 2281 hominibus
653 2249 851 2289 temulentis,
882 2251 937 2292 qui
960 2257 992 2282 et
1010 2260 1047 2282 se
1070 2257 1100 2282 et

125 2291 210 2324 alios
232 2293 363 2324 turbant
388 2294 458 2323 suis
480 2291 692 2324 clamoribus.

208 2335 281 2367 Nec
304 2336 402 2367 modo
426 2335 458 2366 in
477 2333 573 2373 aulis,
597 2336 657 2367 sed
680 2342 711 2367 et
733 2337 766 2367 in
785 2336 988 2378 privatorum
1011 2336 1103 2368 fami-

123 2376 177 2411 liis
198 2384 317 2420 regnat
349 2379 600 2420 intemperantia
632 2379 663 2410 in
698 2380 787 2411 victu
811 2385 844 2411 et
865 2378 1102 2421 voluptatibus.

123 2420 192 2453 hta
226 2421 431 2453 debebamus
465 2421 652 2459 moderari,
694 2423 754 2453 sed
788 2424 902 2454 nescio
936 2414 1102 2464 quomodo

124 2464 231 2504 pessit
253 2463 336 2502 fieri,
360 2463 456 2502 Quia,
487 2474 562 2495 cnm
586 2465 664 2495 vitia
687 2465 806 2496 abeunt
828 2466 860 2497 in
890 2475 1012 2503 mores,
1037 2476 1102 2498 non

124 2505 224 2538 {acile
246 2514 297 2538 est
320 2507 446 2538 mederi
467 2507 568 2539 vitiis.
613 2507 758 2538 Nostrae
785 2506 941 2540 mulieres
976 2515 1102 2550 putant,

125 2549 261 2591 qnando
284 2559 350 2581 non
374 2559 490 2582 sumus
512 2549 608 2582 farcti
628 2550 732 2581 instar
743 2549 962 2589 farciminum,
985 2552 1016 2583 id
1040 2559 1103 2590 est,

124 2592 173 2624 ita
194 2590 311 2634 repleti
334 2591 410 2625 cibo
426 2599 462 2624 et
481 2599 574 2634 potu,
603 2600 639 2625 ut
663 2591 744 2624 nihil
765 2603 939 2626 assumere
959 2594 1103 2636 amplius

809 145 847 175 P(
853 144 1024 195 ›SjrtLLA
1047 144 1080 176 M
1084 143 1403 176 ELANTHONJAN
1407 144 1446 175 A.

2079 145 2122 176 22

1151 238 1299 269 ciborum
1323 238 1502 278 possimus,
1536 248 1596 268 nos
1620 238 1765 270 nondum
1788 239 1869 269 satis
1894 238 2031 277 hahere,
2073 246 2127 270 aut

1149 279 1326 323 periclitari
1345 280 1386 311 de
1409 279 1507 311 same.

1235 322 1341 354 Etiam
1375 323 1535 354 maiorum
1568 328 1756 354 nostrorum
1798 322 1935 354 saeculo
1983 324 2128 355 nondum

1150 365 1210 397 suit
1243 364 1317 396 talis
1351 364 1528 407 inglutie&
1562 364 1667 406 qualis
1699 365 1784 406 apud
1815 372 1947 396 nostros
1977 366 2127 397 homines

1149 409 1256 451 magis
1279 409 1451 449 magisque
1475 409 1606 439 crescit.
1652 407 1777 448 Capnio
1813 409 1853 439 ad
1889 418 2026 439 coenam
2060 419 2128 439 non

1150 452 1301 483 sumebat
1326 449 1402 492 plus
1430 461 1495 481 uno
1525 449 1669 484 ferculo,
1705 457 1735 481 et
1772 451 1903 482 bibebat
1938 449 2056 489 loram,
2097 457 2129 481 et

1150 495 1280 536 quidem
1303 494 1334 524 in
1358 500 1499 531 aestate,
1523 504 1595 525 cum
1621 494 1706 524 idem
1730 494 1805 524 mihi
1830 505 1894 524 non
1915 494 2126 525 concederet.

1149 537 1210 568 Est
1232 543 1341 568 autem
1364 535 1436 567 lora
1461 543 1557 577 potus
1582 535 1648 574 ille,
1679 537 1733 576 qui
1765 536 1798 566 fit
1828 535 1934 567 infusa
1961 547 2048 577 aqua
2074 546 2127 568 su-

1150 590 1209 620 per
1230 590 1326 618 uvas,
1350 586 1525 621 postquam
1549 589 1741 620 expressum
1767 586 1818 609 est
1837 585 1988 616 mustum,
2012 586 2043 609 et
2062 589 2127 620 quo

1150 623 1254 664 magis
1274 622 1465 663 exprimitur
1476 628 1627 658 mustum,
1652 628 1680 652 et
1707 620 1781 662 plus
1806 620 1985 652 infunditur
2009 632 2128 663 aquae,

1150 676 1189 695 eo
1213 665 1285 696 lora
1320 665 1353 696 tit
1379 665 1518 696 tenuior.
1568 664 1734 706 Egressus
1770 671 1819 695 est
1845 663 1972 704 Capnio
2007 674 2127 696 annum

1149 709 1265 739 aetatis
1301 709 1592 749 septuagesimum.
1655 706 1761 737 Etiam
1799 716 1892 737 meus
1927 713 2022 746 pater
2056 712 2128 737 erat

1148 750 1247 782 valde
1277 757 1475 792 temperans.
1526 749 1608 781 Cum
1644 748 1758 781 fuisset
1795 747 1975 790 aliquando
2011 749 2041 779 in
2074 749 2128 780 his

1148 794 1351 834 regionibus,
1393 792 1551 824 laudabat
1589 792 1675 823 hanc
1712 792 1997 829 consuetudinem,
2039 792 2127 832 quod

1147 837 1284 876 primum
1316 837 1450 867 daretur
1480 842 1644 873 assatura,
1680 836 1755 875 quia
1791 835 1863 874 ipse
1892 834 1970 865 nihil
1999 833 2129 866 solebat

1148 880 1339 915 comedere,
1376 880 1438 909 nisi
1474 879 1514 909 de
1549 879 1652 918 primo
1687 876 1824 909 ferculo.
1871 876 1943 919 Ego
1968 878 2038 917 ipse
2060 888 2127 908 non

1145 932 1282 962 possum
1307 921 1382 952 milii
1406 922 1448 952 ita
1471 927 1655 962 temperare
1679 921 1710 951 in
1731 921 1805 951 cibo
1830 927 1860 951 et
1887 927 1986 960 potu:
2029 919 2127 955 Quod

1147 964 1193 1002 tit,
1217 965 1292 1005 quia
1315 964 1389 995 talis
1413 971 1463 995 est
1489 964 1714 1000 consuetudo,
1750 969 1782 994 et
1803 970 1882 1004 puto
1915 971 2041 1000 tamen,
2076 972 2127 993 me

1145 1017 1210 1038 non
1234 1006 1332 1048 piane
1356 1017 1433 1038 esse
1455 1008 1734 1047 intemperantem.

1230 1050 1304 1080 Non
1328 1051 1489 1091 potuisset
1520 1048 1636 1080 melius
1671 1049 1816 1080 describi
1840 1054 2010 1089 postrema
2034 1055 2129 1079 aetas

1143 1093 1264 1129 mundi,
1288 1103 1384 1134 quam
1409 1093 1520 1124 verbis
1543 1091 1621 1129 illis,
1645 1092 1765 1133 quibus
1788 1090 1942 1122 Clu-istus
1967 1091 2069 1122 utitur
2092 1091 2127 1123 in

1141 1135 1207 1167 hoc
1230 1142 1337 1167 textu:
1371 1137 1472 1167 Vt‘dete
1493 1145 1533 1166 ue
1549 1136 1648 1167 corda
1667 1140 1775 1167 vestra
1793 1139 1968 1174 ⁸amnentur
1985 1136 2122 1174 crapula

1143 1184 1176 1210 ec
1207 1179 1295 1210 curis
1328 1179 1438 1210 τῖε-[ιω.
1484 1176 1595 1209 Voluit
1624 1177 1712 1209 haud
1745 1178 1842 1209 dubie
1870 1178 2007 1218 pingere
2030 1176 2131 1208 hanc

1116 1223 1118 1259 ἶ,
1143 1222 1242 1253 vitam
1266 1227 1415 1252 nostram
1441 1221 1659 1252 barbaricam.

1230 1263 1291 1294 Est
1315 1270 1423 1295 autem
1451 1264 1562 1294 addita
1585 1262 1772 1294 adhortatio
1796 1263 1827 1293 in
1859 1262 1923 1293 fine
1947 1263 1988 1293 de
2010 1272 2129 1303 preca·

1144 1308 1233 1338 tione
1258 1305 1354 1337 valde
1377 1307 1534 1348 insignis:
1577 1307 1706 1345 Vt'yt‘lace
1723 1306 1811 1337 omni
1827 1310 1971 1346 tempore
1990 1315 2129 1346 precan-

1145 1356 1206 1388 tes,
1229 1354 1265 1381 ut
1282 1350 1419 1390 possim
1441 1352 1592 1389 effugere.
1636 1349 1670 1380 ln
1696 1349 1827 1380 Graeco
1851 1356 1902 1379 est
1925 1349 2131 1386 καταξιωθῆιε

1120 1423 1121 1426 ,
1146 1400 1178 1425 ut
1206 1393 1277 1423 sitis
1300 1393 1390 1434 digni
1414 1392 1568 1434 effugere.
1603 1391 1637 1422 ld
1662 1402 1726 1422 non
1750 1390 1998 1433 intelligendum
2020 1399 2068 1422 est
2090 1391 2131 1421 de

1147 1436 1276 1474 metito,
1299 1437 1358 1467 sed
1382 1442 1435 1467 est
1457 1435 1666 1477 graecismus
1690 1433 1788 1465 valde
1810 1436 1965 1466 usitatus·
2009 1434 2128 1465 Graeci

1148 1485 1283 1510 utuntur
1305 1477 1503 1519 generaliter
1528 1479 1630 1509 verbo
1650 1476 1824 1515 ἀξιοῦσθαι,
1872 1476 2044 1508 Sententia
2066 1483 2130 1515 est,

1148 1527 1182 1552 ut
1207 1521 1343 1561 possitis
1363 1531 1440 1552 esse
1463 1519 1558 1558 tales,
1584 1518 1636 1551 vel
1659 1519 1729 1550 fieri
1752 1518 1847 1550 tales.

1236 1564 1303 1595 Sed
1326 1564 1454 1595 ridetur
1479 1570 1587 1594 textus
1617 1573 1766 1604 pugnare
1790 1572 1912 1593 secum·
1960 1561 2049 1593 Dicit
2074 1560 2130 1593 illa

1150 1612 1289 1637 ventura
1319 1616 1414 1644 esse,
1437 1612 1467 1637 et
1499 1612 1606 1636 tamen
1631 1606 1706 1636 dicit
1730 1615 1793 1635 nos
1823 1604 2017 1647 effugituros
2041 1614 2129 1636 esse.

1151 1649 1187 1680 Si
1211 1655 1370 1680 venturae
1394 1654 1470 1679 sunt
1494 1647 1709 1681 calamitate&
1733 1648 1898 1689 quomodo
1921 1647 2131 1689 effugiemus,

1124 1711 1125 1730 3
1151 1701 1224 1723 cum
1250 1690 1371 1723 bellum
1393 1690 1529 1732 aliquod
1551 1691 1683 1733 ingruit,
1706 1697 1762 1722 aut
1784 1691 1915 1722 eversio
1934 1690 2059 1731 imperii
2074 1688 2130 1721 ali—

1152 1735 1262 1765 cuius:
1286 1740 1341 1765 aut
1373 1733 1613 1766 interficiuntur
1640 1733 1808 1771 homines,
1843 1739 1899 1764 aut
1927 1733 1955 1763 si
1987 1733 2042 1774 qui
2065 1743 2129 1764 non

1151 1776 1402 1814 interficiuntur,
1426 1777 1445 1808 ii
1470 1786 1571 1817 saepe
1594 1777 1727 1808 duriora
1751 1776 1929 1817 patiuntur,
1953 1774 2130 1807 inexilium

1151 1821 1331 1858 mittuntur,
1353 1826 1409 1851 aut
1426 1820 1653 1860 opprimuntur
1664 1819 1823 1850 servitute
1837 1819 2032 1857 domestica,
2046 1828 2131 1860 quae

1152 1864 1277 1894 tristior
1310 1869 1359 1894 est
1394 1868 1518 1900 morte,
1551 1869 1584 1893 ut
1621 1862 1753 1903 quando
1786 1861 1911 1900 Turca,
1945 1860 2131 1899 Thraciam,

1152 1906 1339 1944 Graeciam,
1358 1906 1557 1947 Hungariam
1581 1905 1768 1945 occupavit,
1791 1905 1869 1946 quid
1893 1903 2055 1946 reliquum
2079 1909 2131 1936 est

1150 1950 1212 1981 nisi
1238 1949 1423 1981 miserrima
1445 1948 1611 1980 servitus?

1238 1991 1355 2024 Melius
1378 1992 1432 2034 agi
1454 1992 1583 2023 videtur
1601 2001 1674 2022 cum
1697 1989 1783 2028 illis,
1806 1991 1860 2031 qui
1883 1988 2131 2028 interficiuntur,

1152 2036 1236 2067 sieut
1259 2036 1346 2076 apud
1371 2033 1543 2077 Virgilium
1565 2035 1669 2076 inquit
1692 2034 1842 2065 Aeneas:

1604 2116 1612 2124 .
1637 2117 1644 2124 .
1663 2104 1682 2125 o
1703 2098 1814 2134 terque
1835 2097 2008 2133 quaterque
2025 2093 2113 2124 bean·

1156 2139 1252 2176 (meis
1273 2143 1347 2171 ante
1369 2148 1428 2169 ora
1441 2142 1582 2179 patrum,
1608 2137 1722 2169 Troiae
1739 2138 1797 2169 sub
1815 2137 1980 2168 moenibus
2002 2136 2078 2167 altis

1154 2182 1297 2221 Coutt'ffl't
1312 2186 1463 2222 oppetere
1466 2206 1595 2212 .....

1240 2249 1451 2291 Respondeo.
1497 2248 1610 2281 Verba
1638 2246 1710 2286 illa,
1744 2254 1779 2279 ut
1810 2245 1946 2288 possitis
1971 2245 2034 2278 effu
2062 2256 2130 2284 ere,

1153 2301 1229 2325 sunt
1248 2292 1463 2334 intelligenda
1486 2293 1527 2324 de
1551 2291 1752 2333 mitigatione
1773 2289 1978 2330 publicarum
1997 2299 2036 2320 ca
2051 2289 2130 2320 ami-

1153 2343 1275 2374 tatum,
1310 2336 1394 2372 Quia
1417 2335 1510 2367 Deus
1543 2336 1639 2366 etiam
1672 2335 1756 2364 inter
1779 2331 1834 2363 ilia
1862 2331 1950 2364 mala
1973 2332 2131 2373 postremi

1154 2380 1312 2420 temporis
1343 2379 1488 2410 servabit
1518 2377 1673 2419 reliquias
1703 2374 1886 2407 Ecclesiae.
1930 2374 2023 2406 lubet
2045 2375 2130 2406 enim

1154 2421 1307 2454 attollere
1330 2422 1450 2463 capita.
1495 2420 1589 2452 Unde
1612 2420 1771 2461 sequitur,
1801 2418 1888 2460 quod
1911 2427 2069 2450 mansura
2087 2418 2130 2448 sit

1155 2465 1307 2497 Ecclesia
1349 2464 1406 2497 illo
1435 2465 1623 2496 tristissimo
1660 2469 1820 2503 tempore.
1877 2460 1972 2492 Sicut
2005 2459 2130 2493 Paulus

1155 2509 1253 2540 etiam
1286 2509 1403 2549 inquit:
1447 2507 1518 2539 lloc
1548 2506 1663 2543 tacite,
1697 2505 1804 2535 donec
1827 2503 1980 2535 Christus
2011 2503 2129 2534 veniet.

1156 2551 1226 2582 Etsi
1249 2557 1358 2583 autem
1381 2549 1541 2592 reliquiae
1563 2547 1640 2581 illae
1661 2548 1694 2579 in
1716 2545 1857 2589 publicis
1887 2545 2130 2579 calamitatibus

1156 2595 1254 2626 etiam
1269 2594 1394 2627 duriter
1415 2597 1629 2635 quassantur,
1651 2591 1742 2624 iuxta
1763 2590 1902 2622 dictum:
1946 2590 2076 2622 lucram
2095 2588 2131 2618 in

1925 2647 1960 2673 ,0
