2324 2958
55 160 117 194 301

138 243 220 285 Cum
248 249 314 280 hoc
343 259 444 281 versu
473 249 625 291 congruit
654 258 772 279 nomen
802 247 1028 289 Sardanapali.

56 297 127 330 Rex
148 294 244 326 debet.
266 302 343 324 esse
365 292 490 334 peritus
508 293 556 323 rei
576 289 727 328 bellicae,
751 297 781 322 et
806 289 901 322 sortis
923 292 956 322 in
975 291 1029 322 de-

57 337 226 383 pellendis
243 336 390 368 externis
418 334 582 367 hostibus.
627 334 737 365 Debet
765 334 862 365 etiam
891 343 966 364 esse
997 334 1029 365 in

57 390 132 425 toga
160 380 272 416 iudex,
308 379 392 410 iuste
426 378 576 410 iudicans
604 378 636 408 in
668 377 770 408 rebus
801 377 1029 408 controversis

55 426 136 458 inter
157 422 320 454 subditos.
366 420 404 452 Et
429 431 495 453 non
519 420 627 452 solum
651 420 825 457 mandare,
848 419 908 450 sed
932 419 1029 450 etiam

55 465 168 508 nequi
199 465 306 496 debet.
352 464 459 495 Hodie
487 462 596 495 adhuc
625 469 675 494 est
705 463 822 494 civitas
845 461 970 493 Tarsus
999 468 1030 493 et

54 506 153 551 vulgo
176 513 315 539 vocatur
336 506 460 538 Tarso:
495 505 610 537 Cilicia
634 506 728 537 cuius
755 503 949 545 metropolis
978 511 1029 536 est

52 551 186 589 Tarsus,
210 550 307 581 hodie
331 551 517 581 nominatur
537 548 742 580 Caramania.
783 548 928 579 Fuerunt
952 546 1030 579 olim

51 594 94 627 ibi
117 594 233 625 studia.
278 593 319 624 Et
342 593 451 624 adhuc
463 590 556 623 Pauli
575 598 683 623 aetate
701 589 760 622 fuit
778 592 810 622 in
823 590 930 622 Tarso
943 591 1028 622 Aca-

51 637 156 669 demia
174 636 419 673 florentissima,
438 645 504 667 non
523 633 657 666 multum
679 635 802 666 cedens
822 632 1027 672 celebritate,

49 678 188 713 scholae
211 678 468 717 Alexandrinae,
490 684 546 710 aut
569 677 711 709 Atticae.

136 722 171 754 ln
202 721 265 753 hac
296 732 377 764 ergo
408 722 490 753 urbe
518 719 707 752 habitarunt
738 726 893 761 parentes
922 718 1028 757 Pauli,

72 766 104 798 ui
127 764 258 797 fuerunt
283 765 404 802 ludaei,
429 774 469 795 ex
492 765 578 795 tribu
602 764 783 801 Beniamin,
812 763 897 798 Quia
922 772 1027 804 genus

65 808 199 846 udaica,
228 809 324 839 etiam
353 813 461 838 stante
490 806 603 848 politia
631 806 688 838 suit
717 807 876 847 dissipata
898 806 1029 837 mirabi-

47 849 130 883 liter.
168 851 261 882 Deus
285 849 388 881 voluit
411 861 482 882 eam
506 851 555 881 sic
580 850 745 890 dissipari,
769 849 880 886 eredo,
904 855 938 880 ut
962 847 1028 880 col-

47 893 166 937 ligeret
189 894 312 935 passim
331 892 514 925 Ecclesiam
533 903 574 924 ex
593 894 759 935 gentibus,
784 892 862 924 Item
881 898 914 923 ut
935 902 1028 933 prae-

46 944 180 979 pararet
202 936 384 979 Evangelio
408 937 504 968 viam.

133 980 278 1021 Apparet
304 986 412 1011 autem
437 979 575 1011 Paulum
598 979 630 1010 in
654 978 834 1009 Academia
857 978 972 1019 patria
991 976 1027 1007 li-

47 1022 204 1055 beraliter
226 1023 332 1055 fuisse
355 1023 536 1054 institutum
565 1023 596 1052 in
626 1022 721 1053 bonis
744 1020 857 1052 literis.
906 1019 1027 1051 Didicit

46 1064 245 1097 adolescens
276 1067 366 1097 initia
401 1066 534 1103 artium,
565 1064 837 1103 Grammaficam,
872 1061 1027 1095 Dialecti-

47 1119 131 1147 cam,
153 1107 376 1140 Rhetoricam.
422 1108 517 1150 Legit
541 1107 662 1138 Poetas
686 1113 716 1138 et
741 1107 918 1144 Oratores,
941 1107 1028 1137 sicut

45 1161 154 1194 genus
184 1153 345 1183 sermonis
376 1152 528 1182 ostendit.
575 1149 684 1181 Utitur
717 1151 801 1181 enim
836 1149 1026 1181 lectissimis

46 1195 169 1233 verbis,
193 1202 225 1226 et
250 1196 327 1226 citat
351 1195 513 1226 interdum
536 1192 659 1234 aliquid
682 1202 723 1224 ex
746 1193 918 1233 poematis.

133 1237 256 1270 Postea
281 1236 340 1268 suit
363 1239 485 1269 missus
504 1235 783 1278 Hierosolymam,
807 1236 861 1267 ubi
881 1235 963 1267 sedit
984 1235 1026 1267 ad

45 1281 149 1322 pedes
173 1279 385 1319 Gamalielis,
408 1281 441 1311 id
465 1286 534 1317 est,
560 1278 620 1311 suit
644 1281 714 1310 eius
738 1279 885 1316 auditor,
915 1288 1026 1319 quem—

46 1324 223 1357 admodum
251 1326 321 1365 ipse
349 1332 461 1355 narrat
485 1324 561 1354 Act.
585 1323 637 1353 22.
683 1322 735 1353 Ab
767 1323 831 1353 hoc
859 1322 1026 1353 institutus

47 1373 98 1398 est
121 1367 153 1398 in
175 1366 260 1408 lege,
284 1373 316 1398 et
335 1368 507 1398 traductus
526 1366 568 1397 ad
587 1364 793 1406 disciplinam
812 1371 924 1396 sectae
942 1363 1024 1396 Pha-

47 1410 205 1447 risaicae,
241 1410 293 1440 cui
322 1409 488 1441 mordicus
518 1409 685 1446 adhaesit,
721 1408 826 1439 donec
856 1413 1027 1439 converte—

48 1459 140 1484 retur
163 1452 205 1483 ad
229 1452 428 1493 agnitionem
451 1450 584 1482 Christi.

134 1494 202 1526 Sed
230 1493 396 1526 excultum
427 1493 531 1525 fuisse
560 1494 646 1525 omni
676 1491 803 1524 liberali
831 1494 1026 1530 eruditione,

46 1543 209 1569 testantur
227 1536 365 1578 plurima
384 1538 561 1568 verborum
580 1537 739 1578 pondera,
762 1547 847 1578 quae
871 1547 936 1568 non
955 1543 1026 1567 tan-

45 1586 114 1612 tum
137 1590 178 1611 ex
201 1578 294 1611 libris
318 1580 442 1617 sacris,
469 1581 527 1611 sed
552 1581 649 1611 etiam
672 1589 712 1610 ex
736 1580 885 1621 scriptis,
916 1578 1026 1620 qualia

46 1629 122 1654 sunt
145 1621 221 1660 illa,
249 1623 442 1663 ὀρθοτομεΐν,
467 1623 674 1663 συμβιράζειν,
698 1622 891 1661 ὑποπιάζειν,
915 1622 1026 1661 ἀναζω-

1 1682 3 1685 ·
45 1669 162 1707 πυρεῖν,
186 1665 276 1703 ltem,
299 1665 493 1706 καθάρματα,
516 1665 722 1706 περιψῇματα,
746 1664 894 1706 ἄστοργοι,
915 1664 1024 1696 ἄσιτοι-

45 1708 110 1748 δοι,
135 1712 348 1749 πῐυφωμένοι,
377 1714 410 1739 et
437 1707 555 1739 similia
584 1707 703 1746 multa,
731 1718 815 1749 quae
845 1709 969 1749 passim
993 1709 1025 1739 in

45 1753 116 1784 eius
136 1750 297 1793 Epistolis
321 1757 517 1783 occurrunt:
543 1750 638 1786 Quae
662 1752 733 1782 sine
758 1751 948 1793 cognitione
972 1762 1025 1781 ve-

45 1801 151 1826 terum
173 1794 402 1832 historiarum,
428 1800 460 1825 et
484 1793 613 1826 liberali
638 1794 822 1826 eruditione
846 1804 907 1827 nec
930 1793 1026 1825 intel-

44 1837 113 1880 ligi,
136 1848 198 1869 nec
222 1839 370 1869 enarrari
394 1844 545 1879 possunt.

131 1879 307 1913 manifeste
330 1881 427 1912 etiam
452 1881 595 1912 cernitur
618 1881 650 1911 in
674 1880 744 1911 eius
768 1879 926 1921 Epistolis
950 1881 1026 1911 arti-

45 1923 161 1956 ficiosa
180 1925 262 1955 ratio
282 1923 481 1965 disputandi,
506 1929 537 1955 et
558 1923 640 1955 ordo
661 1933 852 1965 congruens
871 1924 913 1954 ad
931 1934 1026 1965 prae·

45 1973 143 2008 cepta
172 1966 326 1998 methodi.
373 1966 411 1997 Et
436 1965 524 1998 velle
553 1966 761 2007 interpretari
790 1965 926 1998 Paulum
955 1968 1026 1998 sine

46 2009 245 2042 Dialectices
275 2017 307 2041 et
336 2008 476 2040 aliarum
499 2010 614 2041 artium
637 2009 811 2052 praesidiis
839 2016 871 2041 et
893 2010 1026 2041 admini-

45 2052 149 2091 culis,
180 2059 231 2085 est
252 2053 325 2085 sine
349 2051 457 2083 stellis
479 2054 739 2085 monstrantibus
761 2058 908 2094 portum,
936 2055 1025 2084 navi—

45 2106 126 2138 gare
149 2095 234 2128 velle
258 2106 359 2128 caeca
383 2102 490 2127 nocte.

132 2147 219 2183 Quot
243 2154 319 2179 sunt
343 2157 472 2185 versus,
497 2157 580 2189 quos
605 2147 683 2178 citat
706 2146 830 2179 Paulus
854 2157 894 2179 ex
917 2148 1025 2189 poetis

44 2191 214 2223 Ethnicis‘?
258 2189 353 2221 Tres.
401 2189 452 2220 Dc
476 2189 689 2222 Cretensibus
717 2191 796 2222 citat
818 2191 849 2222 in
873 2189 1025 2232 Epistola

44 2235 85 2266 ad
109 2233 228 2272 Titum,
252 2244 294 2265 ex
318 2232 520 2275 Epimenide,
544 2234 647 2264 veteri
668 2239 783 2274 poeta:

115 2296 228 2336 Κρῆτες
246 2294 293 2324 ἀεὶ
314 2297 447 2334 meve-rai.
472 2293 546 2323 κακὰ
565 2298 673 2335 θηρία,
693 2298 828 2335 γαστέρες
847 2293 945 2335 ἅργαι.

132 2355 300 2386 Cretenses
323 2358 395 2386 mm
419 2363 543 2395 semper
566 2355 744 2392 mendaces,
766 2355 870 2386 malae
895 2355 1024 2393 hestiae,

44 2401 74 2428 et
102 2401 229 2429 ventres
257 2399 375 2438 ι’,ᾳηηι-ιζ
421 2397 576 2428 Homines
608 2396 769 2429 insulares
798 2403 874 2429 sunt
905 2398 1024 2430 bestia—

44 2438 105 2471 les.
140 2441 204 2473 Sed
228 2441 363 2472 occasio
387 2439 649 2481 reprehendendi
669 2439 848 2472 Cretenses
871 2441 912 2472 de
935 2451 1023 2472 men-

45 2483 158 2521 dacio,
189 2490 265 2515 nata
290 2490 339 2514 est
363 2494 402 2514 ex
426 2481 556 2515 illorum
580 2481 793 2525 gloriatione,
823 2485 910 2525 quod
935 2482 1023 2515 affir-

44 2534 171 2557 marunt
196 2536 299 2567 penes
323 2536 361 2558 se
380 2536 457 2557 csse
476 2525 689 2568 sepulchrum
708 2525 805 2558 lovis.
847 2526 899 2558 De
917 2528 1022 2568 primo

736 153 953 187 POSTlLLA
980 151 1377 185 MELANTHONJANA.

45 2574 119 2600 ortu
149 2575 284 2600 naturae
312 2569 492 2608 humanae,
521 2571 598 2601 citat
627 2570 658 2600 in
687 2569 780 2600 Actis
809 2568 890 2601 illud
913 2571 1021 2601 Arati:
1045 2572 1049 2616 Ι

47 2612 95 2642 τοῦ
115 2613 170 2652 γάρ
193 2615 243 2643 καὶ
266 2617 345 2651 γένος
366 2615 453 2651 ἐσμέν
479 2612 542 2644 Dei
554 2622 654 2654 yenm·
672 2622 788 2643 sumus.
825 2611 865 2644 Et
884 2613 924 2644 de
944 2623 1021 2645 con·
1046 2631 1050 2646 .
1075 2619 1197 2655 togata.

1996 153 2062 186 302

1082 247 1269 279 versatione
1292 257 1366 279 cum
1389 245 1497 284 malis,
1521 256 1562 277 ex
1583 246 1766 279 Menandro
1789 246 1912 289 allegat
1935 247 1978 279 ad
1997 247 2061 279 Co·

1082 289 1236 322 rinthios:
1271 293 1449 331 φθείρουσιν
1478 288 1540 328 ἢθη
1564 290 1674 331 lew-‘²’
1699 290 1812 329 ὁμιλίαι
1834 295 1933 321 κακαί.
1979 290 2060 322 Cor-

1082 337 1231 374 rumpunt
1255 333 1353 364 bonos
1376 342 1480 364 mores
1503 333 1665 373 colloquia
1683 343 1803 374 pram.

1169 375 1236 407 Sed
1260 386 1319 407 cur
1342 376 1420 406 dicit
1439 373 1563 407 Paulus
1587 386 1624 406 se
1644 386 1721 407 esse
1741 377 1845 407 civem
1866 375 2061 415 Romanum,

1083 429 1157 450 cum
1180 417 1277 451 suerit
1300 417 1498 450 Tarsensis?
1538 417 1615 449 Ideo
1639 417 1704 448 hoc
1727 419 1815 457 dicit,
1840 419 1916 460 quia
1934 418 2061 451 Tarsus

1082 461 1138 493 snit
1159 462 1279 493 donata
1297 462 1368 493 iure
1387 461 1529 493 civitatis
1543 460 1712 492 Romanae
1727 463 1768 492 ab
1782 462 1926 493 Antonio
1939 461 2062 493 Trium·

1083 505 1166 543 viro,
1186 503 1319 546 collega
1336 504 1489 546 Augusti.
1523 503 1574 534 Ex
1592 504 1657 535 hoc
1677 504 1838 535 beneficio
1858 505 1970 536 habuit
1982 504 2061 536 Tar—

1081 558 1140 578 sus
1170 548 1254 579 idem
1282 549 1349 585 ius,
1378 548 1467 589 quod
1495 546 1679 578 habuerunt
1710 546 1869 578 Coloniae
1896 547 2061 579 Romano-

1081 601 1165 629 rum,
1187 589 1340 622 videlicet
1362 589 1568 628 libertatem,
1595 589 1756 628 honores,
1786 595 1818 621 et
1841 597 1973 621 caetera
1997 591 2062 631 pri-

1081 632 1213 675 vilegia,
1237 633 1421 665 communia
1445 643 1518 664 cum
1541 633 1598 671 iis,
1623 634 1677 674 qui
1700 633 1733 663 in
1756 633 1829 674 ipsa
1851 633 1933 663 urbe
1957 632 2062 665 Roma

1082 676 1283 707 habitabant.
2044 688 2061 710 ς

1166 718 1238 749 Vos
1262 718 1496 750 adolescentes
1519 724 1734 756 mementote,
1764 719 1818 759 qui
1842 718 1965 759 gradus
1993 718 2061 750 fue-

1081 763 1144 793 rint
1167 761 1294 803 lmperii
1317 761 1466 793 Romani.
1512 760 1709 802 Ubicunque
1738 768 1813 792 sunt
1837 761 1989 801 imperia,
2016 761 2062 793 ibi

1082 811 1213 846 oportet
1247 815 1324 836 esse
1359 804 1523 842 ordinem,
1564 804 1828 835 distributionem
1866 803 2063 842 officiorum,

1080 848 1205 889 gradus
1229 858 1368 879 onerum
1390 853 1421 878 et
1445 847 1688 893 inwiunitatum.
1722 846 1786 877 Ubi
1810 857 1875 877 non
1899 854 1949 878 est
1969 847 2064 885 ordo,

1080 892 1125 922 ibi
1149 901 1215 921 non
1239 896 1291 921 est
1313 890 1470 932 regimen.
1518 889 1639 921 Paulus
1662 890 1807 921 nominat
1832 890 1982 930 imperia,
2005 899 2063 930 po-

1080 939 1216 965 testates
1239 944 1258 964 a
1277 932 1352 965 Deo
1376 933 1556 964 ordinatas.
1602 932 1766 974 Cogitate,
1793 932 1891 974 quale
1915 933 2062 974 regimen

1081 983 1170 1007 esset
1194 976 1354 1014 futurum,
1377 982 1433 1007 aut
1454 976 1582 1018 potius,
1605 982 1727 1018 quanta
1750 975 1919 1013 confusio,
1945 977 1973 1007 si
1996 976 2061 1007 sin-

1080 1019 1149 1061 guli
1173 1018 1296 1050 vellent
1320 1020 1505 1051 ascendere
1528 1020 1560 1049 in
1585 1020 1724 1057 curiam,
1753 1025 1786 1050 et
1815 1028 1891 1049 esse
1920 1019 2060 1057 iudices,

1079 1073 1154 1094 cum
1181 1061 1316 1101 liberet,
1346 1069 1399 1093 aut
1431 1063 1458 1094 si
1487 1060 1608 1104 singuli
1632 1061 1755 1093 vellent
1782 1063 1814 1092 in
1843 1060 1955 1093 militia
1984 1072 2062 1094 esse

1080 1105 1272 1146 Capitanei‘?

1166 1148 1298 1180 Gradus
1321 1149 1421 1191 igitur
1444 1146 1576 1180 fuerunt
1598 1147 1746 1186 illorum,
1777 1148 1832 1189 qui
1861 1154 1954 1178 erant
1984 1158 2062 1179 con-

1078 1192 1178 1222 iuncti
1202 1192 1338 1232 imperio
1362 1191 1530 1223 Romano:
1567 1192 1695 1222 Primus
1720 1191 1802 1221 ordo
1827 1196 1897 1222 erat
1923 1191 2061 1222 civium:

1079 1235 1254 1266 Secundus
1277 1233 1496 1276 Municiptnn:
1531 1235 1661 1266 Tertius
1685 1233 1923 1275 Vectigalium:
1955 1233 2060 1268 Quar-

1078 1284 1132 1309 tus
1157 1277 1342 1309 Sociorum.

1169 1321 1196 1352 l.
1227 1320 1326 1352 Cives
1349 1319 1570 1359 habebantur,
1593 1330 1660 1351 non
1683 1325 1810 1351 tantum
1832 1320 1864 1350 in
1887 1320 1960 1360 ipsa
1979 1320 2062 1351 urbe

1078 1364 1282 1401 habitantes,
1313 1364 1374 1395 sed
1402 1365 1500 1395 etiam
1531 1365 1563 1395 in
1591 1362 1665 1394 aliis
1694 1363 1847 1400 urbibus,
1879 1364 1998 1403 quibus
2028 1363 2060 1393 in

1079 1405 1187 1445 ltalia,
1219 1405 1273 1438 vel
1301 1412 1395 1438 extra
1418 1405 1544 1438 ltaliam
1572 1407 1624 1437 ius
1647 1405 1816 1437 Romanae
1841 1405 1982 1437 civitatis
2005 1406 2061 1437 da-

1078 1456 1145 1481 tum
1170 1456 1250 1481 erat.
1289 1449 1330 1480 Hi
1353 1460 1468 1481 omnes
1488 1456 1581 1481 erant
1600 1449 1778 1490 participes
1798 1447 1942 1486 militiae,
1966 1458 2059 1489 prae-

1079 1493 1234 1530 miorum,
1263 1491 1442 1529 honorum,
1477 1491 1736 1534 privilegiorum.
1783 1491 1846 1527 Qui
1875 1498 1944 1523 erat
1977 1491 2060 1522 civis

1079 1535 1264 1573 Romanus,
1292 1541 1421 1576 poterat
1445 1535 1514 1567 fien'
1540 1535 1664 1566 Romae
1688 1533 1814 1565 Consul
1838 1541 1894 1566 aut
1916 1541 2061 1575 praetor,

1078 1584 1207 1619 poterat.
1229 1579 1351 1609 habere
1373 1579 1543 1618 imperium
1562 1577 1778 1620 provinciale,
1802 1577 2059 1615 Promnsulare,

1079 1620 1131 1652 vel
1156 1622 1373 1653 Praetorium.
1419 1621 1492 1653 Hoc
1517 1620 1576 1655 fuit
1604 1630 1671 1652 non
1700 1620 1806 1652 solum
1834 1620 1969 1659 honori,
1999 1620 2060 1651 sed

1078 1665 1175 1696 etiam
1199 1675 1319 1706 magno
1344 1665 1529 1696 commodo.
1576 1663 1612 1696 Si
1642 1665 1715 1705 quis
1744 1664 1909 1695 biennium
1938 1664 1997 1695 fuit
2027 1664 2060 1694 in

1078 1708 1249 1748 provincia
1273 1718 1346 1739 cum
1370 1708 1518 1748 imperio,
1541 1707 1645 1748 potuit
1669 1713 1699 1737 et
1724 1717 1774 1745 se,
1798 1713 1828 1738 et
1849 1713 1951 1738 totam
1968 1705 2060 1737 fami·

1078 1750 1153 1781 liam
1177 1760 1270 1782 suam
1294 1750 1408 1781 ditare.
1446 1750 1540 1781 Adeo
1563 1748 1699 1782 multum
1720 1750 1769 1781 eis
1788 1750 1981 1787 accedebat,
2005 1750 2060 1791 qui

1079 1794 1269 1825 obtinebant
1293 1793 1492 1834 provincias.

1165 1836 1238 1867 Hoc
1260 1836 1311 1867 ius
1334 1837 1520 1868 retinebant
1542 1836 1581 1871 ii,
1606 1836 1661 1877 qui
1685 1846 1727 1866 ex
1751 1837 1831 1867 urbe
1854 1835 1977 1873 Roma,
2005 1836 2060 1866 ubi

1079 1880 1170 1912 cives
1205 1877 1350 1916 fuerant,
1390 1878 1456 1910 alio
1491 1877 1778 1911 transferebantur
1818 1879 1851 1909 in
1886 1877 2059 1915 colonias,

1079 1933 1162 1965 quas
1186 1923 1236 1954 sic
1258 1923 1488 1954 nominabant:
1521 1921 1636 1964 quales
1660 1920 1819 1953 Coloniae
1846 1921 1968 1953 multae
1991 1919 2060 1953 fue-

1078 1973 1154 1997 runt
1176 1966 1209 1997 in
1233 1965 1427 2003 Germania,
1455 1973 1486 1997 ut
1513 1964 1653 1997 Colonia
1675 1965 1878 2007 Agrippina,
1909 1964 1988 1998 OEsstn
2011 1973 2059 1996 <tm

1079 2010 1183 2047 fflbcin.
1219 2007 1359 2040 Colonia
1377 2008 1541 2047 Tiberina,
1560 2009 1764 2051 fflcgenfibutg.
1801 2008 1955 2050 Augusta
1973 2006 2059 2039 Rhe—

1078 2058 1198 2089 torum,
1223 2051 1396 2093 Qtuqssburffi
1420 2058 1483 2084 etc.

1164 2094 1234 2126 Hae
1258 2094 1417 2126 Coloniae
1440 2100 1534 2126 erant
1558 2095 1736 2136 participes
1765 2093 1943 2131 honorum,
1973 2094 2061 2125 sicut

1078 2139 1175 2170 etiam
1198 2148 1264 2169 una
1288 2136 1479 2170 militabant.
1525 2138 1615 2169 Civis
1637 2137 1847 2169 Coloniensis
1870 2137 1974 2178 potuit
1993 2136 2059 2168 Ro-

1078 2191 1151 2213 mae
1178 2181 1248 2212 fieri
1279 2180 1420 2220 Consul,
1452 2182 1555 2223 potuit
1583 2182 1756 2223 pervenire
1785 2181 1826 2212 ad
1850 2180 2060 2222 gubernatio-

1077 2235 1152 2256 nem
1175 2225 1428 2266 provinciarum.
1463 2225 1605 2263 Caeteri,
1628 2224 1683 2266 qui
1702 2234 1768 2255 non
1789 2224 2060 2262 traducebantur,

1077 2275 1205 2306 tamen,
1239 2268 1268 2298 si
1302 2268 1413 2299 donati
1446 2274 1562 2299 essent
1594 2268 1664 2299 iure
1693 2268 1833 2299 civitatis
1862 2267 1959 2298 etiam
1987 2266 2060 2298 sine

1078 2312 1304 2349 traductione,
1348 2311 1463 2342 eodem
1497 2311 1566 2343 iure
1601 2309 1813 2342 Coloniarum
1854 2308 2059 2341 fruebantur.

1077 2353 1167 2385 Talis
1201 2353 1259 2385 suit
1294 2353 1432 2385 Tarsus.
1490 2353 1601 2386 Potuit
1635 2354 1733 2395 igitur
1767 2353 1848 2384 civis
1881 2352 2058 2384 Tarsensis

1077 2407 1209 2439 quoque
1232 2397 1371 2438 adipisci
1394 2396 1623 2439 Magistratus.

1164 2439 1343 2472 Praeterea
1373 2451 1488 2471 onmes
1518 2441 1608 2471 cives
1643 2439 1809 2470 habebant
1844 2439 1895 2470 ius
1931 2437 2059 2470 serendi

1077 2483 1238 2526 suffragii.
1284 2483 1363 2515 lnde
1392 2482 1511 2515 Cicero
1546 2483 1578 2513 in
1607 2480 1757 2524 Epistola
1784 2482 1811 2513 1.
1842 2482 1885 2513 ad
1913 2482 2059 2514 Atticum

1076 2527 1194 2568 inquit:
1229 2526 1368 2558 Videtur
1397 2527 1428 2556 in
1451 2525 1618 2567 suffragiis
1649 2524 1786 2557 multum
1809 2535 1912 2567 posse
1936 2524 2057 2563 Gallia,

1076 2570 1161 2605 Quia
1195 2568 1320 2602 multae
1355 2567 1514 2601 Coloniae
1546 2568 1717 2600 Romanae
1751 2574 1846 2601 erant
1880 2569 1912 2600 in
1948 2566 2059 2600 Gallia
