2324 2958
155 149 218 183 817

839 145 1059 178 POSTLLLA
1075 144 1474 177 MELANTHONJANA.

2097 147 2164 181 818

156 281 279 322 Estne
311 280 411 319 haec
435 277 653 333 propositio
674 290 788 316 vera:
825 283 1041 321 Iustificamur
1068 290 1133 322 per
1184 273 1249 314 De
1281 288 1362 327 quo
1393 274 1539 315 iudicio
1572 275 1740 330 Spiritus
1772 285 1931 317 sanetus
1964 279 2162 320 mundum

155 355 250 392 fidem
278 354 517 393 principaliter,
552 357 584 383 e!
616 354 723 383 minus
748 350 975 390 principaliter
994 361 1056 390 per
1078 359 1132 382 no·

495 416 567 443 stra
585 412 668 443 bona
679 409 800 451 opera?

242 495 452 537 Respondeo.
486 496 717 537 Nequaquam,
737 495 813 535 quia
826 492 1025 526 vocabulum
1038 495 1131 527 iusti—

153 539 318 572 ficationis
352 539 488 580 respicit
522 540 565 571 ad
597 538 859 579 acceptationem
895 547 1008 569 coram
1046 538 1132 576 Deo,

155 592 230 615 cum
253 592 316 623 qua
340 582 401 612 etsi
425 583 601 613 coniuncta
625 587 675 612 est
698 581 832 612 donatio
856 580 999 621 Spiritus
1012 581 1132 619 sancti,

153 633 262 656 tamen
285 624 459 656 retinenda
482 632 533 656 est
557 623 742 661 exclusiva,
777 624 867 664 quod
890 622 963 654 sola
988 623 1064 662 fide,
1099 623 1131 655 id

154 673 218 705 est,
241 667 361 699 fiducia
384 667 592 699 obedientiae
615 665 740 698 Chriszi
763 668 866 697 simus
888 667 975 704 iusti,
998 676 1059 698 seu
1077 676 1131 698 ac-

154 711 241 752 cepti
264 708 353 748 Deo,
377 716 410 741 et
433 719 556 742 causae
578 715 656 741 sunt
675 709 904 751 gravissimae.

239 753 350 784 Prima
373 759 435 791 est,
458 753 534 794 quia
556 751 611 783 hic
634 752 741 783 honos
764 751 826 783 soli
851 751 983 783 Christo
1006 759 1056 783 est
1076 751 1131 783 tri-

153 796 317 833 buendus,
353 795 441 837 quod
464 796 534 827 eius
558 795 746 826 obedientia
780 795 822 826 sit
844 795 994 826 meritum
1017 795 1131 825 remis-

152 839 258 870 sionis
281 844 508 879 peccatorum,
531 847 591 869 seu
603 838 843 879 acceptationis
858 848 970 870 coram
981 836 1067 869 Deo.
1093 837 1130 867 11.

153 879 267 913 Causa
290 886 355 920 est,
389 886 425 913 ut
460 882 685 912 conscientiae
708 880 851 912 habeant
881 886 1006 912 certam
1029 886 1061 911 et
1084 880 1131 911 in-

151 924 332 956 dubitatam
356 923 630 955 consolationem.
690 923 775 954 Nam
799 924 827 955 si
850 923 984 961 iustitia,
1012 923 1045 954 id
1069 928 1132 960 est,

151 967 338 1007 acceptatio
351 967 511 1007 penderet
528 977 568 998 ex
581 967 771 998 conditione
794 976 942 1007 operum,
966 975 1131 1007 nunquam

153 1009 378 1041 conscientiae
401 1016 514 1041 essent
538 1016 660 1048 certae,
684 1010 772 1050 quod
795 1009 956 1041 eiusmodi
979 1010 1011 1039 in
1035 1009 1131 1040 nobis

153 1052 291 1084 virtutes
313 1050 518 1084 sufficientes
541 1053 624 1090 sint,
653 1059 790 1093 propter
823 1062 906 1093 quas
941 1051 1033 1083 Deus
1067 1061 1131 1082 nos

152 1095 299 1136 recipiat.
344 1094 397 1126 111.
431 1094 475 1126 Ut
497 1097 539 1127 sit
561 1096 741 1127 discrimen
763 1094 867 1136 Legis
891 1101 923 1125 et
946 1092 1130 1136 Evangelii.

152 1137 224 1169 Lex
246 1137 383 1179 requirit
416 1136 539 1180 aliquid
562 1139 593 1169 in
622 1138 720 1169 nobis
746 1137 847 1178 ipsis,
881 1142 1018 1178 propter
1041 1137 1131 1177 quod

152 1180 255 1212 simus
279 1181 368 1212 iusti.
424 1179 642 1223 Evangelium
666 1180 800 1212 deducit
827 1189 889 1211 nos
913 1180 956 1210 ad
978 1180 1131 1214 meritum

151 1221 288 1260 Christi,
312 1223 400 1264 quod
423 1229 475 1254 est
497 1229 592 1254 extra
615 1232 689 1261 nOS,
724 1222 813 1264 quod
837 1228 944 1254 tamen
969 1222 1131 1263 accipien-

151 1265 229 1297 dum
252 1271 305 1296 est
327 1264 402 1296 fide.
469 1265 525 1296 IV.
549 1265 662 1298 Causa
684 1272 748 1304 est,
769 1271 805 1297 ut
827 1266 935 1306 possit
957 1264 1028 1296 fieri
1051 1275 1130 1297 vera

150 1308 328 1346 invocatio,
351 1318 437 1349 quae
458 1309 682 1349 impediretur,
705 1309 733 1339 si
756 1309 789 1339 in
812 1309 910 1341 nobis
941 1308 1130 1349 quaerenda

151 1356 244 1382 esset
267 1360 370 1382 causa
392 1352 635 1391 acceptationis
659 1362 773 1382 coram
795 1350 881 1382 Deo.

236 1392 385 1424 Rectene
406 1400 575 1434 exponunt
597 1392 697 1435 aliqui
719 1392 786 1424 hoc
808 1394 945 1425 dictum:
976 1393 1056 1424 Fide
1077 1403 1129 1424 su-

151 1445 220 1467 mus
238 1436 332 1472 iusti,⁸
362 1436 394 1467 id
418 1443 480 1474 est,
508 1446 593 1467 noca
617 1437 858 1474 illmninatione,
882 1446 938 1467 seu
960 1437 1128 1476 qualitati—

151 1478 209 1510 bus
230 1479 322 1509 nocis
344 1490 366 1510 a
382 1479 455 1510 Deo
477 1478 621 1518 inlusis?
664 1478 763 1510 Fides
787 1478 844 1510 hic
863 1479 996 1519 ponitur
1018 1489 1129 1510 corre-

150 1519 262 1552 lative.
327 1521 413 1553 Nam
436 1531 550 1554 sumus
573 1522 648 1553 iusti
672 1521 736 1554 fide
758 1523 790 1553 in
818 1518 883 1553 hac
906 1522 990 1559 vita,
1015 1532 1129 1553 coram

150 1563 241 1601 Deo;
262 1574 330 1595 non
353 1571 516 1605 quatenus
541 1565 624 1596 fides
648 1571 700 1596 est
723 1563 865 1606 qualitas
887 1565 919 1596 in
939 1565 1046 1602 nobis,
1069 1574 1130 1597 seu

150 1607 256 1638 virtus
289 1616 434 1638 accensa
468 1607 636 1646 divinitus,
661 1608 720 1638 sed
743 1615 880 1648 propter
902 1608 1130 1646 mediatorem,

150 1649 244 1681 cuius
267 1649 384 1681 merito
409 1649 616 1681 confidimus.
662 1649 802 1685 Quidam
825 1651 998 1691 Augustae
1009 1660 1130 1691 posue—

151 1698 202 1722 rat
223 1693 256 1723 in
279 1702 340 1724 sua
363 1691 588 1730 consessione,
621 1703 725 1733 posse
758 1694 893 1734 probari
927 1703 968 1724 ex
991 1692 1129 1725 Platone

151 1733 238 1765 hanc
259 1735 537 1775 propositionem:
571 1735 652 1767 Fide
684 1735 907 1777 iustificamm',
940 1742 973 1768 et
1007 1737 1130 1768 citabat

151 1775 336 1808 versiculos
359 1776 512 1809 Catonis:

238 1838 275 1868 Si
296 1838 384 1869 Deus
405 1842 455 1869 est
475 1841 611 1873 animus,
631 1838 722 1870 nobis
744 1843 781 1870 ut
800 1842 947 1871 carmina
969 1841 1086 1871 dicunt.

238 1881 297 1911 llic
319 1881 377 1912 tibi
395 1882 570 1921 praecipue
590 1884 634 1914 sit
652 1891 737 1922 pura
759 1886 862 1914 mente
883 1884 1042 1914 colendus.

223 1946 305 1983 ‚sed
339 1947 425 1979 haec
458 1954 510 1979 est
542 1947 695 1982 confusio
716 1948 803 1993 legis
826 1956 860 1982 et
881 1949 1067 1993 Evangelii,
1096 1956 1130 1982 et

151 1990 217 2022 hoc
240 1991 348 2032 ipsum
371 1991 552 2033 quaeritur,
586 1993 639 2023 An
670 1994 713 2024 sit
745 1995 780 2024 in
810 1993 873 2025 hac
894 1996 963 2026 vita
984 1995 1018 2025 in
1040 1993 1130 2025 nobis

149 2035 282 2074 puritas
305 2035 428 2072 mentis,
461 2043 545 2076 quae
577 2033 766 2074 satisfaciat
799 2036 884 2078 legi?
939 2036 997 2069 Sic
1030 2047 1128 2079 argu-

150 2082 295 2109 mentor:

237 2138 366 2168 lamna
388 2141 439 2169 est
458 2147 530 2169 esse
551 2141 623 2169 sine
642 2143 793 2178 peccato:

240 2179 419 2212 Christiani
440 2190 504 2212 non
526 2185 603 2212 sunt
622 2184 694 2213 sine
711 2186 862 2222 peccato:

237 2224 326 2263 Eryo
346 2232 411 2255 non
432 2228 508 2255 sunt
524 2224 608 2255 iusti.

236 2289 451 2332 Respondeo.
496 2292 604 2323 Maior
630 2290 776 2334 loquitur
798 2293 840 2324 de
861 2293 984 2325 iustitia
1006 2292 1125 2336 legali:

151 2333 212 2365 sed
234 2334 357 2365 iustitia
390 2334 466 2366 fidei
501 2341 553 2366 est
585 2335 770 2376 acceptatio
817 2345 959 2368 ersonae
986 2337 1129 2379 gratuita

151 2383 287 2418 propter
309 2377 542 2416 obedientiam,
565 2385 598 2409 et
619 2379 768 2410 meritum
821 2378 924 2411 bristi.

304 2656 450 2679 nm.
465 2658 546 2678 onn..
560 2658 622 2678 Ἴθι..
637 2658 718 2680 mv,

1597 360 1750 406 arguat„

1259 449 1411 486 ‚Tertium
1434 451 1615 481 membrum
1639 457 1703 481 est:
1727 453 1851 491 Aryuet
1871 454 2012 493 Spiritus
2034 459 2163 487 sanctus

1184 495 1223 526 de
1245 494 1370 525 iudicio.
1416 493 1477 524 Hic
1505 503 1620 524 rursus
1644 504 1709 524 non
1732 493 1879 535 loquitur
1907 495 1948 526 de
1971 497 2091 528 iudicio
2114 496 2162 527 fo-

1183 537 1285 574 rensi,
1308 545 1367 567 seu
1390 535 1538 577 politico.
1584 535 1790 567 Generaliter
1813 538 1966 570 iudicium
1989 545 2037 570 est
2052 541 2163 581 cogni-

1184 581 1228 611 tio
1252 579 1416 617 veritatis,
1452 585 1484 609 et
1506 579 1642 610 reiectio
1665 578 1820 611 salsitatis
1845 581 1875 611 in
1901 579 2008 623 aliqua
2032 588 2163 613 contro-

1183 623 1303 654 versia.
1370 621 1530 663 Loquitur
1563 627 1670 653 autem
1706 621 1859 653 Christus
1894 622 1947 654 hic
1971 625 2011 655 de
2044 625 2163 656 iudicio

1183 665 1305 703 mundi,
1329 664 1416 695 {also
1440 665 1615 695 iudicantis
1640 665 1681 695 de
1703 664 1900 707 Evangelio,
1925 674 1955 697 et
1981 667 2020 698 de
2048 666 2162 699 Eccle-

1184 709 1242 740 sia.
1288 707 1357 738 Nec
1381 713 1506 738 tantum
1528 706 1732 749 intelligatur
1754 709 1906 739 iudicium
1936 710 1976 739 de
2005 711 2163 741 conviciis

1183 751 1346 782 adversus
1382 751 1581 788 doctrinam,
1616 750 1675 781 sed
1712 751 1807 781 etiam
1844 751 1884 782 de
1917 753 2160 793 persecutione.

1183 792 1261 825 Vult
1283 794 1382 836 igitur
1404 793 1468 824 hoc
1491 794 1602 824 dicere
1625 792 1789 824 Christus.
1835 792 2015 835 Postquam
2045 796 2077 825 in
2106 797 2163 827 mi-

1182 837 1318 868 nisterio
1338 834 1510 878 Evangelii
1539 837 1649 867 sonuit
1678 837 1842 868 sententia
1873 836 1937 868 Dei
1961 838 2002 868 de
2025 845 2162 878 peccato

1184 886 1215 910 et
1237 880 1369 919 iustitia,
1393 885 1425 911 et
1448 879 1555 920 coepit
1581 879 1678 910 'condi
1702 889 1762 910 seu
1786 878 1900 921 colligi
1929 879 2082 912 Ecclesia
2104 891 2163 922 per

1182 923 1383 964 agnitionem
1406 922 1547 963 peccati,
1570 928 1601 953 et
1623 921 1922 964 apprehensionem
1947 933 2047 955 verae
2071 924 2162 955 iusti-

1184 967 1260 1003 tiae,
1283 971 1443 1006 Sequetur
1465 975 1620 1007 magnum
1644 972 1811 996 certamen
1835 972 1865 997 et
1891 975 1984 1002 crux,
2008 977 2068 998 seu
2090 977 2163 1008 per-

1183 1009 1311 1039 secutio
1335 1007 1520 1039 Ecclesiae.
1578 1007 1692 1039 Genus
1723 1007 1900 1039 humanum
1924 1007 2036 1040 furens
2061 1015 2093 1040 et
2111 1020 2161 1041 ar-

1184 1050 1266 1081 dens
1300 1051 1444 1082 tuebitur
1477 1060 1608 1082 errores
1632 1060 1725 1088 suOS,
1761 1057 1794 1082 et
1816 1058 2034 1093 persequetur
2056 1051 2163 1084 Evan-

1184 1091 1328 1135 gelium:
1354 1094 1413 1124 sed
1438 1093 1581 1134 Spiritus
1605 1101 1742 1125 sanctus
1761 1094 1926 1125 damnabit
1949 1095 2068 1126 iudicia
2091 1105 2162 1136 per-

1183 1135 1391 1177 sequentium
1405 1134 1635 1178 Evangelium,
1658 1142 1689 1167 et
1702 1136 1910 1168 confirmabit
1922 1137 2067 1168 Sanctos
2091 1148 2161 1170 cre-

1184 1178 1301 1210 dentes
1336 1178 1531 1221 Evangelio,
1567 1180 1716 1220 quamvis
1751 1187 1826 1210 sunt
1850 1180 1967 1222 trepidi
1998 1187 2029 1212 et
2063 1181 2162 1213 imbe-

1184 1220 1290 1253 cilles.

1269 1264 1404 1305 Semper
1422 1265 1561 1295 maxima
1583 1274 1662 1306 pars
1691 1266 1823 1306 generis
1853 1265 1986 1297 humani
2015 1265 2162 1298 furenter

1182 1308 1393 1349 persequitur
1416 1307 1652 1349 Evangelium3
1674 1308 1795 1339 iudicat
1818 1318 1881 1339 nos
1905 1318 2018 1340 omnes
2042 1310 2161 1351 dignos

1183 1360 1270 1387 esse,
1305 1351 1358 1391 qui
1394 1349 1564 1381 deleamur
1594 1357 1625 1381 et
1659 1351 1859 1382 abradamur
1881 1361 1922 1382 ex
1945 1358 2044 1390 terra,
2077 1353 2162 1385 sicut

1183 1392 1307 1424 Paulus
1338 1393 1565 1434 conqueritur,
1594 1393 1780 1434 Apostolos
1811 1394 1945 1425 iudicari
1965 1396 2161 1436 καθάρματα,

1182 1442 1213 1467 et
1237 1435 1442 1477 περιψῆμαια.
1488 1436 1554 1467 Sed
1577 1445 1643 1466 non
1669 1434 1737 1466 vult
1760 1435 1912 1468 Christus
1937 1436 2045 1479 frangi
2068 1447 2161 1476 suos,

1182 1477 1253 1509 vult
1275 1487 1334 1510 eos
1357 1478 1528 1509 adversari
1551 1479 1679 1510 iudiciis
1704 1477 1780 1517 illis,
1805 1479 1873 1511 vult
1896 1490 1956 1511 eos
1970 1486 2162 1512 constanter

1183 1527 1215 1552 et
1249 1519 1378 1552 fortiter
1414 1521 1534 1559 dicere,
1568 1520 1648 1552 nihil
1672 1532 1749 1553 esse
1773 1524 2001 1555 commenticia
2023 1522 2080 1554 illa
2102 1533 2161 1555 nu-

1183 1564 1281 1602 mina,
1304 1574 1390 1605 quae
1413 1562 1492 1595 colit
1514 1574 1619 1606 genus
1642 1563 1831 1603 humanum,
1861 1566 2061 1599 reiiciendos
2084 1576 2162 1598 esse

1184 1605 1293 1638 cultus
1316 1605 1556 1645 idololatricos,
1589 1613 1623 1638 ut
1646 1609 1734 1649 apud
1757 1607 1917 1639 Ethnicos
1941 1607 2081 1648 Dianae,
2109 1609 2160 1641 lo—

1182 1651 1245 1688 vis,
1267 1649 1427 1688 Veneris3
1451 1657 1483 1681 et
1505 1650 1592 1691 apud
1622 1649 1797 1692 Papistas,
1825 1651 2054 1683 invocationes
2077 1651 2160 1684 San-

1184 1699 1324 1731 ctorum,
1346 1691 1379 1724 et
1401 1691 1696 1734 prophanationem
1720 1703 1846 1726 coenae
1869 1693 2012 1726 Domini.

1268 1735 1361 1767 Haec
1385 1746 1464 1767 vero
1489 1746 1563 1767 cum
1586 1736 1784 1768 damnantur
1806 1737 1849 1768 ab
1873 1735 2046 1775 Ecclesia,
2080 1737 2161 1769 fiunt

1182 1779 1291 1821 magni
1314 1784 1434 1817 motus,
1463 1779 1636 1810 turbantur
1667 1778 1902 1821 Respublicae.
1968 1779 2013 1811 Ut
2036 1779 2162 1812 Romae

1182 1829 1254 1852 erat
1288 1822 1507 1860 consuetudo,
1539 1823 1670 1863 quando
1695 1822 1878 1854 Senatores
1901 1822 1992 1854 ibant
2010 1823 2043 1854 in
2066 1833 2162 1855 sena·

1181 1869 1260 1902 tum,
1278 1863 1401 1907 singuli
1425 1865 1630 1896 accedebant
1652 1865 1694 1896 ad
1717 1875 1820 1903 aram,
1845 1866 1998 1897 dicebant
2010 1865 2056 1897 ibi
2067 1875 2161 1898 suam

1181 1908 1346 1948 quandam
1368 1905 1661 1948 precatiunculam‚
1686 1914 1717 1939 et
1740 1906 1905 1940 faciebant
1925 1908 2162 1951 suffumigatio-

1181 1960 1255 1981 nem
1279 1949 1396 1989 thuris,
1421 1956 1453 1982 et
1477 1950 1659 1982 offerebant
1682 1950 1815 1993 aliquid.
1859 1951 1982 1983 Postea
2006 1962 2080 1983 cum
2102 1950 2160 1983 ali-

1182 1993 1237 2035 qui
1255 2003 1295 2024 ex
1315 1994 1525 2025 senatoribus
1544 1992 1621 2025 facti
1645 2000 1723 2025 sunt
1745 1993 1936 2033 Christiani,
1958 1995 2086 2026 scissus
2109 2000 2162 2026 est

1182 2037 1338 2068 Senatus.
1383 2037 1561 2068 Christiani
1595 2036 1772 2069 noluerunt
1804 2037 1965 2069 accedere
1987 2038 2030 2068 ad
2051 2047 2160 2069 aram:

1182 2080 1284 2112 ceteri
1306 2078 1455 2111 fecerunt
1490 2080 1625 2112 decreta
1648 2090 1714 2111 non
1737 2079 1825 2112 velle
1848 2089 1885 2111 se
1908 2080 2033 2112 habere
2054 2080 2087 2111 in
2110 2089 2160 2112 se-

1182 2129 1272 2160 natu,
1295 2123 1358 2154 nisi
1382 2123 1437 2164 qui
1459 2133 1525 2155 una
1548 2122 1757 2155 sacrificent:
1782 2123 1860 2154 lnde
1879 2124 2109 2166 magnimotus
2128 2123 2160 2154 in

1181 2171 1252 2197 toto
1274 2165 1415 2206 Imperio
1439 2165 1590 2197 Romano
1614 2167 1676 2197 orti
1699 2172 1787 2204 sunt,
1812 2166 1898 2197 sicut
1920 2172 2038 2198 nostro
2062 2166 2159 2197 etiam

1181 2214 1329 2250 tempore
1351 2207 1473 2242 sactum
1497 2215 1549 2240 est
1571 2209 1602 2239 in
1627 2208 1766 2240 Camera
1785 2207 1951 2249 imperiali.
1996 2207 2160 2240 Pontificii

1181 2262 1247 2283 non
1280 2251 1440 2284 volebant
1474 2253 1598 2284 habere
1622 2253 1655 2283 in
1679 2262 1820 2293 corpore
1854 2251 1998 2283 Senatus
2022 2252 2160 2292 imperii,

1182 2295 1244 2326 nisi
1264 2295 1319 2336 qui
1340 2296 1569 2337 promitterent
1602 2305 1639 2326 se
1673 2305 1750 2326 esse
1783 2293 1954 2325 Romanae
1983 2293 2160 2326 Ecclesiae

1180 2338 1341 2370 addictos
1410 2337 1503 2370 Talia
1525 2338 1760 2380 propemodum
1784 2346 1916 2378 semper
1939 2336 2021 2369 fiunt
2042 2337 2158 2369 eodem

1180 2381 1291 2412 modo.

1266 2423 1341 2455 Non
1375 2430 1484 2456 autem
1508 2422 1576 2455 vult
1600 2421 1753 2454 Christus
1777 2431 1857 2454 suos
1882 2422 2000 2454 cedere
2023 2421 2076 2453 his
2099 2421 2159 2454 tal-

1180 2466 1227 2498 sis
1250 2466 1389 2505 iudiciis,
1411 2467 1472 2498 sed
1496 2471 1690 2497 constanter
1714 2466 1843 2497 obviam
1866 2465 1914 2496 ire
1935 2465 2104 2506 impietati,
2127 2471 2160 2496 et

1180 2509 1366 2541 adversarii
1399 2509 1506 2550 impiis
1536 2506 1690 2546 cultibus,
1724 2514 1757 2539 et
1791 2508 1969 2550 dogmatis;
2003 2514 2036 2539 et
2069 2507 2159 2539 addit

1180 2551 1462 2590 consolationem,
1495 2552 1571 2592 quia
1599 2550 1753 2591 princeps
1781 2551 1893 2582 mundi
1918 2551 2096 2582 iudicatus.-
2125 2550 2157 2581 id

1181 2601 1243 2633 est,
1267 2595 1440 2626 damnatus
1462 2598 1519 2625 est.
1586 2592 1738 2626 Ecclesia
1761 2595 1950 2627 servabitur
1971 2594 2055 2626 inter
2078 2603 2156 2636 ago-

1900 2655 1933 2679 52
