2324 2958
216 194 281 224 259

217 292 252 318 ut
282 285 425 317 humeris
455 284 552 315 nudis
580 289 777 325 pugnarent.
833 282 918 313 Nam
947 288 1025 313 tunc
1049 280 1195 312 nondum

216 335 310 362 erant
335 327 549 364 bombardae,
571 331 604 357 et
626 324 729 357 valuit
751 326 784 357 in
807 326 854 357 eis
873 325 991 356 virtus.

303 387 415 428 Aliqui
438 385 641 417 Harminium
664 391 786 417 vocant
797 383 925 417 Ducem
938 383 1194 415 Cheruscorum.

217 430 379 463 Cherusci
402 435 479 460 sunt
497 430 541 460 bic
569 428 772 470 ῷαῑβῐξιιιῗετ,
806 428 848 459 ab
878 426 997 458 lslebia
1025 434 1131 466 usque
1154 423 1196 454 ad

218 473 407 505 Goslariam
431 477 463 503 et
488 470 691 514 Gottingam.
742 469 1040 512 magdeburgensis
1070 473 1196 498 tractus

218 515 294 548 olim
319 516 427 547 dictus
451 519 503 545 est
526 513 780 556 Longobardia,
813 514 900 544 sicut
931 512 1052 542 Strabo
1080 510 1195 550 inquit,

217 560 324 591 Albim
346 559 502 589 dirimere
513 558 739 596 Lonyobardos
751 560 784 587 et
794 557 946 587 Senones.
966 552 1049 584 Post
1061 551 1197 593 Mag-de-

218 603 356 643 burgam
374 599 505 631 fuerunt
527 599 691 634 Bructeri,
713 599 937 639 Brunsvigam
959 606 1082 637 usque,
1111 594 1198 626 unde

217 644 329 676 adhuc
352 653 471 674 nomen
495 648 547 675 est
569 643 688 673 montis
717 644 765 673 bct
788 641 986 681 ffirucferberg.
1037 637 1068 668 A
1091 637 1198 668 Brun-

217 688 314 729 sviga
336 686 491 718 Bremam
513 695 620 726 usque
643 685 828 715 habitarunt
848 682 958 723 Cayci.
1004 680 1093 722 Ergo
1112 679 1197 711 Che-

217 730 308 762 rusci
331 727 462 760 suerunt
486 728 527 759 ad
549 727 636 758 latus
654 726 951 767 Longobardorum
975 730 1006 755 et
1018 723 1198 754 Bructoro·

217 783 300 804 rum.
355 771 447 803 Haec
480 771 611 802 nomina
647 770 766 800 debent
800 768 897 799 vobis
926 765 1197 798 adolescentibus

217 821 297 847 nota
320 824 409 853 esse,
434 824 474 844 ne
494 814 565 844 sitis
586 812 689 855 ignari
714 811 840 852 patriae
864 819 1004 841 vestrae.

304 874 379 906 Fuit
406 874 504 915 igitur
538 872 724 903 Harminius
758 870 836 902 Dux
870 876 1000 911 potens.
1052 869 1086 898 Si
1109 877 1198 898 nunc

218 924 310 950 esset
332 926 418 949 unus
442 916 613 955 Princeps,
637 915 691 955 qui
715 920 842 945 teneret
871 918 918 944 tot
940 912 1097 953 regiones
1122 920 1199 941 con·

218 962 340 999 tinuas,
365 966 397 992 et
411 957 552 990 bellator
574 964 674 993 esset,
698 957 752 998 qui
772 962 886 997 posset
908 955 1086 986 exercitum
1108 958 1200 985 recte

219 1013 369 1040 armare,
403 1008 435 1033 et
469 1002 609 1038 ducere,
644 1000 671 1030 ei
707 1000 789 1030 satis
826 999 941 1030 virium
969 1004 1060 1028 esset
1084 1001 1200 1027 contla

220 1055 461 1088 quamcumque
484 1051 651 1075 externam
676 1043 863 1082 potentiam.

309 1105 427 1136 Obruit
456 1109 562 1134 autem
588 1102 774 1133 Harminius
799 1100 948 1143 legiones
967 1099 1134 1131 Romanas
1157 1108 1200 1129 ex

220 1149 419 1190 improviso,
453 1152 484 1176 et
520 1144 640 1176 delevit
664 1154 738 1181 eas,
773 1154 814 1175 ac
847 1144 930 1175 satis
964 1143 1088 1174 duriter
1122 1147 1200 1172 tunc

221 1191 376 1223 Germani
400 1195 537 1232 egerunt
555 1199 629 1219 cum
648 1187 817 1218 Romanis.

307 1249 552 1286 Quaestoribzis
566 1253 597 1278 et
608 1246 805 1284 causidicis,
829 1256 912 1287 quos
927 1245 1081 1282 oderant,
1104 1253 1200 1284 prae—

222 1293 369 1326 ciderunt
391 1291 543 1334 linguaS,
572 1296 605 1321 et
627 1295 826 1321 consuerunt
860 1287 924 1319 illis
949 1298 1027 1326 ora,
1061 1293 1094 1318 et
1126 1296 1200 1318 cum

221 1336 476 1379 exprobratione
499 1334 668 1365 dixerunt:
693 1334 794 1365 Sibc'la
816 1342 901 1363 nunc
923 1335 1045 1371 τέρενα.

307 1395 433 1427 Tantus
467 1400 577 1425 autem
606 1400 714 1423 terror
749 1391 907 1423 Romanis
944 1392 1100 1421 incussus
1130 1387 1201 1426 suit,

221 1438 330 1472 deleto
364 1437 430 1469 hoc
459 1437 624 1473 exercitu,
658 1442 692 1466 ut
714 1435 888 1476 Augustus
910 1432 1008 1464 alliso
1032 1432 1074 1463 ad
1097 1432 1202 1472 parie-

220 1490 288 1514 tem
318 1483 426 1522 capite
461 1478 668 1510 clamaverit:
706 1478 818 1509 Redde
839 1479 980 1515 qut'ones
1007 1476 1146 1512 Quintili,
1171 1478 1203 1503 et
1227 1467 1231 1518 ἱ

221 1524 427 1556 mandaverit
449 1523 544 1553 novis
567 1521 741 1562 praesidiis
755 1520 870 1550 moniri
893 1517 1029 1555 ltaliam,
1053 1523 1084 1548 et
1107 1517 1202 1548 mise-

221 1569 263 1599 rit
286 1566 533 1602 Germanicum,
567 1562 667 1594 filium
691 1562 809 1598 Drusi,
844 1572 917 1593 cum
947 1560 1134 1602 quindecim
1156 1557 1203 1590 le·

222 1611 377 1652 gionibus
409 1609 439 1639 in
472 1607 696 1638 Germaniam:
738 1606 831 1640 Quae
864 1603 944 1635 suit·
958 1603 1089 1634 dimidia
1123 1612 1202 1643 pars

221 1650 388 1695 potentiae
414 1650 552 1681 Romani
576 1648 723 1690 Imperii,
765 1647 853 1688 quod
882 1648 923 1678 ad
947 1646 1113 1686 praesidia
1131 1645 1203 1675 atti·

220 1703 287 1728 net.
333 1694 403 1726 Fuit
429 1694 513 1724 enim
537 1693 637 1723 totius
662 1691 799 1722 Romani
831 1690 960 1731 lmperii
981 1688 1127 1730 potentia
1150 1687 1202 1718 30.

221 1738 402 1781 legionum,
426 1746 510 1778 quae
533 1745 664 1775 semper
688 1733 818 1765 suerunt
843 1733 874 1763 in
893 1732 1081 1774 praesidiis-

310 1797 526 1828 Germanich
550 1796 582 1825 in
596 1793 772 1825 Germania
797 1794 896 1823 rebus
911 1791 1102 1832 compositis
1126 1788 1204 1821 fecit

222 1840 359 1873 inferias
393 1845 425 1870 et
460 1838 609 1869 funebria
644 1836 802 1867 Romanis
837 1835 1019 1866 intersectis
1055 1834 1087 1864 in
1116 1831 1203 1864 saltu

224 1882 500 1924 Teutoburgensi.
548 1880 641 1911 llaec
669 1878 756 1910 sacta
784 1885 858 1910 sunt
893 1878 981 1909 circa
1004 1877 1036 1908 id
1061 1883 1203 1916 temqu

225 1927 313 1970 quod
349 1925 547 1956 describitur
575 1922 712 1953 historia
757 1921 907 1952 hodierni
946 1927 1066 1951 textus.
1134 1918 1204 1949 Nec

226 1980 350 2012 quaero
373 1968 436 1999 iam
459 1966 710 2008 praecisionem.
762 1964 810 1995 Eo
841 1971 949 1995 autem
974 1964 1038 1994 line
1068 1963 1133 1993 ista
1156 1971 1205 1992 re-

226 2012 373 2049 censuit,
402 2017 434 2042 ut
461 2009 705 2045 consideretur,
739 2007 890 2038 iudaeam
927 2013 1003 2038 tunc
1027 2005 1205 2048 quievisse,

225 2056 313 2087 sicut
335 2053 528 2096 plerumque
551 2049 766 2092 provincialia
796 2050 931 2090 imperia
960 2049 1089 2081 suerunt
1115 2048 1204 2090 quie-

225 2099 320 2135 tiora,
343 2096 538 2138 praesertim
562 2095 624 2125 sub
651 2094 814 2135 Augusto.

312 2156 382 2189 Sed
416 2157 513 2187 venio
541 2154 582 2185 ad
607 2151 806 2195 principales
835 2153 989 2184 materias
1019 2152 1050 2182 in
1074 2152 1138 2182 ista
1161 2150 1205 2182 le·

227 2203 349 2239 ctione,
368 2209 507 2241 quarum
531 2197 634 2238 prima
658 2203 709 2227 est
733 2197 772 2227 de
793 2194 898 2226 sestis.

314 2259 469 2292 Secunda
491 2258 532 2288 de
546 2255 747 2297 negligentia
770 2257 895 2293 matris,
918 2262 948 2286 et
973 2254 1104 2294 loseph,
1128 2254 1206 2285 ltem

227 2305 268 2336 de
292 2302 408 2334 dolore
427 2300 552 2332 Mariae
575 2307 605 2330 et
631 2299 821 2341 ing-entibus
846 2299 1010 2329 aerumnis
1024 2296 1207 2335 Ecclesiae,

227 2348 304 2389 quia
328 2345 431 2377 Maria
455 2353 585 2384 semper
609 2348 833 2383 repraesentat
859 2339 1052 2372 Ecclesiam.

313 2396 424 2428 Tertia
438 2400 487 2426 est
507 2395 549 2425 de
568 2394 754 2425 obedientia
774 2393 885 2424 debita
903 2392 1107 2433 patentibus,
1131 2391 1207 2422 item

230 2440 383 2482 potestati
408 2438 603 2468 ordinariae.

318 2491 443 2526 Quarta
478 2490 519 2520 de
555 2489 661 2521 dicto:
700 2489 893 2528 Proficiebat
928 2497 1011 2527 puer
1039 2487 1209 2527 sapientia,

229 2539 334 2567 aetate
356 2538 388 2565 et
406 2536 521 2573 qratia.

316 2593 409 2625 Haec
432 2594 492 2624 etsi
522 2593 563 2623 nd
588 2601 702 2623 omnes
724 2591 904 2633 pertinent,
933 2597 1041 2621 tamen
1068 2588 1208 2621 maxime

234 2635 475 2670 consideranda
499 2642 575 2668 sunt
598 2645 619 2666 a
641 2636 818 2667 iuventute.

855 187 964 219 Pau..
990 186 1091 218 MEL.
1116 185 1303 218 scsstPTA
1324 183 1587 216 EXEGETICA.

1326 113 1338 129 ἱ

1554 281 1619 321 De
1649 281 1780 335 primo
1812 281 1911 321 loco.

1333 405 1477 437 Primum
1507 405 1584 436 dicit
1605 403 1837 447 Evangelista:
1866 406 2091 438 Ascendebant
2115 416 2228 439 secun-

1247 449 1328 521 ἷίιιηι12
1355 449 1622 480 consuetudinem.
1679 447 1831 487 Quaero,
1865 459 1908 479 an
1937 447 2037 480 fuerit
2071 458 2144 480 mos
2174 447 2230 481 vel

1262 501 1301 522 ex
1317 516 1324 522 .

1335 533 1546 574 Respondeo.
1593 533 1665 564 Fuit
1689 532 1761 571 lex,
1797 540 1829 564 et
1858 539 1967 564 tamen
1998 543 2084 575 quae
2113 543 2154 564 ex
2182 532 2229 565 le-

1250 577 1347 618 gibus
1367 575 1460 613 flunt,
1491 586 1593 617 saepe
1617 577 1770 607 dicuntur
1792 576 1891 607 etiam
1916 586 1959 607 ex
1988 576 2230 608 consuetudine

1251 619 1331 650 lieri.
1382 618 1486 650 Exod.
1509 618 1562 650 23.
1586 624 1618 650 et
1641 618 1741 649 Deut.
1770 619 1818 649 16.
1844 627 2006 660 expresse
2039 619 2231 651 mandatum

1249 661 1328 700 fuit,
1374 669 1409 693 ut
1443 663 1620 703 quotannis
1662 668 1712 692 ter
1746 661 1895 692 venirent
1930 671 2044 692 omnes
2080 659 2231 699 masculi,

1251 715 1391 745 quorum
1414 710 1507 735 aetas
1530 705 1572 735 ad
1595 703 1820 745 profectiones
1843 710 1914 735 erat
1937 704 2068 742 idonea,
2091 704 2133 735 ad
2157 714 2231 736 eum

1250 747 1374 784 locum,
1408 756 1505 787 quem
1533 746 1713 789 delegisset
1749 747 1812 778 sibi
1842 747 2016 778 Dominus
2072 744 2231 778 Mulieres

1251 796 1345 821 erant
1380 796 1549 830 exceptae,
1583 796 1615 820 et
1649 797 1757 820 tamen
1791 788 1923 831 aliquae
1958 799 2023 820 una
2058 795 2230 825 venerunt,

1252 842 1335 874 quas
1374 842 1442 862 non
1475 832 1642 863 detinebat
1681 831 1879 863 valetudinis
1921 837 1977 863 aut
2018 832 2233 864 oeconomiae

1251 882 1450 906 necessitas.

1337 917 1441 948 Erant
1464 923 1572 948 autem
1595 916 1682 948 festa
1705 915 1777 955 illa,
1812 918 1854 948 ad
1885 927 1969 958 quae
1992 917 2234 948 conveniebant

1252 961 1440 1002 quotannis,
1474 958 1624 997 Pascha,
1658 959 1874 1000 Pentecoste,
1911 967 1944 991 et
1966 959 2088 991 festum
2111 958 2234 991 Taber-

1251 1002 1458 1040 naculorum,
1481 1012 1564 1043 quae
1582 1002 1622 1033 iis
1646 1003 1850 1043 temporibus
1874 1001 2141 1040 celebrabantur,
2164 1003 2235 1043 qui-

1253 1047 1316 1078 bus
1340 1046 1514 1077 ascensuri
1538 1045 1578 1076 ad
1603 1044 1689 1076 sesta
1721 1044 1845 1076 habere
1874 1051 2026 1085 poterant
2057 1045 2236 1076 iucundum

1252 1090 1314 1120 iter
1337 1098 1396 1129 per
1418 1086 1474 1118 illa
1497 1086 1573 1119 loca
1604 1098 1754 1118 amoena.
1799 1087 1883 1118 Nam
1907 1087 2038 1118 Pascha
2066 1087 2181 1118 incidit
2203 1088 2237 1119 in

1252 1142 1323 1170 ver,
1346 1132 1402 1162 ubi
1426 1139 1475 1161 est
1501 1130 1744 1171 pulcherrimus
1767 1140 1873 1161 annus
1897 1130 2129 1171 incipientibus
2151 1130 2237 1161 xire·

1252 1184 1349 1206 scere
1372 1174 1476 1205 hortis
1500 1181 1532 1204 et
1556 1173 1658 1215 agris.
1689 1173 1888 1204 Pentecoste
1905 1179 1974 1204 erat
1987 1180 2063 1203 aute
2081 1182 2235 1210 messem,

1252 1223 1284 1249 et
1319 1217 1464 1248 nondum
1499 1221 1566 1246 tum
1597 1222 1690 1247 erant
1724 1216 1844 1246 intensi
1879 1214 2010 1246 calores
2034 1213 2089 1246 vel
2109 1221 2236 1246 aestus.

1252 1259 1387 1291 Festum
1395 1257 1700 1290 Tabernaculorum
1713 1265 1785 1289 erat
1797 1264 1872 1299 post
1884 1258 2091 1295 vindemiam,
2103 1257 2237 1299 quando

1252 1312 1350 1344 poma
1372 1302 1436 1332 iam
1459 1308 1553 1332 erant
1580 1299 1737 1339 collecta,
1770 1307 1806 1332 ut
1843 1307 1980 1341 possent
2005 1299 2120 1332 haberi
2149 1309 2238 1332 nova

1252 1351 1382 1382 musta,
1415 1350 1447 1375 et
1479 1343 1564 1375 aliae
1589 1343 1744 1382 deliciae,
1780 1343 1898 1385 quales
1917 1344 2045 1374 suntin
2069 1350 2238 1374 autumno.

1254 1388 1350 1418 Adeo
1377 1386 1516 1428 pulchre
1538 1385 1632 1418 Deus
1667 1384 1755 1418 festa
1785 1387 1996 1417 distribuerat
2031 1386 2063 1416 in
2086 1392 2239 1427 tempora

1254 1439 1500 1461 amoenissima.

1339 1472 1416 1503 Non
1438 1472 1597 1503 debemus
1626 1471 1797 1512 imaginari
1822 1469 1930 1512 legem
1958 1469 2021 1501 Dei
2052 1480 2128 1501 esse
2147 1470 2240 1512 quid·

1256 1516 1331 1546 dam
1373 1515 1596 1546 barbaricum.
1663 1513 1780 1544 Omnia
1821 1512 1953 1544 suerunt
1993 1510 2240 1555 elegantissime

1256 1557 1419 1594 ordinata,
1442 1563 1475 1588 et
1498 1557 1529 1587 in
1553 1555 1618 1587 illis
1639 1555 1736 1587 testis
1760 1566 1814 1587 res
1827 1557 1990 1587 maximae
2038 1562 2132 1587 estae
2150 1562 2239 1593 sunt,

1229 1615 1232 1621 ·
1256 1611 1322 1632 non
1335 1600 1444 1631 solum
1467 1600 1499 1631 in
1523 1600 1641 1636 veteri,
1666 1599 1725 1630 sed
1738 1599 1833 1630 etiam
1857 1599 1889 1630 in
1914 1599 2022 1630 novo'
2042 1604 2238 1630 estaniento.

1257 1644 1292 1674 ln
1318 1643 1483 1674 Pascliate
1506 1643 1647 1674 eductus
1676 1641 1736 1673 suit
1769 1640 1912 1683 populus
1947 1652 1988 1672 ex
2010 1641 2181 1682 Aegypto,
2207 1647 2238 1672 et

1257 1686 1409 1718 Christus
1444 1692 1562 1727 postea
1590 1695 1711 1726 passus
1745 1691 1807 1716 est.
1863 1683 1899 1715 ln
1933 1683 2133 1715 Pentecoste
2163 1684 2241 1716 data

1257 1728 1318 1761 fuit
1336 1728 1401 1766 lex,
1433 1735 1465 1760 et
1488 1735 1606 1769 postea
1629 1727 1718 1759 iacta
1742 1733 1793 1758 est
1824 1726 1941 1758 effusio
1965 1727 2108 1768 Spiritus
2132 1727 2241 1762 sancti

1257 1774 1289 1803 in
1313 1771 1509 1813 Apostolos.
1555 1771 1591 1802 ln
1615 1769 1702 1802 sesto
1719 1768 2027 1801 Tabernaculorum
2051 1768 2241 1801 celebratur

1256 1816 1417 1847 memoria
1462 1814 1726 1846 conservationis
1772 1812 1885 1854 populi
1930 1814 1962 1843 in
2000 1813 2134 1844 deserto
2151 1835 2160 1851 ,
2208 1818 2241 1844 et

1256 1865 1375 1900 postea
1398 1859 1486 1889 circa
1510 1857 1595 1888 idem
1620 1855 1740 1887 festum
1767 1857 1841 1887 tinis
1872 1855 2000 1887 futurus
2036 1861 2107 1886 erat
2141 1855 2241 1887 totius

1257 1902 1352 1932 istius
1376 1899 1524 1932 Politiae.
1572 1899 1655 1930 Nam
1680 1899 1711 1930 iu
1734 1897 1820 1930 sesto
1841 1896 2148 1930 Tabernaculorum
2170 1904 2240 1929 tan-

1257 1945 1331 1975 dein
1354 1942 1498 1974 funditus
1522 1943 1701 1983 exstirpata
1739 1948 1788 1973 est
1818 1940 2073 1983 Hierosolyma,
2106 1947 2138 1973 et
2173 1947 2242 1973 tota

1257 1986 1314 2018 illa
1336 1985 1557 2028 pulcherrima
1577 1985 1702 2026 politia.

1344 2029 1397 2061 De
1432 2029 1526 2060 cuius
1562 2026 1747 2059 delectione
1781 2028 2018 2069 cogitantibus
2054 2036 2186 2068 semper
2208 2027 2241 2058 in

1257 2079 1399 2104 mentem
1429 2072 1536 2103 veniat
1573 2071 1657 2101 haec
1691 2070 1983 2102 commonefacito:
2018 2070 2053 2101 Si
2077 2068 2170 2101 Dens
2194 2067 2240 2101 ilfi

1258 2115 1391 2157 politiae
1415 2121 1480 2146 tam
1500 2113 1638 2155 pulchre
1662 2125 1681 2144 a
1704 2124 1742 2145 se
1765 2114 1968 2145 constitutae
1991 2123 2057 2145 non
2080 2113 2240 2154 pepercit,

1258 2158 1368 2201 puniet
1394 2158 1490 2189 etiam
1525 2156 1662 2188 aliarum
1687 2157 1832 2198 gentium
1850 2163 2006 2197 peccatu,
2041 2162 2073 2187 et
2102 2165 2167 2186 non
2190 2164 2242 2186 re-

1259 2202 1387 2243 spiciet,
1410 2211 1507 2242 quam
1530 2201 1594 2231 sint
1621 2201 1733 2237 urbes,
1756 2205 1812 2231 aut
1836 2209 1939 2240 regua
1963 2198 2081 2236 nitida,
2111 2204 2240 2235 ornata,

1259 2244 1445 2285 splendidu-
1512 2244 1603 2274 Sicu:
1649 2243 1798 2274 videmus
1849 2252 1988 2283 magnas
2028 2240 2241 2272 Mona-chius

1259 2297 1375 2325 ruere,
1409 2293 1441 2318 et
1475 2285 1630 2327 paulatim
1655 2287 1751 2317 etiam
1771 2283 1854 2316 alias
1885 2284 2073 2325 provincias
2097 2283 2240 2325 experiri

1260 2341 1341 2362 suas
1365 2330 1488 2361 ruinas.
1546 2328 1639 2360 Deus
1674 2329 1794 2370 mitiget
1832 2327 1916 2359 haec
1939 2326 2038 2360 mala.
2073 2334 2103 2358 et
2127 2331 2242 2359 servet

1260 2374 1292 2405 in
1317 2371 1382 2404 illis
1406 2371 1587 2413 narisragiis
1611 2370 1741 2413 aliquas
1765 2370 1922 2412 reliquias
1945 2368 2130 2401 Ecclesiae.

1348 2415 1413 2446 lam
1448 2425 1570 2446 causae
1603 2422 1680 2445 sunt
1714 2413 1996 2450 considerandae,
2030 2422 2133 2454 quare
2150 2412 2240 2443 insti-

1261 2460 1320 2490 tuti
1344 2457 1463 2490 suerint
1489 2459 1540 2489 isti
1564 2467 1781 2499 congressus,
1811 2463 1842 2488 et
1867 2463 1932 2487 tam
1955 2464 2074 2487 severe
2096 2454 2242 2487 mandati

1260 2512 1281 2534 a
1304 2501 1388 2533 Deo.
1433 2501 1529 2537 Quod
1552 2508 1661 2532 tamen
1683 2511 1758 2533 cum
1780 2502 1924 2543 ἐπιεικείᾳ
1946 2508 2007 2529 seu
2031 2508 2106 2530 cum
2127 2497 2241 2540 aequi-

1261 2551 1328 2577 tate
1360 2551 1413 2576 est
1446 2543 1703 2586 intelligendum.
1758 2541 1806 2573 llli
1835 2542 1891 2584 qui
1913 2547 2151 2583 aegrotarunt,
2184 2545 2241 2572 ant

1261 2588 1316 2630 qui
1338 2588 1566 2619 retinebantur
1578 2585 1778 2618 necessariis
1802 2585 1927 2622 causis,
1951 2584 2117 2615 habebant
2139 2591 2240 2614 exc·-

1261 2631 1442 2668 sationem,
1476 2629 1550 2662 Non
1578 2630 1700 2662 debent
1734 2629 1779 2661 ita
1812 2626 2063 2670 superstitione.
2096 2625 2239 2663 ludaico,
