<?xml version="1.0" encoding="UTF-8"?>
<!DOCTYPE html PUBLIC "-//W3C//DTD XHTML 1.0 Transitional//EN"
    "http://www.w3.org/TR/xhtml1/DTD/xhtml1-transitional.dtd">
<html xmlns="http://www.w3.org/1999/xhtml" xml:lang="en" lang="en">
 <head>
  <title>
</title>
<meta http-equiv="Content-Type" content="text/html;charset=utf-8" />
  <meta name='ocr-system' content='tesseract 3.04.00' />
  <meta name='ocr-capabilities' content='ocr_page ocr_carea ocr_par ocr_line ocrx_word'/>
</head>
<body>
  <div class='ocr_page' id='page_1' title='image "./operaquaesupersu24melauoft/operaquaesupersu24melauoft_0040.png"; bbox 0 0 2324 2958; ppageno 0'>
   <div class='ocr_carea' id='block_1_1' title="bbox 163 158 204 189">
    <p class='ocr_par' dir='ltr' id='par_1_1' title="bbox 163 158 204 189">
     <span class='ocr_line' id='line_1_1' title="bbox 163 158 204 189; baseline 0 0"><span class='ocrx_word' id='word_1_1' title='bbox 163 158 204 189; x_wconf 70' lang='lat'>27</span> 
     </span>
    </p>
   </div>
   <div class='ocr_carea' id='block_1_2' title="bbox 164 233 1145 1601">
    <p class='ocr_par' dir='ltr' id='par_1_2' title="bbox 164 233 1145 1601">
     <span class='ocr_line' id='line_1_2' title="bbox 165 233 1130 287; baseline -0.02 -6"><span class='ocrx_word' id='word_1_2' title='bbox 165 257 228 287; x_wconf 63' lang='lat' dir='ltr'>tu«,</span> <span class='ocrx_word' id='word_1_3' title='bbox 251 249 337 279; x_wconf 84' lang='lat' dir='ltr'>sicut</span> <span class='ocrx_word' id='word_1_4' title='bbox 360 246 467 277; x_wconf 76' lang='lat' dir='ltr'>statim</span> <span class='ocrx_word' id='word_1_5' title='bbox 490 244 593 284; x_wconf 83' lang='lat' dir='ltr'>prima</span> <span class='ocrx_word' id='word_1_6' title='bbox 616 241 732 272; x_wconf 84' lang='lat' dir='ltr'>concio</span> <span class='ocrx_word' id='word_1_7' title='bbox 755 240 797 270; x_wconf 87' lang='lat' dir='ltr'>ad</span> <span class='ocrx_word' id='word_1_8' title='bbox 821 237 902 270; x_wconf 88' lang='lat' dir='ltr'>Cain</span> <span class='ocrx_word' id='word_1_9' title='bbox 925 235 1068 277; x_wconf 88' lang='lat' dir='ltr'>loquitur</span> <span class='ocrx_word' id='word_1_10' title='bbox 1091 233 1130 263; x_wconf 88' lang='lat' dir='ltr'>de</span> 
     </span>
     <span class='ocr_line' id='line_1_3' title="bbox 164 280 1132 323; baseline -0.02 0"><span class='ocrx_word' id='word_1_11' title='bbox 164 291 284 323; x_wconf 84' lang='lat' dir='ltr'>iudicio</span> <span class='ocrx_word' id='word_1_12' title='bbox 307 287 432 320; x_wconf 81' lang='lat' dir='ltr'>futuro:</span> <span class='ocrx_word' id='word_1_13' title='bbox 465 286 637 316; x_wconf 75' lang='lat' dir='ltr'>Peccatum</span> <span class='ocrx_word' id='word_1_14' title='bbox 668 289 755 314; x_wconf 78' lang='lat' dir='ltr'>tuum</span> <span class='ocrx_word' id='word_1_15' title='bbox 779 281 928 317; x_wconf 83' lang='lat' dir='ltr'>cubabit,</span> <span class='ocrx_word' id='word_1_16' title='bbox 952 280 1058 309; x_wconf 86' lang='lat' dir='ltr'>donec</span> <span class='ocrx_word' id='word_1_17' title='bbox 1084 286 1132 305; x_wconf 82' lang='lat' dir='ltr'>re-</span> 
     </span>
     <span class='ocr_line' id='line_1_4' title="bbox 165 315 1133 369; baseline -0.018 -4"><span class='ocrx_word' id='word_1_18' title='bbox 165 332 336 365; x_wconf 83' lang='lat' dir='ltr'>velabitur.</span> <span class='ocrx_word' id='word_1_19' title='bbox 391 329 431 360; x_wconf 84' lang='lat' dir='ltr'>Et</span> <span class='ocrx_word' id='word_1_20' title='bbox 461 329 491 359; x_wconf 91' lang='lat' dir='ltr'>in</span> <span class='ocrx_word' id='word_1_21' title='bbox 525 325 664 367; x_wconf 86' lang='lat' dir='ltr'>Epistol.</span> <span class='ocrx_word' id='word_1_22' title='bbox 710 325 807 356; x_wconf 88' lang='lat' dir='ltr'>ludae</span> <span class='ocrx_word' id='word_1_23' title='bbox 841 323 1011 369; x_wconf 64' lang='lat' dir='ltr'>scribitur3</span> <span class='ocrx_word' id='word_1_24' title='bbox 1045 315 1133 367; x_wconf 74' lang='lat' dir='ltr'>quptl</span> 
     </span>
     <span class='ocr_line' id='line_1_5' title="bbox 166 361 1133 413; baseline -0.019 -7"><span class='ocrx_word' id='word_1_25' title='bbox 166 374 280 407; x_wconf 83' lang='lat' dir='ltr'>Enoch</span> <span class='ocrx_word' id='word_1_26' title='bbox 304 381 460 413; x_wconf 76' lang='lat' dir='ltr'>expresse</span> <span class='ocrx_word' id='word_1_27' title='bbox 479 370 693 401; x_wconf 67' lang='lat' dir='ltr'>concionatus</span> <span class='ocrx_word' id='word_1_28' title='bbox 716 369 757 398; x_wconf 87' lang='lat' dir='ltr'>sit</span> <span class='ocrx_word' id='word_1_29' title='bbox 779 368 820 397; x_wconf 92' lang='lat' dir='ltr'>de</span> <span class='ocrx_word' id='word_1_30' title='bbox 842 371 980 397; x_wconf 82' lang='lat' dir='ltr'>venturo</span> <span class='ocrx_word' id='word_1_31' title='bbox 998 361 1133 411; x_wconf 60' lang='lat' dir='ltr'>iudicio.</span> 
     </span>
     <span class='ocr_line' id='line_1_6' title="bbox 166 406 1134 450; baseline -0.019 -2"><span class='ocrx_word' id='word_1_32' title='bbox 166 418 206 450; x_wconf 83' lang='lat' dir='ltr'>Et</span> <span class='ocrx_word' id='word_1_33' title='bbox 230 424 327 448; x_wconf 87' lang='lat' dir='ltr'>notae</span> <span class='ocrx_word' id='word_1_34' title='bbox 360 420 436 445; x_wconf 85' lang='lat' dir='ltr'>sunt</span> <span class='ocrx_word' id='word_1_35' title='bbox 460 419 613 443; x_wconf 84' lang='lat' dir='ltr'>caeterae</span> <span class='ocrx_word' id='word_1_36' title='bbox 647 411 824 442; x_wconf 86' lang='lat' dir='ltr'>conciones</span> <span class='ocrx_word' id='word_1_37' title='bbox 856 406 1067 448; x_wconf 83' lang='lat' dir='ltr'>propheticae</span> <span class='ocrx_word' id='word_1_38' title='bbox 1086 406 1134 449; x_wconf 38' lang='lat' dir='ltr'>‘et</span> 
     </span>
     <span class='ocr_line' id='line_1_7' title="bbox 166 450 1134 524; baseline -0.019 -34"><span class='ocrx_word' id='word_1_39' title='bbox 166 457 396 501; x_wconf 77' lang='lat' dir='ltr'>Apostolicne‚</span> <span class='ocrx_word' id='word_1_40' title='bbox 428 464 515 496; x_wconf 79' lang='lat' dir='ltr'>quae</span> <span class='ocrx_word' id='word_1_41' title='bbox 541 452 637 485; x_wconf 83' lang='lat' dir='ltr'>simul</span> <span class='ocrx_word' id='word_1_42' title='bbox 667 452 843 524; x_wconf 50' lang='lat' dir='ltr'>plerastpie</span> <span class='ocrx_word' id='word_1_43' title='bbox 871 450 1134 494; x_wconf 74' lang='lat' dir='ltr'>circumstantias</span> 
     </span>
     <span class='ocr_line' id='line_1_8' title="bbox 168 490 1136 541; baseline -0.022 -7"><span class='ocrx_word' id='word_1_44' title='bbox 168 501 267 533; x_wconf 78' lang='lat' dir='ltr'>futuri</span> <span class='ocrx_word' id='word_1_45' title='bbox 294 499 406 541; x_wconf 75' lang='lat' dir='ltr'>judicii</span> <span class='ocrx_word' id='word_1_46' title='bbox 435 494 622 533; x_wconf 76' lang='lat' dir='ltr'>declarant,</span> <span class='ocrx_word' id='word_1_47' title='bbox 654 497 762 536; x_wconf 74' lang='lat' dir='ltr'>Atque</span> <span class='ocrx_word' id='word_1_48' title='bbox 815 503 875 524; x_wconf 84' lang='lat' dir='ltr'>aec</span> <span class='ocrx_word' id='word_1_49' title='bbox 904 497 954 522; x_wconf 89' lang='lat' dir='ltr'>est</span> <span class='ocrx_word' id='word_1_50' title='bbox 977 496 1080 528; x_wconf 84' lang='lat' dir='ltr'>pruna</span> <span class='ocrx_word' id='word_1_51' title='bbox 1103 490 1136 534; x_wconf 78' lang='lat' dir='ltr'>et</span> 
     </span>
     <span class='ocr_line' id='line_1_9' title="bbox 167 528 1136 587; baseline -0.02 -11"><span class='ocrx_word' id='word_1_52' title='bbox 167 541 354 587; x_wconf 75' lang='lat' dir='ltr'>principalis</span> <span class='ocrx_word' id='word_1_53' title='bbox 389 551 507 575; x_wconf 84' lang='lat' dir='ltr'>causa,</span> <span class='ocrx_word' id='word_1_54' title='bbox 540 550 599 570; x_wconf 83' lang='lat' dir='ltr'>cur</span> <span class='ocrx_word' id='word_1_55' title='bbox 634 538 794 569; x_wconf 84' lang='lat' dir='ltr'>Dominus</span> <span class='ocrx_word' id='word_1_56' title='bbox 834 532 973 566; x_wconf 77' lang='lat' dir='ltr'>voluerit</span> <span class='ocrx_word' id='word_1_57' title='bbox 1011 528 1136 570; x_wconf 80' lang='lat' dir='ltr'>praedi·</span> 
     </span>
     <span class='ocr_line' id='line_1_10' title="bbox 169 576 1137 621; baseline -0.015 -5"><span class='ocrx_word' id='word_1_58' title='bbox 169 597 245 618; x_wconf 85' lang='lat' dir='ltr'>cere</span> <span class='ocrx_word' id='word_1_59' title='bbox 274 585 369 615; x_wconf 82' lang='lat' dir='ltr'>linem</span> <span class='ocrx_word' id='word_1_60' title='bbox 398 583 527 619; x_wconf 85' lang='lat' dir='ltr'>mundi,</span> <span class='ocrx_word' id='word_1_61' title='bbox 549 590 579 612; x_wconf 86' lang='lat' dir='ltr'>et</span> <span class='ocrx_word' id='word_1_62' title='bbox 611 590 697 621; x_wconf 86' lang='lat' dir='ltr'>quae</span> <span class='ocrx_word' id='word_1_63' title='bbox 724 586 790 610; x_wconf 89' lang='lat' dir='ltr'>tum</span> <span class='ocrx_word' id='word_1_64' title='bbox 822 581 1046 609; x_wconf 76' lang='lat' dir='ltr'>antecessura,</span> <span class='ocrx_word' id='word_1_65' title='bbox 1071 576 1137 601; x_wconf 88' lang='lat' dir='ltr'>tum</span> 
     </span>
     <span class='ocr_line' id='line_1_11' title="bbox 168 619 1138 661; baseline -0.015 -2"><span class='ocrx_word' id='word_1_66' title='bbox 168 633 385 661; x_wconf 68' lang='lat' dir='ltr'>consecutura</span> <span class='ocrx_word' id='word_1_67' title='bbox 408 626 481 656; x_wconf 88' lang='lat' dir='ltr'>sint.</span> <span class='ocrx_word' id='word_1_68' title='bbox 532 623 653 654; x_wconf 68' lang='lat' dir='ltr'>Postea</span> <span class='ocrx_word' id='word_1_69' title='bbox 675 628 750 652; x_wconf 87' lang='lat' dir='ltr'>sunt</span> <span class='ocrx_word' id='word_1_70' title='bbox 773 619 856 651; x_wconf 88' lang='lat' dir='ltr'>aliae</span> <span class='ocrx_word' id='word_1_71' title='bbox 881 624 1020 651; x_wconf 74' lang='lat' dir='ltr'>causae,</span> <span class='ocrx_word' id='word_1_72' title='bbox 1053 622 1138 654; x_wconf 81' lang='lat' dir='ltr'>quas</span> 
     </span>
     <span class='ocr_line' id='line_1_12' title="bbox 168 667 1067 705; baseline -0.016 -2"><span class='ocrx_word' id='word_1_73' title='bbox 168 672 262 703; x_wconf 81' lang='lat' dir='ltr'>etiam</span> <span class='ocrx_word' id='word_1_74' title='bbox 287 669 500 699; x_wconf 81' lang='lat' dir='ltr'>considerare</span> <span class='ocrx_word' id='word_1_75' title='bbox 524 667 691 697; x_wconf 84' lang='lat' dir='ltr'>dehemus.</span> <span class='ocrx_word' id='word_1_76' title='bbox 1060 698 1067 705; x_wconf 54' lang='grc'><em>.</em></span> 
     </span>
     <span class='ocr_line' id='line_1_13' title="bbox 253 696 1139 749; baseline -0.018 -6"><span class='ocrx_word' id='word_1_77' title='bbox 253 711 311 743; x_wconf 82' lang='lat' dir='ltr'>Est</span> <span class='ocrx_word' id='word_1_78' title='bbox 334 712 432 749; x_wconf 65' lang='lat' dir='ltr'>igitur</span> <span class='ocrx_word' id='word_1_79' title='bbox 454 709 599 740; x_wconf 74' lang='lat' dir='ltr'>secunda</span> <span class='ocrx_word' id='word_1_80' title='bbox 619 717 729 738; x_wconf 81' lang='lat' dir='ltr'>causa.</span> <span class='ocrx_word' id='word_1_81' title='bbox 754 703 946 735; x_wconf 87' lang='lat' dir='ltr'>Praedictac</span> <span class='ocrx_word' id='word_1_82' title='bbox 969 704 1045 730; x_wconf 76' lang='lat' dir='ltr'>sunt</span> <span class='ocrx_word' id='word_1_83' title='bbox 1059 696 1139 728; x_wconf 78' lang='lat' dir='ltr'>illae</span> 
     </span>
     <span class='ocr_line' id='line_1_14' title="bbox 170 742 1139 795; baseline -0.017 -9"><span class='ocrx_word' id='word_1_84' title='bbox 170 746 368 795; x_wconf 67' lang='lat' dir='ltr'>temporales</span> <span class='ocrx_word' id='word_1_85' title='bbox 402 751 620 783; x_wconf 67' lang='lat' dir='ltr'>calamitates,</span> <span class='ocrx_word' id='word_1_86' title='bbox 654 756 687 779; x_wconf 87' lang='lat' dir='ltr'>ut</span> <span class='ocrx_word' id='word_1_87' title='bbox 721 747 874 782; x_wconf 77' lang='lat' dir='ltr'>sciamus,</span> <span class='ocrx_word' id='word_1_88' title='bbox 909 742 1139 793; x_wconf 56' lang='lat' dir='ltr'>q3¹a¹¹‘.¹⁰.‘?ve&#39;</span> 
     </span>
     <span class='ocr_line' id='line_1_15' title="bbox 169 785 1139 833; baseline -0.018 -4"><span class='ocrx_word' id='word_1_89' title='bbox 169 799 271 833; x_wconf 81' lang='lat' dir='ltr'>nium,</span> <span class='ocrx_word' id='word_1_90' title='bbox 305 807 362 827; x_wconf 83' lang='lat' dir='ltr'>eas</span> <span class='ocrx_word' id='word_1_91' title='bbox 386 806 449 827; x_wconf 90' lang='lat' dir='ltr'>non</span> <span class='ocrx_word' id='word_1_92' title='bbox 471 805 550 824; x_wconf 76' lang='lat' dir='ltr'>casu</span> <span class='ocrx_word' id='word_1_93' title='bbox 573 792 733 823; x_wconf 67' lang='lat' dir='ltr'>act-idere.</span> <span class='ocrx_word' id='word_1_94' title='bbox 778 788 860 819; x_wconf 87' lang='lat' dir='ltr'>Nam</span> <span class='ocrx_word' id='word_1_95' title='bbox 884 796 959 828; x_wconf 83' lang='lat' dir='ltr'>quia</span> <span class='ocrx_word' id='word_1_96' title='bbox 983 785 1139 833; x_wconf 69' lang='lat' dir='ltr'>divuntus</span> 
     </span>
     <span class='ocr_line' id='line_1_16' title="bbox 170 827 1140 881; baseline -0.016 -10"><span class='ocrx_word' id='word_1_97' title='bbox 170 840 416 881; x_wconf 68' lang='lat' dir='ltr'>praestfcumur.</span> <span class='ocrx_word' id='word_1_98' title='bbox 452 835 547 867; x_wconf 75' lang='lat' dir='ltr'>fat-ilc</span> <span class='ocrx_word' id='word_1_99' title='bbox 570 833 703 873; x_wconf 70' lang='lat' dir='ltr'>intelligi</span> <span class='ocrx_word' id='word_1_100' title='bbox 727 837 852 872; x_wconf 85' lang='lat' dir='ltr'>potest,</span> <span class='ocrx_word' id='word_1_101' title='bbox 877 829 963 870; x_wconf 92' lang='lat' dir='ltr'>quod</span> <span class='ocrx_word' id='word_1_102' title='bbox 982 827 1075 858; x_wconf 85' lang='lat' dir='ltr'>Deus</span> <span class='ocrx_word' id='word_1_103' title='bbox 1097 836 1140 856; x_wconf 80' lang='lat' dir='ltr'>si-</span> 
     </span>
     <span class='ocr_line' id='line_1_17' title="bbox 169 869 1139 919; baseline -0.015 -6"><span class='ocrx_word' id='word_1_104' title='bbox 169 890 223 914; x_wconf 89' lang='lat' dir='ltr'>nat</span> <span class='ocrx_word' id='word_1_105' title='bbox 244 881 318 912; x_wconf 64' lang='lat' dir='ltr'>illas</span> <span class='ocrx_word' id='word_1_106' title='bbox 342 880 471 910; x_wconf 67' lang='lat' dir='ltr'>evenire</span> <span class='ocrx_word' id='word_1_107' title='bbox 507 875 643 908; x_wconf 77' lang='lat' dir='ltr'>mirabili</span> <span class='ocrx_word' id='word_1_108' title='bbox 679 885 739 905; x_wconf 77' lang='lat' dir='ltr'>suo</span> <span class='ocrx_word' id='word_1_109' title='bbox 773 871 920 904; x_wconf 86' lang='lat' dir='ltr'>consilio.</span> <span class='ocrx_word' id='word_1_110' title='bbox 968 869 1028 901; x_wconf 83' lang='lat' dir='ltr'>Hic</span> <span class='ocrx_word' id='word_1_111' title='bbox 1055 878 1139 919; x_wconf 67' lang='lat' dir='ltr'>yero</span> 
     </span>
     <span class='ocr_line' id='line_1_18' title="bbox 170 916 1139 957; baseline -0.014 -2"><span class='ocrx_word' id='word_1_112' title='bbox 170 926 278 955; x_wconf 79' lang='lat' dir='ltr'>statim</span> <span class='ocrx_word' id='word_1_113' title='bbox 301 924 412 954; x_wconf 80' lang='lat' dir='ltr'>subire</span> <span class='ocrx_word' id='word_1_114' title='bbox 435 922 574 952; x_wconf 84' lang='lat' dir='ltr'>animum</span> <span class='ocrx_word' id='word_1_115' title='bbox 610 919 719 954; x_wconf 81' lang='lat' dir='ltr'>debet,</span> <span class='ocrx_word' id='word_1_116' title='bbox 755 925 839 957; x_wconf 86' lang='lat' dir='ltr'>quae</span> <span class='ocrx_word' id='word_1_117' title='bbox 872 916 937 945; x_wconf 82' lang='lat' dir='ltr'>sint</span> <span class='ocrx_word' id='word_1_118' title='bbox 969 920 1139 954; x_wconf 78' lang='lat' dir='ltr'>proximae</span> 
     </span>
     <span class='ocr_line' id='line_1_19' title="bbox 171 953 1141 1005; baseline -0.014 -7"><span class='ocrx_word' id='word_1_119' title='bbox 171 976 309 1003; x_wconf 76' lang='lat' dir='ltr'>causae,</span> <span class='ocrx_word' id='word_1_120' title='bbox 343 976 399 995; x_wconf 62' lang='lat' dir='ltr'>scu</span> <span class='ocrx_word' id='word_1_121' title='bbox 423 965 475 1005; x_wconf 82' lang='lat' dir='ltr'>qui</span> <span class='ocrx_word' id='word_1_122' title='bbox 502 964 562 993; x_wconf 46' lang='lat' dir='ltr'>*int</span> <span class='ocrx_word' id='word_1_123' title='bbox 589 961 695 991; x_wconf 77' lang='lat' dir='ltr'>fontes</span> <span class='ocrx_word' id='word_1_124' title='bbox 719 959 833 989; x_wconf 91' lang='lat' dir='ltr'>horum</span> <span class='ocrx_word' id='word_1_125' title='bbox 857 956 1027 987; x_wconf 82' lang='lat' dir='ltr'>malorum.</span> <span class='ocrx_word' id='word_1_126' title='bbox 1072 953 1141 985; x_wconf 85' lang='lat' dir='ltr'>Cur</span> 
     </span>
     <span class='ocr_line' id='line_1_20' title="bbox 171 997 1139 1043; baseline -0.014 -2"><span class='ocrx_word' id='word_1_127' title='bbox 171 1010 254 1041; x_wconf 78' lang='lat' dir='ltr'>enirn</span> <span class='ocrx_word' id='word_1_128' title='bbox 280 1007 484 1039; x_wconf 78' lang='lat' dir='ltr'>cumulantur</span> <span class='ocrx_word' id='word_1_129' title='bbox 519 1004 668 1035; x_wconf 78' lang='lat' dir='ltr'>miseriae</span> <span class='ocrx_word' id='word_1_130' title='bbox 701 1003 731 1032; x_wconf 93' lang='lat' dir='ltr'>in</span> <span class='ocrx_word' id='word_1_131' title='bbox 756 1009 877 1043; x_wconf 82' lang='lat' dir='ltr'>genere</span> <span class='ocrx_word' id='word_1_132' title='bbox 911 1000 1052 1030; x_wconf 88' lang='lat' dir='ltr'>humano</span> <span class='ocrx_word' id='word_1_133' title='bbox 1076 997 1139 1028; x_wconf 85' lang='lat' dir='ltr'>sub</span> 
     </span>
     <span class='ocr_line' id='line_1_21' title="bbox 171 1040 1140 1087; baseline -0.013 -4"><span class='ocrx_word' id='word_1_134' title='bbox 171 1051 266 1083; x_wconf 80' lang='lat' dir='ltr'>finem</span> <span class='ocrx_word' id='word_1_135' title='bbox 291 1050 421 1080; x_wconf 77' lang='lat' dir='ltr'>mundi?</span> <span class='ocrx_word' id='word_1_136' title='bbox 467 1046 673 1087; x_wconf 73' lang='lat' dir='ltr'>Respondco.</span> <span class='ocrx_word' id='word_1_137' title='bbox 720 1044 791 1075; x_wconf 85' lang='lat' dir='ltr'>Hoc</span> <span class='ocrx_word' id='word_1_138' title='bbox 814 1042 850 1073; x_wconf 79' lang='lat' dir='ltr'>fit</span> <span class='ocrx_word' id='word_1_139' title='bbox 873 1043 1030 1083; x_wconf 85' lang='lat' dir='ltr'>primum,</span> <span class='ocrx_word' id='word_1_140' title='bbox 1064 1040 1140 1081; x_wconf 83' lang='lat' dir='ltr'>quia</span> 
     </span>
     <span class='ocr_line' id='line_1_22' title="bbox 172 1085 1140 1132; baseline -0.013 -6"><span class='ocrx_word' id='word_1_141' title='bbox 172 1093 379 1126; x_wconf 88' lang='lat' dir='ltr'>cumulantur</span> <span class='ocrx_word' id='word_1_142' title='bbox 413 1097 549 1132; x_wconf 71' lang='lat' dir='ltr'>peccate.</span> <span class='ocrx_word' id='word_1_143' title='bbox 581 1089 623 1119; x_wconf 85' lang='lat' dir='ltr'>ab</span> <span class='ocrx_word' id='word_1_144' title='bbox 647 1087 843 1123; x_wconf 65' lang='lat' dir='ltr'>hominibus,</span> <span class='ocrx_word' id='word_1_145' title='bbox 876 1085 950 1115; x_wconf 88' lang='lat' dir='ltr'>ideo</span> <span class='ocrx_word' id='word_1_146' title='bbox 986 1087 1140 1115; x_wconf 83' lang='lat' dir='ltr'>crescunt</span> 
     </span>
     <span class='ocr_line' id='line_1_23' title="bbox 171 1127 1141 1175; baseline -0.011 -9"><span class='ocrx_word' id='word_1_147' title='bbox 171 1137 266 1168; x_wconf 79' lang='lat' dir='ltr'>etiam</span> <span class='ocrx_word' id='word_1_148' title='bbox 290 1145 422 1175; x_wconf 83' lang='lat' dir='ltr'>poenae.</span> <span class='ocrx_word' id='word_1_149' title='bbox 480 1132 607 1163; x_wconf 89' lang='lat' dir='ltr'>Deinde</span> <span class='ocrx_word' id='word_1_150' title='bbox 630 1128 792 1161; x_wconf 87' lang='lat' dir='ltr'>Diabolus</span> <span class='ocrx_word' id='word_1_151' title='bbox 815 1127 993 1172; x_wconf 14' lang='lat' dir='ltr'>scitdbrevi</span> <span class='ocrx_word' id='word_1_152' title='bbox 1017 1127 1141 1157; x_wconf 77' lang='lat' dir='ltr'>instare</span> 
     </span>
     <span class='ocr_line' id='line_1_24' title="bbox 171 1170 1142 1213; baseline -0.012 -3"><span class='ocrx_word' id='word_1_153' title='bbox 171 1179 323 1210; x_wconf 84' lang='lat' dir='ltr'>iudicium</span> <span class='ocrx_word' id='word_1_154' title='bbox 346 1187 452 1213; x_wconf 70' lang='lat' dir='ltr'>suum,</span> <span class='ocrx_word' id='word_1_155' title='bbox 487 1176 559 1205; x_wconf 87' lang='lat' dir='ltr'>ideo</span> <span class='ocrx_word' id='word_1_156' title='bbox 595 1174 628 1203; x_wconf 82' lang='lat' dir='ltr'>fit</span> <span class='ocrx_word' id='word_1_157' title='bbox 664 1172 835 1203; x_wconf 80' lang='lat' dir='ltr'>rabiosior.</span> <span class='ocrx_word' id='word_1_158' title='bbox 880 1170 950 1201; x_wconf 75' lang='lat' dir='ltr'>Scit</span> <span class='ocrx_word' id='word_1_159' title='bbox 984 1170 1069 1200; x_wconf 87' lang='lat' dir='ltr'>enim</span> <span class='ocrx_word' id='word_1_160' title='bbox 1103 1177 1142 1198; x_wconf 82' lang='lat' dir='ltr'>se</span> 
     </span>
     <span class='ocr_line' id='line_1_25' title="bbox 171 1212 1142 1255; baseline -0.011 -3"><span class='ocrx_word' id='word_1_161' title='bbox 171 1220 384 1252; x_wconf 62' lang='lat' dir='ltr'>abiitvientluin</span> <span class='ocrx_word' id='word_1_162' title='bbox 405 1228 481 1249; x_wconf 78' lang='lat' dir='ltr'>esse</span> <span class='ocrx_word' id='word_1_163' title='bbox 504 1218 534 1247; x_wconf 93' lang='lat' dir='ltr'>in</span> <span class='ocrx_word' id='word_1_164' title='bbox 558 1223 709 1247; x_wconf 79' lang='lat' dir='ltr'>aeternas</span> <span class='ocrx_word' id='word_1_165' title='bbox 733 1223 874 1255; x_wconf 88' lang='lat' dir='ltr'>poenas,</span> <span class='ocrx_word' id='word_1_166' title='bbox 899 1220 931 1244; x_wconf 87' lang='lat' dir='ltr'>et</span> <span class='ocrx_word' id='word_1_167' title='bbox 954 1212 995 1243; x_wconf 88' lang='lat' dir='ltr'>ad</span> <span class='ocrx_word' id='word_1_168' title='bbox 1019 1222 1057 1243; x_wconf 88' lang='lat' dir='ltr'>se</span> <span class='ocrx_word' id='word_1_169' title='bbox 1075 1221 1142 1242; x_wconf 91' lang='lat' dir='ltr'>non</span> 
     </span>
     <span class='ocr_line' id='line_1_26' title="bbox 170 1254 1142 1305; baseline -0.01 -11"><span class='ocrx_word' id='word_1_170' title='bbox 170 1264 333 1305; x_wconf 74' lang='lat' dir='ltr'>pertinere</span> <span class='ocrx_word' id='word_1_171' title='bbox 357 1261 515 1292; x_wconf 80' lang='lat' dir='ltr'>beneficia</span> <span class='ocrx_word' id='word_1_172' title='bbox 539 1257 680 1295; x_wconf 82' lang='lat' dir='ltr'>filiiDei,</span> <span class='ocrx_word' id='word_1_173' title='bbox 705 1258 765 1287; x_wconf 74' lang='lat' dir='ltr'>sed</span> <span class='ocrx_word' id='word_1_174' title='bbox 790 1262 912 1287; x_wconf 84' lang='lat' dir='ltr'>tantum</span> <span class='ocrx_word' id='word_1_175' title='bbox 925 1255 966 1286; x_wconf 88' lang='lat' dir='ltr'>ad</span> <span class='ocrx_word' id='word_1_176' title='bbox 979 1254 1142 1291; x_wconf 88' lang='lat' dir='ltr'>homines,</span> 
     </span>
     <span class='ocr_line' id='line_1_27' title="bbox 173 1297 1143 1344; baseline -0.01 -8"><span class='ocrx_word' id='word_1_177' title='bbox 173 1307 257 1337; x_wconf 88' lang='lat' dir='ltr'>sicut</span> <span class='ocrx_word' id='word_1_178' title='bbox 281 1305 397 1335; x_wconf 87' lang='lat' dir='ltr'>dicitur</span> <span class='ocrx_word' id='word_1_179' title='bbox 420 1305 449 1333; x_wconf 89' lang='lat' dir='ltr'>in</span> <span class='ocrx_word' id='word_1_180' title='bbox 474 1301 641 1344; x_wconf 85' lang='lat' dir='ltr'>symbolo:</span> <span class='ocrx_word' id='word_1_181' title='bbox 668 1307 800 1341; x_wconf 78' lang='lat' dir='ltr'>propter</span> <span class='ocrx_word' id='word_1_182' title='bbox 825 1309 886 1330; x_wconf 89' lang='lat' dir='ltr'>nos</span> <span class='ocrx_word' id='word_1_183' title='bbox 909 1297 1078 1335; x_wconf 84' lang='lat' dir='ltr'>homines,</span> <span class='ocrx_word' id='word_1_184' title='bbox 1112 1302 1143 1327; x_wconf 85' lang='lat' dir='ltr'>et</span> 
     </span>
     <span class='ocr_line' id='line_1_28' title="bbox 195 1339 1143 1388; baseline -0.008 -10"><span class='ocrx_word' id='word_1_185' title='bbox 195 1354 306 1388; x_wconf 89' lang='lat' dir='ltr'>ropter</span> <span class='ocrx_word' id='word_1_186' title='bbox 328 1353 473 1377; x_wconf 71' lang='lat' dir='ltr'>nosti-ein</span> <span class='ocrx_word' id='word_1_187' title='bbox 508 1343 644 1375; x_wconf 87' lang='lat' dir='ltr'>salutem</span> <span class='ocrx_word' id='word_1_188' title='bbox 669 1343 840 1374; x_wconf 76' lang='lat' dir='ltr'>descendit</span> <span class='ocrx_word' id='word_1_189' title='bbox 863 1352 880 1373; x_wconf 90' lang='lat' dir='ltr'>e</span> <span class='ocrx_word' id='word_1_190' title='bbox 900 1339 1006 1372; x_wconf 92' lang='lat' dir='ltr'>coelo.</span> <span class='ocrx_word' id='word_1_191' title='bbox 1052 1339 1143 1377; x_wconf 78' lang='lat' dir='ltr'>Item,</span> 
     </span>
     <span class='ocr_line' id='line_1_29' title="bbox 188 1381 1144 1430; baseline -0.008 -9"><span class='ocrx_word' id='word_1_192' title='bbox 188 1397 218 1421; x_wconf 88' lang='lat' dir='ltr'>te</span> <span class='ocrx_word' id='word_1_193' title='bbox 241 1391 272 1420; x_wconf 93' lang='lat' dir='ltr'>in</span> <span class='ocrx_word' id='word_1_194' title='bbox 292 1391 398 1430; x_wconf 81' lang='lat' dir='ltr'>ignem</span> <span class='ocrx_word' id='word_1_195' title='bbox 423 1394 602 1424; x_wconf 81' lang='lat' dir='ltr'>aeternum,</span> <span class='ocrx_word' id='word_1_196' title='bbox 625 1387 678 1428; x_wconf 91' lang='lat' dir='ltr'>qui</span> <span class='ocrx_word' id='word_1_197' title='bbox 702 1392 836 1427; x_wconf 84' lang='lat' dir='ltr'>paratus</span> <span class='ocrx_word' id='word_1_198' title='bbox 863 1391 913 1416; x_wconf 84' lang='lat' dir='ltr'>cst</span> <span class='ocrx_word' id='word_1_199' title='bbox 936 1381 1088 1415; x_wconf 85' lang='lat' dir='ltr'>Diabolis</span> <span class='ocrx_word' id='word_1_200' title='bbox 1113 1388 1144 1413; x_wconf 88' lang='lat' dir='ltr'>et</span> 
     </span>
     <span class='ocr_line' id='line_1_30' title="bbox 171 1423 1143 1471; baseline -0.007 -8"><span class='ocrx_word' id='word_1_201' title='bbox 171 1432 298 1471; x_wconf 75' lang='lat' dir='ltr'>angelis</span> <span class='ocrx_word' id='word_1_202' title='bbox 322 1432 403 1462; x_wconf 77' lang='lat' dir='ltr'>eius.</span> <span class='ocrx_word' id='word_1_203' title='bbox 459 1430 531 1461; x_wconf 85' lang='lat' dir='ltr'>lloc</span> <span class='ocrx_word' id='word_1_204' title='bbox 564 1440 657 1461; x_wconf 81' lang='lat' dir='ltr'>suum</span> <span class='ocrx_word' id='word_1_205' title='bbox 693 1429 844 1460; x_wconf 87' lang='lat' dir='ltr'>iudicium</span> <span class='ocrx_word' id='word_1_206' title='bbox 866 1427 975 1459; x_wconf 85' lang='lat' dir='ltr'>sciunt</span> <span class='ocrx_word' id='word_1_207' title='bbox 998 1423 1143 1457; x_wconf 82' lang='lat' dir='ltr'>Diaboli.</span> 
     </span>
     <span class='ocr_line' id='line_1_31' title="bbox 171 1467 1144 1512; baseline -0.007 -6"><span class='ocrx_word' id='word_1_208' title='bbox 171 1475 286 1507; x_wconf 88' lang='lat' dir='ltr'>Sciunt</span> <span class='ocrx_word' id='word_1_209' title='bbox 309 1475 403 1505; x_wconf 86' lang='lat' dir='ltr'>etiam</span> <span class='ocrx_word' id='word_1_210' title='bbox 427 1474 549 1503; x_wconf 78' lang='lat' dir='ltr'>instare</span> <span class='ocrx_word' id='word_1_211' title='bbox 574 1479 719 1512; x_wconf 60' lang='lat' dir='ltr'>tempuS,</span> <span class='ocrx_word' id='word_1_212' title='bbox 754 1473 785 1502; x_wconf 91' lang='lat' dir='ltr'>in</span> <span class='ocrx_word' id='word_1_213' title='bbox 816 1481 881 1512; x_wconf 90' lang='lat' dir='ltr'>quo</span> <span class='ocrx_word' id='word_1_214' title='bbox 906 1470 962 1501; x_wconf 87' lang='lat' dir='ltr'>fiet</span> <span class='ocrx_word' id='word_1_215' title='bbox 982 1467 1144 1501; x_wconf 85' lang='lat' dir='ltr'>revelatio</span> 
     </span>
     <span class='ocr_line' id='line_1_32' title="bbox 171 1512 1145 1556; baseline -0.006 -8"><span class='ocrx_word' id='word_1_216' title='bbox 171 1517 277 1549; x_wconf 77' lang='lat' dir='ltr'>iudicii</span> <span class='ocrx_word' id='word_1_217' title='bbox 302 1526 412 1547; x_wconf 88' lang='lat' dir='ltr'>coram</span> <span class='ocrx_word' id='word_1_218' title='bbox 439 1516 587 1546; x_wconf 86' lang='lat' dir='ltr'>omnibus</span> <span class='ocrx_word' id='word_1_219' title='bbox 611 1513 736 1556; x_wconf 65' lang='lat' dir='ltr'>angelis</span> <span class='ocrx_word' id='word_1_220' title='bbox 762 1520 793 1544; x_wconf 85' lang='lat' dir='ltr'>et</span> <span class='ocrx_word' id='word_1_221' title='bbox 816 1512 1015 1550; x_wconf 49' lang='lat' dir='ltr'>hominibus</span> <span class='ocrx_word' id='word_1_222' title='bbox 1037 1518 1070 1544; x_wconf 88' lang='lat' dir='ltr'>et</span> <span class='ocrx_word' id='word_1_223' title='bbox 1089 1512 1145 1543; x_wconf 90' lang='lat' dir='ltr'>de-</span> 
     </span>
     <span class='ocr_line' id='line_1_33' title="bbox 171 1555 1145 1601; baseline -0.005 -11"><span class='ocrx_word' id='word_1_224' title='bbox 171 1566 298 1601; x_wconf 86' lang='lat' dir='ltr'>tegetur</span> <span class='ocrx_word' id='word_1_225' title='bbox 320 1557 375 1589; x_wconf 87' lang='lat' dir='ltr'>illa</span> <span class='ocrx_word' id='word_1_226' title='bbox 397 1564 480 1589; x_wconf 85' lang='lat' dir='ltr'>tetra</span> <span class='ocrx_word' id='word_1_227' title='bbox 504 1558 667 1598; x_wconf 74' lang='lat' dir='ltr'>turpitudo</span> <span class='ocrx_word' id='word_1_228' title='bbox 691 1555 924 1594; x_wconf 81' lang='lat' dir='ltr'>Diabolorum‚</span> <span class='ocrx_word' id='word_1_229' title='bbox 947 1562 979 1587; x_wconf 91' lang='lat' dir='ltr'>et</span> <span class='ocrx_word' id='word_1_230' title='bbox 1002 1555 1145 1586; x_wconf 90' lang='lat' dir='ltr'>omnium</span> 
     </span>
    </p>
   </div>
   <div class='ocr_carea' id='block_1_3' title="bbox 807 130 1537 177">
    <p class='ocr_par' dir='ltr' id='par_1_3' title="bbox 807 130 1537 177">
     <span class='ocr_line' id='line_1_34' title="bbox 807 130 1537 177; baseline -0.022 0"><span class='ocrx_word' id='word_1_231' title='bbox 807 142 919 177; x_wconf 80' lang='lat' dir='ltr'>PmL.</span> <span class='ocrx_word' id='word_1_232' title='bbox 942 139 1044 174; x_wconf 78' lang='lat' dir='ltr'>MEL.</span> <span class='ocrx_word' id='word_1_233' title='bbox 1068 135 1252 172; x_wconf 77' lang='lat' dir='ltr'>SCRtPTA</span> <span class='ocrx_word' id='word_1_234' title='bbox 1276 130 1537 165; x_wconf 77' lang='lat' dir='ltr'>EXEGETch.</span> 
     </span>
    </p>
   </div>
   <div class='ocr_carea' id='block_1_4' title="bbox 2125 128 2169 162">
    <p class='ocr_par' dir='ltr' id='par_1_4' title="bbox 2125 128 2169 162">
     <span class='ocr_line' id='line_1_35' title="bbox 2125 128 2169 162; baseline 0 0"><span class='ocrx_word' id='word_1_235' title='bbox 2125 128 2169 162; x_wconf 72' lang='lat'>28</span> 
     </span>
    </p>
   </div>
   <div class='ocr_carea' id='block_1_5' title="bbox 1183 226 2182 1597">
    <p class='ocr_par' dir='ltr' id='par_1_5' title="bbox 1183 226 2171 653">
     <span class='ocr_line' id='line_1_36' title="bbox 1268 226 2167 269; baseline -0.002 -10"><span class='ocrx_word' id='word_1_236' title='bbox 1268 227 1362 260; x_wconf 80' lang='lat' dir='ltr'>Hanc</span> <span class='ocrx_word' id='word_1_237' title='bbox 1383 228 1584 269; x_wconf 75' lang='lat' dir='ltr'>paucitatem</span> <span class='ocrx_word' id='word_1_238' title='bbox 1615 235 1695 258; x_wconf 87' lang='lat' dir='ltr'>vere</span> <span class='ocrx_word' id='word_1_239' title='bbox 1722 227 1850 267; x_wconf 86' lang='lat' dir='ltr'>piorum</span> <span class='ocrx_word' id='word_1_240' title='bbox 1880 236 1956 257; x_wconf 89' lang='lat' dir='ltr'>cum</span> <span class='ocrx_word' id='word_1_241' title='bbox 1979 226 2167 258; x_wconf 77' lang='lat' dir='ltr'>considere·</span> 
     </span>
     <span class='ocr_line' id='line_1_37' title="bbox 1183 267 2169 311; baseline -0.003 -9"><span class='ocrx_word' id='word_1_242' title='bbox 1183 281 1275 309; x_wconf 87' lang='lat' dir='ltr'>mus,</span> <span class='ocrx_word' id='word_1_243' title='bbox 1299 278 1525 311; x_wconf 75' lang='lat' dir='ltr'>expavescant</span> <span class='ocrx_word' id='word_1_244' title='bbox 1557 270 1657 301; x_wconf 90' lang='lat' dir='ltr'>animi</span> <span class='ocrx_word' id='word_1_245' title='bbox 1691 270 1806 299; x_wconf 82' lang='lat' dir='ltr'>nostri.</span> <span class='ocrx_word' id='word_1_246' title='bbox 1854 267 1928 300; x_wconf 89' lang='lat' dir='ltr'>Non</span> <span class='ocrx_word' id='word_1_247' title='bbox 1963 267 2169 300; x_wconf 79' lang='lat' dir='ltr'>blandiamur</span> 
     </span>
     <span class='ocr_line' id='line_1_38' title="bbox 1184 312 2169 355; baseline -0.001 -10"><span class='ocrx_word' id='word_1_248' title='bbox 1184 315 1296 345; x_wconf 85' lang='lat' dir='ltr'>nobis:</span> <span class='ocrx_word' id='word_1_249' title='bbox 1341 313 1417 345; x_wconf 87' lang='lat' dir='ltr'>Non</span> <span class='ocrx_word' id='word_1_250' title='bbox 1447 319 1598 354; x_wconf 84' lang='lat' dir='ltr'>putemus</span> <span class='ocrx_word' id='word_1_251' title='bbox 1631 322 1912 354; x_wconf 82' lang='lat' dir='ltr'>unumquemque,</span> <span class='ocrx_word' id='word_1_252' title='bbox 1946 313 2001 355; x_wconf 80' lang='lat' dir='ltr'>qai</span> <span class='ocrx_word' id='word_1_253' title='bbox 2037 312 2116 343; x_wconf 88' lang='lat' dir='ltr'>vivit</span> <span class='ocrx_word' id='word_1_254' title='bbox 2137 312 2169 344; x_wconf 91' lang='lat' dir='ltr'>in</span> 
     </span>
     <span class='ocr_line' id='line_1_39' title="bbox 1185 353 2168 398; baseline 0 -11"><span class='ocrx_word' id='word_1_255' title='bbox 1185 357 1340 388; x_wconf 89' lang='lat' dir='ltr'>mediocri</span> <span class='ocrx_word' id='word_1_256' title='bbox 1374 355 1564 398; x_wconf 75' lang='lat' dir='ltr'>disciplina,</span> <span class='ocrx_word' id='word_1_257' title='bbox 1598 353 1726 386; x_wconf 67' lang='lat' dir='ltr'>salvum</span> <span class='ocrx_word' id='word_1_258' title='bbox 1755 353 1828 386; x_wconf 86' lang='lat' dir='ltr'>sore</span> <span class='ocrx_word' id='word_1_259' title='bbox 1857 355 1890 386; x_wconf 91' lang='lat' dir='ltr'>in</span> <span class='ocrx_word' id='word_1_260' title='bbox 1912 365 1974 386; x_wconf 86' lang='lat' dir='ltr'>sua</span> <span class='ocrx_word' id='word_1_261' title='bbox 1997 355 2168 397; x_wconf 82' lang='lat' dir='ltr'>religione.</span> 
     </span>
     <span class='ocr_line' id='line_1_40' title="bbox 1186 396 2170 441; baseline -0.001 -11"><span class='ocrx_word' id='word_1_262' title='bbox 1186 399 1381 441; x_wconf 74' lang='lat' dir='ltr'>Cogitemus</span> <span class='ocrx_word' id='word_1_263' title='bbox 1404 404 1437 430; x_wconf 85' lang='lat' dir='ltr'>et</span> <span class='ocrx_word' id='word_1_264' title='bbox 1459 404 1613 440; x_wconf 84' lang='lat' dir='ltr'>portenta</span> <span class='ocrx_word' id='word_1_265' title='bbox 1642 397 1699 428; x_wconf 79' lang='lat' dir='ltr'>illa</span> <span class='ocrx_word' id='word_1_266' title='bbox 1720 396 1984 429; x_wconf 79' lang='lat' dir='ltr'>Idololatriamm</span> <span class='ocrx_word' id='word_1_267' title='bbox 2007 405 2039 429; x_wconf 90' lang='lat' dir='ltr'>et</span> <span class='ocrx_word' id='word_1_268' title='bbox 2063 406 2170 430; x_wconf 87' lang='lat' dir='ltr'>caete-</span> 
     </span>
     <span class='ocr_line' id='line_1_41' title="bbox 1187 440 2169 482; baseline -0.001 -9"><span class='ocrx_word' id='word_1_269' title='bbox 1187 452 1243 474; x_wconf 89' lang='lat' dir='ltr'>ros</span> <span class='ocrx_word' id='word_1_270' title='bbox 1267 440 1417 480; x_wconf 82' lang='lat' dir='ltr'>furores,</span> <span class='ocrx_word' id='word_1_271' title='bbox 1447 448 1480 473; x_wconf 88' lang='lat' dir='ltr'>ct</span> <span class='ocrx_word' id='word_1_272' title='bbox 1502 441 1718 482; x_wconf 74' lang='lat' dir='ltr'>turpitudines</span> <span class='ocrx_word' id='word_1_273' title='bbox 1755 440 1922 472; x_wconf 89' lang='lat' dir='ltr'>hominum</span> <span class='ocrx_word' id='word_1_274' title='bbox 1945 450 2023 472; x_wconf 88' lang='lat' dir='ltr'>esse</span> <span class='ocrx_word' id='word_1_275' title='bbox 2047 451 2169 472; x_wconf 84' lang='lat' dir='ltr'>causas</span> 
     </span>
     <span class='ocr_line' id='line_1_42' title="bbox 1187 484 2169 525; baseline -0.001 -9"><span class='ocrx_word' id='word_1_276' title='bbox 1187 485 1392 516; x_wconf 85' lang='lat' dir='ltr'>miseriarum</span> <span class='ocrx_word' id='word_1_277' title='bbox 1420 484 1579 525; x_wconf 86' lang='lat' dir='ltr'>postremi</span> <span class='ocrx_word' id='word_1_278' title='bbox 1607 484 1776 524; x_wconf 78' lang='lat' dir='ltr'>teniporiS‚</span> <span class='ocrx_word' id='word_1_279' title='bbox 1811 489 1842 514; x_wconf 85' lang='lat' dir='ltr'>et</span> <span class='ocrx_word' id='word_1_280' title='bbox 1880 493 2104 525; x_wconf 81' lang='lat' dir='ltr'>agnoscamus</span> <span class='ocrx_word' id='word_1_281' title='bbox 2136 484 2169 515; x_wconf 93' lang='lat' dir='ltr'>in</span> 
     </span>
     <span class='ocr_line' id='line_1_43' title="bbox 1187 525 2171 567; baseline -0.001 -9"><span class='ocrx_word' id='word_1_282' title='bbox 1187 527 1238 558; x_wconf 87' lang='lat' dir='ltr'>his</span> <span class='ocrx_word' id='word_1_283' title='bbox 1261 525 1383 558; x_wconf 88' lang='lat' dir='ltr'>diaboli</span> <span class='ocrx_word' id='word_1_284' title='bbox 1407 527 1541 564; x_wconf 80' lang='lat' dir='ltr'>rabiem,</span> <span class='ocrx_word' id='word_1_285' title='bbox 1564 527 1670 567; x_wconf 83' lang='lat' dir='ltr'>magis</span> <span class='ocrx_word' id='word_1_286' title='bbox 1695 533 1727 557; x_wconf 88' lang='lat' dir='ltr'>et</span> <span class='ocrx_word' id='word_1_287' title='bbox 1748 527 1897 557; x_wconf 85' lang='lat' dir='ltr'>atrocius</span> <span class='ocrx_word' id='word_1_288' title='bbox 1911 537 1998 559; x_wconf 88' lang='lat' dir='ltr'>nunc</span> <span class='ocrx_word' id='word_1_289' title='bbox 2019 527 2171 558; x_wconf 82' lang='lat' dir='ltr'>saevien-</span> 
     </span>
     <span class='ocr_line' id='line_1_44' title="bbox 1189 569 2170 611; baseline 0 -10"><span class='ocrx_word' id='word_1_290' title='bbox 1189 571 1230 601; x_wconf 91' lang='lat' dir='ltr'>tis</span> <span class='ocrx_word' id='word_1_291' title='bbox 1253 571 1285 601; x_wconf 87' lang='lat' dir='ltr'>in</span> <span class='ocrx_word' id='word_1_292' title='bbox 1319 569 1439 601; x_wconf 90' lang='lat' dir='ltr'>mundo</span> <span class='ocrx_word' id='word_1_293' title='bbox 1475 576 1610 610; x_wconf 79' lang='lat' dir='ltr'>propter</span> <span class='ocrx_word' id='word_1_294' title='bbox 1644 569 1816 600; x_wconf 81' lang='lat' dir='ltr'>imminens</span> <span class='ocrx_word' id='word_1_295' title='bbox 1850 570 2016 608; x_wconf 73' lang='lat' dir='ltr'>iudicium,</span> <span class='ocrx_word' id='word_1_296' title='bbox 2049 580 2071 601; x_wconf 81' lang='lat' dir='ltr'>a</span> <span class='ocrx_word' id='word_1_297' title='bbox 2104 579 2170 611; x_wconf 89' lang='lat' dir='ltr'>quo</span> 
     </span>
     <span class='ocr_line' id='line_1_45' title="bbox 1189 610 1840 653; baseline -0.003 -9"><span class='ocrx_word' id='word_1_298' title='bbox 1189 611 1280 644; x_wconf 84' lang='lat' dir='ltr'>nulla</span> <span class='ocrx_word' id='word_1_299' title='bbox 1303 622 1383 653; x_wconf 84' lang='lat' dir='ltr'>pars</span> <span class='ocrx_word' id='word_1_300' title='bbox 1407 612 1615 642; x_wconf 84' lang='lat' dir='ltr'>diabolorum</span> <span class='ocrx_word' id='word_1_301' title='bbox 1639 610 1840 643; x_wconf 79' lang='lat' dir='ltr'>liberabitur.</span> 
     </span>
    </p>

    <p class='ocr_par' dir='ltr' id='par_1_6' title="bbox 1189 653 2175 909">
     <span class='ocr_line' id='line_1_46' title="bbox 1275 653 2170 696; baseline 0.002 -12"><span class='ocrx_word' id='word_1_302' title='bbox 1275 654 1386 685; x_wconf 88' lang='lat' dir='ltr'>Tertia</span> <span class='ocrx_word' id='word_1_303' title='bbox 1414 663 1518 685; x_wconf 88' lang='lat' dir='ltr'>causa</span> <span class='ocrx_word' id='word_1_304' title='bbox 1541 660 1602 685; x_wconf 82' lang='lat' dir='ltr'>est.</span> <span class='ocrx_word' id='word_1_305' title='bbox 1648 654 1733 686; x_wconf 85' lang='lat' dir='ltr'>Sunt</span> <span class='ocrx_word' id='word_1_306' title='bbox 1763 653 1930 686; x_wconf 84' lang='lat' dir='ltr'>revelatae</span> <span class='ocrx_word' id='word_1_307' title='bbox 1962 656 2046 686; x_wconf 86' lang='lat' dir='ltr'>istae</span> <span class='ocrx_word' id='word_1_308' title='bbox 2080 664 2170 696; x_wconf 86' lang='lat' dir='ltr'>prae-</span> 
     </span>
     <span class='ocr_line' id='line_1_47' title="bbox 1189 698 2173 739; baseline 0 -11"><span class='ocrx_word' id='word_1_309' title='bbox 1189 698 1363 734; x_wconf 83' lang='lat' dir='ltr'>dictiones,</span> <span class='ocrx_word' id='word_1_310' title='bbox 1385 703 1419 727; x_wconf 90' lang='lat' dir='ltr'>ut</span> <span class='ocrx_word' id='word_1_311' title='bbox 1441 706 1636 728; x_wconf 82' lang='lat' dir='ltr'>revocemur</span> <span class='ocrx_word' id='word_1_312' title='bbox 1653 698 1694 728; x_wconf 86' lang='lat' dir='ltr'>ad</span> <span class='ocrx_word' id='word_1_313' title='bbox 1717 698 1961 738; x_wconf 88' lang='lat' dir='ltr'>poenitentiam,</span> <span class='ocrx_word' id='word_1_314' title='bbox 1984 705 2016 730; x_wconf 88' lang='lat' dir='ltr'>et</span> <span class='ocrx_word' id='word_1_315' title='bbox 2035 707 2173 739; x_wconf 79' lang='lat' dir='ltr'>quaera-</span> 
     </span>
     <span class='ocr_line' id='line_1_48' title="bbox 1190 739 2172 782; baseline -0.002 -9"><span class='ocrx_word' id='word_1_316' title='bbox 1190 751 1262 773; x_wconf 88' lang='lat' dir='ltr'>mus</span> <span class='ocrx_word' id='word_1_317' title='bbox 1296 740 1543 782; x_wconf 80' lang='lat' dir='ltr'>mitigationem.</span> <span class='ocrx_word' id='word_1_318' title='bbox 1601 739 1688 770; x_wconf 82' lang='lat' dir='ltr'>Nihil</span> <span class='ocrx_word' id='word_1_319' title='bbox 1722 741 1808 771; x_wconf 88' lang='lat' dir='ltr'>enim</span> <span class='ocrx_word' id='word_1_320' title='bbox 1841 741 2038 782; x_wconf 79' lang='lat' dir='ltr'>prodesset,</span> <span class='ocrx_word' id='word_1_321' title='bbox 2077 751 2172 781; x_wconf 85' lang='lat' dir='ltr'>prae·</span> 
     </span>
     <span class='ocr_line' id='line_1_49' title="bbox 1191 782 2172 825; baseline -0.001 -10"><span class='ocrx_word' id='word_1_322' title='bbox 1191 785 1351 815; x_wconf 79' lang='lat' dir='ltr'>dictiones</span> <span class='ocrx_word' id='word_1_323' title='bbox 1375 782 1480 813; x_wconf 85' lang='lat' dir='ltr'>editas</span> <span class='ocrx_word' id='word_1_324' title='bbox 1504 792 1590 819; x_wconf 85' lang='lat' dir='ltr'>esse,</span> <span class='ocrx_word' id='word_1_325' title='bbox 1625 783 1685 814; x_wconf 83' lang='lat' dir='ltr'>nisi</span> <span class='ocrx_word' id='word_1_326' title='bbox 1711 784 1876 823; x_wconf 85' lang='lat' dir='ltr'>promissa</span> <span class='ocrx_word' id='word_1_327' title='bbox 1899 790 1991 815; x_wconf 84' lang='lat' dir='ltr'>esset</span> <span class='ocrx_word' id='word_1_328' title='bbox 2013 783 2172 825; x_wconf 80' lang='lat' dir='ltr'>mitigatio</span> 
     </span>
     <span class='ocr_line' id='line_1_50' title="bbox 1191 824 2175 868; baseline -0.002 -10"><span class='ocrx_word' id='word_1_329' title='bbox 1191 833 1223 858; x_wconf 86' lang='lat' dir='ltr'>et</span> <span class='ocrx_word' id='word_1_330' title='bbox 1257 825 1407 857; x_wconf 86' lang='lat' dir='ltr'>liberatio</span> <span class='ocrx_word' id='word_1_331' title='bbox 1443 834 1483 855; x_wconf 84' lang='lat' dir='ltr'>ex</span> <span class='ocrx_word' id='word_1_332' title='bbox 1517 825 1589 855; x_wconf 87' lang='lat' dir='ltr'>istis</span> <span class='ocrx_word' id='word_1_333' title='bbox 1620 824 1727 856; x_wconf 86' lang='lat' dir='ltr'>malis.</span> <span class='ocrx_word' id='word_1_334' title='bbox 1773 827 1819 858; x_wconf 84' lang='lat' dir='ltr'>lta</span> <span class='ocrx_word' id='word_1_335' title='bbox 1841 834 1949 858; x_wconf 85' lang='lat' dir='ltr'>autem</span> <span class='ocrx_word' id='word_1_336' title='bbox 1985 827 2175 868; x_wconf 84' lang='lat' dir='ltr'>mitigantur</span> 
     </span>
     <span class='ocr_line' id='line_1_51' title="bbox 1191 869 2053 909; baseline -0.002 -8"><span class='ocrx_word' id='word_1_337' title='bbox 1191 870 1288 901; x_wconf 86' lang='lat' dir='ltr'>nobis</span> <span class='ocrx_word' id='word_1_338' title='bbox 1311 874 1506 909; x_wconf 78' lang='lat' dir='ltr'>praesentes</span> <span class='ocrx_word' id='word_1_339' title='bbox 1531 877 1670 908; x_wconf 83' lang='lat' dir='ltr'>poenae,</span> <span class='ocrx_word' id='word_1_340' title='bbox 1694 869 1721 899; x_wconf 90' lang='lat' dir='ltr'>si</span> <span class='ocrx_word' id='word_1_341' title='bbox 1745 871 1956 901; x_wconf 87' lang='lat' dir='ltr'>emendemus</span> <span class='ocrx_word' id='word_1_342' title='bbox 1979 880 2053 901; x_wconf 88' lang='lat' dir='ltr'>nos.</span> 
     </span>
    </p>

    <p class='ocr_par' dir='ltr' id='par_1_7' title="bbox 1192 910 2176 1295">
     <span class='ocr_line' id='line_1_52' title="bbox 1278 910 2174 952; baseline 0.001 -9"><span class='ocrx_word' id='word_1_343' title='bbox 1278 911 1355 943; x_wconf 82' lang='lat' dir='ltr'>Ideo</span> <span class='ocrx_word' id='word_1_344' title='bbox 1379 911 1571 942; x_wconf 81' lang='lat' dir='ltr'>abiiciamus</span> <span class='ocrx_word' id='word_1_345' title='bbox 1594 918 1745 951; x_wconf 86' lang='lat' dir='ltr'>peccata,</span> <span class='ocrx_word' id='word_1_346' title='bbox 1767 910 1932 952; x_wconf 69' lang='lat' dir='ltr'>fugiamus</span> <span class='ocrx_word' id='word_1_347' title='bbox 1952 911 2174 950; x_wconf 74' lang='lat' dir='ltr'>idololatrias,</span> 
     </span>
     <span class='ocr_line' id='line_1_53' title="bbox 1192 951 2174 987; baseline 0.001 -1"><span class='ocrx_word' id='word_1_348' title='bbox 1192 961 1224 986; x_wconf 90' lang='lat' dir='ltr'>et</span> <span class='ocrx_word' id='word_1_349' title='bbox 1252 953 1430 986; x_wconf 70' lang='lat' dir='ltr'>clamemus</span> <span class='ocrx_word' id='word_1_350' title='bbox 1464 953 1506 984; x_wconf 91' lang='lat' dir='ltr'>ad</span> <span class='ocrx_word' id='word_1_351' title='bbox 1537 951 1637 984; x_wconf 87' lang='lat' dir='ltr'>filium</span> <span class='ocrx_word' id='word_1_352' title='bbox 1667 953 1746 985; x_wconf 83' lang='lat' dir='ltr'>Dei:</span> <span class='ocrx_word' id='word_1_353' title='bbox 1781 953 1923 986; x_wconf 87' lang='lat' dir='ltr'>Domine</span> <span class='ocrx_word' id='word_1_354' title='bbox 1946 957 2019 987; x_wconf 65' lang='lat' dir='ltr'>lesu</span> <span class='ocrx_word' id='word_1_355' title='bbox 2042 954 2174 987; x_wconf 80' lang='lat' dir='ltr'>Christe</span> 
     </span>
     <span class='ocr_line' id='line_1_54' title="bbox 1192 996 2175 1038; baseline 0.002 -10"><span class='ocrx_word' id='word_1_356' title='bbox 1192 1005 1225 1029; x_wconf 94' lang='lat' dir='ltr'>tu</span> <span class='ocrx_word' id='word_1_357' title='bbox 1249 997 1448 1037; x_wconf 85' lang='lat' dir='ltr'>apparuisti,</span> <span class='ocrx_word' id='word_1_358' title='bbox 1482 1003 1514 1027; x_wconf 84' lang='lat' dir='ltr'>ut</span> <span class='ocrx_word' id='word_1_359' title='bbox 1540 996 1693 1027; x_wconf 80' lang='lat' dir='ltr'>destruas</span> <span class='ocrx_word' id='word_1_360' title='bbox 1717 1006 1818 1038; x_wconf 85' lang='lat' dir='ltr'>opera</span> <span class='ocrx_word' id='word_1_361' title='bbox 1842 997 1975 1036; x_wconf 85' lang='lat' dir='ltr'>diaboli,</span> <span class='ocrx_word' id='word_1_362' title='bbox 2011 997 2175 1030; x_wconf 80' lang='lat' dir='ltr'>conculca</span> 
     </span>
     <span class='ocr_line' id='line_1_55' title="bbox 1193 1040 2172 1082; baseline 0 -10"><span class='ocrx_word' id='word_1_363' title='bbox 1193 1047 1292 1081; x_wconf 82' lang='lat' dir='ltr'>eaput</span> <span class='ocrx_word' id='word_1_364' title='bbox 1316 1040 1499 1081; x_wconf 75' lang='lat' dir='ltr'>serpentis,</span> <span class='ocrx_word' id='word_1_365' title='bbox 1523 1049 1641 1076; x_wconf 76' lang='lat' dir='ltr'>serva,</span> <span class='ocrx_word' id='word_1_366' title='bbox 1660 1049 1740 1081; x_wconf 84' lang='lat' dir='ltr'>rege</span> <span class='ocrx_word' id='word_1_367' title='bbox 1764 1049 1827 1070; x_wconf 89' lang='lat' dir='ltr'>nos</span> <span class='ocrx_word' id='word_1_368' title='bbox 1851 1041 1971 1082; x_wconf 86' lang='lat' dir='ltr'>Spiritu</span> <span class='ocrx_word' id='word_1_369' title='bbox 1991 1046 2120 1078; x_wconf 81' lang='lat' dir='ltr'>sancto,</span> <span class='ocrx_word' id='word_1_370' title='bbox 2140 1048 2172 1072; x_wconf 88' lang='lat' dir='ltr'>et</span> 
     </span>
     <span class='ocr_line' id='line_1_56' title="bbox 1192 1082 2174 1124; baseline 0 -10"><span class='ocrx_word' id='word_1_371' title='bbox 1192 1084 1363 1115; x_wconf 80' lang='lat' dir='ltr'>intercede</span> <span class='ocrx_word' id='word_1_372' title='bbox 1396 1093 1456 1124; x_wconf 89' lang='lat' dir='ltr'>pro</span> <span class='ocrx_word' id='word_1_373' title='bbox 1491 1083 1588 1113; x_wconf 91' lang='lat' dir='ltr'>nobis</span> <span class='ocrx_word' id='word_1_374' title='bbox 1622 1083 1709 1123; x_wconf 85' lang='lat' dir='ltr'>apud</span> <span class='ocrx_word' id='word_1_375' title='bbox 1742 1088 1879 1124; x_wconf 87' lang='lat' dir='ltr'>patrem.</span> <span class='ocrx_word' id='word_1_376' title='bbox 1925 1082 2026 1114; x_wconf 80' lang='lat' dir='ltr'>Tales</span> <span class='ocrx_word' id='word_1_377' title='bbox 2055 1092 2174 1124; x_wconf 79' lang='lat' dir='ltr'>preces</span> 
     </span>
     <span class='ocr_line' id='line_1_57' title="bbox 1193 1124 2175 1163; baseline 0.001 -6"><span class='ocrx_word' id='word_1_378' title='bbox 1193 1127 1337 1158; x_wconf 83' lang='lat' dir='ltr'>sciamus</span> <span class='ocrx_word' id='word_1_379' title='bbox 1360 1136 1426 1157; x_wconf 89' lang='lat' dir='ltr'>non</span> <span class='ocrx_word' id='word_1_380' title='bbox 1446 1124 1519 1156; x_wconf 77' lang='lat' dir='ltr'>sore</span> <span class='ocrx_word' id='word_1_381' title='bbox 1542 1125 1664 1163; x_wconf 84' lang='lat' dir='ltr'>irritas,</span> <span class='ocrx_word' id='word_1_382' title='bbox 1699 1131 1731 1156; x_wconf 87' lang='lat' dir='ltr'>et</span> <span class='ocrx_word' id='word_1_383' title='bbox 1765 1133 1800 1156; x_wconf 89' lang='lat' dir='ltr'>ut</span> <span class='ocrx_word' id='word_1_384' title='bbox 1833 1126 1876 1157; x_wconf 88' lang='lat' dir='ltr'>sit</span> <span class='ocrx_word' id='word_1_385' title='bbox 1913 1127 2014 1157; x_wconf 84' lang='lat' dir='ltr'>ardor</span> <span class='ocrx_word' id='word_1_386' title='bbox 2042 1124 2175 1158; x_wconf 83' lang='lat' dir='ltr'>illarum</span> 
     </span>
     <span class='ocr_line' id='line_1_58' title="bbox 1194 1167 2174 1210; baseline -0.001 -9"><span class='ocrx_word' id='word_1_387' title='bbox 1194 1180 1328 1210; x_wconf 87' lang='lat' dir='ltr'>precum</span> <span class='ocrx_word' id='word_1_388' title='bbox 1347 1167 1539 1206; x_wconf 75' lang='lat' dir='ltr'>ferventior,</span> <span class='ocrx_word' id='word_1_389' title='bbox 1562 1178 1694 1209; x_wconf 73' lang='lat' dir='ltr'>semper</span> <span class='ocrx_word' id='word_1_390' title='bbox 1723 1170 1766 1200; x_wconf 87' lang='lat' dir='ltr'>sit</span> <span class='ocrx_word' id='word_1_391' title='bbox 1797 1169 1828 1200; x_wconf 93' lang='lat' dir='ltr'>in</span> <span class='ocrx_word' id='word_1_392' title='bbox 1848 1175 2029 1210; x_wconf 84' lang='lat' dir='ltr'>conspectu</span> <span class='ocrx_word' id='word_1_393' title='bbox 2053 1170 2174 1209; x_wconf 70' lang='lat' dir='ltr'>magni-</span> 
     </span>
     <span class='ocr_line' id='line_1_59' title="bbox 1195 1210 2176 1253; baseline -0.002 -10"><span class='ocrx_word' id='word_1_394' title='bbox 1195 1214 1273 1244; x_wconf 87' lang='lat' dir='ltr'>tudo</span> <span class='ocrx_word' id='word_1_395' title='bbox 1296 1212 1499 1243; x_wconf 86' lang='lat' dir='ltr'>miseriarum</span> <span class='ocrx_word' id='word_1_396' title='bbox 1522 1210 1663 1248; x_wconf 81' lang='lat' dir='ltr'>illarum,</span> <span class='ocrx_word' id='word_1_397' title='bbox 1686 1222 1771 1253; x_wconf 84' lang='lat' dir='ltr'>quas</span> <span class='ocrx_word' id='word_1_398' title='bbox 1796 1222 1859 1243; x_wconf 85' lang='lat' dir='ltr'>vox</span> <span class='ocrx_word' id='word_1_399' title='bbox 1884 1213 1992 1243; x_wconf 89' lang='lat' dir='ltr'>divina</span> <span class='ocrx_word' id='word_1_400' title='bbox 2016 1212 2176 1253; x_wconf 81' lang='lat' dir='ltr'>praedicit</span> 
     </span>
     <span class='ocr_line' id='line_1_60' title="bbox 1194 1253 2029 1295; baseline 0 -9"><span class='ocrx_word' id='word_1_401' title='bbox 1194 1256 1336 1287; x_wconf 73' lang='lat' dir='ltr'>maiores</span> <span class='ocrx_word' id='word_1_402' title='bbox 1359 1253 1489 1286; x_wconf 87' lang='lat' dir='ltr'>futuras</span> <span class='ocrx_word' id='word_1_403' title='bbox 1513 1263 1591 1285; x_wconf 84' lang='lat' dir='ltr'>esse</span> <span class='ocrx_word' id='word_1_404' title='bbox 1614 1255 1792 1295; x_wconf 84' lang='lat' dir='ltr'>postremis</span> <span class='ocrx_word' id='word_1_405' title='bbox 1815 1256 2029 1295; x_wconf 78' lang='lat' dir='ltr'>temporibus.</span> 
     </span>
    </p>

    <p class='ocr_par' dir='ltr' id='par_1_8' title="bbox 1195 1297 2182 1597">
     <span class='ocr_line' id='line_1_61' title="bbox 1280 1297 2175 1339; baseline 0 -10"><span class='ocrx_word' id='word_1_406' title='bbox 1280 1298 1384 1329; x_wconf 88' lang='lat' dir='ltr'>Nemo</span> <span class='ocrx_word' id='word_1_407' title='bbox 1408 1303 1557 1328; x_wconf 83' lang='lat' dir='ltr'>nostrum</span> <span class='ocrx_word' id='word_1_408' title='bbox 1586 1303 1648 1334; x_wconf 89' lang='lat' dir='ltr'>est,</span> <span class='ocrx_word' id='word_1_409' title='bbox 1672 1299 1749 1339; x_wconf 89' lang='lat' dir='ltr'>quin</span> <span class='ocrx_word' id='word_1_410' title='bbox 1773 1297 1892 1329; x_wconf 87' lang='lat' dir='ltr'>habeat</span> <span class='ocrx_word' id='word_1_411' title='bbox 1917 1299 2035 1330; x_wconf 85' lang='lat' dir='ltr'>multas</span> <span class='ocrx_word' id='word_1_412' title='bbox 2055 1307 2175 1329; x_wconf 63' lang='lat' dir='ltr'>causas</span> 
     </span>
     <span class='ocr_line' id='line_1_62' title="bbox 1195 1339 2176 1382; baseline 0 -10"><span class='ocrx_word' id='word_1_413' title='bbox 1195 1340 1338 1372; x_wconf 88' lang='lat' dir='ltr'>dolendi.</span> <span class='ocrx_word' id='word_1_414' title='bbox 1379 1339 1547 1371; x_wconf 83' lang='lat' dir='ltr'>Habemus</span> <span class='ocrx_word' id='word_1_415' title='bbox 1570 1346 1687 1371; x_wconf 86' lang='lat' dir='ltr'>nostra</span> <span class='ocrx_word' id='word_1_416' title='bbox 1709 1341 1837 1381; x_wconf 85' lang='lat' dir='ltr'>privata</span> <span class='ocrx_word' id='word_1_417' title='bbox 1859 1347 2010 1382; x_wconf 78' lang='lat' dir='ltr'>peccata,</span> <span class='ocrx_word' id='word_1_418' title='bbox 2034 1348 2066 1372; x_wconf 89' lang='lat' dir='ltr'>et</span> <span class='ocrx_word' id='word_1_419' title='bbox 2088 1351 2176 1372; x_wconf 89' lang='lat' dir='ltr'>com-</span> 
     </span>
     <span class='ocr_line' id='line_1_63' title="bbox 1195 1381 2179 1424; baseline -0.002 -8"><span class='ocrx_word' id='word_1_420' title='bbox 1195 1385 1305 1416; x_wconf 83' lang='lat' dir='ltr'>munia</span> <span class='ocrx_word' id='word_1_421' title='bbox 1324 1393 1381 1414; x_wconf 88' lang='lat' dir='ltr'>seu</span> <span class='ocrx_word' id='word_1_422' title='bbox 1418 1381 1560 1424; x_wconf 83' lang='lat' dir='ltr'>publica.</span> <span class='ocrx_word' id='word_1_423' title='bbox 1606 1382 1729 1414; x_wconf 87' lang='lat' dir='ltr'>Sumus</span> <span class='ocrx_word' id='word_1_424' title='bbox 1762 1382 1906 1424; x_wconf 86' lang='lat' dir='ltr'>impliciti</span> <span class='ocrx_word' id='word_1_425' title='bbox 1937 1382 2048 1414; x_wconf 83' lang='lat' dir='ltr'>multis</span> <span class='ocrx_word' id='word_1_426' title='bbox 2082 1382 2179 1415; x_wconf 86' lang='lat' dir='ltr'>malis</span> 
     </span>
     <span class='ocr_line' id='line_1_64' title="bbox 1195 1423 2180 1469; baseline -0.001 -11"><span class='ocrx_word' id='word_1_427' title='bbox 1195 1427 1333 1469; x_wconf 86' lang='lat' dir='ltr'>privatis</span> <span class='ocrx_word' id='word_1_428' title='bbox 1352 1432 1383 1456; x_wconf 89' lang='lat' dir='ltr'>et</span> <span class='ocrx_word' id='word_1_429' title='bbox 1406 1424 1560 1466; x_wconf 78' lang='lat' dir='ltr'>publiciS.</span> <span class='ocrx_word' id='word_1_430' title='bbox 1607 1423 1732 1456; x_wconf 75' lang='lat' dir='ltr'>Multae</span> <span class='ocrx_word' id='word_1_431' title='bbox 1754 1426 1906 1457; x_wconf 84' lang='lat' dir='ltr'>miseriae</span> <span class='ocrx_word' id='word_1_432' title='bbox 1941 1433 2079 1457; x_wconf 87' lang='lat' dir='ltr'>onerant</span> <span class='ocrx_word' id='word_1_433' title='bbox 2113 1436 2180 1458; x_wconf 90' lang='lat' dir='ltr'>non</span> 
     </span>
     <span class='ocr_line' id='line_1_65' title="bbox 1197 1466 2182 1511; baseline 0 -10"><span class='ocrx_word' id='word_1_434' title='bbox 1197 1469 1305 1501; x_wconf 85' lang='lat' dir='ltr'>solum</span> <span class='ocrx_word' id='word_1_435' title='bbox 1327 1478 1403 1506; x_wconf 83' lang='lat' dir='ltr'>nos,</span> <span class='ocrx_word' id='word_1_436' title='bbox 1437 1468 1497 1499; x_wconf 79' lang='lat' dir='ltr'>sed</span> <span class='ocrx_word' id='word_1_437' title='bbox 1530 1468 1627 1499; x_wconf 82' lang='lat' dir='ltr'>etiam</span> <span class='ocrx_word' id='word_1_438' title='bbox 1662 1466 1802 1500; x_wconf 84' lang='lat' dir='ltr'>familias</span> <span class='ocrx_word' id='word_1_439' title='bbox 1837 1475 1983 1501; x_wconf 84' lang='lat' dir='ltr'>nostras.</span> <span class='ocrx_word' id='word_1_440' title='bbox 2028 1467 2182 1511; x_wconf 82' lang='lat' dir='ltr'>Denique</span> 
     </span>
     <span class='ocr_line' id='line_1_66' title="bbox 1197 1509 2180 1555; baseline -0.001 -11"><span class='ocrx_word' id='word_1_441' title='bbox 1197 1513 1250 1555; x_wconf 90' lang='lat' dir='ltr'>qui</span> <span class='ocrx_word' id='word_1_442' title='bbox 1274 1522 1340 1543; x_wconf 92' lang='lat' dir='ltr'>non</span> <span class='ocrx_word' id='word_1_443' title='bbox 1365 1517 1441 1542; x_wconf 83' lang='lat' dir='ltr'>sunt</span> <span class='ocrx_word' id='word_1_444' title='bbox 1464 1509 1562 1552; x_wconf 85' lang='lat' dir='ltr'>plane</span> <span class='ocrx_word' id='word_1_445' title='bbox 1584 1509 1692 1549; x_wconf 88' lang='lat' dir='ltr'>stulti,</span> <span class='ocrx_word' id='word_1_446' title='bbox 1714 1521 1780 1543; x_wconf 93' lang='lat' dir='ltr'>non</span> <span class='ocrx_word' id='word_1_447' title='bbox 1798 1519 1939 1554; x_wconf 83' lang='lat' dir='ltr'>possunt</span> <span class='ocrx_word' id='word_1_448' title='bbox 1963 1522 2028 1543; x_wconf 91' lang='lat' dir='ltr'>non</span> <span class='ocrx_word' id='word_1_449' title='bbox 2048 1521 2126 1544; x_wconf 88' lang='lat' dir='ltr'>esse</span> <span class='ocrx_word' id='word_1_450' title='bbox 2147 1513 2180 1543; x_wconf 94' lang='lat' dir='ltr'>in</span> 
     </span>
     <span class='ocr_line' id='line_1_67' title="bbox 1197 1552 2180 1597; baseline -0.001 -10"><span class='ocrx_word' id='word_1_451' title='bbox 1197 1565 1317 1597; x_wconf 87' lang='lat' dir='ltr'>magno</span> <span class='ocrx_word' id='word_1_452' title='bbox 1341 1552 1467 1585; x_wconf 88' lang='lat' dir='ltr'>dolore.</span> <span class='ocrx_word' id='word_1_453' title='bbox 1509 1553 1615 1589; x_wconf 84' lang='lat' dir='ltr'>Quam</span> <span class='ocrx_word' id='word_1_454' title='bbox 1629 1552 1788 1585; x_wconf 82' lang='lat' dir='ltr'>babemus</span> <span class='ocrx_word' id='word_1_455' title='bbox 1807 1561 1916 1586; x_wconf 86' lang='lat' dir='ltr'>autem</span> <span class='ocrx_word' id='word_1_456' title='bbox 1940 1553 2036 1586; x_wconf 88' lang='lat' dir='ltr'>aliam</span> <span class='ocrx_word' id='word_1_457' title='bbox 2060 1565 2180 1586; x_wconf 90' lang='lat' dir='ltr'>conso·</span> 
     </span>
    </p>
   </div>
   <div class='ocr_carea' id='block_1_6' title="bbox 172 1589 2182 1643">
    <p class='ocr_par' dir='ltr' id='par_1_9' title="bbox 172 1589 2182 1643">
     <span class='ocr_line' id='line_1_68' title="bbox 172 1589 2182 1643; baseline -0.002 -9"><span class='ocrx_word' id='word_1_458' title='bbox 172 1603 334 1634; x_wconf 81' lang='lat' dir='ltr'>scelerum</span> <span class='ocrx_word' id='word_1_459' title='bbox 368 1609 397 1632; x_wconf 90' lang='lat' dir='ltr'>et</span> <span class='ocrx_word' id='word_1_460' title='bbox 423 1601 631 1643; x_wconf 73' lang='lat' dir='ltr'>flagitiorum,</span> <span class='ocrx_word' id='word_1_461' title='bbox 664 1601 705 1631; x_wconf 87' lang='lat' dir='ltr'>ad</span> <span class='ocrx_word' id='word_1_462' title='bbox 729 1610 812 1641; x_wconf 83' lang='lat' dir='ltr'>quae</span> <span class='ocrx_word' id='word_1_463' title='bbox 834 1598 957 1641; x_wconf 84' lang='lat' dir='ltr'>impulit</span> <span class='ocrx_word' id='word_1_464' title='bbox 981 1597 1146 1630; x_wconf 87' lang='lat' dir='ltr'>Diabolus</span> <span class='ocrx_word' id='word_1_465' title='bbox 1169 1589 1173 1633; x_wconf 79' lang='lat' dir='ltr'>l</span> <span class='ocrx_word' id='word_1_466' title='bbox 1197 1598 1369 1631; x_wconf 87' lang='lat' dir='ltr'>lationem,</span> <span class='ocrx_word' id='word_1_467' title='bbox 1393 1597 1455 1627; x_wconf 78' lang='lat' dir='ltr'>nisi</span> <span class='ocrx_word' id='word_1_468' title='bbox 1478 1597 1592 1634; x_wconf 82' lang='lat' dir='ltr'>istam,</span> <span class='ocrx_word' id='word_1_469' title='bbox 1614 1598 1703 1638; x_wconf 86' lang='lat' dir='ltr'>quod</span> <span class='ocrx_word' id='word_1_470' title='bbox 1727 1597 1851 1629; x_wconf 89' lang='lat' dir='ltr'>seimus</span> <span class='ocrx_word' id='word_1_471' title='bbox 1874 1596 1981 1629; x_wconf 81' lang='lat' dir='ltr'>Deum</span> <span class='ocrx_word' id='word_1_472' title='bbox 2005 1599 2182 1640; x_wconf 77' lang='lat' dir='ltr'>agentibus</span> 
     </span>
    </p>
   </div>
   <div class='ocr_carea' id='block_1_7' title="bbox 171 1641 1145 1676">
    <p class='ocr_par' dir='ltr' id='par_1_10' title="bbox 171 1641 1145 1676">
     <span class='ocr_line' id='line_1_69' title="bbox 171 1641 1145 1676; baseline -0.004 0"><span class='ocrx_word' id='word_1_473' title='bbox 171 1645 322 1676; x_wconf 84' lang='lat' dir='ltr'>homines</span> <span class='ocrx_word' id='word_1_474' title='bbox 346 1645 377 1675; x_wconf 89' lang='lat' dir='ltr'>in</span> <span class='ocrx_word' id='word_1_475' title='bbox 396 1643 460 1675; x_wconf 83' lang='lat' dir='ltr'>hac</span> <span class='ocrx_word' id='word_1_476' title='bbox 483 1645 560 1674; x_wconf 87' lang='lat' dir='ltr'>vita.</span> <span class='ocrx_word' id='word_1_477' title='bbox 605 1643 681 1674; x_wconf 89' lang='lat' dir='ltr'>ldeo</span> <span class='ocrx_word' id='word_1_478' title='bbox 707 1641 906 1674; x_wconf 84' lang='lat' dir='ltr'>horribiliter</span> <span class='ocrx_word' id='word_1_479' title='bbox 940 1652 1028 1674; x_wconf 90' lang='lat' dir='ltr'>nunc</span> <span class='ocrx_word' id='word_1_480' title='bbox 1049 1641 1145 1673; x_wconf 86' lang='lat' dir='ltr'>fremi</span> 
     </span>
    </p>
   </div>
   <div class='ocr_carea' id='block_1_8' title="bbox 173 1693 1159 2584">
    <p class='ocr_par' dir='ltr' id='par_1_11' title="bbox 173 1693 411 1719">
     <span class='ocr_line' id='line_1_70' title="bbox 173 1693 411 1719; baseline -0.013 0"><span class='ocrx_word' id='word_1_481' title='bbox 173 1695 205 1719; x_wconf 92' lang='lat' dir='ltr'>et</span> <span class='ocrx_word' id='word_1_482' title='bbox 252 1693 411 1717; x_wconf 73' lang='lat' dir='ltr'>rassatur.</span> 
     </span>
    </p>

    <p class='ocr_par' dir='ltr' id='par_1_12' title="bbox 173 1699 1148 1943">
     <span class='ocr_line' id='line_1_71' title="bbox 228 1699 1147 1771; baseline -0.002 -11"><span class='ocrx_word' id='word_1_483' title='bbox 228 1699 356 1771; x_wconf 76' lang='lat' dir='ltr'>gidque</span> <span class='ocrx_word' id='word_1_484' title='bbox 379 1735 554 1770; x_wconf 85' lang='lat' dir='ltr'>propterea</span> <span class='ocrx_word' id='word_1_485' title='bbox 577 1728 785 1771; x_wconf 71' lang='lat' dir='ltr'>cogitandum</span> <span class='ocrx_word' id='word_1_486' title='bbox 808 1734 871 1766; x_wconf 82' lang='lat' dir='ltr'>est,</span> <span class='ocrx_word' id='word_1_487' title='bbox 894 1735 929 1759; x_wconf 91' lang='lat' dir='ltr'>ut</span> <span class='ocrx_word' id='word_1_488' title='bbox 952 1728 1055 1759; x_wconf 87' lang='lat' dir='ltr'>simus</span> <span class='ocrx_word' id='word_1_489' title='bbox 1078 1725 1147 1758; x_wconf 88' lang='lat' dir='ltr'>dili-</span> 
     </span>
     <span class='ocr_line' id='line_1_72' title="bbox 173 1771 1148 1816; baseline -0.003 -13"><span class='ocrx_word' id='word_1_490' title='bbox 173 1773 341 1816; x_wconf 78' lang='lat' dir='ltr'>gentiores</span> <span class='ocrx_word' id='word_1_491' title='bbox 364 1773 394 1803; x_wconf 93' lang='lat' dir='ltr'>in</span> <span class='ocrx_word' id='word_1_492' title='bbox 419 1773 623 1813; x_wconf 83' lang='lat' dir='ltr'>precatione,</span> <span class='ocrx_word' id='word_1_493' title='bbox 647 1772 730 1806; x_wconf 84' lang='lat' dir='ltr'>Quia</span> <span class='ocrx_word' id='word_1_494' title='bbox 743 1777 865 1813; x_wconf 80' lang='lat' dir='ltr'>quanto</span> <span class='ocrx_word' id='word_1_495' title='bbox 888 1771 992 1813; x_wconf 86' lang='lat' dir='ltr'>magis</span> <span class='ocrx_word' id='word_1_496' title='bbox 1017 1771 1148 1808; x_wconf 86' lang='lat' dir='ltr'>insanit,</span> 
     </span>
     <span class='ocr_line' id='line_1_73' title="bbox 173 1813 1148 1856; baseline -0.003 -9"><span class='ocrx_word' id='word_1_497' title='bbox 173 1824 202 1848; x_wconf 85' lang='lat' dir='ltr'>et</span> <span class='ocrx_word' id='word_1_498' title='bbox 234 1815 397 1846; x_wconf 81' lang='lat' dir='ltr'>rabiosius</span> <span class='ocrx_word' id='word_1_499' title='bbox 428 1822 601 1855; x_wconf 59' lang='lat' dir='ltr'>grass-atur</span> <span class='ocrx_word' id='word_1_500' title='bbox 636 1815 736 1846; x_wconf 84' lang='lat' dir='ltr'>Satan</span> <span class='ocrx_word' id='word_1_501' title='bbox 772 1816 803 1845; x_wconf 92' lang='lat' dir='ltr'>in</span> <span class='ocrx_word' id='word_1_502' title='bbox 839 1824 963 1856; x_wconf 81' lang='lat' dir='ltr'>genere</span> <span class='ocrx_word' id='word_1_503' title='bbox 993 1813 1148 1852; x_wconf 88' lang='lat' dir='ltr'>humano,</span> 
     </span>
     <span class='ocr_line' id='line_1_74' title="bbox 174 1856 1147 1900; baseline -0.002 -10"><span class='ocrx_word' id='word_1_504' title='bbox 174 1865 264 1890; x_wconf 83' lang='lat' dir='ltr'>tanto</span> <span class='ocrx_word' id='word_1_505' title='bbox 288 1859 392 1900; x_wconf 72' lang='lat' dir='ltr'>magis</span> <span class='ocrx_word' id='word_1_506' title='bbox 417 1867 511 1889; x_wconf 88' lang='lat' dir='ltr'>orare</span> <span class='ocrx_word' id='word_1_507' title='bbox 540 1858 696 1889; x_wconf 79' lang='lat' dir='ltr'>dehemus</span> <span class='ocrx_word' id='word_1_508' title='bbox 726 1856 824 1889; x_wconf 83' lang='lat' dir='ltr'>filium</span> <span class='ocrx_word' id='word_1_509' title='bbox 849 1857 929 1895; x_wconf 74' lang='lat' dir='ltr'>Dei,</span> <span class='ocrx_word' id='word_1_510' title='bbox 963 1864 995 1888; x_wconf 83' lang='lat' dir='ltr'>ut</span> <span class='ocrx_word' id='word_1_511' title='bbox 1022 1864 1147 1894; x_wconf 84' lang='lat' dir='ltr'>servet,</span> 
     </span>
     <span class='ocr_line' id='line_1_75' title="bbox 175 1899 572 1943; baseline -0.005 -11"><span class='ocrx_word' id='word_1_512' title='bbox 175 1908 280 1943; x_wconf 81' lang='lat' dir='ltr'>regat.</span> <span class='ocrx_word' id='word_1_513' title='bbox 306 1908 336 1930; x_wconf 77' lang='lat' dir='ltr'>ct</span> <span class='ocrx_word' id='word_1_514' title='bbox 360 1899 475 1931; x_wconf 80' lang='lat' dir='ltr'>liberet</span> <span class='ocrx_word' id='word_1_515' title='bbox 499 1910 572 1931; x_wconf 89' lang='lat' dir='ltr'>nos.</span> 
     </span>
    </p>

    <p class='ocr_par' dir='ltr' id='par_1_13' title="bbox 175 1941 1159 2584">
     <span class='ocr_line' id='line_1_76' title="bbox 261 1941 1148 1986; baseline 0.001 -14"><span class='ocrx_word' id='word_1_516' title='bbox 261 1942 369 1973; x_wconf 79' lang='lat' dir='ltr'>Valde</span> <span class='ocrx_word' id='word_1_517' title='bbox 393 1941 569 1973; x_wconf 75' lang='lat' dir='ltr'>dolendum</span> <span class='ocrx_word' id='word_1_518' title='bbox 594 1950 643 1974; x_wconf 78' lang='lat' dir='ltr'>est</span> <span class='ocrx_word' id='word_1_519' title='bbox 658 1943 730 1973; x_wconf 88' lang='lat' dir='ltr'>istis</span> <span class='ocrx_word' id='word_1_520' title='bbox 743 1943 1148 1986; x_wconf 80' lang='lat' dir='ltr'>postremistetnporibus,</span> 
     </span>
     <span class='ocr_line' id='line_1_77' title="bbox 175 1984 1149 2025; baseline 0 -8"><span class='ocrx_word' id='word_1_521' title='bbox 175 1994 240 2018; x_wconf 88' lang='lat' dir='ltr'>tam</span> <span class='ocrx_word' id='word_1_522' title='bbox 263 1984 437 2016; x_wconf 75' lang='lat' dir='ltr'>horribiles</span> <span class='ocrx_word' id='word_1_523' title='bbox 458 1985 663 2016; x_wconf 87' lang='lat' dir='ltr'>ldololatrias</span> <span class='ocrx_word' id='word_1_524' title='bbox 687 1996 762 2016; x_wconf 71' lang='lat' dir='ltr'>esse</span> <span class='ocrx_word' id='word_1_525' title='bbox 795 1987 826 2017; x_wconf 93' lang='lat' dir='ltr'>in</span> <span class='ocrx_word' id='word_1_526' title='bbox 850 1987 989 2025; x_wconf 82' lang='lat' dir='ltr'>inundo,</span> <span class='ocrx_word' id='word_1_527' title='bbox 1024 1994 1055 2017; x_wconf 89' lang='lat' dir='ltr'>et</span> <span class='ocrx_word' id='word_1_528' title='bbox 1085 1992 1149 2017; x_wconf 86' lang='lat' dir='ltr'>tam</span> 
     </span>
     <span class='ocr_line' id='line_1_78' title="bbox 175 2028 1150 2070; baseline -0.001 -10"><span class='ocrx_word' id='word_1_529' title='bbox 175 2028 240 2060; x_wconf 66' lang='lat' dir='ltr'>late</span> <span class='ocrx_word' id='word_1_530' title='bbox 275 2029 434 2070; x_wconf 71' lang='lat' dir='ltr'>grassari.</span> <span class='ocrx_word' id='word_1_531' title='bbox 490 2028 630 2059; x_wconf 72' lang='lat' dir='ltr'>Maxima</span> <span class='ocrx_word' id='word_1_532' title='bbox 664 2039 741 2070; x_wconf 82' lang='lat' dir='ltr'>pars</span> <span class='ocrx_word' id='word_1_533' title='bbox 778 2030 909 2070; x_wconf 72' lang='lat' dir='ltr'>generis</span> <span class='ocrx_word' id='word_1_534' title='bbox 934 2029 1065 2061; x_wconf 83' lang='lat' dir='ltr'>humani</span> <span class='ocrx_word' id='word_1_535' title='bbox 1100 2036 1150 2060; x_wconf 87' lang='lat' dir='ltr'>est</span> 
     </span>
     <span class='ocr_line' id='line_1_79' title="bbox 176 2070 1151 2114; baseline -0.001 -10"><span class='ocrx_word' id='word_1_536' title='bbox 176 2070 406 2104; x_wconf 70' lang='lat' dir='ltr'>mahometica.</span> <span class='ocrx_word' id='word_1_537' title='bbox 465 2070 554 2102; x_wconf 80' lang='lat' dir='ltr'>Multi</span> <span class='ocrx_word' id='word_1_538' title='bbox 578 2070 631 2102; x_wconf 86' lang='lat' dir='ltr'>alii</span> <span class='ocrx_word' id='word_1_539' title='bbox 655 2078 729 2103; x_wconf 70' lang='lat' dir='ltr'>sunt</span> <span class='ocrx_word' id='word_1_540' title='bbox 755 2073 858 2112; x_wconf 85' lang='lat' dir='ltr'>ignari</span> <span class='ocrx_word' id='word_1_541' title='bbox 893 2074 998 2103; x_wconf 80' lang='lat' dir='ltr'>omnis</span> <span class='ocrx_word' id='word_1_542' title='bbox 1022 2071 1151 2114; x_wconf 82' lang='lat' dir='ltr'>religio-</span> 
     </span>
     <span class='ocr_line' id='line_1_80' title="bbox 176 2112 1150 2156; baseline -0.002 -9"><span class='ocrx_word' id='word_1_543' title='bbox 176 2116 239 2151; x_wconf 78' lang='lat' dir='ltr'>nis,</span> <span class='ocrx_word' id='word_1_544' title='bbox 264 2125 370 2156; x_wconf 87' lang='lat' dir='ltr'>neque</span> <span class='ocrx_word' id='word_1_545' title='bbox 393 2112 478 2145; x_wconf 83' lang='lat' dir='ltr'>ullas</span> <span class='ocrx_word' id='word_1_546' title='bbox 503 2124 556 2144; x_wconf 85' lang='lat' dir='ltr'>res</span> <span class='ocrx_word' id='word_1_547' title='bbox 568 2113 728 2145; x_wconf 72' lang='lat' dir='ltr'>honestas</span> <span class='ocrx_word' id='word_1_548' title='bbox 752 2121 878 2152; x_wconf 77' lang='lat' dir='ltr'>curant,</span> <span class='ocrx_word' id='word_1_549' title='bbox 899 2116 957 2145; x_wconf 74' lang='lat' dir='ltr'>sed</span> <span class='ocrx_word' id='word_1_550' title='bbox 982 2117 1094 2147; x_wconf 72' lang='lat' dir='ltr'>vivunt</span> <span class='ocrx_word' id='word_1_551' title='bbox 1117 2122 1150 2146; x_wconf 88' lang='lat' dir='ltr'>ut</span> 
     </span>
     <span class='ocr_line' id='line_1_81' title="bbox 176 2155 1153 2199; baseline 0.001 -11"><span class='ocrx_word' id='word_1_552' title='bbox 176 2158 317 2194; x_wconf 65' lang='lat' dir='ltr'>bestiae,</span> <span class='ocrx_word' id='word_1_553' title='bbox 343 2165 373 2189; x_wconf 84' lang='lat' dir='ltr'>ut</span> <span class='ocrx_word' id='word_1_554' title='bbox 399 2158 430 2187; x_wconf 90' lang='lat' dir='ltr'>in</span> <span class='ocrx_word' id='word_1_555' title='bbox 458 2157 569 2188; x_wconf 77' lang='lat' dir='ltr'>Africa</span> <span class='ocrx_word' id='word_1_556' title='bbox 593 2164 624 2187; x_wconf 85' lang='lat' dir='ltr'>ct</span> <span class='ocrx_word' id='word_1_557' title='bbox 647 2156 720 2187; x_wconf 78' lang='lat' dir='ltr'>aliis</span> <span class='ocrx_word' id='word_1_558' title='bbox 745 2155 837 2187; x_wconf 70' lang='lat' dir='ltr'>locis.</span> <span class='ocrx_word' id='word_1_559' title='bbox 874 2157 907 2188; x_wconf 90' lang='lat' dir='ltr'>ln</span> <span class='ocrx_word' id='word_1_560' title='bbox 932 2158 1063 2199; x_wconf 82' lang='lat' dir='ltr'>Europa</span> <span class='ocrx_word' id='word_1_561' title='bbox 1086 2159 1153 2189; x_wconf 84' lang='lat' dir='ltr'>exi·</span> 
     </span>
     <span class='ocr_line' id='line_1_82' title="bbox 177 2199 1154 2242; baseline 0.002 -11"><span class='ocrx_word' id='word_1_562' title='bbox 177 2211 242 2241; x_wconf 79' lang='lat' dir='ltr'>gna</span> <span class='ocrx_word' id='word_1_563' title='bbox 266 2209 343 2242; x_wconf 82' lang='lat' dir='ltr'>pars</span> <span class='ocrx_word' id='word_1_564' title='bbox 366 2207 429 2238; x_wconf 66' lang='lat' dir='ltr'>cst,</span> <span class='ocrx_word' id='word_1_565' title='bbox 452 2210 538 2242; x_wconf 82' lang='lat' dir='ltr'>quae</span> <span class='ocrx_word' id='word_1_566' title='bbox 557 2199 654 2231; x_wconf 80' lang='lat' dir='ltr'>habet</span> <span class='ocrx_word' id='word_1_567' title='bbox 668 2210 786 2231; x_wconf 86' lang='lat' dir='ltr'>nomen</span> <span class='ocrx_word' id='word_1_568' title='bbox 810 2200 984 2232; x_wconf 62' lang='lat' dir='ltr'>Ecclesiae</span> <span class='ocrx_word' id='word_1_569' title='bbox 997 2202 1154 2233; x_wconf 79' lang='lat' dir='ltr'>Christia-</span> 
     </span>
     <span class='ocr_line' id='line_1_83' title="bbox 177 2242 1153 2285; baseline 0.003 -12"><span class='ocrx_word' id='word_1_570' title='bbox 177 2253 250 2273; x_wconf 84' lang='lat' dir='ltr'>nae.</span> <span class='ocrx_word' id='word_1_571' title='bbox 298 2242 334 2272; x_wconf 71' lang='lat' dir='ltr'>Et</span> <span class='ocrx_word' id='word_1_572' title='bbox 361 2249 466 2273; x_wconf 74' lang='lat' dir='ltr'>tanuen</span> <span class='ocrx_word' id='word_1_573' title='bbox 491 2244 574 2274; x_wconf 86' lang='lat' dir='ltr'>inter</span> <span class='ocrx_word' id='word_1_574' title='bbox 597 2242 660 2274; x_wconf 80' lang='lat' dir='ltr'>hos</span> <span class='ocrx_word' id='word_1_575' title='bbox 683 2244 793 2284; x_wconf 73' lang='lat' dir='ltr'>ipsos,</span> <span class='ocrx_word' id='word_1_576' title='bbox 818 2244 871 2285; x_wconf 72' lang='lat' dir='ltr'>qui</span> <span class='ocrx_word' id='word_1_577' title='bbox 896 2244 1073 2276; x_wconf 63' lang='lat' dir='ltr'>Christiani</span> <span class='ocrx_word' id='word_1_578' title='bbox 1097 2256 1153 2276; x_wconf 89' lang='lat' dir='ltr'>vo-</span> 
     </span>
     <span class='ocr_line' id='line_1_84' title="bbox 178 2286 1154 2326; baseline 0.003 -10"><span class='ocrx_word' id='word_1_579' title='bbox 178 2292 304 2322; x_wconf 76' lang='lat' dir='ltr'>cantur,</span> <span class='ocrx_word' id='word_1_580' title='bbox 328 2287 422 2326; x_wconf 73' lang='lat' dir='ltr'>pauci</span> <span class='ocrx_word' id='word_1_581' title='bbox 449 2286 570 2317; x_wconf 85' lang='lat' dir='ltr'>habent</span> <span class='ocrx_word' id='word_1_582' title='bbox 593 2296 702 2317; x_wconf 79' lang='lat' dir='ltr'>veram</span> <span class='ocrx_word' id='word_1_583' title='bbox 717 2287 910 2317; x_wconf 83' lang='lat' dir='ltr'>doctrinam.</span> <span class='ocrx_word' id='word_1_584' title='bbox 944 2287 1075 2319; x_wconf 82' lang='lat' dir='ltr'>Plurimi</span> <span class='ocrx_word' id='word_1_585' title='bbox 1099 2288 1154 2319; x_wconf 89' lang='lat' dir='ltr'>de·</span> 
     </span>
     <span class='ocr_line' id='line_1_85' title="bbox 179 2327 1155 2372; baseline 0.003 -13"><span class='ocrx_word' id='word_1_586' title='bbox 179 2327 316 2360; x_wconf 77' lang='lat' dir='ltr'>sendum</span> <span class='ocrx_word' id='word_1_587' title='bbox 339 2328 511 2360; x_wconf 67' lang='lat' dir='ltr'>manifesta</span> <span class='ocrx_word' id='word_1_588' title='bbox 534 2327 632 2366; x_wconf 86' lang='lat' dir='ltr'>idola,</span> <span class='ocrx_word' id='word_1_589' title='bbox 656 2328 771 2370; x_wconf 78' lang='lat' dir='ltr'>quales</span> <span class='ocrx_word' id='word_1_590' title='bbox 795 2336 868 2360; x_wconf 69' lang='lat' dir='ltr'>sunt</span> <span class='ocrx_word' id='word_1_591' title='bbox 883 2330 1052 2370; x_wconf 69' lang='lat' dir='ltr'>pontificii,</span> <span class='ocrx_word' id='word_1_592' title='bbox 1075 2341 1155 2372; x_wconf 86' lang='lat' dir='ltr'>quo-</span> 
     </span>
     <span class='ocr_line' id='line_1_86' title="bbox 179 2372 1156 2413; baseline 0.002 -10"><span class='ocrx_word' id='word_1_593' title='bbox 179 2382 248 2403; x_wconf 83' lang='lat' dir='ltr'>rnm</span> <span class='ocrx_word' id='word_1_594' title='bbox 284 2372 421 2402; x_wconf 73' lang='lat' dir='ltr'>inaxinia</span> <span class='ocrx_word' id='word_1_595' title='bbox 454 2383 532 2412; x_wconf 81' lang='lat' dir='ltr'>pars</span> <span class='ocrx_word' id='word_1_596' title='bbox 566 2379 617 2403; x_wconf 78' lang='lat' dir='ltr'>est</span> <span class='ocrx_word' id='word_1_597' title='bbox 653 2372 837 2413; x_wconf 61' lang='lat' dir='ltr'>Epicuraea</span> <span class='ocrx_word' id='word_1_598' title='bbox 871 2380 903 2403; x_wconf 87' lang='lat' dir='ltr'>et</span> <span class='ocrx_word' id='word_1_599' title='bbox 937 2373 1156 2410; x_wconf 65' lang='lat' dir='ltr'>idololatr-ica,</span> 
     </span>
     <span class='ocr_line' id='line_1_87' title="bbox 179 2414 1156 2456; baseline 0.002 -10"><span class='ocrx_word' id='word_1_600' title='bbox 179 2414 344 2446; x_wconf 66' lang='lat' dir='ltr'>mordicus</span> <span class='ocrx_word' id='word_1_601' title='bbox 365 2415 508 2445; x_wconf 81' lang='lat' dir='ltr'>retinens</span> <span class='ocrx_word' id='word_1_602' title='bbox 522 2415 763 2446; x_wconf 85' lang='lat' dir='ltr'>invocationem</span> <span class='ocrx_word' id='word_1_603' title='bbox 788 2422 1001 2456; x_wconf 83' lang='lat' dir='ltr'>mortuorunt,</span> <span class='ocrx_word' id='word_1_604' title='bbox 1024 2424 1056 2448; x_wconf 89' lang='lat' dir='ltr'>et</span> <span class='ocrx_word' id='word_1_605' title='bbox 1079 2418 1156 2448; x_wconf 78' lang='lat' dir='ltr'>abo-</span> 
     </span>
     <span class='ocr_line' id='line_1_88' title="bbox 178 2457 1158 2501; baseline 0.001 -13"><span class='ocrx_word' id='word_1_606' title='bbox 178 2457 373 2489; x_wconf 82' lang='lat' dir='ltr'>minationes</span> <span class='ocrx_word' id='word_1_607' title='bbox 396 2458 578 2489; x_wconf 67' lang='lat' dir='ltr'>missarum.</span> <span class='ocrx_word' id='word_1_608' title='bbox 623 2457 779 2500; x_wconf 81' lang='lat' dir='ltr'>Denique</span> <span class='ocrx_word' id='word_1_609' title='bbox 806 2459 890 2489; x_wconf 77' lang='lat' dir='ltr'>inter</span> <span class='ocrx_word' id='word_1_610' title='bbox 923 2469 982 2489; x_wconf 75' lang='lat' dir='ltr'>eos</span> <span class='ocrx_word' id='word_1_611' title='bbox 1015 2470 1158 2501; x_wconf 80' lang='lat' dir='ltr'>quoque,</span> 
     </span>
     <span class='ocr_line' id='line_1_89' title="bbox 179 2499 1159 2544; baseline 0.004 -14"><span class='ocrx_word' id='word_1_612' title='bbox 179 2501 235 2541; x_wconf 78' lang='lat' dir='ltr'>qui</span> <span class='ocrx_word' id='word_1_613' title='bbox 259 2500 378 2531; x_wconf 86' lang='lat' dir='ltr'>habent</span> <span class='ocrx_word' id='word_1_614' title='bbox 406 2499 511 2531; x_wconf 84' lang='lat' dir='ltr'>lucem</span> <span class='ocrx_word' id='word_1_615' title='bbox 541 2501 712 2532; x_wconf 83' lang='lat' dir='ltr'>doctrinae</span> <span class='ocrx_word' id='word_1_616' title='bbox 737 2499 930 2544; x_wconf 78' lang='lat' dir='ltr'>Evangelii,</span> <span class='ocrx_word' id='word_1_617' title='bbox 957 2509 1033 2533; x_wconf 85' lang='lat' dir='ltr'>sunt</span> <span class='ocrx_word' id='word_1_618' title='bbox 1061 2502 1159 2534; x_wconf 75' lang='lat' dir='ltr'>valde</span> 
     </span>
     <span class='ocr_line' id='line_1_90' title="bbox 181 2543 757 2584; baseline 0.005 -11"><span class='ocrx_word' id='word_1_619' title='bbox 181 2543 295 2584; x_wconf 79' lang='lat' dir='ltr'>pauci,</span> <span class='ocrx_word' id='word_1_620' title='bbox 316 2550 406 2575; x_wconf 82' lang='lat' dir='ltr'>recte</span> <span class='ocrx_word' id='word_1_621' title='bbox 424 2545 618 2575; x_wconf 68' lang='lat' dir='ltr'>invocantes</span> <span class='ocrx_word' id='word_1_622' title='bbox 641 2543 757 2576; x_wconf 78' lang='lat' dir='ltr'>Deum.</span> 
     </span>
    </p>
   </div>
   <div class='ocr_carea' id='block_1_9' title="bbox 1196 1640 2190 2588">
    <p class='ocr_par' dir='ltr' id='par_1_14' title="bbox 1196 1640 2190 2588">
     <span class='ocr_line' id='line_1_91' title="bbox 1196 1640 2182 1684; baseline 0 -12"><span class='ocrx_word' id='word_1_623' title='bbox 1196 1641 1429 1684; x_wconf 87' lang='lat' dir='ltr'>poenitentiam</span> <span class='ocrx_word' id='word_1_624' title='bbox 1452 1646 1484 1671; x_wconf 88' lang='lat' dir='ltr'>et</span> <span class='ocrx_word' id='word_1_625' title='bbox 1508 1640 1738 1671; x_wconf 75' lang='lat' dir='ltr'>invocantibus</span> <span class='ocrx_word' id='word_1_626' title='bbox 1757 1651 1830 1671; x_wconf 85' lang='lat' dir='ltr'>eum</span> <span class='ocrx_word' id='word_1_627' title='bbox 1854 1642 2021 1672; x_wconf 88' lang='lat' dir='ltr'>remittere</span> <span class='ocrx_word' id='word_1_628' title='bbox 2044 1647 2182 1683; x_wconf 79' lang='lat' dir='ltr'>peccata</span> 
     </span>
     <span class='ocr_line' id='line_1_92' title="bbox 1199 1681 2182 1727; baseline -0.001 -11"><span class='ocrx_word' id='word_1_629' title='bbox 1199 1685 1348 1727; x_wconf 85' lang='lat' dir='ltr'>mitigare</span> <span class='ocrx_word' id='word_1_630' title='bbox 1370 1681 1468 1721; x_wconf 81' lang='lat' dir='ltr'>mala,</span> <span class='ocrx_word' id='word_1_631' title='bbox 1491 1689 1523 1714; x_wconf 88' lang='lat' dir='ltr'>et</span> <span class='ocrx_word' id='word_1_632' title='bbox 1547 1692 1684 1714; x_wconf 85' lang='lat' dir='ltr'>servare</span> <span class='ocrx_word' id='word_1_633' title='bbox 1702 1693 1784 1715; x_wconf 88' lang='lat' dir='ltr'>suos</span> <span class='ocrx_word' id='word_1_634' title='bbox 1796 1685 1881 1715; x_wconf 90' lang='lat' dir='ltr'>inter</span> <span class='ocrx_word' id='word_1_635' title='bbox 1904 1685 2015 1715; x_wconf 83' lang='lat' dir='ltr'>ruinas</span> <span class='ocrx_word' id='word_1_636' title='bbox 2029 1683 2182 1726; x_wconf 89' lang='lat' dir='ltr'>lmperio-</span> 
     </span>
     <span class='ocr_line' id='line_1_93' title="bbox 1199 1724 2182 1768; baseline 0 -9"><span class='ocrx_word' id='word_1_637' title='bbox 1199 1739 1288 1767; x_wconf 90' lang='lat' dir='ltr'>rum,</span> <span class='ocrx_word' id='word_1_638' title='bbox 1316 1732 1347 1758; x_wconf 86' lang='lat' dir='ltr'>et</span> <span class='ocrx_word' id='word_1_639' title='bbox 1372 1727 1460 1757; x_wconf 89' lang='lat' dir='ltr'>inter</span> <span class='ocrx_word' id='word_1_640' title='bbox 1489 1724 1690 1766; x_wconf 88' lang='lat' dir='ltr'>multiplices</span> <span class='ocrx_word' id='word_1_641' title='bbox 1725 1726 1847 1759; x_wconf 79' lang='lat' dir='ltr'>flnctus</span> <span class='ocrx_word' id='word_1_642' title='bbox 1881 1737 1922 1758; x_wconf 85' lang='lat' dir='ltr'>ac</span> <span class='ocrx_word' id='word_1_643' title='bbox 1954 1732 2182 1768; x_wconf 83' lang='lat' dir='ltr'>tempestates.</span> 
     </span>
     <span class='ocr_line' id='line_1_94' title="bbox 1201 1767 2183 1813; baseline 0 -13"><span class='ocrx_word' id='word_1_644' title='bbox 1201 1770 1300 1813; x_wconf 87' lang='lat' dir='ltr'>idque</span> <span class='ocrx_word' id='word_1_645' title='bbox 1324 1769 1394 1801; x_wconf 81' lang='lat' dir='ltr'>lieri</span> <span class='ocrx_word' id='word_1_646' title='bbox 1419 1767 1624 1803; x_wconf 76' lang='lat' dir='ltr'>mirabiliter,</span> <span class='ocrx_word' id='word_1_647' title='bbox 1653 1768 1737 1804; x_wconf 87' lang='lat' dir='ltr'>Quia</span> <span class='ocrx_word' id='word_1_648' title='bbox 1760 1780 1857 1800; x_wconf 79' lang='lat' dir='ltr'>nemo</span> <span class='ocrx_word' id='word_1_649' title='bbox 1881 1776 1972 1801; x_wconf 83' lang='lat' dir='ltr'>certe</span> <span class='ocrx_word' id='word_1_650' title='bbox 1995 1771 2106 1802; x_wconf 84' lang='lat' dir='ltr'>dicere</span> <span class='ocrx_word' id='word_1_651' title='bbox 2126 1779 2183 1812; x_wconf 88' lang='lat' dir='ltr'>po-</span> 
     </span>
     <span class='ocr_line' id='line_1_95' title="bbox 1202 1811 2183 1855; baseline -0.002 -9"><span class='ocrx_word' id='word_1_652' title='bbox 1202 1820 1286 1851; x_wconf 90' lang='lat' dir='ltr'>test,</span> <span class='ocrx_word' id='word_1_653' title='bbox 1314 1813 1480 1855; x_wconf 88' lang='lat' dir='ltr'>quomodo</span> <span class='ocrx_word' id='word_1_654' title='bbox 1505 1811 1579 1849; x_wconf 86' lang='lat' dir='ltr'>fiat,</span> <span class='ocrx_word' id='word_1_655' title='bbox 1612 1812 1674 1843; x_wconf 83' lang='lat' dir='ltr'>nisi</span> <span class='ocrx_word' id='word_1_656' title='bbox 1698 1813 1787 1854; x_wconf 88' lang='lat' dir='ltr'>quod</span> <span class='ocrx_word' id='word_1_657' title='bbox 1811 1812 1979 1850; x_wconf 80' lang='lat' dir='ltr'>videmus,</span> <span class='ocrx_word' id='word_1_658' title='bbox 2013 1823 2078 1844; x_wconf 93' lang='lat' dir='ltr'>non</span> <span class='ocrx_word' id='word_1_659' title='bbox 2113 1813 2183 1844; x_wconf 84' lang='lat' dir='ltr'>fieri</span> 
     </span>
     <span class='ocr_line' id='line_1_96' title="bbox 1201 1854 2183 1897; baseline -0.003 -8"><span class='ocrx_word' id='word_1_660' title='bbox 1201 1858 1284 1895; x_wconf 86' lang='lat' dir='ltr'>ista,</span> <span class='ocrx_word' id='word_1_661' title='bbox 1308 1866 1371 1888; x_wconf 87' lang='lat' dir='ltr'>nec</span> <span class='ocrx_word' id='word_1_662' title='bbox 1393 1856 1570 1897; x_wconf 86' lang='lat' dir='ltr'>gubernari</span> <span class='ocrx_word' id='word_1_663' title='bbox 1594 1854 1734 1886; x_wconf 83' lang='lat' dir='ltr'>consilio</span> <span class='ocrx_word' id='word_1_664' title='bbox 1759 1862 1814 1886; x_wconf 86' lang='lat' dir='ltr'>aut</span> <span class='ocrx_word' id='word_1_665' title='bbox 1846 1856 2008 1897; x_wconf 83' lang='lat' dir='ltr'>sapientia</span> <span class='ocrx_word' id='word_1_666' title='bbox 2031 1856 2183 1888; x_wconf 72' lang='lat' dir='ltr'>humana.</span> 
     </span>
     <span class='ocr_line' id='line_1_97' title="bbox 1288 1896 2184 1936; baseline -0.001 -6"><span class='ocrx_word' id='word_1_667' title='bbox 1288 1899 1439 1930; x_wconf 83' lang='lat' dir='ltr'>Necesse</span> <span class='ocrx_word' id='word_1_668' title='bbox 1466 1905 1517 1930; x_wconf 91' lang='lat' dir='ltr'>est</span> <span class='ocrx_word' id='word_1_669' title='bbox 1539 1907 1602 1929; x_wconf 87' lang='lat' dir='ltr'>nos</span> <span class='ocrx_word' id='word_1_670' title='bbox 1626 1896 1740 1936; x_wconf 74' lang='lat' dir='ltr'>fateri,</span> <span class='ocrx_word' id='word_1_671' title='bbox 1775 1898 1880 1930; x_wconf 87' lang='lat' dir='ltr'>Deum</span> <span class='ocrx_word' id='word_1_672' title='bbox 1904 1897 2096 1931; x_wconf 87' lang='lat' dir='ltr'>mirabiliter</span> <span class='ocrx_word' id='word_1_673' title='bbox 2116 1908 2184 1931; x_wconf 82' lang='lat' dir='ltr'>ser·</span> 
     </span>
     <span class='ocr_line' id='line_1_98' title="bbox 1202 1940 2186 1984; baseline -0.002 -9"><span class='ocrx_word' id='word_1_674' title='bbox 1202 1953 1282 1975; x_wconf 86' lang='lat' dir='ltr'>vare</span> <span class='ocrx_word' id='word_1_675' title='bbox 1306 1951 1412 1984; x_wconf 84' lang='lat' dir='ltr'>genus</span> <span class='ocrx_word' id='word_1_676' title='bbox 1435 1941 1611 1972; x_wconf 82' lang='lat' dir='ltr'>humanum</span> <span class='ocrx_word' id='word_1_677' title='bbox 1635 1947 1667 1972; x_wconf 88' lang='lat' dir='ltr'>et</span> <span class='ocrx_word' id='word_1_678' title='bbox 1691 1940 1887 1973; x_wconf 82' lang='lat' dir='ltr'>Ecclesiam.</span> <span class='ocrx_word' id='word_1_679' title='bbox 1917 1941 1963 1973; x_wconf 84' lang='lat' dir='ltr'>lta</span> <span class='ocrx_word' id='word_1_680' title='bbox 1986 1942 2094 1973; x_wconf 76' lang='lat' dir='ltr'>Adam</span> <span class='ocrx_word' id='word_1_681' title='bbox 2112 1943 2186 1984; x_wconf 75' lang='lat' dir='ltr'>ipse</span> 
     </span>
     <span class='ocr_line' id='line_1_99' title="bbox 1204 1984 2185 2027; baseline -0.001 -9"><span class='ocrx_word' id='word_1_682' title='bbox 1204 1993 1358 2018; x_wconf 86' lang='lat' dir='ltr'>servatus</span> <span class='ocrx_word' id='word_1_683' title='bbox 1386 1991 1437 2016; x_wconf 83' lang='lat' dir='ltr'>est</span> <span class='ocrx_word' id='word_1_684' title='bbox 1459 1985 1564 2027; x_wconf 89' lang='lat' dir='ltr'>primo</span> <span class='ocrx_word' id='word_1_685' title='bbox 1594 1991 1759 2026; x_wconf 81' lang='lat' dir='ltr'>tempore,</span> <span class='ocrx_word' id='word_1_686' title='bbox 1790 1985 1877 2016; x_wconf 83' lang='lat' dir='ltr'>inter</span> <span class='ocrx_word' id='word_1_687' title='bbox 1909 1984 2087 2017; x_wconf 87' lang='lat' dir='ltr'>horribiles</span> <span class='ocrx_word' id='word_1_688' title='bbox 2111 1985 2185 2017; x_wconf 83' lang='lat' dir='ltr'>insi·</span> 
     </span>
     <span class='ocr_line' id='line_1_100' title="bbox 1203 2025 2185 2061; baseline 0 -1"><span class='ocrx_word' id='word_1_689' title='bbox 1203 2031 1276 2061; x_wconf 82' lang='lat' dir='ltr'>dias</span> <span class='ocrx_word' id='word_1_690' title='bbox 1298 2027 1432 2059; x_wconf 83' lang='lat' dir='ltr'>Diaboli</span> <span class='ocrx_word' id='word_1_691' title='bbox 1457 2025 1660 2059; x_wconf 79' lang='lat' dir='ltr'>mirabilibus</span> <span class='ocrx_word' id='word_1_692' title='bbox 1684 2028 1800 2059; x_wconf 87' lang='lat' dir='ltr'>modis.</span> <span class='ocrx_word' id='word_1_693' title='bbox 1832 2028 1963 2059; x_wconf 82' lang='lat' dir='ltr'>Servati</span> <span class='ocrx_word' id='word_1_694' title='bbox 1983 2035 2059 2059; x_wconf 85' lang='lat' dir='ltr'>sunt</span> <span class='ocrx_word' id='word_1_695' title='bbox 2083 2027 2185 2060; x_wconf 70' lang='lat' dir='ltr'>lsrae-</span> 
     </span>
     <span class='ocr_line' id='line_1_101' title="bbox 1203 2069 2186 2109; baseline -0.004 -5"><span class='ocrx_word' id='word_1_696' title='bbox 1203 2072 1281 2104; x_wconf 84' lang='lat' dir='ltr'>litae</span> <span class='ocrx_word' id='word_1_697' title='bbox 1304 2078 1433 2102; x_wconf 86' lang='lat' dir='ltr'>stantes</span> <span class='ocrx_word' id='word_1_698' title='bbox 1453 2072 1494 2102; x_wconf 82' lang='lat' dir='ltr'>ad</span> <span class='ocrx_word' id='word_1_699' title='bbox 1517 2080 1608 2102; x_wconf 81' lang='lat' dir='ltr'>mare</span> <span class='ocrx_word' id='word_1_700' title='bbox 1639 2071 1786 2109; x_wconf 79' lang='lat' dir='ltr'>rubrum,</span> <span class='ocrx_word' id='word_1_701' title='bbox 1808 2070 1930 2102; x_wconf 81' lang='lat' dir='ltr'>Daniel</span> <span class='ocrx_word' id='word_1_702' title='bbox 1953 2072 2038 2102; x_wconf 86' lang='lat' dir='ltr'>inter</span> <span class='ocrx_word' id='word_1_703' title='bbox 2060 2069 2186 2108; x_wconf 84' lang='lat' dir='ltr'>leones,</span> 
     </span>
     <span class='ocr_line' id='line_1_102' title="bbox 1205 2114 2187 2156; baseline -0.002 -9"><span class='ocrx_word' id='word_1_704' title='bbox 1205 2115 1356 2156; x_wconf 81' lang='lat' dir='ltr'>Denique</span> <span class='ocrx_word' id='word_1_705' title='bbox 1370 2114 1522 2145; x_wconf 61' lang='lat' dir='ltr'>Ecclesia</span> <span class='ocrx_word' id='word_1_706' title='bbox 1545 2114 1687 2145; x_wconf 87' lang='lat' dir='ltr'>omnium</span> <span class='ocrx_word' id='word_1_707' title='bbox 1713 2120 1894 2156; x_wconf 83' lang='lat' dir='ltr'>temporum</span> <span class='ocrx_word' id='word_1_708' title='bbox 1906 2121 2039 2146; x_wconf 72' lang='lat' dir='ltr'>servata</span> <span class='ocrx_word' id='word_1_709' title='bbox 2061 2120 2112 2145; x_wconf 84' lang='lat' dir='ltr'>est</span> <span class='ocrx_word' id='word_1_710' title='bbox 2130 2115 2187 2145; x_wconf 86' lang='lat' dir='ltr'>mi·</span> 
     </span>
     <span class='ocr_line' id='line_1_103' title="bbox 1206 2156 2187 2231; baseline -0.002 -41"><span class='ocrx_word' id='word_1_711' title='bbox 1206 2158 1361 2190; x_wconf 73' lang='lat' dir='ltr'>rabiliter,</span> <span class='ocrx_word' id='word_1_712' title='bbox 1410 2159 1457 2188; x_wconf 85' lang='lat' dir='ltr'>Ita</span> <span class='ocrx_word' id='word_1_713' title='bbox 1482 2167 1655 2231; x_wconf 66' lang='lat' dir='ltr'>speremus</span> <span class='ocrx_word' id='word_1_714' title='bbox 1680 2156 1784 2188; x_wconf 89' lang='lat' dir='ltr'>Deum</span> <span class='ocrx_word' id='word_1_715' title='bbox 1821 2168 1883 2188; x_wconf 72' lang='lat' dir='ltr'>nos</span> <span class='ocrx_word' id='word_1_716' title='bbox 1917 2158 2015 2189; x_wconf 86' lang='lat' dir='ltr'>etiam</span> <span class='ocrx_word' id='word_1_717' title='bbox 2038 2163 2187 2189; x_wconf 75' lang='lat' dir='ltr'>servatu-</span> 
     </span>
     <span class='ocr_line' id='line_1_104' title="bbox 1207 2198 2186 2238; baseline -0.002 -5"><span class='ocrx_word' id='word_1_718' title='bbox 1207 2212 1276 2233; x_wconf 89' lang='lat' dir='ltr'>rum</span> <span class='ocrx_word' id='word_1_719' title='bbox 1301 2210 1378 2232; x_wconf 82' lang='lat' dir='ltr'>esse</span> <span class='ocrx_word' id='word_1_720' title='bbox 1400 2201 1484 2231; x_wconf 89' lang='lat' dir='ltr'>iuter</span> <span class='ocrx_word' id='word_1_721' title='bbox 1525 2200 1686 2231; x_wconf 76' lang='lat' dir='ltr'>ori-endas</span> <span class='ocrx_word' id='word_1_722' title='bbox 1710 2201 1846 2231; x_wconf 78' lang='lat' dir='ltr'>insidias</span> <span class='ocrx_word' id='word_1_723' title='bbox 1860 2199 2006 2238; x_wconf 73' lang='lat' dir='ltr'>Diaboli,</span> <span class='ocrx_word' id='word_1_724' title='bbox 2028 2201 2116 2232; x_wconf 85' lang='lat' dir='ltr'>inter</span> <span class='ocrx_word' id='word_1_725' title='bbox 2138 2198 2186 2231; x_wconf 81' lang='lat' dir='ltr'>fu-</span> 
     </span>
     <span class='ocr_line' id='line_1_105' title="bbox 1206 2243 2188 2281; baseline -0.001 -5"><span class='ocrx_word' id='word_1_726' title='bbox 1206 2254 1301 2277; x_wconf 83' lang='lat' dir='ltr'>rores</span> <span class='ocrx_word' id='word_1_727' title='bbox 1325 2244 1543 2281; x_wconf 76' lang='lat' dir='ltr'>mttnd?,inter</span> <span class='ocrx_word' id='word_1_728' title='bbox 1556 2243 1668 2274; x_wconf 84' lang='lat' dir='ltr'>ruinas</span> <span class='ocrx_word' id='word_1_729' title='bbox 1682 2253 1698 2273; x_wconf 90' lang='lat' dir='ltr'>r</span> <span class='ocrx_word' id='word_1_730' title='bbox 1744 2253 1870 2277; x_wconf 80' lang='lat' dir='ltr'>norum,</span> <span class='ocrx_word' id='word_1_731' title='bbox 1893 2250 1924 2274; x_wconf 82' lang='lat' dir='ltr'>ct</span> <span class='ocrx_word' id='word_1_732' title='bbox 1949 2244 2033 2275; x_wconf 89' lang='lat' dir='ltr'>inter</span> <span class='ocrx_word' id='word_1_733' title='bbox 2053 2248 2188 2275; x_wconf 62' lang='lat' dir='ltr'>metm</span> 
     </span>
     <span class='ocr_line' id='line_1_106' title="bbox 1207 2286 2187 2329; baseline -0.002 -10"><span class='ocrx_word' id='word_1_734' title='bbox 1207 2286 1292 2319; x_wconf 82' lang='lat' dir='ltr'>mala</span> <span class='ocrx_word' id='word_1_735' title='bbox 1317 2287 1473 2329; x_wconf 66' lang='lat' dir='ltr'>postremi</span> <span class='ocrx_word' id='word_1_736' title='bbox 1492 2287 1662 2327; x_wconf 82' lang='lat' dir='ltr'>temporis,</span> <span class='ocrx_word' id='word_1_737' title='bbox 1681 2294 1710 2317; x_wconf 90' lang='lat' dir='ltr'>et</span> <span class='ocrx_word' id='word_1_738' title='bbox 1749 2297 1788 2318; x_wconf 76' lang='lat' dir='ltr'>ac</span> <span class='ocrx_word' id='word_1_739' title='bbox 1800 2297 1860 2328; x_wconf 85' lang='lat' dir='ltr'>spe</span> <span class='ocrx_word' id='word_1_740' title='bbox 1875 2287 2031 2318; x_wconf 78' lang='lat' dir='ltr'>ardenter</span> <span class='ocrx_word' id='word_1_741' title='bbox 2042 2295 2187 2324; x_wconf 80' lang='lat' dir='ltr'>oremus,</span> 
     </span>
     <span class='ocr_line' id='line_1_107' title="bbox 1208 2330 2154 2372; baseline -0.003 -9"><span class='ocrx_word' id='word_1_742' title='bbox 1208 2338 1240 2363; x_wconf 91' lang='lat' dir='ltr'>et</span> <span class='ocrx_word' id='word_1_743' title='bbox 1261 2337 1298 2363; x_wconf 82' lang='lat' dir='ltr'>ut</span> <span class='ocrx_word' id='word_1_744' title='bbox 1320 2331 1487 2371; x_wconf 87' lang='lat' dir='ltr'>possimus</span> <span class='ocrx_word' id='word_1_745' title='bbox 1509 2339 1617 2365; x_wconf 83' lang='lat' dir='ltr'>orare,</span> <span class='ocrx_word' id='word_1_746' title='bbox 1639 2331 1728 2361; x_wconf 88' lang='lat' dir='ltr'>serio</span> <span class='ocrx_word' id='word_1_747' title='bbox 1750 2339 1889 2372; x_wconf 77' lang='lat' dir='ltr'>agamus</span> <span class='ocrx_word' id='word_1_748' title='bbox 1911 2330 2154 2371; x_wconf 77' lang='lat' dir='ltr'>poenitentiam.</span> 
     </span>
     <span class='ocr_line' id='line_1_108' title="bbox 1297 2372 2187 2414; baseline -0.002 -9"><span class='ocrx_word' id='word_1_749' title='bbox 1297 2373 1367 2405; x_wconf 80' lang='lat' dir='ltr'>Hae</span> <span class='ocrx_word' id='word_1_750' title='bbox 1389 2379 1466 2405; x_wconf 77' lang='lat' dir='ltr'>sunt</span> <span class='ocrx_word' id='word_1_751' title='bbox 1490 2382 1612 2404; x_wconf 72' lang='lat' dir='ltr'>causae</span> <span class='ocrx_word' id='word_1_752' title='bbox 1631 2373 1831 2414; x_wconf 84' lang='lat' dir='ltr'>praecipuae</span> <span class='ocrx_word' id='word_1_753' title='bbox 1860 2373 2120 2414; x_wconf 72' lang='lat' dir='ltr'>praedictionum</span> <span class='ocrx_word' id='word_1_754' title='bbox 2144 2372 2187 2403; x_wconf 83' lang='lat' dir='ltr'>di-</span> 
     </span>
     <span class='ocr_line' id='line_1_109' title="bbox 1209 2415 2188 2458; baseline -0.002 -10"><span class='ocrx_word' id='word_1_755' title='bbox 1209 2418 1376 2453; x_wconf 65' lang='lat' dir='ltr'>vinnmm,</span> <span class='ocrx_word' id='word_1_756' title='bbox 1409 2426 1493 2458; x_wconf 76' lang='lat' dir='ltr'>quas</span> <span class='ocrx_word' id='word_1_757' title='bbox 1528 2426 1594 2447; x_wconf 88' lang='lat' dir='ltr'>non</span> <span class='ocrx_word' id='word_1_758' title='bbox 1618 2416 1776 2447; x_wconf 84' lang='lat' dir='ltr'>debemus</span> <span class='ocrx_word' id='word_1_759' title='bbox 1798 2416 1986 2447; x_wconf 79' lang='lat' dir='ltr'>existimare</span> <span class='ocrx_word' id='word_1_760' title='bbox 2009 2415 2101 2457; x_wconf 69' lang='lat' dir='ltr'>parvi</span> <span class='ocrx_word' id='word_1_761' title='bbox 2124 2425 2188 2447; x_wconf 89' lang='lat' dir='ltr'>mo-</span> 
     </span>
     <span class='ocr_line' id='line_1_110' title="bbox 1209 2457 2190 2500; baseline -0.001 -9"><span class='ocrx_word' id='word_1_762' title='bbox 1209 2461 1308 2492; x_wconf 89' lang='lat' dir='ltr'>menti</span> <span class='ocrx_word' id='word_1_763' title='bbox 1331 2469 1419 2497; x_wconf 84' lang='lat' dir='ltr'>esse‚</span> <span class='ocrx_word' id='word_1_764' title='bbox 1453 2458 1556 2491; x_wconf 87' lang='lat' dir='ltr'>multo</span> <span class='ocrx_word' id='word_1_765' title='bbox 1580 2460 1687 2490; x_wconf 90' lang='lat' dir='ltr'>minus</span> <span class='ocrx_word' id='word_1_766' title='bbox 1709 2460 1904 2500; x_wconf 77' lang='lat' dir='ltr'>aspernari,</span> <span class='ocrx_word' id='word_1_767' title='bbox 1931 2464 1961 2490; x_wconf 83' lang='lat' dir='ltr'>et</span> <span class='ocrx_word' id='word_1_768' title='bbox 1986 2468 2116 2490; x_wconf 83' lang='lat' dir='ltr'>omnem</span> <span class='ocrx_word' id='word_1_769' title='bbox 2148 2457 2190 2489; x_wconf 74' lang='lat' dir='ltr'>de</span> 
     </span>
     <span class='ocr_line' id='line_1_111' title="bbox 1209 2502 2091 2545; baseline -0.001 -11"><span class='ocrx_word' id='word_1_770' title='bbox 1209 2504 1250 2534; x_wconf 79' lang='lat' dir='ltr'>iis</span> <span class='ocrx_word' id='word_1_771' title='bbox 1272 2504 1506 2545; x_wconf 70' lang='lat' dir='ltr'>cogitationem</span> <span class='ocrx_word' id='word_1_772' title='bbox 1528 2502 1689 2541; x_wconf 80' lang='lat' dir='ltr'>abiicere,</span> <span class='ocrx_word' id='word_1_773' title='bbox 1723 2503 1810 2534; x_wconf 81' lang='lat' dir='ltr'>sicut</span> <span class='ocrx_word' id='word_1_774' title='bbox 1843 2503 1984 2533; x_wconf 75' lang='lat' dir='ltr'>miindus</span> <span class='ocrx_word' id='word_1_775' title='bbox 2006 2511 2091 2533; x_wconf 72' lang='lat' dir='ltr'>occu</span> 
     </span>
     <span class='ocr_line' id='line_1_112' title="bbox 1210 2543 2190 2588; baseline -0.001 -10"><span class='ocrx_word' id='word_1_776' title='bbox 1210 2546 1407 2588; x_wconf 73' lang='lat' dir='ltr'>quaerendis</span> <span class='ocrx_word' id='word_1_777' title='bbox 1441 2546 1512 2577; x_wconf 72' lang='lat' dir='ltr'>suta</span> <span class='ocrx_word' id='word_1_778' title='bbox 1542 2544 1782 2587; x_wconf 69' lang='lat' dir='ltr'>voluptatibus.</span> <span class='ocrx_word' id='word_1_779' title='bbox 1810 2543 1955 2582; x_wconf 73' lang='lat' dir='ltr'>deliciis,</span> <span class='ocrx_word' id='word_1_780' title='bbox 1984 2543 2190 2586; x_wconf 60' lang='lat' dir='ltr'>quaeunt..</span> 
     </span>
    </p>
   </div>
  </div>
 </body>
</html>
