2324 2958
46 211 109 243 Ι1’13

726 206 940 239 POSTlLLA
970 205 1363 238 MELANTHONJANA.

91 293 95 296 i
132 304 192 336 Hic
215 304 297 335 ordo
333 309 383 334 est
416 300 569 332 (livinitus
603 299 787 330 institutus.
821 305 855 329 ut
889 297 943 329 fiat
972 297 1047 328 111-’Ι

47 348 178 381 01103ῑί0
202 347 232 377 111
263 345 326 376 hac
359 345 434 375 vita.

47 390 174 433 lapsam
198 387 266 420 vult
292 387 448 428 reparari,
483 392 517 416 ut
532 390 656 426 -postea
680 384 810 425 integra
833 383 1019 414 iustificatio

47 440 78 466 et
113 431 320 474 regeneratio
361 430 403 460 sit
444 438 527 469 opus
560 425 845 468 perfectissimum.

48 475 229 508 calumniae
251 479 282 504 et
305 471 535 504 cavillationes
564 471 596 501 in
625 469 726 500 rebus
756 469 866 499 tantis.

48 528 119 550 nius
143 516 263 559 aliquid
286 515 326 547 de
349 513 433 546 locis
457 514 624 544 doctrinae
647 512 679 542 111
704 511 767 543 1100
791 517 891 542 textu.

131 681 201 721 De
233 679 535 721 infirmitate
569 676 938 731 discipulorum.

131 771 184 803 De
212 770 276 802 hac
309 780 375 801 11011
404 767 530 810 prolixe
564 768 678 799 dicam.
733 767 817 799 Tuta
850 767 1021 808 Scriptura

47 813 190 843 ostendit
209 813 348 853 gemitus
370 819 401 843 et
425 810 579 853 querelas
603 816 807 848 sanctorum,
830 810 884 851 qui
908 808 1020 851 deplo-

47 860 121 885 rant
143 863 235 885 suam
254 853 488 885 infirmitatem:
522 853 563 884 Et
596 853 720 884 habere
754 853 839 884 banc
866 853 1022 894 imagina-

46 897 186 934 tionem,
221 895 307 936 quod
342 895 443 925 simus
477 895 554 925 iusti
588 902 703 924 nostra
739 897 900 933 novitate,
933 894 1021 936 quod

45 939 149 970 simus
181 936 337 979 perfecti,
371 937 473 967 simus
507 937 578 967 sine
607 942 764 977 peceato,
799 944 850 967 est
882 937 1020 967 insania.

43 981 97 1012 Sic
131 981 209 1011 dicit
240 980 423 1011 lohannes:
458 981 495 1011 Si
522 980 710 1018 (uberimus,
743 981 828 1018 quod
852 983 1021 1020 peecatum

45 1033 109 1056 non
131 1023 297 1063 habemus,
332 1024 500 1054 mendaces
529 1032 646 1053 sumus.
703 1021 826 1053 Omnes
859 1022 1020 1052 sentimus

44 1064 255 1106 multiplicem
279 1072 309 1097 et
341 1065 538 1097 horrendam
569 1064 785 1095 infirmitatem
807 1064 839 1094 in
863 1065 1020 1095 cordibus

45 1109 181 1146 nostris,
204 1118 356 1151 magnam
381 1109 612 1139 dubitationem
636 1113 666 1138 et
695 1105 796 1138 multa
821 1108 912 1139 vitia:
942 1106 1018 1137 Ideo

45 1157 176 1193 oportet
206 1161 268 1182 nos
303 1158 416 1182 tenere
446 1151 533 1181 banc
566 1150 759 1187 doctrinam,
793 1150 882 1190 quod
916 1150 1019 1181 simus

43 1194 120 1226 iusti
143 1199 278 1235 propter
301 1193 415 1224 Filium
440 1193 513 1230 Dei,
543 1193 697 1232 imputata
722 1198 753 1222 et
777 1192 898 1223 donata
921 1193 1019 1223 nobis

43 1237 147 1278 ipsius
169 1236 302 1267 iustitia.
348 1235 427 1267 Cum
451 1236 515 1266 1130
544 1234 756 1276 imputatione
786 1236 858 1275 ipse
888 1245 1019 1276 semper

43 1277 141 1311 simul
170 1284 221 1309 est
251 1277 386 1316 efficax,
419 1279 478 1309 sed
513 1284 619 1309 tamen
652 1287 798 1318 persona
831 1279 951 1310 misera
986 1285 1018 1309 et

42 1321 207 1353 immunda
230 1320 339 1362 placet
372 1328 508 1363 propter
530 1320 645 1351 Filium
675 1319 737 1351 Dei
771 1322 842 1361 (qui
877 1328 927 1352 est
951 1332 1017 1352 um-

41 1362 226 1400 braculum)
260 1365 490 1405 deprecantem
524 1373 584 1404 pro
626 1363 738 1400 nobis,
780 1370 811 1394 et
852 1370 1017 1405 tegentem

42 1412 158 1438 nostra
180 1405 316 1438 delicta:
340 1413 374 1438 ut
396 1407 527 1437 dicitur:
563 1408 672 1444 Beati,
700 1415 833 1446 quorum
863 1411 1018 1439 remissae

40 1454 117 1481 eunt
136 1449 325 1489 iniquitates.

126 1491 187 1523 Hic
208 1502 325 1524 rursus
349 1492 492 1534 cogitate
515 1491 555 1523 de
578 1498 790 1533 argumento:

168 1553 354 1591 lustificatio
376 1556 424 1583 est
444 1561 523 1591 opus
547 1551 628 1584 Dei:

168 1595 256 1633 Erqo
278 1599 329 1626 est
347 1605 426 1634 opus
444 1596 636 1634 perfectum.

125 1660 339 1703 Respondeo.
384 1661 509 1692 Verum
539 1667 590 1692 est
623 1659 667 1692 de
696 1662 923 1693 imfutatione:
957 1662 1017 1693 sed

39 1705 171 1737 novitas
204 1710 255 1736 est
288 1710 411 1735 tantum
445 1703 617 1742 inchoata,
653 1711 685 1736 et
725 1705 916 1745 perficietur
954 1715 1015 1736 suo

40 1747 155 1780 ordine
188 1757 229 1778 ac
262 1753 420 1788 tempore.
477 1746 618 1782 Quando
654 1747 783 1778 habetis
820 1748 1016 1779 concinnam

40 1789 291 1832 explicationem
313 1796 598 1832 argumentorum,
632 1797 750 1832 postea
773 1796 841 1821 tota
865 1792 1016 1822 doctrina

40 1831 77 1864 fit
97 1831 265 1864 illustrior.

125 1874 310 1906 Teneamus
344 1875 431 1906 hanc
453 1875 651 1914 anchoram,
685 1876 773 1917 quod
807 1882 943 1916 propter
965 1875 1015 1907 Fi-

39 1917 119 1950 lium
147 1916 211 1950 Dei
240 1919 342 1949 simus
371 1919 511 1959 accepti,
544 1919 670 1950 etiamsi
699 1928 814 1950 sumus
847 1919 1017 1950 immundi:

39 1961 115 1993 iden
133 1962 217 1992 enim
238 1961 369 1992 dicitur:
406 1960 485 1992 Fide
518 1962 689 2002 iustificati,
715 1971 828 2001 pacem
850 1963 1014 1994 habemus,

40 2003 135 2035 Item:
169 2005 264 2036 Nulla
286 2005 449 2035 damnatio
471 2004 527 2043 ιἰζς,
560 2008 615 2044 qui
646 2008 679 2036 in
705 2005 831 2036 Christo
853 2005 929 2036 Iesu
951 2015 1016 2036 am-

38 2047 156 2079 bulant.
213 2046 274 2078 Est
302 2047 401 2088 igitur
431 2056 575 2087 persona
607 2047 691 2078 iusta
720 2048 947 2089 imputatione,
982 2053 1015 2079 et

39 2088 136 2121 simul
159 2088 195 2121 fit
216 2090 247 2121 in
271 2100 310 2121 ea
334 2089 482 2120 novitas:
501 2089 560 2120 sed
584 2099 622 2120 ea
645 2090 753 2121 adhuc
776 2097 827 2121 est
846 2090 1012 2133 languida.

123 2132 246 2164 Nostra
270 2132 371 2164 corda
404 2132 592 2163 intueantur
625 2131 741 2164 Filium
762 2132 825 2164 Dei
859 2132 1013 2174 interpel-

38 2173 161 2207 lantem
180 2185 240 2217 pro
263 2176 360 2206 nobis
384 2175 471 2216 apud
495 2180 662 2206 aeternum
687 2176 828 2214 Patrem,
847 2183 876 2208 et
901 2183 1012 2218 tegen-

38 2223 102 2249 tem
137 2225 292 2259 peccata:
332 2218 402 2259 ipse
436 2218 533 2248 vestit
566 2227 627 2248 nos
662 2228 722 2249 sua
755 2219 894 2258 iustitia,
929 2229 1013 2261 quae

37 2260 134 2292 nobis
157 2260 222 2292 fide
245 2261 482 2302 accipientibus
505 2261 608 2302 gratis
632 2261 817 2302 imputatur.

122 2302 299 2335 Discamus
333 2308 439 2335 autem
474 2313 659 2345 agnoscere
693 2310 824 2336 nostras
850 2306 1010 2343 miserias,

36 2355 175 2389 agamus
197 2347 444 2388 poenitentiam:
477 2345 659 2384 doleamus,
691 2357 755 2378 non
780 2347 1010 2379 confirmemus

36 2389 131 2420 istam
161 2389 378 2421 infirmitatem
407 2389 584 2420 securitate
619 2389 758 2420 ear-nali:
792 2390 859 2421 Sed
888 2391 1011 2432 cogite-

37 2441 123 2463 mus:
151 2432 212 2470 Qua·
227 2435 328 2464 iustus
347 2437 401 2472 est,
425 2434 611 2471 itwtificetur
632 2434 753 2464 adime:
774 2432 805 2464 id
829 2440 892 2472 est,
915 2434 1011 2464 debet

37 2473 69 2504 in
92 2474 190 2505 nobis
218 2485 371 2507 crescere
401 2475 539 2506 novitas.
587 2474 680 2506 ltem:
709 2477 845 2507 Habenti
872 2478 1010 2509 dabitur.

123 2516 204 2548 Cum
227 2523 423 2550 exercentur
446 2517 533 2548 dona
552 2516 626 2555 Dei,
649 2524 727 2549 tunc
751 2525 916 2551 crescunt.
948 2518 1011 2550 Est

37 2559 158 2591 bonum
185 2560 305 2592 dictum
335 2559 528 2602 Augustini,
572 2571 645 2591 cum
680 2567 770 2592 recte
809 2560 1011 2604 intelligitur,

37 2601 176 2634 Dilectio
197 2608 338 2635 meretur
359 2606 473 2643 (umeri
493 2605 679 2635 dilectione.-
707 2604 738 2634 id
762 2610 829 2643 est,
857 2606 1011 2636 exercitia

36 2643 189 2676 virtutum
212 2652 311 2688 auget
333 2646 482 2678 virtutes.

490 343 562 373 Hoc
596 341 710 372 ordine
743 333 835 372 Deus
871 347 1047 373 naturamt

901 426 1021 456 Absint
1045 414 1048 470 Ι
1191 451 1207 467 ,.
1232 461 1239 467 ,
1793 455 1800 462 .
1929 456 1934 462 .

911 468 1021 500 Adde,
1046 475 1047 488 ,
1071 451 1239 492 probant.
1275 450 1415 485 Quando
1444 450 1542 481 homo
1561 459 1691 484 exercet
1726 454 1871 485 habitum
1894 454 2048 496 aliquem,

1045 494 1048 521 l

1045 533 1048 562 Ι

1045 567 1048 609 ἒ

1045 687 1048 708 1

1035 1071 1047 1593 a

1034 2399 1040 2677 Ι

1045 674 1048 683 ·
1073 663 1128 695 vel
1151 664 1312 695 exolescit
1335 664 1366 694 in
1390 663 1515 694 animis.

1984 208 2046 239 714

1208 301 1274 330 Vidi
1293 309 1350 338 eya
1362 304 1530 338 quassatas
1542 305 1625 331 mata
1633 299 1708 339 lace
1724 312 1871 334 crescere
1884 305 2047 343 flamma&

1201 343 1242 372 Et
1262 343 1326 373 rtdi
1347 344 1432 373 nullo
1454 346 1665 380 concutiente,
1694 347 1784 376 mori.

1158 407 1243 439 Sunt
1276 408 1353 439 boni
1387 408 1542 440 versiculi
1576 410 1701 447 Ovidii,
1733 421 1818 452 quos
1852 413 1923 453 ipse
1951 414 2048 444 etiam

1072 493 1128 525 ille
1156 493 1289 524 habitus
1325 494 1446 524 crescit
1473 503 1553 529 usu3
1592 501 1621 523 et
1658 505 1730 526 cum
1765 507 1829 527 non
1865 504 2048 535 exercetur,

1073 535 1275 578 negligentia
1288 535 1342 567 vel
1366 535 1497 577 ignavia
1511 536 1680 573 amittitur,
1703 540 1790 578 quod
1803 539 1917 570 aderat
1939 547 2048 578 antea,

1073 589 1163 610 wenn
1192 589 1268 610 man
1296 582 1368 611 eine
1389 580 1487 610 kunst
1519 579 1608 609 nicht
1634 580 1718 613 abet,
1753 590 1789 611 so
1821 586 1938 620 veryist
1956 593 2049 614 mans

1072 621 1240 663 paulatim.
1285 621 1352 652 Ars
1385 631 1451 652 non
1487 619 1650 651 translata
1679 622 1720 652 ad
1744 632 1851 660 usum,
1884 623 2048 663 aboletur,

1572 662 1666 694 Deus
1701 663 1770 695 vult
1794 668 1941 697 exerceri
1965 668 2048 697 istos

1073 707 1217 745 habitus,
1251 712 1284 737 et
1316 704 1438 737 inillis
1471 706 1636 737 exercitiis
1667 706 1738 747 ipse
1766 708 1918 738 accendit.
1942 708 2049 740 lucem

1072 750 1178 791 magis
1201 750 1371 790 magisque
1393 749 1425 779 in
1449 749 1622 780 mentibus,
1679 751 1818 782 Habenti
1843 752 1979 791 dabitur,
2004 752 2049 782 ‹li—

1073 792 1156 823 citur
1180 793 1220 822 de
1243 791 1498 834 negotiantibus.

1161 835 1211 865 De
1240 835 1369 876 ignavis
1403 834 1525 865 dictum
1553 839 1618 865 est:
1655 836 1778 866 Invenit
1811 835 1964 867 Diabolus
1996 838 2049 867 clo·

1073 886 1157 908 mum
1180 879 1325 915 otiosam,
1348 882 1381 908 et
1401 886 1569 908 assumens
1595 879 1677 908 alios
1699 879 1841 918 Spiritus
1869 882 2048 918 nequiores,

1069 921 1160 958 facit,
1184 925 1218 950 ut
1238 921 1410 951 naz-issima
1428 921 1512 958 fiant
1525 921 1688 951 deteriora
1707 922 1877 960 prioribus.
1908 921 2048 956 Quando

1073 960 1170 991 1101110
1204 963 1333 1003 accepit
1365 962 1473 998 initia,
1507 968 1539 992 et
1573 965 1717 1002 gustavit
1754 964 1842 994 dona
1877 962 2048 1002 coelestia,

1072 1010 1105 1033 ut
1131 1004 1248 1035 dicitur
1271 1005 1301 1035 in
1328 1003 1477 1045 Epistola
1511 1005 1552 1035 ad
1578 1005 1769 1042 Hebraeos,
1804 1011 1836 1037 et
1860 1012 1969 1037 tamen
1991 1017 2048 1047 po-

1073 1052 1145 1077 stea
1168 1046 1203 1076 fit
1227 1048 1367 1084 otiosus,
1391 1054 1422 1078 et
1442 1045 1640 1086 prolabitur,
1667 1053 1734 1079 tum
1758 1047 1855 1079 1101110
1891 1049 1926 1079 fit
1953 1050 2048 1081 mise-

1071 1089 1148 1126 rior,
1172 1099 1269 1130 quam
1310 1096 1407 1121 antea
1438 1089 1508 1121 fuit.
1564 1088 1624 1121 llla
1657 1091 1790 1132 ignavia
1820 1098 1872 1122 est
1894 1102 2048 1133 magnum

1070 1138 1102 1162 et
1126 1131 1282 1163 horribile
1306 1131 1435 1164 malum.
1493 1132 1549 1163 sic
1571 1133 1671 1174 igitur
1700 1134 1790 1171 dico,
1825 1144 2047 1176 agnoscamus

1070 1173 1299 1212 infirmitatem,
1322 1185 1387 1206 non
1407 1174 1638 1206 confirmemus
1661 1186 1744 1213 eam,
1778 1186 1844 1208 11011
1878 1176 2047 1219 indulgea—

1070 1227 1142 1247 mus
1166 1217 1398 1258 cupiditatibus
1429 1217 1635 1254 carnalibus:
1669 1224 1703 1250 et
1735 1225 1842 1251 tamen
1877 1226 2047 1251 teneamus

1071 1259 1355 1299 consolationem,
1399 1261 1487 1301 quod
1520 1267 1655 1301 propter
1687 1261 1803 1293 Filium
1842 1262 1905 1293 Dei
1945 1264 2046 1294 simus

1069 1303 1156 1376 bisti,
1192 1309 1224 1334 et
1242 1304 1330 1344 quod
1364 1304 1428 1334 ista
1451 1304 1601 1335 mendica
1635 1310 1667 1334 et
1701 1305 1836 1336 sordida
1860 1306 2046 1337 obedientia

1069 1356 1089 1387 p
1105 1351 1210 1377 accat.

1199 1404 1338 1436 Contra:
1362 1406 1440 1437 Fide
1461 1415 1572 1437 snmus
1593 1409 1690 1438 iusti.-

1196 1449 1294 1480 Nema
1315 1451 1378 1480 scit
1396 1458 1431 1479 se
1452 1450 1605 1480 credere.-

1198 1491 1283 1530 Erqo
1304 1500 1397 1522 nemo
1418 1495 1479 1522 scit
1499 1501 1535 1523 se
1557 1501 1629 1523 esse
1651 1495 1774 1524 iustum.

1153 1558 1262 1590 Minor
1284 1566 1336 1590 est
1358 1560 1521 1600 neganda.
1555 1560 1774 1602 *Augustinus
1794 1560 1891 1592 habet
1910 1562 2043 1600 dictum,

1067 1602 1155 1642 quod
1189 1608 1399 1633 mementote:
1441 1602 1585 1634 credens
1616 1608 1679 1634 scit
1708 1613 1744 1635 se
1775 1606 1917 1636 credere.
1974 1605 2045 1635 Hoc

1067 1643 1228 1676 reseratur
1260 1645 1302 1675 ad
1336 1655 1415 1676 vera
1449 1645 1605 1676 exercitia
1627 1645 1702 1676 fidei
1737 1656 1802 1677 non
1835 1647 1877 1677 ad
1904 1648 2043 1685 somnia,

1067 1692 1099 1717 et
1122 1688 1247 1718 otiosas
1273 1688 1501 1729 cogitationes.
1568 1688 1686 1720 Nonne
1710 1688 1816 1720 David
1845 1690 1908 1721 scit
1930 1690 1962 1721 111
1987 1691 2044 1721 do-

1067 1728 1154 1767 lore,
1188 1740 1225 1761 se
1249 1729 1386 1762 :tolon-ez
1419 1731 1464 1761 ita
1487 1731 1586 1762 sentit
1619 1737 1708 1762 certe
1731 1731 1896 1763 dolorem:
1926 1732 2044 1764 Nonne

1068 1783 1139 1803 00111
1164 1773 1300 1810 erigitur
1323 1773 1398 1811 fide,
1422 1773 1484 1805 seit
1505 1772 1598 1804 leniri
1621 1772 1711 1806 illum
1735 1773 1895 1812 dolorem,
1920 1781 1951 1806 et
1969 1786 2043 1807 sen·

1067 1816 1103 1846 tit
1140 1814 1429 1848 consolationem?
1484 1816 1572 1857 Ergo
1607 1817 1671 1848 scit
1703 1827 1741 1848 se
1774 1818 1920 1849 credere.
1976 1819 2042 1850 Sed

1066 1857 1201 1889 multum
1230 1866 1279 1889 est
1313 1859 1520 1890 infirmitatis,
1576 1859 1624 1890 Sit
1657 1860 1701 1890 ita
1734 1870 1830 1890 sane:
1864 1859 1924 1891 Est
1954 1860 2043 1892 lucta

1066 1908 1242 1941 perpetua,
1277 1903 1334 1931 sed
1374 1902 1405 1933 in
1439 1900 1495 1932 illa
1529 1900 1617 1933 lucta
1652 1903 1753 1934 vincit
1793 1903 1897 1939 ti·les;
1937 1914 2042 1945 neque

1067 1943 1163 1975 1101110
1186 1950 1237 1975 est
1260 1945 1367 1975 iustus
1390 1951 1526 1985 propter
1556 1944 1630 1976 fidei
1655 1946 1921 1987 magnitudinem.
1974 1947 2041 1977 Sed

1066 1993 1200 2028 propter
1236 1985 1348 2018 Filium
1382 1987 1455 2018 Dei.
1516 1986 1576 2019 Est
1610 1988 1640 2018 in
1676 1989 1827 2019 omnibus
1859 1988 2041 2027 infirmitas,

1065 2036 1174 2061 tamen
1202 2039 1315 2060 sumus
1349 2031 1424 2061 iusti
1457 2035 1592 2071 propter
1614 2029 1729 2062 Filium
1764 2030 1841 2066 Dei;
1875 2041 1941 2062 11011
1965 2032 2040 2073 quia

1065 2079 1156 2104 tauta
1179 2073 1209 2104 in
1233 2073 1329 2104 nobis
1352 2080 1403 2104 est
1425 2080 1540 2104 nostra
1572 2072 1733 2115 qualitas:
1768 2073 1802 2104 Si
1833 2080 1924 2105 esset
1957 2074 2040 2105 fides

1063 2114 1209 2157 perfecta
1233 2117 1265 2147 in
1288 2126 1416 2147 summo
1451 2117 1573 2157 gradu,
1608 2123 1699 2148 esset
1728 2117 1903 2147 extinctum
1927 2123 1958 2148 et
1983 2118 2039 2147 ab·

1065 2168 1212 2200 sorptum
1232 2164 1252 2189 t·
1268 2164 1334 2190 tum
1346 2166 1537 2200 peccatum3
1560 2157 1649 2190 nulla
1672 2168 1810 2199 prorsus
1835 2166 1925 2190 esset
1948 2160 2039 2190 dubi-

1065 2203 1154 2234 tatio.
1174 2200 1262 2233 nulla
1286 2200 1384 2233 lucta.
1420 2201 1510 2233 Haec
1533 2203 1741 2233 considerate
1761 2202 1792 2233 111
1816 2200 1872 2232 1113
1889 2202 2039 2233 doctrina

1065 2245 1105 2276 de
1128 2244 1314 2277 infirmitate
1333 2243 1582 2286 Apostolorum.

1173 2427 1242 2467 De
1282 2426 1720 2467 commendatione
1760 2426 1924 2467 studii.

1148 2518 1199 2549 De
1221 2517 1285 2549 1100
1307 2517 1383 2549 1000
1407 2517 1502 2547 etiam
1535 2523 1631 2547 antea
1666 2516 1739 2547 dixi.
1795 2515 1956 2557 Discipuli
1990 2516 2036 2548 illi

1062 2560 1347 2603 colloquebantur,
1373 2559 1583 2600 disputabant
1617 2569 1694 2600 pro,
1728 2565 1759 2590 et
1787 2565 1918 2597 contra;
1951 2558 2035 2591 alius

1063 2605 1193 2636 dicebat
1217 2603 1315 2641 aliud,
1340 2613 1398 2643 per
1422 2603 1511 2633 vices
1525 2600 1740 2633 conserebant
1752 2603 1932 2634 sententias
1945 2612 2033 2633 suas.

1150 2646 1244 2678 {laud
1257 2646 1354 2676 dubie
1367 2643 1534 2685 Cleophas
1547 2645 1642 2676 dixit:
1665 2647 1736 2677 Mea
1751 2649 1892 2678 cantuna-
1908 2648 2035 2676 <minino
