2324 2958
34 192 96 226 561

36 287 157 319 Anima
189 289 361 325 separatur
394 293 414 314 a
446 291 597 323 corpore,
622 280 742 312 Divina
777 287 893 313 natura
927 290 1007 312 nun-

59 339 134 361 uam
165 331 337 367 separatur
370 326 412 357 ab
445 330 614 364 assumpta
653 329 770 355 natura
801 324 944 355 humana
977 323 1008 354 in

35 339 130 405 gilio.
173 369 336 401 Divinitas
360 367 431 400 Filii
453 378 520 400 non
542 366 694 398 dissessit
716 376 736 397 a
759 365 892 397 Christo
915 366 1010 397 etiam

36 414 171 446 iacente.
185 413 218 443 in
239 410 434 452 sepulchro,
467 410 526 442 sed
550 409 684 450 quievit,
705 408 736 439 id
760 415 824 448 est,
845 418 912 440 non
935 418 1010 440 exe·

36 457 100 488 ruit
123 455 186 486 vim
207 464 302 485 suam
324 454 356 484 in
380 451 574 495 depellenda
603 456 707 482 morte
736 456 811 483 ante
834 451 1010 482 resuscita-

36 499 167 530 tionem.
211 496 293 527 Nam
315 502 429 537 postea
452 494 509 527 illa
532 495 604 535 ipsa
626 494 777 525 divinitas
801 494 1010 526 resuscitavit

37 539 210 573 Christum.

121 582 174 613 Ad
196 579 428 612 declarandam
458 590 538 622 ergo
567 580 653 611 hanc
683 580 854 617 unionem,
890 578 1009 610 tradita

36 630 87 656 ωε
119 624 267 655 doctrina
301 624 342 655 de
382 623 683 654 Communicatione
714 622 914 653 idiomatum.
968 621 1010 652 Et

35 666 143 699 danda
165 671 218 697 est
239 676 357 706 opera,
387 672 422 697 ut
444 665 644 696 retineantur
666 665 754 695 modi
776 663 932 706 loquendi
954 674 1010 704 ap-

33 709 165 751 probati
197 708 228 739 in
263 708 414 740 Ecclesia
481 708 570 738 Haec
605 713 656 739 est
690 718 769 739 vera
809 707 1008 748 propositio:

33 751 123 783 Deus
145 755 192 783 est
213 761 340 792 passus.
371 751 443 782 Non
468 756 518 781 est
537 759 629 781 vera:
654 750 820 781 Divinitas
831 753 878 781 est
893 759 1007 789 passa.

33 794 138 826 Nemo
172 804 313 835 unquam
347 794 398 825 sic
429 791 560 824 locutus
595 799 643 823 cst
674 793 705 823 in
737 803 816 824 vera
845 792 1007 824 Ecclesia.

34 837 106 868 Nec
138 837 316 878 putandum
350 842 400 867 est
433 835 605 877 pulchrum
641 845 718 866 esse
753 836 888 866 turbare
917 840 1007 865 recte

35 879 244 912 constitutam
268 879 459 910 doctrinam.
503 878 577 909 Non
608 885 657 909 cst
681 878 866 919 eloquentia
894 876 1007 908 ludere

57 922 221 964 raestigiis
233 922 421 953 verborum.
446 927 477 952 et
490 921 692 961 portentosis
716 921 821 951 modis
840 919 1005 961 loquendi.

67 974 150 996 enus
173 965 348 1003 sermonis,
370 975 435 1006 quo
454 965 573 995 utimur
584 965 615 995 in
628 962 791 1001 Ecclesia,
815 963 911 994 debet
929 971 1006 994 esse

34 1012 173 1046 castum,
195 1013 226 1039 et
249 1007 530 1047 circumscriptum
550 1007 649 1037 certis
672 1007 775 1038 metis.

33 1171 156 1214 Estne
173 1172 306 1213 similis
338 1174 437 1212 haec
468 1171 684 1226 propositio
708 1176 794 1206 Deus
818 1179 863 1206 est
878 1185 1002 1215 paam,

75 1233 126 1272 illi
157 1232 288 1282 alteri,
325 1237 471 1268 Patiente
505 1235 672 1277 Baptista,
707 1237 827 1277 patitur
860 1235 966 1267 Deus.

115 1330 332 1372 Respondeo:
357 1341 432 1362 non.
458 1329 517 1361 Est
535 1331 654 1372 ingens
668 1328 907 1367 dissimilitudo,
930 1329 1005 1370 quia

29 1373 62 1405 in
86 1372 248 1414 Baptista,
282 1373 374 1404 Deus
397 1379 458 1411 est,
470 1373 580 1414 quoad
602 1371 820 1410 effectionem,
843 1382 904 1404 seu
926 1382 1006 1413 quo-

29 1415 72 1447 ad
94 1416 325 1448 assistentiam.
371 1415 436 1447 Sed
471 1416 503 1446 in
526 1413 658 1446 Christo
683 1420 733 1446 est
755 1415 831 1445 unio
849 1423 1006 1456 persona-

29 1456 71 1489 lis
94 1458 224 1490 divinae
245 1466 277 1489 et
300 1457 460 1489 humanae
484 1464 630 1489 naturae.
664 1456 755 1488 Haec
767 1462 818 1488 est
840 1456 1006 1498 metapho-

30 1500 99 1532 rica
132 1500 274 1533 locutio:
307 1500 456 1542 Baptista
485 1500 644 1541 patiente,
680 1500 799 1540 patitur
832 1499 940 1531 Deus:
974 1499 1005 1530 id

29 1549 93 1580 est,
115 1541 230 1574 relatio
241 1542 460 1575 contumeliae
482 1543 621 1583 pertinet
642 1543 684 1573 ad
696 1541 822 1581 Deum,-
845 1543 930 1574 sicut
951 1552 1007 1583 pa-

30 1586 129 1616 tiente
151 1585 280 1626 legato,
314 1587 433 1625 patitur
456 1585 538 1622 Rex,
561 1585 592 1616 id
615 1591 679 1621 est,
702 1583 817 1616 relatio
840 1591 1007 1616 contume-

28 1626 93 1658 liae
122 1629 261 1668 pertinet
291 1628 333 1658 ad
363 1627 498 1669 Regem.
543 1628 604 1659 Sed
629 1627 763 1658 Christo
796 1628 940 1668 patiente
973 1627 1006 1658 in

29 1680 140 1708 cruce,
163 1671 282 1712 patitur
297 1669 403 1708 Deus,
425 1670 501 1711 quia
524 1668 580 1700 illa
602 1679 756 1711 persona,
781 1680 864 1711 quae
876 1670 1006 1710 patitur,

29 1723 95 1744 non
119 1719 170 1744 est
193 1719 316 1744 tantum
339 1712 449 1748 homo,
467 1713 527 1743 sed
552 1712 654 1743 Deus.

116 1755 150 1786 ln
181 1755 405 1796 propositione
433 1753 501 1786 illa:
534 1755 689 1796 Baptista
724 1756 885 1795 patiente,
915 1754 1005 1785 Deus

28 1798 167 1839 patitur,
199 1797 389 1829 Subiectum
418 1804 470 1828 est
496 1796 572 1834 tale,
607 1797 695 1838 quod
728 1807 795 1828 nou
825 1803 876 1828 est
898 1796 1004 1834 Deus,

29 1841 91 1872 sed
115 1842 146 1872 in
169 1838 273 1872 altera
295 1841 528 1882 propositione,
551 1840 699 1872 Patiente
721 1839 850 1871 Christo
877 1841 1005 1880 patitur

28 1882 130 1920 Deus,
153 1883 336 1914 subiectum
371 1883 577 1924 describitur,
600 1883 688 1924 quod
722 1893 801 1914 vere
825 1889 875 1914 est
899 1882 1002 1914 Deus.

28 1925 177 1968 Baptista
199 1926 269 1966 ipse
297 1936 362 1956 non
391 1927 540 1967 proprie,
569 1936 676 1968 neque
706 1925 925 1957 essentialiter
953 1932 1003 1956 est

28 1967 137 2000 Deus:
160 1968 203 1999 At
228 1967 380 1999 Christus
402 1975 453 2000 est
474 1968 566 2000 Deus
588 1967 824 2007 essentialiter,
854 1969 926 1999 ideo
949 1979 1004 2009 pa-

29 2012 130 2043 tiente
152 2011 312 2052 Baptista,
335 2012 453 2051 patitur
464 2010 556 2043 Deus
569 2010 704 2043 relative
716 2018 850 2043 tantum.
870 2010 1003 2042 Ch=isto

28 2055 182 2096 patiente,
205 2055 326 2096 patitur
349 2053 442 2085 Deus
464 2053 659 2095 ὁπαρκτικῶς,
692 2055 724 2086 id
747 2060 816 2092 est,
838 2054 930 2086 Deus
954 2059 1004 2085 est

29 2095 111 2129 illud
123 2097 228 2138 ipsum
241 2096 438 2137 ὑφιστάμενον
460 2097 545 2127 (uod
570 2097 700 2137 patitur,
723 2107 783 2129 seu
795 2096 889 2129 Deus
912 2106 1005 2138 prae-

30 2140 157 2172 dicatur
178 2139 366 2180 ἑπαρκτικῶς
389 2141 429 2170 de
453 2110 603 2176 din-isto,
623 2140 679 2181 qui
700 2141 829 2181 patitur.

117 2183 324 2214 Observetur
343 2183 438 2213 etiam
461 2182 525 2213 hoc
548 2182 683 2213 dictum:
707 2183 885 2224 Antequam
896 2182 1005 2213 Abra-

31 2225 199 2263 homer-at,
223 2236 280 2266 eyo
301 2235 380 2262 sum,
405 2232 558 2266 tanquam
570 2225 786 2257 testimonium
805 2225 894 2267 quod
919 2225 1005 2263 λόῖος

30 2269 72 2300 sit
93 2268 292 2310 ὑφιστάμενον
315 2268 408 2299 etiam
422 2274 497 2298 ante
509 2268 764 2308 assumptionem
787 2274 924 2300 naturae
946 2267 1004 2299 hu-

28 2322 155 2344 manae.
199 2310 286 2342 Alibi
310 2312 437 2348 dicitur,
464 2319 525 2351 per
547 2309 628 2340 hunc
662 2310 770 2350 Loqon
803 2312 911 2342 onmia
937 2320 1006 2342 csse

29 2355 169 2393 emidito,
192 2355 278 2385 unde
301 2364 348 2385 se«
363 2356 459 2391 uitur,
483 2353 570 2394 quod
593 2352 647 2383 hic
668 2344 770 2386 Filius
793 2354 836 2384 sit
859 2360 1004 2385 coaeter-

29 2407 92 2429 nus
120 2397 207 2429 Patr.
272 2397 317 2428 lta
348 2367 401 2427 iiic
432 2394 594 2427 vocabulo
623 2395 820 2438 significanti
851 2395 1004 2428 Christus

30 2440 143 2478 utitur,
165 2440 231 2480 1390
253 2449 330 2479 sum,
352 2444 380 2470 et
404 2439 529 2480 quidem
551 2442 626 2469 ‹mte
649 2438 824 2477 Abraham,
847 2445 882 2471 ut
905 2440 1004 2481 signi-

30 2482 107 2513 ficet
130 2492 168 2514 se
189 2492 265 2514 esse
292 2482 501 2523 ὑφιστάμενον,
519 2492 585 2512 non
608 2481 759 2523 quiddam
790 2491 1003 2513 evanescens.

31 2523 72 2555 Et
95 2525 182 2566 quod
217 2526 256 2555 sit
283 2526 364 2564 λὸγος
387 2526 589 2562 subsistenS,
622 2525 654 2555 id
687 2525 762 2556 inde
785 2525 880 2556 etiam
915 2523 1004 2556 clare

30 2568 187 2609 sequitur,
210 2568 284 2609 quia
308 2569 428 2599 missus
453 2575 501 2598 est
525 2568 565 2598 ad
581 2566 765 2599 Ecclesiam
784 2568 826 2598 ab
849 2567 950 2606 initio,
973 2575 1003 2598 et

29 2620 159 2652 semper
181 2610 353 2642 invocatus
377 2621 423 2642 es1
446 2611 477 2641 in
504 2609 662 2641 Ecclesia.

183 2669 325 2690 tullian-ru,
343 2670 414 2689 ‹wru
440 2671 499 2689 vm,
519 2669 591 2688 xle.

713 187 933 221 Pos'rthha
950 186 1344 219 MELANTHONJANA.

1968 192 2031 223 562

1147 278 1182 310 ln
1206 279 1270 311 fine
1293 285 1402 311 textus
1427 281 1560 319 dicitur,
1590 283 1676 323 quod
1703 284 1891 316 adversarii
1911 284 2035 317 Christi

1061 323 1247 354 sustulerint
1280 323 1415 363 Iapides,
1465 323 1650 356 Voluerunt
1682 336 1754 357 eum
1789 326 1934 359 refutare
1966 338 2032 359 non

1061 365 1185 403 verbis,
1209 365 1268 396 sed
1291 365 1393 397 saxis.
1438 366 1506 398 Sed
1529 365 1682 400 Christus
1715 370 1837 407 evadit,
1884 371 1937 402 uia
1959 380 2033 402 cur-

1061 418 1121 440 sus
1143 408 1214 439 eius
1237 409 1379 440 nondum
1414 414 1485 440 erat
1525 409 1718 451 completus,
1764 411 1896 443 Diaboi
1921 418 1954 444 et
1975 412 2033 443 ho-

1061 461 1132 482 rum
1165 461 1291 493 organa
1309 461 1375 482 non
1410 451 1533 484 habent
1566 452 1597 483 in
1621 463 1681 484 sua
1702 460 1880 495 potestate,
1908 461 1943 486 ut
1965 455 2033 486 adi-

1062 499 1150 525 mant
1170 493 1270 525 vitam
1295 493 1442 533 Christo,
1475 500 1530 528 aut
1554 493 1625 526 aliis
1649 497 1789 533 sanctis,
1814 498 1876 529 nisi
1900 497 2032 529 volente

1061 535 1144 567 Deo.

1147 595 1239 627 Deus
1273 605 1381 628 servat
1406 596 1573 629 Doctores
1607 597 1778 639 Evangelii
1811 606 1944 640 propter
1977 601 2033 630 mi-

1060 638 1244 677 nisterium,
1277 645 1310 670 et
1342 640 1485 682 protegit
1526 638 1740 672 frementibus
1769 647 1802 672 et
1848 639 2032 673 furentibus

1060 679 1212 712 Diabolis
1253 687 1284 713 et
1323 684 1455 723 organis
1493 681 1719 714 Diaboloruni.
1787 683 1905 715 Servat
1939 683 2033 716 Deus

1060 722 1208 764 Paulum,
1231 725 1338 756 donec
1360 723 1524 765 compleat
1557 724 1764 757 curriculum.
1810 726 1881 757 Fuit
1910 725 2034 768 aliquo-

1059 766 1120 796 ties
1144 767 1293 798 obiectus
1324 767 1453 805 bestiis,
1489 773 1663 809 antequam
1699 774 1750 799 est
1781 779 1799 799 a
1823 769 1955 800 Nerone
1978 770 2032 800 de-

1059 807 1211 840 collatus.
1255 809 1306 841 Ac
1329 820 1431 851 saepe
1460 810 1526 842 hoc
1555 811 1672 842 accidit
1695 812 1726 842 in
1749 812 2032 852 persecutionibus

1058 852 1182 891 primae
1194 851 1377 891 Ecclesiae,
1400 853 1487 894 quod
1512 854 1638 884 bestiae
1660 854 1692 884 in
1706 853 1803 885 Circo
1816 861 2033 895 pepercerunt

1058 895 1193 925 sanctis.
1227 896 1334 936 Saepe
1359 895 1494 927 blanditi
1517 905 1593 927 sunt
1612 897 1660 927 eis
1685 895 1819 933 leones3
1841 898 1918 938 quia
1940 896 2032 928 Deus

1057 935 1159 968 voluit
1183 939 1377 976 ostendere,
1400 939 1488 980 quod
1510 937 1662 970 Ecclesia
1686 939 1839 971 divinitus
1880 938 2032 971 defende-

1057 986 1156 1018 retur,
1179 986 1209 1011 et
1233 982 1322 1031 quod
1345 988 1411 1012 tam
1434 982 1488 1012 diu
1500 988 1646 1012 maneret
1664 983 1932 1023 unusquisquein
1958 982 2033 1020 vita,

1056 1023 1163 1053 donec
1186 1034 1280 1055 suum
1304 1034 1434 1055 cursum
1447 1023 1647 1056 absolveret.
1680 1023 1792 1056 Voluit
1815 1026 1910 1056 etiam
1924 1032 2033 1056 osten-

1056 1065 1146 1102 dere,
1169 1067 1258 1106 quod
1283 1067 1407 1098 bestiae
1430 1066 1504 1108 plus
1528 1067 1687 1098 haberent
1704 1067 1912 1098 humanitatis
1936 1078 2032 1109 quam

1057 1109 1196 1150 tyranni.
1242 1108 1298 1141 Sic
1333 1116 1365 1140 et
1399 1109 1552 1141 flammae
1581 1117 1797 1151 pepercerunt
1832 1110 2032 1151 polycarpo,

1055 1161 1152 1192 quem
1174 1157 1280 1182 tamen
1310 1151 1485 1194 Tyrannus
1515 1153 1608 1183 iussit
1636 1151 1815 1191 decollari,
1850 1153 1939 1194 quod
1962 1163 2033 1194 per-

1056 1194 1143 1267 prisit
1185 1193 1299 1232 Deus,
1343 1200 1559 1237 posteaquam
1598 1196 1708 1227 audita
1747 1202 1817 1227 erat
1851 1196 1921 1227 cius
1956 1206 2032 1227 con-

1069 1246 1169 1268 essu).

1055 1381 1347 1414 EVANGELIUM
1410 1383 1452 1414 ΙΝ
1514 1382 1590 1415 DlE

1452 1442 1631 1474 MARlAE.

1659 1383 2032 1414 ANNUNTlATlONlS

1449 1536 1584 1569 Lucae
1619 1539 1646 1568 l.

1055 1633 1093 1662 In
1115 1640 1218 1662 mense
1246 1635 1348 1663 autem
1370 1635 1461 1663 sexto
1468 1632 1626 1704 ‚Dmissus
1656 1636 1703 1663 est
1735 1634 1872 1674 Anyelus
1899 1632 2034 1664 Gabriel

1436 1685 1457 1706 a
1516 1685 1563 1712 eo,
1586 1680 1648 1706 etc.

1055 1804 1139 1845 Cur
1167 1805 1396 1845 nominatur
1423 1806 1499 1845 hoc
1523 1805 1670 1845 festum
1703 1806 2029 1846 Annuntiationis

1458 1881 1637 1922 Mariae?

1141 1980 1351 2022 Respondes).
1398 1981 1482 2016 Quia
1504 1981 1655 2023 Angelus
1683 1981 1790 2013 attulit
1820 1983 1966 2014 nuntium
1990 1983 2030 2013 dc

1055 2030 1219 2065 conceptu
1241 2023 1298 2062 filii
1322 2024 1396 2062 Dei,
1421 2025 1461 2056 de
1484 2026 1652 2056 nascituro
1676 2025 1809 2056 Messia.
1855 2025 1927 2056 Fuit
1950 2035 2029 2057 nun-

1054 2067 1130 2106 tius,
1151 2067 1214 2098 iam
1237 2065 1320 2106 sore,
1342 2074 1377 2098 ut
1399 2067 1471 2109 ipsa
1494 2068 1685 2109 conciperet
1707 2067 1873 2099 messiam.

1055 2216 1152 2257 Dies
1188 2216 1459 2271 conceptionis
1491 2216 1556 2256 filii
1589 2216 1665 2256 Dei
1701 2216 1740 2256 in
1763 2216 1915 2270 virgine
1938 2216 2027 2256 Ma-

1217 2293 1284 2344 ria,
1313 2300 1459 2349 quotus
1488 2293 1573 2333 dies
1601 2298 1663 2331 est
1692 2291 1864 2331 mensis?

1142 2395 1330 2437 vigesimus
1364 2394 1496 2434 quintus
1527 2391 1650 2422 Martii:
1685 2393 1747 2422 iste
1775 2391 1847 2422 dies
1868 2392 1928 2423 tuit
1951 2390 2027 2424 olim

1055 2439 1125 2470 dies
1147 2437 1359 2480 aequinoctii:
1387 2435 1541 2467 Christus
1569 2441 1619 2465 est
1642 2440 1822 2475 conceptus
1841 2434 1894 2465 die
1916 2442 1956 2465 ae
1981 2436 2026 2466 ui—

1055 2481 1170 2519 noctii‚
1199 2487 1230 2511 et
1261 2487 1311 2512 est
1338 2484 1454 2521 postea
1490 2484 1587 2508 natus
1616 2477 1667 2508 die
1696 2475 1827 2508 solstitii
1856 2478 1970 2508 bruma
1987 2478 2025 2515 is,

1055 2524 1139 2559 Quia
1161 2523 1210 2555 ⁶25.
1248 2524 1316 2554 dies
1347 2522 1466 2557 Martii,
1500 2519 1557 2551 suit
1591 2520 1662 2550 dies
1697 2518 1958 2561 aequinoctialia:
1993 2526 2025 2552 et

1053 2566 1106 2598 25.
1130 2567 1200 2598 dies
1225 2565 1432 2601 Decembris,
1455 2563 1511 2594 fuit
1536 2564 1606 2594 dies
1631 2563 1798 2594 brmnalis.

1140 2609 1207 2641 lam
1250 2608 1376 2640 debetis
1411 2607 1575 2647 cogitare,
1621 2616 1724 2647 quare
1758 2615 1913 2647 regressa
1947 2613 2021 2637 sunt

1684 2666 1717 2690 ³6
