2324 2958
189 171 229 201 47

189 263 310 293 babeat
329 260 469 291 humana
493 255 665 298 praesidia.
711 253 785 285 Non
810 251 935 284 frustra
957 250 1054 292 igitur
1073 246 1165 278 Chri-

190 310 262 336 stus
285 308 477 334 annumerat
498 300 561 330 hoc
584 295 777 329 miraculum
801 295 951 327 caeteriS.
1035 333 1042 341 ⁶
1131 331 1138 339 ¹

277 347 483 384 Pauperes
513 339 738 382 intelligantur
771 346 934 380 pauperes
957 334 1100 375 Spiritu,
1130 331 1162 361 id

188 395 252 427 est,
268 387 314 419 illi
339 387 392 428 qui
415 391 489 416 sunt
501 384 684 416 contristati
703 382 830 423 magnis
845 378 1014 411 doloribus
1026 379 1164 424 propter

188 436 336 473 peccata,
371 429 412 459 de
444 427 562 468 quibus
597 426 683 467 apud
707 423 905 465 Prophetam
940 420 1070 451 diciturt
1107 416 1162 447 sz

189 474 341 506 habitabi!
365 473 528 505 Dominus,
551 470 616 500 nisi
636 469 670 499 in
691 471 808 508 spiritu
819 467 954 497 contrito
965 467 996 494 et
1005 462 1161 492 tremente

188 524 353 548 sermones
371 515 483 544 meos?
984 546 991 554 ⁸

274 556 403 587 Deinde
432 554 700 586 accommodetur
733 552 814 582 haec
837 546 1014 590 appellatio
1038 552 1159 594 paupe-

187 611 257 632 rum
281 599 322 630 ad
345 604 463 629 statum
475 596 658 633 Ecclesiae,
681 603 764 636 quae
786 603 851 624 non
874 590 972 622 habet
994 587 1158 618 defensio-

188 653 261 674 nem
291 651 351 683 per
383 639 521 681 imperia
544 646 575 671 et
597 638 776 679 potentiam
799 634 926 671 mundi,
961 632 1001 662 de
1024 638 1089 672 quo
1108 634 1161 660 est

189 685 274 727 apud
299 682 500 725 Sophoniam
526 681 738 722 Prophetam:
767 678 892 716 Reliqui
912 676 990 706 milli
1009 675 1160 714 populum

190 736 323 766 caenum
357 731 389 757 e!
418 734 602 766 pauperem.
621 725 680 754 sed
700 725 882 762 sperantem
905 722 937 749 in
961 726 1075 748 nomen
1098 716 1160 747 Do-

190 761 277 802 rnim'.
322 767 363 800 Et
386 769 417 798 in
432 767 593 798 Zacharia
616 772 666 796 est
690 766 797 805 imago
822 760 1052 803 pulcherrima,
1077 767 1163 809 quae

190 821 321 854 semper
355 811 450 842 debet
484 810 577 840 nobis
608 818 683 839 esse
711 807 742 837 in
770 809 962 846 conspectu.
1007 801 1163 833 Redterat

188 853 332 897 populus
355 864 393 884 ex
415 850 586 894 Babylone
609 856 679 881 erat
702 858 820 890 magna
843 845 1013 878 multitudo
1037 853 1164 880 senum,

190 907 384 940 puerorum,
410 893 594 931 mulierum,
618 893 702 923 inter
724 900 806 933 quas
830 888 950 921 multae
974 892 1069 919 erant
1092 895 1167 937 gra-

189 940 295 977 vidae,
318 937 439 970 multae
460 945 656 978 puerperae:
680 934 755 966 Non
767 933 933 964 habebant
944 929 1020 961 loca
1031 935 1168 980 munita,

191 993 258 1014 non
282 982 458 1017 exercitus,
483 980 601 1020 quibus
625 987 662 1008 se
685 976 767 1007 tueri
787 980 925 1016 possent
949 978 1067 1004 contra
1090 981 1167 1002 vrci-

191 1035 266 1062 noS,
300 1030 331 1055 et
365 1021 427 1053 alia
462 1021 642 1052 latrocinia.
689 1019 733 1049 lbi
756 1018 918 1049 Dominus
952 1016 1050 1047 tradit
1081 1015 1169 1046 hanc

192 1066 467 1102 consolationem,
501 1074 585 1105 quae
615 1062 764 1104 congruit
788 1071 861 1091 cum
885 1059 1049 1090 mentione
1071 1057 1168 1089 huius

192 1109 359 1146 miraculi,
383 1108 424 1138 de
447 1106 643 1138 collectione
667 1112 697 1135 et
722 1103 975 1135 conservatione
998 1099 1170 1133 Ecclesiae

192 1155 224 1183 in
249 1158 338 1183 tanta
361 1149 545 1181 infirmitate
569 1153 697 1179 nostra:
742 1148 812 1178 Non
835 1150 868 1177 in
886 1147 1019 1181 robore,
1054 1154 1117 1175 non
1136 1147 1170 1175 in

193 1196 345 1229 exercitu,
374 1194 434 1224 sed
464 1194 496 1223 in
526 1193 644 1232 spiritu
669 1199 738 1221 meo
761 1190 896 1221 servabo
913 1198 976 1219 vos.
1023 1188 1090 1226 Eoo
1113 1197 1170 1219 ero

194 1247 303 1268 murus
322 1240 432 1275 tyneus
455 1237 486 1266 r‘n
509 1236 643 1266 circuilu
665 1242 785 1264 eorum.

279 1279 468 1320 Cogitemus
503 1284 610 1308 autem
635 1275 698 1306 hoc
721 1283 870 1316 quoque,
891 1271 1058 1304 Christum
1081 1282 1170 1303 men-

195 1324 282 1353 tione
315 1330 495 1362 pauperum
530 1317 675 1350 voluisse
698 1323 883 1348 monstrare
907 1316 1083 1347 discrimen
1107 1314 1170 1346 Ec-

195 1365 325 1398 clesiae,
350 1373 408 1394 seu
433 1363 523 1404 regni
548 1361 703 1398 messiae,
727 1366 758 1391 et
782 1359 1014 1391 dominationis
1037 1359 1170 1390 munda—

194 1417 268 1445 nae,
302 1417 360 1437 seu
393 1405 598 1446 politicorum
633 1413 820 1446 regnorum.
866 1400 907 1432 Et
930 1402 1005 1443 quia
1029 1401 1171 1432 mundus

196 1449 367 1481 offenditur
390 1458 456 1479 non
481 1446 587 1478 solum
611 1445 791 1477 humilitate
815 1444 954 1482 Christi,
983 1445 1044 1476 sed
1074 1445 1171 1475 etiam

196 1493 315 1524 misera
348 1491 535 1521 conditione
566 1496 595 1520 et
630 1490 744 1530 specie
768 1487 960 1526 Ecclesiae,
996 1488 1071 1519 ideo
1095 1497 1172 1518 mox

196 1535 283 1566 addit
307 1533 551 1575 Epiphonema:
577 1534 706 1571 Beatus,
743 1535 797 1571 qut*
818 1541 881 1563 non
902 1531 1010 1570 fuerit
1029 1533 1173 1570 offensus

197 1582 228 1610 in
251 1587 310 1608 me.
357 1576 409 1607 De
432 1586 496 1617 quo
520 1582 617 1606 antea
641 1575 791 1606 diximus·

279 1619 409 1651 Tertius
435 1618 528 1649 locus
553 1625 603 1649 est
628 1619 668 1648 de
690 1618 869 1648 ministerio
889 1615 1032 1653 loannis,
1052 1616 1172 1657 dequo

197 1662 350 1694 Christus
374 1661 426 1692 hic
449 1662 539 1692 dicit:
574 1663 643 1693 ,Van
670 1664 816 1692 surrexit
835 1663 939 1691 maior
956 1662 1077 1692 Ioanne
1088 1659 1174 1690 incer

197 1711 289 1737 natos
311 1706 486 1736 mulierum.
522 1704 679 1745 Loquitur
701 1709 809 1734 autem
833 1704 874 1734 de
896 1702 1119 1744 magnitudine
1142 1709 1175 1733 et

198 1749 396 1789 praestantia
420 1747 530 1778 officii.
577 1745 729 1777 Monachi
754 1746 908 1777 obiiciunt
923 1746 986 1777 boc
999 1755 1174 1787 argumen-

200 1797 284 1822 iuml

258 1850 363 1881 Maria
385 1852 452 1889 suit
469 1854 582 1880 ornata
605 1850 776 1880 maioribus
798 1849 891 1880 dorna
913 1858 1005 1889 quam
1025 1848 1173 1880 Ioannes.

260 1894 345 1931 Eryo
368 1893 472 1924 ,ilat-ia
497 1897 545 1923 es!
566 1892 670 1923 maior
692 1894 819 1923 Ioanne.

287 1959 496 2000 Respondeo.
542 1959 694 1991 Christus
714 1959 856 2001 loquitur
881 1961 921 1991 de
944 1960 1068 1998 officio,
1091 1960 1177 1991 sicut

202 2014 276 2034 mox
301 2003 404 2034 addit:
430 2004 488 2034 Est
502 2005 576 2042 plns
595 2013 687 2042 quam
710 2004 878 2042 Propheta.
925 2002 1034 2034 ludaei
1057 2001 1176 2034 intelli-

202 2048 321 2087 gebant
346 2044 538 2085 prophetam
561 2047 740 2077 ministrum
765 2047 884 2077 veteris
907 2045 1121 2083 Testamenti,
1145 2053 1175 2076 et

202 2087 296 2119 simul
321 2095 514 2119 tractantem
538 2087 677 2119 consilia
702 2087 844 2129 politica,
890 2089 973 2120 Nam
996 2089 1178 2130 prophetae

202 2131 278 2162 olim
302 2141 366 2162 non
391 2131 554 2162 docebant
576 2137 711 2168 tantum,
734 2132 792 2162 scd
817 2132 912 2162 ctiam
926 2133 1086 2173 regebant
1100 2142 1178 2163 con—

203 2172 515 2215 »iliaesseipublicaffi
538 2172 654 2205 saltem
680 2175 856 2215 praecipui,
881 2182 914 2205 ut
928 2175 1031 2213 Elias,
1054 2174 1179 2206 Elisae-

202 2228 255 2255 us,
282 2217 416 2254 Esaias,
440 2216 611 2255 leremias,
636 2216 772 2254 Daniel,
798 2224 859 2249 etc.
906 2217 1045 2249 loannes
1069 2224 1177 2250 autem

203 2271 268 2291 non
303 2266 353 2291 est
389 2258 476 2297 talis,
511 2269 577 2290 non
607 2266 656 2290 est
682 2261 828 2291 minister
851 2261 882 2291 in
907 2260 1054 2292 Levitico
1077 2267 1178 2298 statu,

204 2313 265 2334 nec
290 2302 389 2333 babet
413 2303 685 2343 gubernationem
711 2302 886 2343 politicam.

290 2345 380 2376 llaec
415 2356 516 2377 causa
551 2353 619 2377 est.
655 2356 712 2377 cur
743 2345 882 2377 loannes
912 2345 986 2377 alibi
1022 2354 1117 2389 neget
1142 2357 1179 2378 se

204 2389 397 2429 prophetam
421 2399 506 2420 esse.
553 2388 705 2420 Christus
730 2395 836 2420 autem
861 2390 1015 2420 maiorem
1039 2389 1179 2430 prophe-

206 2432 247 2461 tis
272 2432 433 2467 nominat,
456 2432 531 2473 quia
550 2431 761 2463 ministerium
787 2431 917 2463 loannis
941 2439 990 2463 cst
1014 2433 1178 2464 inchoatio

206 2475 459 2515 praedicationis
495 2476 568 2505 novi
594 2474 807 2510 Testamenti.
842 2475 958 2512 idest,
992 2476 1178 2507 testificatio

206 2517 247 2548 «le
294 2519 456 2548 raesentia
481 2516 633 2555 Messian,
658 2517 824 2549 inchoatio
850 2517 1025 2558 Baptismi,
1057 2525 1088 2549 et
1113 2518 1178 2549 col-

206 2559 355 2592 lectionis
390 2571 494 2591 novae
519 2559 690 2592 Ecclesiae
724 2571 763 2592 ex
797 2561 950 2603 gentibus
985 2567 1017 2592 et
1039 2561 1179 2600 ludaeis,

207 2603 304 2645 idque
328 2614 392 2635 non
416 2609 450 2635 ut
474 2611 571 2635 antea
592 2604 689 2635 flebat
712 2604 743 2635 in
767 2602 890 2645 populo
913 2602 1010 2647 legis,
1043 2615 1102 2645 per
1125 2606 1179 2635 mi-

806 120 929 190 κΡκΙΠΛ.
952 155 1056 188 MEL.
1081 151 1266 187 SCRlPTA
1288 146 1553 182 XEEGETlCA.

1193 1304 1214 1679 ἱ,

1227 2089 1250 2127 s

2152 149 2195 181 48

1220 241 1388 275 nisterium
1407 241 1601 280 Leviticum,
1624 241 1683 273 sed
1702 251 1762 282 per
1784 240 2063 281 praedicationem
2085 244 2196 284 poeni-

1219 285 1338 317 tentiae
1363 289 1394 315 et
1427 284 1629 316 remissionis
1653 288 1880 326 peccatorum,
1914 291 2051 326 propter
2073 295 2195 328 agnum

1216 327 1320 365 illum,
1345 337 1442 368 quem
1465 326 1605 359 loannes
1629 326 1837 359 monstrabat
1859 327 1973 368 digito.

1302 369 1364 401 Est
1398 376 1506 402 autem
1539 370 1625 402 idem
1657 369 1894 407 ministerium,
1928 380 1993 411 quo
2016 368 2198 413 funguntur

1214 410 1391 454 Apostoli,
1425 418 1459 444 et
1480 413 1535 454 qui
1559 412 1678 444 horum
1701 411 1885 443 doctrinam
1904 418 2098 455 sequuntur,
2122 424 2197 446 cum

1213 455 1397 488 ministerio
1419 454 1568 494 loannis,
1597 456 1660 487 nisi
1694 455 1783 496 quod
1805 453 1957 496 Baptista
1978 455 2039 487 tuit
2060 457 2197 498 ἔξαρχος,

1213 508 1275 530 seu
1298 497 1472 530 inchoator
1494 497 1590 529 huius
1614 498 1795 536 ministerii,
1819 502 1851 528 et
1874 497 1915 530 de
1937 506 2116 540 praesente
2127 501 2198 542 qui-

1211 542 1297 580 dem,
1309 540 1378 572 Sed
1394 547 1503 573 tamen
1525 540 1635 572 adhuc
1655 550 1799 582 passuro
1812 546 1845 572 ct
1866 543 2099 575 resuscitando
2111 542 2199 574 Mes-

1211 585 1262 616 sia
1296 584 1417 615 docuit.
1464 583 1621 625 Apostoli
1656 595 1737 616 vero
1772 590 1805 615 et
1831 595 1894 616 nos
1916 585 2016 618 hodie
2039 587 2198 618 docemus

1213 628 1254 659 de
1277 625 1412 658 Christo
1436 627 1501 657 iam
1525 636 1628 668 passo
1651 634 1683 659 et
1707 628 1950 670 resuscitapdo.
1987 628 2121 671 Alioqui
2144 639 2198 661 ea·

1216 671 1289 702 dem
1313 674 1365 700 est
1387 679 1454 700 vox
1472 670 1655 708 ministerii,
1679 677 1711 702 et
1735 669 1872 702 effectus
1896 671 1992 703 idem.

1302 712 1428 743 Omnes
1452 712 1508 752 qui
1531 712 1713 744 credebant
1736 713 1968 752 vociloannis,
1991 714 2199 756 accipiebant

1216 754 1445 787 remissionem
1478 761 1710 796 peecatorum,
1752 762 1784 788 et
1817 756 2112 788 sanctificabantur
2163 766 2199 788 er

1218 798 1376 839 Spiritum
1399 802 1565 835 sanctum,
1588 797 1681 830 Sicut
1704 805 1823 839 postea
1845 801 1900 841 qui
1923 801 1998 831 voci
2021 799 2150 841 Aposto
2165 810 2201 832 o·

1219 851 1290 872 rum
1326 839 1550 872 crediderunt.
1596 840 1666 873 Nec
1689 842 1847 874 debemus
1871 843 2054 885 imaginari,
2078 843 2200 875 doctri-

1220 893 1296 915 nam
1319 882 1452 914 loannis
1474 880 1580 914 fuisse
1602 884 1881 923 praedicationem
1901 886 2134 926 poenitentiae,
2157 886 2200 917 si-

1220 936 1262 958 ne
1302 925 1551 967 praedicatione
1591 926 1796 958 remissionis
1829 934 2052 968 peccatorum.
2115 928 2200 960 Nam

1220 969 1422 1012 praedicatio
1445 968 1684 1008 poenitentiae,
1719 970 1791 1001 sine
1818 971 2064 1011 praedicatione
2087 971 2201 1003 remis-

1221 1012 1325 1044 sionis
1349 1017 1574 1052 peccatorum,
1596 1010 1676 1043 nihil
1699 1019 1762 1051 est,
1783 1013 1844 1044 nisi
1864 1012 2042 1055 Sophoclis
2066 1013 2120 1046 vel
2137 1013 2201 1046 Eu·

1221 1055 1332 1096 ripidis
1355 1055 1536 1086 conciones
1558 1055 1716 1096 tragicae.
1752 1055 1796 1086 At
1819 1056 1852 1087 in
1874 1055 1941 1088 hoc
1963 1056 2070 1088 differt
2082 1057 2201 1088 doctri-

1221 1108 1264 1129 na
1287 1096 1462 1129 Ecclesiae
1485 1098 1526 1129 ab
1545 1096 1687 1129 Ethnica
1708 1099 1882 1140 sapientia.
2111 1129 2118 1132 .

1309 1139 1432 1171 Vident
1460 1139 1588 1171 Ethnici
1624 1151 1762 1183 magnas
1786 1151 1912 1183 poenas
1936 1143 2030 1184 sequi
2052 1148 2203 1184 peccata,

1222 1183 1334 1215 vident
1363 1183 1469 1224 puniri
1503 1181 1644 1214 familias
1668 1183 1797 1226 Regum
1820 1185 2013 1225 praedicant
2035 1185 2204 1225 poeniten-

1223 1227 1320 1264 tiam,
1354 1231 1386 1257 et
1407 1226 1521 1258 iubent
1543 1226 1695 1258 homines
1720 1237 1797 1259 esse
1820 1228 2006 1265 modestos,
2041 1228 2102 1259 sed
2124 1226 2205 1259 nihil

1223 1269 1336 1300 dicunt
1369 1269 1410 1300 de
1444 1269 1641 1301 remissione
1664 1276 1887 1311 peccatorum.
1934 1270 2010 1302 Vox
2034 1270 2143 1302 divina
2172 1271 2205 1302 in

1222 1309 1377 1343 Ecclesia
1400 1311 1616 1343 concionatur
1640 1313 1681 1344 de
1705 1320 1864 1355 utroque,
1887 1314 1928 1345 de
1950 1314 2151 1355 poenitentia
2174 1319 2206 1345 et

1224 1354 1420 1386 remissione
1441 1360 1667 1395 peccatorum.
1713 1355 1864 1387 Accusat
1887 1363 2074 1397 peccatum,
2107 1363 2140 1388 et
2163 1357 2205 1388 si-

1224 1396 1292 1430 mul
1314 1397 1461 1428 ostendit
1479 1395 1578 1428 filium
1602 1397 1675 1429 Dei.

1311 1439 1347 1471 Si
1371 1439 1514 1470 loannes
1549 1445 1674 1472 tantum
1708 1441 1934 1482 praedicasset
1958 1442 2206 1483 poenitentiam,

1225 1492 1292 1514 non
1312 1482 1543 1513 remissionem
1565 1490 1789 1523 peccatorum,
1813 1485 1892 1525 quid
1915 1483 2002 1516 aliud
2026 1485 2208 1523 docuisset,

1226 1536 1324 1567 quam
1357 1524 1509 1556 homines
1538 1536 1672 1558 manere
1705 1527 1738 1558 in
1762 1527 1982 1565 dubitatione,
2019 1534 2050 1559 et
2075 1526 2207 1559 fremitu

1227 1574 1343 1600 contra
1366 1567 1497 1600 Deum?
1527 1568 1595 1600 Sed
1618 1574 1651 1600 et
1674 1571 1705 1601 in
1730 1569 1823 1601 Luca
1846 1568 1935 1601 clare
1959 1570 2094 1608 dicitur,
2117 1571 2207 1612 quod

1226 1612 1368 1643 loannes
1402 1611 1643 1652 praedicaverit
1673 1612 1875 1653 Baptismum
1910 1613 2131 1653 poenitentiae
2165 1613 2207 1644 ad

1227 1655 1456 1686 remissionem
1500 1661 1729 1695 peccatorum,
1775 1662 1805 1686 et
1847 1655 1988 1687 loannes
2022 1654 2208 1698 Apostolus

1225 1696 1347 1729 multas
1370 1697 1487 1728 recitat
1510 1698 1692 1730 conciones
1716 1697 1904 1739 Baptistae,
1938 1709 2024 1739 quae
2046 1709 2209 1741 expresse

1226 1739 1404 1782 loquuntur
1422 1739 1463 1770 de
1488 1740 1656 1772 beneficiis
1681 1740 1825 1772 Messiae
1849 1742 2045 1782 praesentis,
2067 1748 2118 1774 ut:
2159 1743 2208 1775 Es:

1222 1784 1425 1825 plenitudine
1435 1785 1505 1814 eins
1521 1793 1631 1816 omnes
1642 1785 1823 1825 accepimus
1843 1785 1986 1824 qratiam
2004 1795 2068 1826 pro
2087 1789 2206 1825 qratia.

1228 1826 1388 1864 Gratiam,
1412 1826 1443 1857 id
1468 1832 1530 1864 est,
1553 1827 1778 1858 remissionem
1803 1834 2028 1868 peccatorum,
2046 1835 2077 1860 et
2090 1838 2206 1860 recon-

1229 1868 1425 1901 ciliationem
1450 1880 1523 1901 cum
1546 1868 1633 1901 Deo.
1669 1869 1733 1902 Pro
1758 1871 1876 1913 gratia,
1900 1869 2027 1902 scilicet
2049 1881 2112 1913 qua
2138 1869 2206 1913 pla-

1229 1919 1281 1946 cet
1301 1911 1397 1944 filius.
1444 1911 1541 1951 ltem,
1576 1915 1642 1945 Lex
1668 1924 1729 1954 per
1752 1916 1861 1945 Mosen
1889 1915 1966 1946 data
1988 1919 2053 1952 est,
2087 1914 2119 1945 id
2144 1919 2207 1952 est,

1229 1966 1294 1988 non
1318 1965 1430 1987 sumus
1454 1954 1530 1997 lege
1553 1956 1641 1993 iusti,
1677 1964 1708 1987 et
1732 1955 1844 1997 politia
1867 1958 2046 1989 constituta
2069 1968 2087 1988 a
2110 1956 2208 1989 Mose

1229 1999 1358 2041 peribit,
1390 2008 1451 2030 nec
1481 2005 1531 2030 est
1565 1998 1644 2031 illud
1678 2010 1839 2031 summum
1863 2001 1984 2031 bonum
2007 2001 2209 2041 promissum

1230 2041 1306 2073 olim
1330 2043 1489 2083 panibus.
1517 2043 1629 2074 Gratia
1651 2047 1756 2074 aulem
1779 2048 1811 2075 e!
1832 2047 1950 2075 ternas
1969 2054 2032 2083 per
2047 2045 2209 2076 Chris-mm

1247 2090 1320 2117 acea.
1354 2089 1415 2125 est,
1449 2085 1514 2116 hoc
1548 2091 1618 2123 est,
1652 2086 1791 2126 Oportet
1815 2095 2000 2129 agnoscere
2023 2087 2055 2117 iu
2074 2085 2209 2118 Christo

1231 2129 1386 2171 quiddam
1420 2126 1637 2159 excellentius
1673 2127 1757 2170 lege.
1805 2129 1839 2161 ld
1870 2130 1991 2160 [ionum
2014 2135 2067 2161 est
2089 2130 2208 2172 gratia,

1231 2170 1400 2208 videlicet,
1431 2172 1583 2202 remissio
1608 2180 1838 2213 peccatorum,
1863 2178 1894 2203 et
1918 2173 2059 2210 veritas,
2091 2173 2124 2204 id
2146 2178 2210 2210 est,

1231 2226 1297 2247 non
1321 2215 1475 2252 umbrae,
1509 2225 1575 2245 non
1601 2216 1686 2246 bona
1711 2216 1858 2256 peritura
1881 2215 1977 2247 huius
2007 2216 2112 2252 vitae,
2148 2215 2210 2247 sed

1232 2269 1310 2290 vera
1335 2263 1366 2289 et
1389 2256 1549 2289 durabilia
1574 2259 1679 2292 bona,
1710 2259 1891 2300 sapientia,
1926 2259 2066 2297 iustitia,
2090 2259 2156 2289 vita
2179 2264 2210 2290 et

1231 2301 1353 2333 laetitia
1379 2306 1523 2331 aeterna.
1555 2300 1645 2333 llaec
1665 2302 1805 2343 cogitari
1829 2307 1969 2343 oportet,
1993 2308 2025 2333 ut
2048 2299 2210 2344 intelliga-

1232 2351 1284 2376 tur
1307 2344 1497 2385 magnitudo
1522 2342 1745 2384 illiusqosticih
1768 2355 1828 2376 seu
1853 2345 2035 2382 ministerii,
2058 2355 2124 2386 quo
2137 2343 2210 2377 fun·

1231 2394 1305 2420 ctus
1328 2394 1376 2418 est
1402 2387 1561 2428 Baptista.

1318 2431 1385 2462 Sed
1430 2441 1489 2462 cnr
1526 2431 1612 2462 addit
1650 2430 1818 2462 Christus:
1865 2433 2015 2462 Minemue
2047 2432 2079 2462 in
2112 2440 2212 2471 reyno

1232 2476 1396 2505 coelorum
1430 2479 1480 2505 est
1501 2475 1604 2505 maior
1628 2474 1771 2506 Ioanne?
1795 2473 2005 2515 Respondeo.
2029 2473 2099 2505 Etsi
2134 2483 2211 2515 pos-

1231 2523 1305 2549 sunt
1351 2515 1459 2548 afferri
1504 2515 1587 2549 aliae
1626 2517 1929 2558 interpretationes,
1968 2524 2075 2548 tamen
2109 2516 2211 2549 credo

1231 2560 1319 2603 quod
1360 2560 1492 2602 proprie
1537 2557 1577 2592 de
1607 2571 1668 2592 sua
1702 2570 1868 2602 persona,
1902 2570 1961 2592 seu
1991 2560 2031 2592 de
2065 2570 2103 2592 se
2136 2561 2210 2601 ipso

1232 2604 1387 2645 loquatur
1406 2603 1569 2635 Christus.
1600 2603 1639 2635 Et
1663 2604 1792 2636 memini
1816 2601 1901 2635 hanc
1924 2602 2119 2635 sententiam
2142 2602 2211 2645 pla-
