2324 2958
170 177 235 209 ⁷99

169 273 202 300 in
223 280 257 299 re
278 270 376 303 mala,
399 273 446 299 ese
467 268 630 298 dimidium
651 268 735 298 mali.

169 356 201 387 ni
224 361 272 387 est
285 379 294 393 ,
315 353 442 387 frustra
465 363 651 397 repugnare
672 355 939 387 adversitatibus.

255 397 347 429 Haec
373 403 424 429 est
448 397 629 428 communis
650 396 853 434 consolattm
883 399 944 429 sed
965 407 1031 429 non
1055 395 1141 428 tollit

169 439 319 472 dolorem
347 449 388 472 ex
415 440 539 477 mimo,
575 440 702 471 etiamsi
731 446 896 482 utcunque
926 440 1015 482 cogit
1037 438 1139 470 homi-

169 493 260 521 nem,
283 489 318 514 ιιι
340 491 378 514 se
398 490 466 514 uon
488 483 640 514 subiiciat
662 481 774 524 aliquo
796 483 904 515 modo.

252 525 337 557 Oum
365 523 419 556 fur
442 525 596 557 educitur
622 526 665 557 ad
693 523 891 567 patibulum,
927 535 992 555 non
1022 524 1141 555 sentiet

169 578 321 611 magnam
344 567 616 606 consolationem,
639 569 668 599 si
690 568 762 609 quis
786 569 814 599 ei
837 568 938 600 dicat:
960 567 1038 608 quid
1061 565 1141 597 mul-

169 616 235 642 tum
269 617 301 642 te
334 611 452 652 angis?
486 620 550 641 non
580 616 688 652 potest
717 611 843 642 mutari.
901 610 960 639 Gib
987 609 1063 638 dic-la
1084 619 1142 637 nm-

169 654 276 686 droht.
305 663 338 682 ex
367 653 427 682 kun
450 652 533 682 doch
554 653 639 683 nicht
662 653 775 682 ander-s
797 655 870 682 scin.
917 652 984 683 lmo
1006 662 1085 683 vero
1110 652 1141 682 in

170 696 300 727 bomine
320 696 509 737 impatiente
533 697 638 738 magis
662 697 783 727 crescit
812 694 924 733 dolor,
951 705 1024 726 cum
1054 695 1141 725 videt

169 738 290 771 malurn
311 739 428 770 mutari
451 748 515 769 non
537 749 651 780 posse.

255 782 431 814 Secundus
460 780 555 812 locus
583 787 635 812 est
658 781 799 820 difflatas
822 781 955 810 virtutis.
1000 778 1049 811 Tu
1072 789 1140 810 non

170 823 273 856 dobes
290 830 426 866 propter
436 824 584 855 dolorem
595 822 706 855 facere
725 829 840 854 contra
859 823 1021 854 virtutem.
1057 821 1140 854 Cato

170 877 236 899 uon
258 868 356 899 debet
385 867 446 897 sibi
470 867 684 898 consciscere
707 872 845 897 mortem
867 871 1004 906 propter
1026 865 1141 896 adver·

169 919 241 941 sam
270 909 450 941 fortunam:
480 909 556 951 quia
584 909 647 940 hoc
676 914 801 950 pugnat
828 918 903 939 cum
925 907 1059 939 iustitia.
1105 907 1140 938 ln

170 952 312 984 Socme
343 951 440 983 laude
471 953 569 993 digna
599 957 650 982 est
680 949 897 992 aequabilitas
926 951 1041 988 animi,
1077 961 1141 992 qua

171 996 268 1027 etiam
289 996 466 1027 moriturus
488 1004 569 1036 prae
591 1004 628 1025 se
650 992 715 1025 fert
735 994 994 1025 moderationem
1013 1000 1045 1024 et
1065 1003 1142 1025 con·

170 1039 335 1070 stantiam.
380 1037 521 1075 Contra,
545 1043 640 1078 turpe
662 1043 730 1075 cst,
753 1043 785 1068 et
807 1046 958 1078 pugnans
982 1045 1055 1067 cum
1081 1037 1142 1067 vir-

170 1087 256 1119 tute,
284 1091 356 1112 cum
381 1079 433 1111 alii
457 1079 511 1111 vel
532 1090 630 1112 :itanu
651 1080 715 1111 sibi
744 1079 884 1111 afferunt
905 1079 986 1117 vim,
1015 1077 1070 1110 vel
1096 1079 1141 1110 in-

172 1122 307 1165 dulgent
330 1122 447 1155 dolori.

257 1174 348 1207 Haec
383 1173 567 1205 consolatio
600 1173 768 1215 aliquanto
803 1172 878 1214 plus
906 1171 1010 1210 valet,
1045 1183 1140 1214 quani

170 1216 227 1249 illa
249 1218 354 1258 prior:
379 1217 455 1258 quia
477 1215 531 1248 hic
555 1217 649 1254 ordo,
663 1226 723 1257 seu
742 1217 892 1247 iudicium
913 1222 963 1247 est
981 1216 1012 1246 in
1036 1223 1142 1246 mente

171 1258 375 1297 naturaliter,
409 1260 498 1300 quod
532 1257 746 1301 intelligimus
776 1260 927 1290 virtutem
957 1257 1142 1289 anteferen-

171 1303 245 1334 daenn
268 1312 345 1333 esse
368 1301 485 1340 dolori,
506 1307 536 1332 et
559 1303 699 1333 maxime
721 1302 884 1332 vitandam
910 1310 985 1332 esse
1010 1301 1142 1341 turpitu-

172 1347 290 1377 dinem.
335 1344 440 1376 Affert
461 1345 560 1387 igitur
582 1342 703 1385 aliquid
724 1344 900 1385 patientiae
924 1343 1079 1384 cogitatio
1103 1343 1143 1375 de

173 1388 427 1419 conservatione
449 1386 546 1419 huius
570 1387 705 1418 ordinis.
751 1385 875 1418 Verum
897 1387 930 1417 in
949 1384 1057 1417 multis
1077 1396 1142 1416 non

171 1429 277 1468 valet,
304 1430 437 1471 quando
466 1429 655 1471 magnitudo
686 1427 812 1460 doloris·
841 1435 977 1470 superat
1000 1429 1144 1470 aequitu-

172 1480 236 1505 tem
260 1479 291 1504 et
314 1472 570 1504 moderationem
592 1472 699 1503 animi.

256 1532 387 1565 Tertius
420 1531 516 1564 locus
545 1537 597 1563 est
627 1532 708 1561 bona
736 1532 944 1565 conscientia.
979 1540 1065 1572 quae
1092 1529 1144 1562 vel

172 1576 317 1617 inprimis
348 1574 445 1613 facit,
478 1581 513 1606 ut
541 1576 629 1606 intus
658 1575 765 1606 minus
796 1572 984 1612 doleamus,
1018 1574 1144 1605 etiamsi

172 1620 332 1661 patiamur
368 1618 465 1653 l'oris3
498 1619 583 1650 sicut
617 1617 750 1648 dicitur:
785 1616 842 1646 Ert
876 1617 996 1656 ale'quid
1025 1618 1146 1655 maym's

173 1664 285 1692 crimen
309 1662 412 1691 abesse
435 1661 532 1690 malis.
579 1660 619 1691 Et
642 1660 872 1691 Nazianzenus
901 1660 1019 1711 inquit:
1049 1658 1146 1690 Οὐδὲν

172 1703 267 1741 οὕτως
289 1704 458 1746 εὐφραίνειν
480 1703 554 1742 ἡμᾶς
576 1705 699 1742 εἴωθεν,
722 1702 822 1744 ὥςπερ
844 1702 978 1738 συιέιδος
999 1702 1146 1744 καθαρὸς,

173 1751 222 1778 καὶ
245 1748 362 1784 ἐλπίδες
385 1747 512 1786 drudus,
541 1746 573 1777 id
603 1754 671 1784 est,
701 1745 794 1776 Nihil
813 1750 874 1775 tam
898 1744 1056 1775 eoeltilarat
1077 1756 1145 1783 nos,

172 1794 317 1831 quantum
339 1792 529 1820 conscientia
545 1800 628 1828 pura
646 1793 675 1819 et
692 1799 762 1828 spes
780 1789 868 1818 bona.
915 1787 1052 1826 Contra,
1071 1798 1144 1819 cum

175 1834 378 1865 conscientia
402 1840 451 1863 est
475 1833 602 1872 saucia,
630 1838 682 1863 est
705 1830 826 1872 duplex
849 1830 985 1869 malum,
1008 1831 1144 1862 interius

175 1883 206 1908 et
235 1877 387 1908 exterius.
440 1876 471 1907 ls
500 1876 553 1917 qui
581 1875 702 1916 patitur
730 1873 814 1906 mala
842 1875 1063 1912 conscientia,
1086 1874 1144 1905 du-

175 1918 303 1960 pliciter
325 1917 431 1956 dolet‚
455 1920 543 1949 intus
562 1917 708 1955 scilicet,
736 1924 767 1948 et
791 1916 885 1948 soris.
931 1917 998 1948 lmo
1022 1917 1143 1948 crucia-

175 1970 228 1994 tus
252 1962 473 1994 conscientiae
496 1961 599 1992 maior
622 1967 683 1998 est,
703 1970 799 2001 quam
819 1966 957 1992 externa
975 1958 1144 1997 laceratio,

174 2012 209 2037 ιιι
231 2015 332 2046 saepe
362 2004 501 2036 diximus
529 2004 570 2035 de
589 2002 645 2034 illo
668 2003 810 2044 pistore,
840 2003 892 2044 qui
917 2002 1066 2033 Viennae
1091 2012 1144 2033 ve-

175 2055 248 2079 ruto
275 2045 414 2084 affixm„
447 2045 615 2078 clamavit:
651 2045 785 2075 Dolom
814 2047 1039 2078 eonscientiae,
1067 2055 1145 2084 quos

171 2094 332 2130 pateretur
359 2091 391 2119 in
422 2090 531 2123 corde,
566 2100 632 2118 cnm
664 2089 704 2118 de
734 2098 804 2117 vore
829 2088 951 2126 puellae
981 2089 1145 2126 coyitnret,

175 2144 263 2174 quam
286 2134 456 2172 offerentem
480 2142 580 2161 omnes
600 2142 702 2171 pupas
725 2142 811 2161 snas.
837 2131 1028 2162 trucidarat.
1053 2130 1146 2160 multo

176 2179 305 2206 maiores
328 2187 405 2209 esse,
430 2186 518 2215 quam
542 2185 642 2204 onmes
665 2176 822 2203 erm-inens
845 2175 995 2213 corporis.

262 2236 406 2271 Quartus
431 2235 524 2266 locus
543 2241 619 2267 sunt
632 2234 781 2273 exempla.
831 2233 885 2263 Est
907 2240 1015 2264 antem
1030 2233 1144 2264 Exem-

177 2279 284 2321 plum,
311 2289 414 2310 causn
439 2279 564 2309 leniens
588 2276 754 2313 dolorem3
782 2277 872 2318 quin.
902 2287 974 2307 vum
1001 2277 1147 2307 videmus·

177 2322 435 2364 praestantiores
460 2321 555 2352 nobis
578 2320 662 2362 pati,
691 2321 874 2361 cogitamus
906 2329 969 2349 non
994 2319 1148 2350 iniustum

177 2375 270 2402 esse,
294 2375 355 2396 nos
378 2374 510 2406 quoque
533 2364 600 2405 pati
624 2362 751 2394 similia.
802 2362 996 2393 interfectus
1016 2369 1065 2392 est
1090 2362 1149 2392 l’n—

177 2407 342 2445 lamedes,
365 2409 540 2443 Socrates,
570 2405 684 2447 pulsus
707 2412 757 2437 est
781 2406 885 2447 patria
910 2405 1093 2438 Aristides,
1118 2412 1149 2434 et
1174 2402 1176 2408 '

177 2449 344 2482 alii·niulti
368 2451 476 2493 magni
502 2450 559 2481 vin'
584 2450 674 2490 passi
698 2453 773 2479 sunt
796 2449 827 2479 in
852 2449 963 2479 causis
986 2446 1148 2478 honestis:

180 2493 317 2524 Patiari-
341 2504 422 2535 ergo
446 2500 478 2524 tn
503 2503 644 2534 quoque.
691 2492 748 2523 Sic
771 2501 844 2522 cum
869 2491 1015 2521 videmus
1040 2491 1070 2520 in
1095 2500 1149 2520 res

179 2537 338 2567 adversas
368 2537 512 2567 invidere
543 2545 657 2566 omnes
686 2534 770 2566 alios
793 2534 942 2565 homines
964 2538 1076 2571 (neino
1100 2540 1148 2563 cst
1174 2545 1175 2550 ¹

179 2580 263 2610 enim
287 2579 465 2617 hominum,
490 2579 540 2610 cui
565 2589 631 2609 non
654 2578 803 2609 accidant
828 2576 928 2608 multa
951 2577 1072 2608 tristia)
1097 2587 1150 2607 vo-

181 2623 321 2664 gitamus
355 2629 490 2663 propter
523 2620 774 2664 aequalitatem,
807 2630 866 2652 seu
898 2625 1033 2661 propter
1062 2619 1150 2651 iusti-

807 175 916 210 PfflL.
939 176 1042 209 MEL.
1064 175 1248 209 scmPTA
1270 174 1530 208 EXEGETlCA.

2102 178 2166 212 800

785 268 908 313 Magna
931 276 982 301 est
1005 269 1141 301 stultitia
1165 271 1169 299 ῐ
1195 269 1288 306 tiam,
1311 278 1374 299 nos
1397 269 1493 300 etiam
1523 267 1609 301 ferre
1632 269 1768 308 debere,
1798 270 1886 312 quod
1908 280 2080 303 commune
2103 279 2165 311 est,

169 312 245 363 {⁸9⁶⁶
267 317 370 354 κέντρα
391 313 545 350 λακτίζειν,
568 310 670 341 calces
692 311 834 342 attollere
855 317 967 343 contra
984 312 1141 342 stimulos.-
1166 303 1169 333 Ι

1193 320 1236 342 ne
1259 311 1427 342 videamur
1449 310 1536 343 velle
1559 313 1687 353 excepti
1711 323 1786 344 esse
1809 324 1829 344 a
1852 313 2014 345 communi
2037 322 2137 346 sorte.

1279 352 1314 384 ln
1348 353 1518 395 Scriptura
1553 355 1604 386 bis
1638 361 1690 386 est
1723 356 1830 396 posita
1863 355 1946 388 haec
1980 358 2163 388 sententia:

1196 395 1225 426 l.
1244 394 1327 437 Reg-
1347 396 1399 428 19.
1421 397 1524 438 inquit
1547 395 1655 428 Elias:
1676 397 1749 428 Non
1767 407 1831 427 sum
1852 398 1969 433 melior,
1991 409 2079 438 quam
2101 399 2152 429 Pa

1192 441 1255 468 trec
1271 439 1343 467 mvi:
1365 445 1397 470 et
1419 439 1445 470 l.
1463 439 1737 472 Maccahaeorum
1757 439 1806 472 13.
1823 441 1925 483 inquit
1943 441 2056 472 Simon
2074 441 2164 473 Mao—

1193 482 1355 512 eabaeus:
1377 481 1450 512 Non
1471 492 1535 511 sum
1557 482 1662 512 melior
1685 483 1840 520 fratribus
1867 485 1954 518 meis,
1979 485 2033 523 qui
2054 486 2166 514 mortua·

1192 526 1271 552 sunt·
1318 523 1359 555 Et
1377 531 1428 556 est
1446 523 1583 566 vulgare
1601 525 1739 557 dictum:
1764 525 1870 557 Κοινόν
1882 527 2019 566 ναυάγιον
2030 527 2164 564 ἑκάστοις

1193 565 1404 607 παραμόθιονι
1438 567 1599 597 Commune
1626 569 1840 607 nuufraqium,
1871 573 1916 599 est
1943 569 2074 608 cingulis
2096 580 2164 600 cou-

1192 608 1317 638 eolutae‘o.
1362 609 1429 641 Sed
1451 609 1516 641 hoc
1544 611 1639 642 nimis
1666 610 1820 642 ferociter
1848 613 1981 650 dicitur,
2012 619 2045 643 et
2067 613 2164 654 perti-

1195 658 1248 682 net
1268 652 1313 682 ad
1335 650 1485 684 homines
1508 651 1650 685 feroces.
1695 654 1826 685 interim
1849 655 1880 685 in
1906 655 2000 686 bonis
2019 654 2115 686 etiam
2133 662 2165 686 et

1194 694 1370 725 moderatis
1398 694 1582 728 hominibus
1610 697 1725 727 umbra
1755 704 1786 728 et
1809 697 1916 739 imago
1941 698 2098 735 iustitiae,
2122 698 2163 728 ad

1194 746 1290 778 quam
1314 736 1464 779 exempla
1485 748 1548 769 nos
1571 739 1754 777 deducunt,
1781 740 1874 771 affert
1897 739 2020 781 aliquid
2044 750 2164 772 conso-

1193 778 1340 817 lationis,
1369 781 1502 821 quando
1531 782 1678 823 cogitas:
1706 792 1808 824 quare
1837 790 1869 814 tu
1897 783 1947 814 vis
1971 792 2048 814 esse
2071 788 2164 814 extm

1193 827 1317 853 sortem
1342 831 1544 854 communem
1567 824 1666 855 totius
1688 825 1818 866 generis
1838 825 1992 858 humani?
2015 825 2064 856 vis
2089 835 2166 856 esse

1193 863 1310 896 Deus?
1355 863 1495 896 Patiaris
1512 864 1648 907 aliquid,
1679 874 1714 899 ut
1736 873 1770 899 tu
1794 874 1824 899 et
1846 867 1902 899 alii
1925 874 2111 910 agnoscant
2134 874 2166 900 ue

1195 917 1271 938 esse
1303 906 1484 946 hominem,
1518 913 1626 940 tamen
1658 908 1715 941 illa
1742 911 1837 942 etiam
1866 909 2056 942 melioribus
2079 911 2166 942 acci-

1196 950 1324 981 derunt.

1281 992 1422 1028 Quintus
1450 992 1546 1025 locus
1576 999 1653 1025 sunt
1680 1005 1792 1024 causae
1810 995 1931 1033 finales:
1955 1002 1989 1026 ιιι
2011 1006 2085 1026 cuni
2107 994 2165 1027 ali-

1195 1035 1268 1077 quis
1302 1036 1423 1077 patitur
1460 1046 1520 1077 pro
1554 1036 1755 1077 Republica,
1796 1038 1827 1068 in
1861 1047 1963 1069 causa
1996 1036 2166 1075 laudabili,

1194 1078 1352 1119 aequiore
1385 1079 1493 1110 animo
1531 1079 1627 1110 vincit
1664 1079 1822 1110 dolorem.
1883 1078 1980 1111 Miles
2014 1089 2167 1121 pugnans

1194 1131 1254 1162 pro
1279 1119 1460 1162 Republica
1490 1120 1619 1154 facilius
1646 1122 1712 1153 adit
1737 1123 1912 1153 discrimen
1935 1128 1967 1154 et
1989 1120 2168 1163 periculum

1195 1164 1297 1202 vitae,
1327 1165 1401 1205 quia
1431 1165 1493 1195 scit
1522 1174 1560 1196 se
1590 1175 1663 1197 cum
1695 1163 1792 1196 laude
1823 1167 2038 1203 occumbere,
2066 1172 2100 1196 ut
2123 1165 2169 1195 di-

1193 1207 1276 1237 citur
1291 1217 1296 1236 ι

1237 1265 1305 1295 Pro
1327 1268 1436 1305 patria
1459 1277 1598 1306 maynnm
1622 1266 1717 1296 docus
1739 1271 1785 1298 est
1803 1267 1998 1306 profundere
2017 1269 2120 1298 ruma.

1281 1325 1402 1356 Sextus
1426 1324 1521 1356 locus
1544 1333 1594 1357 est
1613 1326 1742 1356 collatio
1760 1331 1929 1356 eventuum:
1953 1327 1984 1358 id
2001 1333 2169 1369 est,‚c0m-

1196 1368 1323 1409 paratio
1352 1368 1598 1399 commodorum
1628 1375 1660 1399 et
1688 1369 1984 1400 incommodorum:
2014 1377 2068 1407 ut,
2097 1380 2169 1400 cum

1197 1410 1322 1452 cogitat
1352 1409 1486 1451 aliquis:
1519 1411 1554 1442 Si
1585 1411 1648 1442 ista
1678 1411 1734 1442 tibi
1764 1421 1830 1442 non
1860 1411 2078 1449 accidissent,
2112 1422 2170 1452 po·

1197 1454 1339 1485 tuissent
1368 1453 1532 1484 deteriora
1559 1454 1725 1485 accidere.
1781 1452 1937 1494 Pompeio
1965 1451 2082 1485 suisset
2105 1464 2171 1485 mo·

1198 1494 1261 1527 lius
1289 1496 1372 1527 mori
1400 1502 1476 1527 ante
1508 1495 1629 1528 bellum
1660 1495 1773 1535 civile,
1803 1507 1877 1528 cum
1901 1494 1996 1527 valde
2019 1503 2171 1539 aegrota-

1199 1545 1260 1577 ret,
1282 1549 1378 1581 quam
1402 1547 1519 1580 postea
1543 1546 1607 1570 tam
1631 1538 1860 1570 miserabiliter
1884 1539 2034 1570 interfici.
2079 1539 2170 1577 lteni,

1199 1591 1273 1613 cum
1295 1581 1415 1623 aliquis
1438 1588 1548 1622 potest
1571 1592 1708 1623 sperare
1732 1583 1858 1614 maiora
1881 1582 2070 1620 commoda,
2094 1581 2171 1613 faci-

1198 1623 1262 1656 lius
1282 1622 1345 1656 fert
1368 1625 1555 1665 praesentia
1579 1625 1794 1656 incommoda.

1282 1667 1353 1700 Hae
1366 1674 1442 1699 sunt
1461 1667 1708 1699 consolationes
1721 1665 1981 1708 philosophicae,
1994 1670 2026 1698 et
2037 1668 2171 1698 eaedem

1199 1716 1400 1742 concurrunt
1422 1711 1453 1742 in
1478 1709 1761 1742 consolationibus
1786 1709 1973 1746 Ecclesiae,
1995 1710 2071 1750 quia
2096 1716 2172 1740 sunt

1199 1752 1341 1796 legales.
1387 1753 1471 1784 Sunt
1499 1753 1583 1785 enim
1608 1753 1650 1784 du
1675 1752 1757 1784 lices
1783 1751 2031 1783 consolationes
2054 1753 2086 1784 in
2112 1751 2173 1784 Eoe

1198 1796 1312 1828 clesia.
1357 1794 1454 1828 Aliae
1477 1802 1554 1828 sunt
1578 1794 1652 1838 lega
1669 1805 1723 1834 es,
1748 1793 1831 1826 aliae
1854 1794 2090 1837 Evangelicae.

1257 1979 1410 2019 Suntne
1442 1979 1584 2033 plenae
1617 1978 1907 2019 consolationes
1941 1978 2120 2018 Philoso-

1603 2056 1771 2111 phicae‘?

1285 2146 1499 2188 Respondet».
1556 2146 1690 2178 Etiamsi
1726 2154 1892 2188 utcunque
1926 2145 2050 2179 leniunt
2080 2145 2172 2178 dolo-

1201 2201 1288 2226 rem,
1319 2197 1425 2221 tantm·
1455 2201 1519 2221 non
1551 2189 1688 2227 tollunt,
1719 2200 1825 2231 neque
1849 2190 2025 2221 ostendunt
2049 2190 2171 2221 exitum

1201 2244 1241 2264 ex
1273 2234 1423 2263 omnibus
1453 2233 1563 2264 unalis:
1598 2233 1679 2265 Sunt
1705 2232 1889 2272 ραΙΙίιιίιίἯε
1912 2242 2020 2265 vitruv.
2050 2239 2083 2263 ut
2108 2243 2172 2263 m&

1202 2276 1263 2306 dici
1288 2275 1476 2317 loquuntur.
1534 2274 1730 2317 Relinquunt
1755 2275 1917 2306 hominem
1943 2276 1973 2305 in
2006 2280 2110 2307 morte
2140 2282 2172 2306 et

1201 2319 1351 2349 miseriis.
1399 2319 1431 2350 ln
1457 2319 1618 2350 Ficerone
1642 2326 1672 2350 et
1694 2320 1831 2351 Socrate
1851 2317 2087 2358 ‹luatis-cunque
2105 2328 2171 2348 mo·

1202 2362 1325 2392 doratio
1350 2363 1459 2395 annui.
1483 2368 1533 2392 est
1557 2363 1672 2393 umbra
1696 2368 1830 2392 tuntum.
1855 2372 1918 2391 non
1943 2369 1991 2391 est
2018 2361 2172 2401 guadium

1202 2405 1326 2435 contis:
1360 2406 1426 2436 Sed
1450 2406 1481 2436 in
1506 2405 1672 2445 Baptista,
1701 2405 1732 2434 in
1759 2402 1876 2441 l‘nulo,
1904 2404 1958 2444 qui
1982 2411 2070 2434 tonet
2096 2414 2172 2434 con-

1202 2447 1396 2485 solatium-s,
1421 2459 1484 2479 non
1510 2454 1632 2478 tnntnni
1657 2445 1794 2489 legales.
1818 2447 1877 2476 scd
1903 2447 1997 2476 vtintn
2022 2445 2113 2477 Evnn

1203 2489 1297 2526 lit-as,
1322 2498 1396 2521 sunt
1421 2491 1506 2521 initia
1532 2491 1616 2521 vitat·
1639 2497 1809 2521 aeternat-t
1835 2497 1916 2520 swm
1944 2489 2097 2521 Plu-inus
2117 2456 2173 2520 ἳιῖ

1202 2534 1315 2574 iuquit:
1345 2533 1385 2563 U!
1408 2533 1555 2573 ynudn'nm
1578 2537 1707 2562 vestrum
1731 2534 1770 2562 sit
1793 2532 1923 2571 plo-num.

1288 2575 1392 2607 Vocat
1421 2584 1527 2608 nutent
1558 2575 1816 2615 consolatimwun
1848 2575 2000 2616 gniidium
2031 2573 2173 2615 plenum,

1203 2629 1266 2649 non
1288 2620 1484 2659 quantitate,
1508 2620 1539 2650 id
1563 2625 1634 2656 est,
1657 2629 1730 2650 cum
1754 2616 1832 2649 nihil
1855 2619 1958 2655 desit,
1989 2617 2048 2649 sed
2072 2615 2172 2658 quali-
