2324 2958
116 173 142 205 fi

121 266 185 298 frui
207 264 346 297 aliorum
373 261 564 299 laboribus,
590 261 651 292 sed
674 270 739 291 non
768 257 885 291 volunt
912 258 1002 291 serre
1025 270 1099 301 par-

120 315 184 340 tem
209 306 428 338 communium
446 303 608 341 laborum,
630 309 747 334 contra
770 302 908 333 dictum:
940 301 1003 337 Qui
1032 313 1099 334 non

118 349 260 386 laborat,
282 358 349 379 11011
371 348 558 379 manducet.

205 391 304 422 Pueri
326 389 392 422 hoc
415 390 513 422 etiam
538 390 731 425 observent,
755 385 852 418 aliam
882 387 1096 428 significatio·

118 445 194 467 nem
220 443 305 465 -esse
339 431 493 464 vocabuli
527 440 686 473 grossuS,
721 440 794 461 cum
827 427 1026 461 transfertur
1054 431 1098 462 ad

166 480 227 508 nu's
257 482 425 513 monetae,
458 481 495 506 ut
526 484 600 506 cum
635 474 723 514 apud
755 471 943 503 Germanos
970 471 1098 507 ,Grossi

142 520 273 552 icuntur
307 519 433 560 9101111111
475 519 541 555 obet
580 523 665 558 grove
696 515 799 555 *Dixine
833 525 866 556 q.
898 514 929 546 d.
967 521 1098 547 moneta

118 562 227 604 figura
250 567 284 592 et
307 559 422 592 valore
445 561 561 597 maior,
579 569 678 600 quam
701 563 779 590 sunt
802 558 922 589 nummi
947 564 980 588 et
1001 567 1098 589 asses

119 603 286 646 vulgares
331 602 422 634 Haec
444 602 642 644 significatio
678 601 742 633 etsi
769 610 857 632 nunc
886 607 1020 642 recepta
1047 607 1098 632 051

118 649 150 679 in
173 655 328 678 sermone
361 644 527 686 populari:
562 651 670 675 tamen
704 654 771 675 non
805 641 865 674 fuit
897 644 930 674 in
963 644 1100 685 antiqua

119 688 360 723 consuetudine
390 689 439 719 sic
465 686 570 729 loqui:
604 693 684 728 puto
715 686 945 717 Germanicam
981 696 1098 717 vocem

119 733 209 773 feigeu
235 731 321 762 sicut
345 738 375 761 et
399 730 550 762 Latinam
573 728 825 771 appellationem
850 728 932 759 ficus
956 738 1032 760 esse
1054 729 1097 760 ab

118 775 272 807 Hebraeo
292 773 423 815 phayt'm
446 773 534 814 quod
558 773 590 803 in
614 773 774 814 regimine
797 770 918 814 legitur
936 771 1053 812 phaye.

205 816 274 848 Sed
296 826 401 857 pergo
435 815 478 847 ad
523 813 598 847 alia.
663 815 821 846 Sexibunt
861 813 1097 855 Evangelistac

119 860 309 891 occurrisse
328 858 461 890 Christo
497 856 654 900 populum
685 868 758 889 cum
793 858 894 888 ramis
915 856 1096 897 palmarum

118 908 151 933 et
173 901 330 933 olearum.
376 901 412 932 ld
436 901 589 932 usitatum
613 899 673 932 suit
701 902 732 932 in
761 900 891 941 pompis
921 899 1096 940 triumpha-

117 943 217 983 libus,
243 954 316 975 eum
345 943 506 985 Princeps
536 943 655 985 aliquis
683 944 716 974 in
746 943 860 974 urbem
888 953 909 973 0
936 952 973 974 50
997 953 1096 974 occu-

116 994 225 1028 putam
248 988 421 1028 ingressus
449 993 516 1024 est,
547 993 604 1018 001
632 997 705 1017 eum
733 986 849 1017 victori
875 985 1025 1016 redeunti
1055 996 1095 1017 ex
1119 999 1124 1053 Ι

116 1029 206 1062 bello
230 1029 370 1061 {eliciter
383 1028 536 1061 consecto
557 1030 688 1060 obviam
706 1028 879 1070 progressi
903 1034 980 1059 511111
1003 1029 1095 1060 cives

115 1073 253 1105 honoris
278 1082 389 1104 causa.

203 1115 264 1146 Hie
285 1125 398 1146 rursus·
422 1114 673 1146 considerentur
695 1112 860 1145 vocabula
883 1119 916 1144 et
938 1114 1095 1155 picturae,

117 1158 158 1191 de
176 1159 301 1200 quibus
323 1156 381 1189 illa
404 1164 549 1188 monent.

202 1199 398 1241 Triumphus
429 1200 547 1231 dieitur
575 1210 594 1230 a
616 1203 708 1243 ῠρίᾳ,
738 1199 769 1230 id
800 1199 867 1237 e'st,
896 1198 1011 1231 sotium
1030 1199 1096 1237 fici,

115 1250 149 1275 et
183 1243 307 1284 ἄμβειῖω
337 1243 504 1274 circumdo
539 1252 600 1273 seu
641 1240 844 1283 circumligo.
900 1242 984 1273 Nam
1018 1240 1094 1273 olim

115 1287 261 1318 victores
285 1286 530 1317 coronabantur
552 1283 640 1316 soliis
661 1284 732 1322 tici,
767 1285 843 1326 quia
873 1285 1013 1316 victoria
1042 1292 1093 1316 051

114 1327 238 1360 dulcis:
262 1335 294 1359 et
317 1327 414 1359 dulce
435 1335 488 1359 est
512 1329 700 1359 meminisse
723 1327 887 1365 laborum,
912 1328 997 1359 sicut
1019 1327 1094 1359 Pin-
1117 1323 1122 1387 Ι

113 1372 216 1403 datus
239 1372 298 1402 ait:
322 1369 422 1403 Melle
436 1370 565 1402 dulcior
588 1377 639 1402 051
661 1370 817 1402 victoria:
841 1378 872 1402 et
897 1370 962 1402 1100
979 1381 1093 1402 verum
1117 1389 1122 1401 t

114 1421 178 1452 est,
202 1424 270 1446 non
292 1420 417 1445 tautum
442 1414 483 1444 de
507 1412 615 1451 bellis,
639 1414 698 1444 sed
722 1415 817 1445 etiam
842 1415 882 1445 de
903 1413 978 1445 aliis
1001 1413 1093 1445 labo-

114 1457 219 1495 ribus,
241 1457 271 1487 in
295 1457 415 1498 quibus
429 1457 633 1487 subeundum
650 1455 707 1486 suit
733 1454 865 1496 aliquod
889 1467 992 1498 grave
1007 1457 1093 1497 peri-

114 1499 236 1537 culum,
260 1510 325 1540 qua
347 1506 517 1539 superato,
549 1510 622 1530 cum
646 1497 734 1529 felici
760 1509 922 1530 successu
943 1497 1091 1530 laborem

113 1541 337 1578 confecimus,
371 1548 403 1572 et
432 1543 600 1573 setuntlos·
630 1548 770 1572 eventus
800 1542 992 1579 habuimus,
1025 1552 1093 1572 nnn

112 1590 223 1626 potest
245 1594 310 1615 non
334 1583 400 1615 hoc
421 1584 518 1615 nobis
543 1583 771 1615 dulcissimum
794 1594 881 1616 0550.

199 1627 266 1659 Sed
285 1627 454 1658 Cadmaea
477 1627 615 1657 victoria
638 1625 793 1658 luctuosa
817 1633 878 1663 051,
902 1630 938 1658 bo
963 1631 994 1659 ee
1019 1628 1092 1658 (111εὸ

113 1669 175 1706 11οῆ
198 1673 284 1703 tinem
301 1669 414 1707 buttft'rn
427 1671 519 1707 blein.
542 1669 575 1700 id
599 1676 662 1706 est,
686 1680 760 1700 cum
785 1671 936 1710 utrinque
956 1676 1093 1701 cruenta

112 1719 165 1745 est
187 1713 327 1745 victoria
347 1718 378 1744 et
400 1719 514 1753 partes
537 1713 622 1743 inter
645 1722 683 1743 50
707 1713 946 1743 contendentes
970 1713 1091 1744 mutuis

113 1757 213 1787 armis
251 1766 288 1787 se
323 1755 521 1793 conficiunt,
560 1762 596 1786 ut
631 1754 665 1786 fit
700 1754 893 1797 plerumque
927 1756 957 1785 in
993 1754 1092 1786 bellis

112 1797 276 1831 civilibus.
339 1797 392 1829 De
430 1798 493 1830 1100
532 1797 698 1830 (3011010εο
736 1799 876 1830 victoria
911 1798 1028 1830 dicitur
1060 1799 1092 1829 in
1116 1814 1121 1842 Ι

112 1852 228 1874 versu:
1116 1846 1121 1870 ἱ

199 1887 306 1916 Κλαίει
329 1884 345 1914 ὁ
367 1886 510 1922 νικηθεὶς,
535 1883 551 1914 o‘
575 1883 606 1914 δὲ
630 1884 750 1922 νικήσας
773 1883 937 1919 ιῗπόλωλεν,
1115 1871 1121 1958 Ι

197 1926 268 1958 Flet
292 1927 410 1965 victus,
433 1927 491 1958 sed
515 1927 623 1958 victor
645 1927 776 1958 interiit.

198 1970 252 2001 De
293 1979 382 2001 more
417 1969 636 2010 triumphandi
691 1969 777 2001 alias
810 1970 976 2007 dicemus,
1018 1980 1091 2001 eum

111 2013 211 2044 1115101
221 2013 251 2044 10
275 2012 494 2044 ,ascensionis
517 2011 639 2044 Christi
663 2012 858 2053 explicanda
891 2013 972 2051 erit,
1005 2024 1093 2044 nunc

111 2054 344 2087 adolescentes
366 2054 614 2098 Etymologiam
636 2054 790 2087 vocabuli
821 2057 1021 2094 observent,
1057 2062 1092 2087 ut
1114 2083 1117 2087 .

111 2099 216 2129 sciant
237 2097 432 2139 triumphum
467 2097 573 2130 fuisse
605 2109 757 2140 pompam
791 2100 825 2130 in
858 2109 924 2140 qua
946 2099 1091 2131 victores

111 2142 260 2173 coronati
284 2148 377 2173 erant
400 2140 488 2172 soliis
512 2141 575 2172 fici.

199 2183 299 2216 Aliud
339 2182 538 2215 vocabulum
577 2190 630 2215 051
662 2183 892 2225 Trophaeum:

112 2226 267 2259 columna
298 2233 354 2258 aut
389 2233 519 2265 statua,
552 2233 609 2258 aut
630 2237 746 2266 arcus,
780 2234 836 2259 aut
870 2228 1118 2269 quodcunque·

111 2276 356 2302 monumentum
380 2276 525 2301 erectum
555 2279 595 2301 eo
618 2267 715 2308 loeo,
745 2271 800 2302 ubi
823 2270 931 2301 hostis
955 2269 1090 2312 fugatus

112 2320 193 2345 erat.
228 2313 355 2344 Nomen
380 2319 431 2344 est
455 2323 474 2343 a
498 2313 605 2353 τράπῃ,
624 2313 656 2343 id
679 2319 742 2351 est,
765 2323 786 2345 a
808 2313 990 2356 fugatione,
1013 2314 1089 2355 quia

112 2361 183 2387 erat
205 2357 336 2397 signum
359 2355 463 2397 fugati
489 2355 608 2387 hostis.

198 2398 264 2430 Sed
284 2409 344 2431 eur
367 2397 641 2440 praeferebantur
674 2399 754 2430 rami
788 2397 883 2431 oleae
911 2404 945 2430 et
966 2397 1090 2440 palma-

111 2441 205 2473 rum?
228 2441 440 2483 Respondco.
485 2439 569 2472 Olea
592 2441 759 2483 significat
779 2452 911 2484 pacem:
939 2448 973 2473 et
994 2451 1090 2483 prae-

113 2481 202 2515 ferre
223 2495 349 2516 ramum
372 2483 500 2523 olivae,
530 2490 601 2515 erat
627 2484 759 2527 signum
788 2485 930 2527 petentis
959 2495 1088 2526 pacem,

112 2533 149 2558 ut
171 2537 272 2569 saepe
289 2535 343 2559 est
372 2529 404 2559 in
427 2527 535 2559 Livio.
587 2526 782 2569 Exemplum
809 2529 939 2570 insigne
968 2537 1019 2559 051
1048 2528 1090 2559 110

114 2567 226 2602 classe
248 2569 385 2608 Punica,
409 2580 495 2612 quae
517 2571 663 2603 accessit
685 2571 727 2602 ad
747 2569 890 2604 classem
913 2570 1090 2613 Scipionis,

112 2613 171 2645 ubi
192 2613 304 2654 Scipio
327 2613 429 2645 edixit
460 2612 618 2646 militibus
641 2614 723 2651 suis,
751 2620 789 2646 ut
811 2621 968 2657 pararent
986 2623 1025 2646 se
1046 2614 1090 2646 ad

947 2184 982 2215 ld
1020 2190 1092 2216 erat

808 167 1028 198 POSTmLA
1049 166 1446 199 MfflNTHON1ANA.
2105 171 2126 203 6

1150 261 1378 293 dimicandum.
1424 260 1492 291 Sed
1516 261 1594 292 vidit
1616 263 1726 292 navim
1745 264 1881 303 propius
1911 264 2125 297 accedentcm

1149 304 1182 335 in
1204 312 1306 344 prora
1326 309 1440 334 tenere
1469 312 1593 334 ramum
1618 302 1737 342 olivae,
1763 305 2004 337 Animadvertit
2033 318 2125 349 ergo,

1150 345 1239 387 quod
1260 345 1410 377 venirent
1432 346 1567 386 petitum
1600 356 1725 387 pacem.
1780 347 1829 378 lta
1861 347 1914 379 hie
1942 351 2126 389 procedunt

1149 389 1280 421 obviam
1303 386 1439 419 Christo
1463 398 1536 419 cum
1559 389 1659 420 ramis
1683 387 1786 421 oleae.
1821 389 1896 425 Quo
1919 392 2125 434 significatur

1149 442 1222 463 eum
1246 440 1323 462 esse
1346 431 1496 462 datorem
1518 438 1551 462 et
1573 432 1826 464 instauratorem
1848 435 1952 474 pacis.

1235 473 1270 505 111
1292 474 1435 514 imperiis
1454 479 1488 504 et
1510 472 1764 514 Rebuspublicis
1787 476 1831 506 ita
1863 478 2027 509 debebant
2052 479 2123 519 geri

1150 515 1250 554 bella,
1272 523 1307 548 ut
1330 527 1393 557 pax
1413 517 1679 554 constitueretur,
1701 517 1787 548 sicut
1803 519 1844 549 de
1866 518 2122 555 CaroloQuinto

1147 561 1180 591 in
1203 559 1375 591 obsidione
1411 560 1502 590 urbis
1532 559 1816 602 Witenbergensis
1853 560 1960 593 sactus
1990 569 2041 594 est
2069 562 2124 594 hie

1148 612 1289 634 versus:

1240 645 1313 676 ζἠα
1333 645 1419 685 yerit
1441 645 1569 682 bellum,
1598 655 1713 684 pacem
1740 656 1852 677 manus
1875 648 1979 678 altera
2002 649 2122 679 reddit.

1234 686 1322 719 Nihil
1345 686 1523 729 gloriosius
1545 688 1610 718 dici
1633 694 1746 728 potest
1768 690 1809 720 de
1833 690 2123 731 gubernatoribus,

1171 741 1245 761 uam
1275 731 1304 762 si
1336 729 1421 761 11000
1454 728 1527 761 1005
1551 740 1630 761 vere
1663 730 1711 761 eis
1735 732 1832 762 tribui
1869 733 1986 773 possit.
2042 733 2123 765 Tale

1148 741 1207 805 ssuit
1228 773 1372 815 Augusti
1400 773 1579 813 imperium.
1636 772 1777 808 Quando
1806 776 1936 806 strinxit
1967 774 2124 817 gladium,

1148 816 1207 848 fuit
1230 814 1368 847 bellum:
1404 815 1544 851 Quando
1568 816 1713 847 condidit
1736 815 1881 858 gladium
1903 819 1935 849 in
1959 818 2124 859 vaginam,

1148 859 1271 901 quievit
1294 856 1416 890 bellum
1435 864 1468 889 et
1489 857 1548 889 suit
1570 868 1646 898 pax.
1681 860 1748 891 Sed
1771 859 1965 902 plerumque
1987 861 2021 891 fit
2046 871 2124 892 con-

1149 903 1295 938 trarium,
1318 908 1352 933 ut
1376 899 1461 932 bella
1485 908 1636 932 serantur
1659 913 1700 932 cx
1726 901 1832 933 bellis.

1235 942 1341 975 Valde
1368 942 1474 975 dulcis
1508 954 1563 974 res
1595 951 1646 989 051
1678 943 1768 982 olea,
1806 952 1837 976 et
1855 956 1936 976 usus
1959 944 2124 977 fructutmi

1149 988 1218 1018 eius
1253 987 1391 1018 maxime
1432 985 1575 1017 salubris
1610 993 1660 1018 est
1695 989 1909 1027 corporibus,
1951 995 1981 1019 et
2024 989 2121 1019 victui

1148 1029 1252 1061 utilis:
1288 1028 1367 1061 Tale
1395 1029 1559 1070 qrippicm
1593 1035 1645 1060 est
1671 1040 1751 1071 pax,
1785 1031 1857 1061 sine
1885 1041 1949 1072 qua
1974 1030 2122 1062 homines

1148 1083 1213 1104 non
1236 1079 1376 1114 possunt
1399 1072 1524 1103 habere
1546 1073 1809 1111 nutricationem‚
1839 1079 1894 1104 aut
1918 1072 2017 1105 ullam
2036 1074 2122 1105 vitae

1147 1116 1356 1148 suavitatem.

1234 1156 1348 1188 Palma
1371 1158 1537 1199 significat
1561 1158 1742 1196 victoriam,
1767 1159 1843 1200 quia
1867 1158 2123 1200 00101οΡ0111100

1147 1208 1218 1239 est,
1252 1207 1307 1239 ut,
1340 1201 1471 1241 quando
1495 1207 1669 1238 oneratur,
1705 1208 1855 1242 resurgat
1888 1209 2003 1233 contra
2027 1212 2121 1233 onus.

1147 1244 1290 1275 Fructus
1313 1241 1443 1283 palmae
1462 1245 1671 1275 nominantur
1701 1243 1864 1285 palmulae
1888 1246 2006 1283 ruttcln,
2036 1246 2122 1286 quod

1148 1292 1199 1317 est
1223 1285 1352 1317 Graece
1376 1285 1527 1321 δάκτυλος.
1574 1287 1644 1317 Nos
1670 1297 1734 1317 non
1757 1287 1918 1318 habemus
1943 1287 1974 1318 in
1998 1288 2123 1319 nostris

1146 1330 1338 1371 regionibus
1362 1327 1505 1369 palmas,
1540 1336 1570 1360 et
1596 1329 1683 1360 haud
1707 1331 1776 1360 scio
1800 1341 1841 1360 an
1865 1330 2123 1371 praestantiores

1146 1372 1275 1413 palmae
1299 1370 1375 1403 olim
1395 1370 1526 1409 fuerint,
1551 1382 1647 1414 quam
1672 1373 1705 1403 in
1725 1372 1854 1408 iudaea,
1887 1374 1947 1404 etsi
1967 1374 1998 1403 in
2023 1372 2122 1404 chal-

1147 1416 1231 1446 daea
1253 1425 1384 1456 qunque
1407 1421 1558 1455 repertae
1580 1414 1722 1446 fuerunt.

1232 1457 1306 1488 Fuit
1338 1457 1490 1488 Medicus
1525 1457 1697 1495 Damasei,
1731 1458 1785 1500 qui
1825 1458 2002 1498 quotannis
2037 1458 2123 1488 misit

1147 1500 1300 1542 Augusto
1323 1498 1485 1541 palmulas
1506 1501 1676 1537 eon-litas,
1706 1507 1801 1531 natas
1830 1502 1862 1531 in
1892 1500 2010 1531 iudaea
2035 1502 2123 1531 cirea

1145 1542 1284 1574 Iericho.
1331 1542 1397 1573 Eas
1421 1543 1594 1583 Augustus
1612 1544 1780 1573 nominare
1811 1541 1940 1574 solebat
1963 1541 2123 1573 Nicolaas

1147 1585 1298 1621 t'txoislodg
1321 1595 1339 1615 0
1363 1583 1500 1616 Nicolao
1532 1585 1753 1625 Peripatetico
1781 1585 2000 1617 Damascene
2048 1585 2123 1617 Fuit

1145 1627 1202 1659 ille
1227 1629 1276 1658 vir
1295 1629 1425 1664 doctus,
1449 1633 1480 1658 et
1503 1629 1634 1668 scripsit
1665 1629 1706 1659 de
1738 1629 1901 1659 variarum
1924 1639 2034 1660 rerum
2058 1638 2120 1659 usu

1146 1672 1178 1701 in
1201 1671 1377 1701 medicina:
1401 1670 1472 1701 Nec
1495 1676 1545 1701 est
1568 1671 1754 1701 inusitatum
1779 1671 1930 1701 homines
1954 1672 2122 1711 sapientes

1145 1713 1275 1744 mittere
1316 1723 1370 1743 105
1404 1713 1437 1743 10
1473 1713 1563 1743 victu
1598 1711 1714 1747 011105,
1756 1720 1808 1744 aut
1850 1713 1972 1744 alionui
2007 1719 2121 1754 gratas

1145 1756 1275 1797 magnis
1309 1755 1474 1792 Dominis,
1514 1755 1606 1786 Sicut
1640 1755 1832 1797 Imperatori
1868 1754 2007 1793 Cat-olo,
2050 1766 2122 1787 cum

1146 1805 1236 1830 esset
1258 1799 1432 1840 Augustae
1455 1797 1712 1836 Vindelicorum,
1737 1799 1869 1829 memini
1893 1800 1994 1830 missa
2017 1797 2121 1829 fuisse

1145 1841 1353 1873 000111100010
1377 1851 1420 1872 ex
1441 1841 1554 1882 regnis
1577 1840 1694 1881 procul
1717 1842 1851 1872 dissitis.

1231 1883 1446 1925 significatur
1478 1885 1579 1926 igitur
1610 1894 1670 1924 per
1692 1895 1804 1915 ramos
1826 1883 2020 1925 palmarum,
2053 1882 2121 1915 lau—

1145 1928 1219 1958 dem
1243 1928 1400 1958 victon'ae
1423 1926 1521 1957 etiam
1550 1925 1684 1958 Ciu-isto
1714 1933 1807 1958 recte
1838 1933 2034 1967 competere.
2080 1926 2122 1956 Et

1144 1969 1346 2011 intelligatur
1368 1971 1506 2001 victoria
1529 1969 1665 2008 Christi,
1688 1970 1776 2011 quod
1807 1980 1871 2001 non
1902 1971 1974 2010 ipse
1997 1975 2122 2000 tantum

1144 2013 1185 2044 sit
1208 2014 1315 2044 victor
1338 2013 1477 2054 peccati,
1500 2013 1616 2043 mortis
1639 2019 1671 2044 et
1694 2012 1828 2050 inferni,
1862 2013 1921 2043 sed
1946 2013 2033 2053 quod
2057 2021 2119 2042 nos

1144 2056 1242 2087 etiam
1261 2066 1320 2097 per
1342 2057 1449 2097 ipsum
1473 2056 1654 2087 vincamus.

1230 2098 1315 2134 Quid
1351 2104 1461 2139 potest
1489 2104 1597 2129 autem
1621 2099 1729 2130 maius
1764 2098 1859 2129 tribui
1890 2096 1945 2129 ulli
1969 2097 2121 2138 principi,

1143 2141 1354 2183 quantumvis
1383 2140 1550 2183 glorioso,
1585 2151 1682 2182 quam
1712 2141 1740 2171 si
1774 2142 1958 2172 tribuantur
1997 2140 2025 2170 ei
2059 2140 2122 2170 1100

1143 2183 1271 2221 10111105,
1296 2184 1384 2226 quod
1407 2185 1564 2216 instauret
1587 2194 1722 2224 pacem,
1751 2190 1781 2215 et
1805 2182 1934 2215 sortiter
1957 2192 1996 2213 ae
2019 2180 2121 2213 felici-

1143 2233 1193 2258 ter
1210 2228 1322 2259 vincat
1344 2226 1479 2258 hostes?
1537 2227 1607 2257 Hae
1639 2227 1723 2258 duae
1750 2225 1868 2257 laudes
1893 2225 2121 2256 tribuebantur

1144 2271 1297 2312 Augusto
1320 2270 1515 2312 ingredienti
1540 2269 1695 2307 Romam,
1729 2271 1817 2311 quod
1848 2275 1937 2300 esset
1959 2268 2120 2299 instaura-

1143 2319 1195 2344 tor
1217 2314 1311 2354 pacis
1345 2320 1377 2344 et
1410 2314 1516 2344 victor
1550 2311 1699 2344 hostium.
1758 2312 1847 2343 llaec
1880 2309 2014 2352 politica
2043 2316 2122 2341 sunt

1142 2356 1302 2397 imagines
1318 2378 1327 2394 ,
1366 2365 1452 2397 quae
1490 2365 1552 2387 nos
1593 2357 1712 2386 debent
1754 2353 2041 2385 commonefacere
2080 2353 2122 2384 de

1142 2400 1243 2430 rebus
1266 2399 1456 2436 maioribus,
1491 2400 1575 2430 sicut
1598 2397 1801 2439 Prophetae,
1832 2407 1905 2428 011111
1940 2395 2120 2438 loquuntur

1143 2442 1184 2473 de
1206 2451 1311 2482 regno
1344 2441 1506 2480 messiae,
1540 2442 1734 2482 saepissime
1768 2446 1902 2471 utuntur
1923 2439 2120 2481 imaginibus

1142 2486 1282 2526 sumptis
1305 2494 1325 2516 a
1347 2485 1448 2516 rebus
1471 2484 1623 2525 politicis.
1677 2483 1751 2524 ipsa
1783 2492 1863 2514 vero
1887 2493 1972 2524 pax,
2014 2488 2046 2512 et
2073 2482 2119 2512 vi-

1142 2528 1246 2559 ctoria
1269 2526 1409 2565 Christi,
1432 2526 1543 2569 qualia
1567 2528 1648 2564 sint,
1671 2536 1773 2568 saepe
1803 2523 1886 2557 alias
1916 2526 2053 2556 dicitur:
2087 2530 2119 2555 et

1142 2571 1204 2602 erit
1224 2577 1343 2612 postea
1365 2571 1508 2602 breviter
1530 2570 1717 2605 dicendum,
1748 2580 1822 2601 cum
1847 2569 1970 2600 dictum
1995 2566 2120 2598 Zacha-

1141 2615 1211 2645 riae
1243 2614 1477 2646 enarrabimus
1540 2612 1576 2644 In
1608 2610 1849 2644 acclamatione
1882 2609 2013 2652 populi,
2055 2619 2120 2651 qua

1878 2670 1915 2694 ι.
