2324 2958
65 203 130 236 673

68 299 157 331 testas
179 299 231 327 est
256 302 373 325 nomen
395 299 568 332 personae,
602 287 754 319 Christus
777 296 896 318 nomen
919 283 1036 321 officii3

68 340 176 371 lesum
199 346 275 368 esse
296 335 464 366 Messiam.

155 380 216 412 Hic
249 378 392 420 cogitate
430 375 538 407 omnia
571 373 680 405 mundi
718 378 877 412 tempora.

69 424 129 456 fuit
150 422 301 464 impietas
325 419 422 457 Cain,
456 429 528 450 cum
562 415 714 447 discessit
738 425 757 445 a
779 420 884 455 patre.
940 413 1038 443 Pater

69 468 178 500 docuit
202 475 292 501 eum,
313 461 428 493 Filium
451 460 515 492 Dei
549 464 741 494 venturum,
775 463 806 487 et
841 455 1038 487 aboliturum

69 516 207 542 mortem
229 512 261 538 et
282 511 451 547 peccatum
474 513 514 535 ex
537 503 638 534 dicto:
662 502 777 532 Semen
800 499 944 530 muneris
966 507 1038 529 con-

68 556 153 584 teret
171 554 267 591 capue
291 551 458 587 serpentis.
508 544 609 576 Filius
632 541 718 574 Abel
748 542 895 579 credidit,
919 539 1038 582 placuit

69 594 157 629 Deo;
180 592 260 623 Cain
283 591 426 631 superbe
450 587 659 627 contempsit:
691 585 848 625 cogitavit
882 594 959 614 esse
992 581 1038 613 fa-

70 634 188 668 butam.
240 634 362 665 Postea
389 638 464 673 post
485 629 707 672 praedicatum
729 626 963 668 Evangelium,
992 623 1040 655 sa-

69 679 135 710 ctio
169 676 388 708 mahometica
432 680 481 705 est
524 670 695 704 multitudo
736 671 868 711 generis
906 667 1038 700 humani

69 721 183 757 maior,
218 729 316 761 quam
350 727 434 759 quae
467 716 650 747 nominatur
677 713 872 744 Christiana.
929 709 1037 742 Maho-

69 763 220 795 metistae
243 761 361 792 habent
385 769 504 801 magna
537 757 681 797 imperia.
733 755 839 786 llodie
870 755 1038 785 Persicum

69 815 206 846 regnum
230 810 280 835 est
303 813 473 844 magnum,
501 801 589 842 quod
614 800 696 841 gerit
721 797 841 829 bellum
865 808 936 828 cum
959 796 1039 826 Tur-

70 847 141 878 cico
165 855 276 887 regno.
333 844 441 885 lpsum
475 843 649 874 Turcicum
682 852 819 883 regnum
852 846 903 871 est
926 837 1039 871 Maho-

70 889 231 920 melicum.
297 886 379 917 Tota
414 886 526 916 Africa
559 893 610 916 est
645 884 879 922 Mahometica‚
919 891 1040 922 magna

93 940 148 962 ars
172 931 290 967 Asiae,
325 929 387 960 iam
421 928 519 959 etiam
554 937 672 969 magna
706 936 783 966 pars
806 925 958 966 Europae
991 928 1040 954 est

90 972 300 1004 lahometica.

307 1119 398 1169 Qua
429 1120 468 1159 in
499 1133 540 1158 re
573 1116 809 1168 discedunt?

156 1210 285 1242 Habent
324 1211 418 1241 etiam
453 1208 588 1250 legalia,
621 1218 738 1239 severe
773 1212 928 1238 exercent
961 1203 1041 1246 poli-

71 1254 135 1285 tica
158 1251 269 1284 officia
291 1252 472 1293 praecepti:
497 1253 566 1283 Non
588 1252 721 1283 occides.
767 1249 856 1286 ltem,
879 1251 949 1282 Non
969 1251 1041 1288 fur-

68 1300 135 1327 tum
153 1297 272 1335 sam'es„

390 1442 498 1492 Quid
529 1442 722 1496 peccant?

158 1533 288 1575 Negant
310 1531 426 1564 Filium
450 1532 524 1570 Dei,
549 1539 580 1564 et
603 1532 775 1574 dupliciter
805 1538 936 1574 negant.
981 1531 1044 1562 Ne·

72 1581 152 1618 gant
185 1577 217 1606 in
251 1586 290 1606 eo
326 1585 402 1607 esse
436 1576 518 1607 duas
553 1583 708 1607 naturas:
749 1576 867 1607 deiude
901 1573 1043 1605 officium

70 1618 201 1660 penitus
235 1616 371 1655 tollunt3
406 1618 560 1659 Cogitant
594 1629 671 1650 esse
712 1617 878 1655 fabulam,
919 1618 1044 1648 dicere:

71 1662 205 1692 Peccata
231 1662 390 1692 hominum
419 1663 536 1692 redimi
560 1664 715 1701 sanquine
741 1662 875 1693 alicuius
901 1662 1046 1692 hominis.

71 1703 203 1745 Negant
223 1703 320 1735 istum
343 1702 527 1741 articulum,
562 1705 649 1745 quod
673 1702 774 1736 Filius
797 1703 860 1735 Dei
888 1704 929 1734 sit
955 1703 1046 1734 Chri-

72 1751 164 1784 stuS,
195 1746 247 1777 cui
283 1747 513 1787 opponendum
543 1747 607 1778 hoc
631 1747 764 1777 dictum:
800 1747 888 1778 Haec
915 1751 965 1778 est
985 1749 1047 1777 vita

73 1793 212 1827 aeterna,
245 1793 280 1820 ut
310 1794 485 1829 aytzoscant
515 1794 546 1821 te
578 1799 685 1821 rerum
715 1791 832 1828 Deum,
874 1795 906 1821 ec
931 1791 1046 1826 Iesum,

73 1841 163 1872 quem
185 1831 311 1869 misisti,
331 1842 402 1863 esse
426 1833 593 1864 Christum.
627 1831 721 1864 Item:
749 1834 808 1870 Qui
828 1843 891 1864 non
913 1834 1049 1864 honorae
1100 1821 1267 1856 ‘nmmum’

74 1875 197 1914 Filium,
220 1885 321 1914 neque
343 1876 472 1906 Patrem
489 1877 632 1914 honorat,
651 1879 705 1915 qui
725 1879 814 1907 miset
834 1886 912 1907 eum.

160 1916 358 1948 Confirmate
376 1928 436 1948 vos
454 1924 568 1949 contra
590 1917 720 1949 furores
744 1929 868 1956 eorum,
893 1919 946 1959 qui
970 1928 1046 1949 con-

74 1960 248 1997 nedicunt,
271 1965 306 1991 ut
329 1959 536 1991 mahometus
558 1970 717 2001 expresse
741 1961 947 1993 contradicit.
1069 1957 1074 2030 Ι

180 2117 396 2169 Quomodo
432 2117 615 2172 l'apistae
648 2118 948 2158 contradicunt?
1067 2113 1071 2165 i

160 2209 312 2241 Betim-nt
335 2207 498 2250 symbola,
521 2209 592 2239 sive
615 2209 768 2247 credant,
796 2210 867 2240 sive
885 2219 949 2240 non
975 2219 1044 2240 cre-

76 2254 172 2291 dant,
202 2253 339 2284 recitant
370 2258 489 2282 tamen.
535 2250 662 2282 Deinde
697 2252 834 2283 retinent
861 2253 1044 2283 historiam:

75 2296 134 2327 ned
158 2297 199 2327 de
221 2295 439 2337 applicatione
464 2300 584 2325 errant.
631 2293 828 2336 Relinquunt
851 2294 1043 2326 beneficium

75 2338 207 2377 Christi,
242 2345 273 2369 et
307 2339 469 2369 somniant
503 2348 539 2367 se
575 2348 651 2368 esse
684 2338 789 2368 iustos
820 2344 952 2379 propter
970 2349 1043 2380 pro-

75 2383 177 2423 priam
201 2381 418 2412 obedientiam
438 2381 534 2422 lcgiS,
558 2386 690 2421 propter
713 2380 927 2421 disciplinam.

161 2423 423 2461 mahometem-ac,
446 2424 664 2465 imaginantur
681 2433 718 2453 se
737 2434 811 2454 esse
828 2425 945 2461 iustos,
968 2424 1045 2465 quia

77 2474 208 2499 servent
242 2478 336 2499 suum
366 2465 582 2504 Alcoranum,
618 2467 683 2496 sint
717 2465 820 2496 sortes
853 2465 1045 2503 bellatores,

77 2511 141 2541 nint
164 2511 313 2541 benefici.
371 2509 427 2540 lllu
455 2521 581 2540 >nnuma
616 2516 664 2539 est
690 2507 857 2540 Alcorani.
911 2508 1047 2540 Directa

78 2560 129 2585 e-t
155 2552 209 2584 illa
236 2553 320 2595 legis
356 2551 433 2584 latio
466 2553 507 2583 ad
534 2552 729 2584 Laconicam
764 2550 912 2582 sormam.
957 2551 1073 2594 Bene

77 2597 295 2633 considerate,
329 2596 404 2637 quid
430 2596 621 2636 profiteatur
644 2593 811 2634 Ecclesia,
845 2600 877 2625 et
899 2605 983 2636 quae
1006 2595 1048 2625 sit
1070 2599 1073 2634 Ι

76 2638 227 2670 Ecclesia
255 2641 344 2671 iuxta
378 2639 497 2669 dimum
520 2639 598 2669 hoc:
633 2639 720 2668 llaec
747 2642 796 2669 est
824 2641 886 2669 vlla
907 2642 1047 2677 aeterna,

229 2707 373 2726 -uAhTR,
389 2707 459 2725 oPmt
498 2706 559 2725 ΥΟΕ.
579 2706 646 2725 XLIV

747 191 961 225 POSTILLA
982 187 1380 222 MELANTHONIANA.
1433 205 1437 211 ·

944 370 1037 405 Quae
1088 393 1092 396 ⁴

1995 184 2058 215 674

1088 288 1151 313 etc.
1195 281 1236 312 Et
1258 291 1324 311 non
1348 290 1495 311 erremus
1519 289 1626 321 neque
1648 280 1689 310 de
1711 279 1862 316 historia,
1890 287 1996 319 neque
2019 277 2059 308 de

1089 323 1319 366 applicatione.

1175 365 1426 398 Mahometistae
1466 365 1577 395 dicunt
1616 365 1747 395 omnino
1791 362 1936 395 fabulam
1971 372 2060 401 esse,

1090 409 1177 452 quod
1211 408 1349 439 alicuius
1383 407 1543 448 sanguine
1573 412 1604 437 et
1627 405 1790 447 supplicio
1816 407 1881 437 sint
1900 405 2059 446 redempti

1090 452 1261 483 homines:
1303 455 1419 491 postea
1452 454 1623 480 numerant
1660 450 1722 488 ipsi
1757 455 1963 489 praestantes
2003 449 2060 479 ho-

1090 495 1206 532 mines,
1229 493 1283 535 qui
1307 493 1497 524 ceciderunt
1520 492 1550 522 in
1571 491 1658 522 acie:
1692 490 1781 521 lllam
1816 497 1953 522 mortem
1982 491 2062 522 iudi-

1091 543 1165 568 cant
1189 546 1264 567 esse
1281 535 1386 577 magis
1404 533 1596 576 gloriosam,
1620 543 1716 574 quam
1729 532 1861 564 Christi.
1896 533 2061 574 Papistae,

1091 581 1151 611 etsi
1176 580 1316 610 retinent
1339 577 1538 614 doctrinam,
1573 576 1661 617 quod
1695 576 1805 616 passio
1830 575 1953 606 Christi
1987 586 2062 616 ape-

1091 623 1191 654 ruerit
1213 622 1341 652 ianuam
1364 620 1528 658 merendi,
1562 625 1669 649 tamen
1694 619 1843 648 amittunt
1866 619 1946 656 hoc,
1974 619 2062 659 quod

1091 665 1275 695 obedientia
1309 664 1351 694 sit
1384 663 1522 704 pretium
1562 671 1621 702 pro
1656 661 1770 699 nobis,
1804 667 1835 691 et
1876 661 1926 691 sic
1957 661 2063 701 accipi

1090 708 1317 738 remissionem
1335 711 1566 747 peccatorum,
1599 710 1631 734 et
1661 713 1726 734 non
1761 701 1865 735 aliter.
1921 702 1968 734 lbi
2001 703 2064 734 iam

1092 750 1269 781 discernite
1301 755 1492 780 sanctorum
1525 745 1687 787 supplicia
1721 752 1753 777 et
1776 755 1876 777 neces
1899 755 1918 776 a
1942 744 2064 776 Christi

1090 791 1262 834 supplicio.

1093 939 1267 989 Quando
1299 940 1408 993 legis,
1441 939 1662 978 Iohannem
1685 936 1911 991 Baptistam
1943 936 2064 976 inter-

1223 1015 1373 1055 fectum
1406 1030 1503 1065 esse,
1538 1014 1635 1068 quid
1666 1014 1759 1053 inde
1792 1012 1935 1055 discis?

1179 1106 1291 1137 Discis
1314 1104 1515 1146 exemplum:
1539 1105 1571 1137 id
1586 1111 1648 1143 est,
1668 1105 1754 1136 sicut
1765 1103 1906 1135 loannes
1924 1104 1955 1134 in
1973 1114 2066 1145 prae-

1093 1150 1257 1181 dicatione
1281 1150 1428 1180 veritatis
1452 1158 1572 1189 passus
1595 1154 1659 1186 est,
1682 1149 1726 1179 ita
1749 1157 1812 1179 nos
1836 1153 1966 1188 oportet
1989 1156 2067 1178 esse

1091 1198 1225 1233 paratos
1243 1192 1285 1223 ad
1308 1197 1455 1223 mortem.

1096 1342 1165 1382 An
1197 1342 1327 1396 passio
1357 1341 1517 1381 Ioannis
1549 1341 1622 1381 tibi
1662 1339 1811 1395 profuit
1845 1339 1898 1379 ad
1929 1339 2068 1380 remis-

1349 1419 1501 1458 sionem
1533 1416 1815 1472 peccatorum?

1183 1516 1273 1549 Nihil
1295 1519 1436 1549 omnino.
1491 1515 1622 1548 Nullius
1651 1516 1765 1548 Sancti
1793 1515 1905 1557 passio
1935 1515 2070 1556 prodest

1096 1562 1192 1593 nobis
1212 1561 1253 1592 ad
1276 1561 1503 1592 remissionem
1532 1559 1764 1601 peccatorum?
1814 1557 1974 1600 Exempla
2001 1564 2070 1591 tau-

1098 1611 1164 1636 tum
1200 1611 1293 1642 sunt,
1335 1602 1458 1635 Christi
1493 1603 1606 1644 passio
1634 1603 1792 1633 intuenda
1826 1608 1897 1639 est,
1935 1610 2002 1632 non
2035 1607 2070 1632 ut

1098 1645 1301 1689 exemplum,
1335 1647 1395 1678 sed
1429 1652 1463 1678 ut
1485 1647 1615 1680 donum,
1649 1655 1709 1676 seu
1743 1644 1939 1676 beneficium
1973 1644 2070 1675 nobis

1097 1691 1264 1722 donatum.
1331 1689 1423 1720 Haec
1469 1696 1520 1720 est
1571 1699 1650 1719 vera
1694 1687 1861 1719 meditatio
1904 1687 2070 1728 passionis

1100 1733 1230 1764 (bristi.
1290 1731 1458 1767 Meditatio
1498 1731 1664 1773 passionis
1699 1730 1822 1762 Chrlsti
1863 1729 1962 1761 debet
1995 1728 2071 1761 talis

1100 1787 1188 1815 esse,
1213 1782 1248 1807 ut
1270 1786 1508 1818 agnoscamus,
1542 1784 1614 1805 eum
1649 1783 1726 1804 esse
1749 1772 1941 1804 beneficium
1974 1772 2070 1804 nobis

1292 1829 1357 1850 non
1380 1825 1505 1850 tantum
1519 1818 1615 1848 debet
1633 1826 1709 1848 esse
1726 1814 1929 1857 exemplu1n3
1952 1822 2070 1856 postea

1100 1864 1196 1894 etiam
1230 1868 1339 1903 potest
1369 1862 1445 1902 poni
1468 1866 1503 1893 ut
1526 1859 1720 1901 exemplum.
1778 1859 1894 1890 Passio
1929 1857 2071 1896 loannis,

1101 1905 1282 1943 Laurentii,
1317 1905 1454 1942 Esaiae,
1494 1903 1665 1941 leremiae,
1700 1910 1731 1934 et
1765 1903 1907 1934 omnium
1941 1907 2071 1933 sancto·

1099 1960 1169 1981 rum
1189 1954 1265 1979 sunt
1287 1949 1383 1979 nobis
1406 1945 1575 1987 exempla:
1607 1946 1772 1987 μαριύρια,
1795 1945 1981 1976 testimonia
2004 1954 2069 1975 non

1099 1998 1177 2024 sunt
1199 1992 1296 2033 λύιρα.
1343 1990 1466 2022 Christi
1489 1990 1602 2030 passio
1626 1995 1678 2020 est
1700 1988 1811 2030 λύτρον.

1185 2034 1276 2066 Haec
1313 2035 1440 2065 (lebetis
1474 2033 1622 2074 cogitare
1656 2033 1739 2069 iam,
1774 2038 1804 2061 et
1836 2030 1909 2061 Deo
1945 2030 2070 2071 gratias

1098 2088 1209 2120 agere,
1232 2078 1319 2119 quod
1343 2077 1475 2108 vocavit
1499 2086 1559 2106 nos
1582 2075 1624 2106 ad
1648 2073 1830 2106 Ecclesiam
1861 2079 1893 2105 et
1916 2073 2070 2104 disiunxit

1099 2133 1118 2152 a
1150 2120 1360 2162 blasphemiis
1395 2119 1518 2160 impiis,
1559 2118 1786 2149 Mahometicis
1821 2123 1851 2147 et
1882 2116 2070 2157 Papisticis:

1098 2172 1130 2195 et
1154 2164 1279 2195 debetis
1303 2170 1372 2194 toto
1400 2169 1536 2203 pectore
1571 2161 1695 2204 gratias
1724 2170 1841 2201 agere,
1875 2169 2069 2200 quamquam

1097 2206 1178 2239 alias
1201 2217 1342 2248 semper,
1376 2213 1486 2236 tamen
1516 2205 1580 2235 iam
1613 2204 1734 2235 maiore
1768 2202 1960 2233 intentione:
1995 2201 2070 2242 Ago

1099 2251 1154 2281 tibi
1179 2250 1303 2292 gratias
1338 2249 1546 2289 omnipotens
1570 2246 1680 2283 Deus,
1713 2252 1847 2276 aeterne
1882 2244 1980 2275 Pater
2003 2244 2070 2275 Do-

1098 2294 1173 2324 mini
1197 2293 1302 2323 nostri
1326 2292 1400 2323 lesu
1424 2291 1558 2327 Christi,
1581 2296 1710 2320 creator
1733 2287 1816 2319 coeli
1848 2293 1879 2318 et
1907 2293 2015 2318 terrae
2037 2293 2070 2318 et

1097 2336 1281 2374 hominum,
1316 2342 1348 2366 et
1372 2335 1512 2365 omnium
1537 2339 1771 2367 creaturarum,
1806 2340 1869 2362 una
1891 2340 1964 2361 cum
1988 2328 2069 2360 Filio

1097 2390 1127 2410 et
1157 2379 1279 2420 Spiritu
1314 2386 1449 2415 sancto,
1485 2376 1572 2418 quod
1606 2375 1720 2405 misisti
1750 2372 1883 2410 Filium,
1917 2379 1952 2404 ut
1978 2379 2071 2403 esset

1097 2423 1298 2462 redemptor;
1320 2428 1352 2452 et
1375 2431 1439 2463 ago
1463 2420 1519 2450 tibi
1543 2418 1665 2459 gratias
1678 2416 1818 2447 Domine
1835 2415 1908 2447 lesu
1926 2414 2068 2453 Christe,

1098 2466 1184 2507 quod
1208 2475 1245 2496 es
1265 2463 1371 2495 sactus
1395 2463 1581 2502 redemptor
1603 2465 1728 2497 noster,
1750 2466 1781 2490 et
1805 2459 1905 2490 credo
1925 2468 1976 2490 me
1992 2468 2069 2490 esso

1097 2509 1216 2539 iustum
1240 2509 1394 2548 imputata
1419 2505 1538 2535 iustitia
1561 2509 1695 2543 propter
1724 2508 1811 2533 tuam
1834 2501 2069 2538 obedientiam;

1098 2557 1129 2582 et
1153 2561 1225 2587 oro,
1248 2557 1281 2581 ut
1304 2559 1355 2580 me
1378 2549 1500 2578 doceas
1525 2553 1554 2577 et
1578 2547 1755 2587 gubernes

1185 2593 1282 2623 Istam
1305 2591 1525 2632 precationem
1558 2589 1684 2620 debetis
1713 2597 1813 2629 saepe
1843 2597 1878 2618 re
1904 2593 1993 2618 etere
2015 2586 2068 2617 his

1099 2638 1214 2668 diebus
1237 2637 1267 2666 in
1293 2633 1465 2674 colloquiis
1495 2632 1625 2669 vestris,
1648 2629 1754 2669 lectis,
1782 2631 1880 2662 umbu
1894 2630 2068 2668 ationibus,

1831 2691 1863 2715 4³
