2324 2958
239 159 305 192 695

239 253 421 295 Propterea
447 252 480 283 in
503 248 647 287 Diabolo
674 248 753 281 talis
781 247 875 283 furor
901 255 970 288 est,
993 249 1069 291 quia
1090 248 1154 280 scit
1176 257 1214 279 se

239 296 343 334 vinci,
364 300 482 335 postea
503 303 542 326 se
565 293 751 325 damnatum
773 301 850 324 esse
869 291 904 323 in
925 297 994 323 tota
1011 291 1213 323 aeternitate.

239 339 327 371 Idem
351 336 453 369 Filius
475 336 688 368 resuscitabit
708 345 785 374 nos,
808 340 845 368 ut
866 335 984 366 vestiat
1006 344 1070 364 nos
1091 332 1213 364 munda

238 387 373 419 natura,
407 386 439 411 et
471 386 508 411 ut
540 379 573 410 in
605 378 702 410 nobis
735 377 863 410 habitet
896 376 1070 413 divinitas,
1103 381 1136 406 et
1169 375 1213 406 sit

241 424 352 459 omnia
372 423 404 454 in
427 422 591 454 omnibus.
1003 419 1009 422 “

325 466 399 497 Non
431 465 557 497 debetis
588 463 776 505 imaginari,
810 461 899 503 quod
927 469 1065 502 regnum
1090 458 1213 491 Christi

239 507 460 549 inchoandum
490 508 533 540 sit
561 508 594 539 in
623 507 719 538 nobis
742 511 819 546 post
842 503 928 536 hanc
951 503 1081 535 demum
1103 502 1213 538 vitam,

239 552 299 583 sed
334 551 495 593 cogitate,
524 550 612 592 quod
645 548 698 580 hic
732 548 921 585 inchoetur,
955 551 987 577 et
1015 545 1104 587 quod
1125 544 1214 577 adsit

239 595 337 626 nobis
359 592 460 624 Filius
480 593 541 624 Dei
563 593 659 624 etiam
681 591 712 621 in
735 590 799 621 hac
822 590 897 621 vita·
943 587 1066 619 Paulus
1089 588 1213 619 discer-

239 638 287 668 nit
308 636 459 678 Regnum
483 635 605 667 Christi
628 640 660 665 et
682 631 834 675 Regnum
856 631 934 662 Dei:
966 630 1066 669 Quia,
1091 631 1154 662 etsi
1177 639 1213 661 re

240 681 313 721 ipsa
335 690 434 710 unum
458 685 510 710 est
532 687 670 719 regnum
694 675 801 707 Patris
825 681 857 705 et
882 672 970 712 Filii,
1000 679 1032 705 et
1054 673 1141 705 sicut
1161 672 1212 704 Fi-

240 722 304 754 lius
333 728 386 754 est
413 720 551 758 efficax,
579 721 629 750 sic
657 719 758 750 Pater
785 726 932 759 quoque:
963 717 1053 748 iuxta
1076 716 1213 747 dictum:

240 765 339 795 Pater
368 775 448 794 meus
477 763 578 793 adluu-
608 765 770 801 operatur,
804 763 833 789 ct
861 769 918 798 eqo
942 769 1069 798 operor:
1103 765 1213 790 tamen

241 813 318 841 sunt
346 807 433 839 modi
463 806 596 838 diversi.
652 803 687 835 ln
716 804 779 834 hac
808 803 892 841 vita,
925 802 980 833 ubi
1003 803 1039 832 fit
1062 800 1213 833 collectio

240 849 414 883 Ecclesiae
436 860 495 890 per
518 849 664 884 verbum,
684 847 801 878 dicitur
823 855 901 876 esse
918 855 1056 887 regnum
1077 843 1213 876 Christi:

241 892 323 926 Post
345 893 431 925 hanc
455 893 572 928 vitam,
602 890 657 922 ubi
681 889 828 921 cessabit
850 888 1081 924 ministerium,
1111 887 1214 917 nomi-

242 942 338 975 natur
359 946 497 977 regnum
526 933 607 971 Dei,
638 939 671 963 et
692 933 742 963 sic
765 931 901 963 dicitur:
936 930 1050 960 Tradet
1075 929 1216 960 Christus

241 989 364 1019 requiam
382 978 452 1008 Deo
471 977 575 1007 Patri.
620 974 677 1007 Sic
699 980 928 1016 argumentor:

326 1019 452 1053 Paulus
476 1020 566 1051 dicit:
606 1018 721 1048 Tradet
745 1027 868 1056 reynum
882 1016 987 1056 patri:

328 1063 415 1104 Eryo
437 1065 503 1104 ipse
522 1065 635 1103 postea
656 1071 718 1091 nou
736 1059 887 1099 νεφιαίιίί.

327 1106 546 1148 Respondeo:
583 1104 698 1136 Debes
732 1103 952 1144 distinguerez
987 1099 1141 1133 Christus
1164 1105 1217 1131 est

243 1149 315 1181 Rex
343 1156 377 1181 et
405 1155 514 1183 manet
545 1147 618 1180 Rex
653 1147 687 1178 in
723 1151 792 1177 tota
826 1145 1038 1182 aeternitate,
1072 1150 1107 1175 ut
1141 1143 1218 1174 dicit

242 1199 368 1225 textus:
403 1194 490 1222 euius
518 1192 606 1231 requi
632 1200 693 1219 non
721 1190 782 1219 erit
806 1189 895 1227 finis:
931 1187 998 1219 Sed
1026 1187 1144 1218 modus
1167 1196 1217 1217 re-

244 1236 368 1278 gnandi
391 1242 442 1266 est
466 1235 629 1265 diversus.
673 1231 709 1263 ln
728 1231 791 1262 hac
809 1231 875 1261 vita
897 1230 1015 1261 modus
1037 1235 1100 1267 est,
1123 1227 1217 1261 Chri-

244 1285 330 1310 stum
354 1287 494 1319 regnare
517 1287 576 1318 per
605 1274 818 1306 ministerium
840 1271 1022 1314 Evangelii.
1067 1271 1115 1302 lta
1138 1280 1217 1302 vere

244 1327 296 1353 est
314 1319 433 1352 efficax
451 1320 526 1351 inde
543 1328 649 1360 usque
667 1317 708 1348 ab
725 1316 830 1347 initio:
854 1316 930 1356 quia
947 1315 1092 1346 viviticat
1111 1314 1217 1345 Adam

243 1370 276 1396 et
300 1363 421 1401 Evam,
444 1372 518 1394 cum
542 1366 656 1393 essent
677 1359 776 1390 mersi
797 1358 829 1389 in
853 1363 1008 1389 mortem:
1038 1356 1112 1388 fuit
1140 1363 1218 1387 tunc

245 1404 382 1444 efficaX,
407 1406 494 1438 sicut
515 1405 547 1436 in
570 1410 602 1435 te
625 1408 676 1434 est
698 1400 838 1439 efficaX,
866 1406 899 1432 et
921 1399 1035 1431 inserit
1056 1405 1090 1433 te
1111 1408 1217 1441 regno

244 1460 320 1488 suo,
343 1455 376 1480 et
398 1453 516 1491 regnat
537 1448 568 1478 in
592 1451 636 1478 te.
680 1444 753 1476 Hoc
776 1444 812 1475 fit
834 1453 918 1475 voce
940 1442 1122 1480 doctrinae,
1145 1451 1219 1473 cum

246 1502 311 1535 qua
343 1492 415 1534 ipse
449 1497 500 1523 est
533 1488 664 1522 efficax.
720 1487 792 1519 Hoc
819 1496 958 1519 revnum
984 1486 1093 1520 tradet
1116 1484 1220 1516 Patri:

245 1536 278 1568 id
309 1542 374 1575 est,
407 1532 565 1576 populum
594 1531 773 1564 ministerio
804 1511 983 1561 collectum
1005 1529 1149 1561 adducet
1178 1527 1220 1558 ad

246 1579 387 1617 Patrem.
439 1577 476 1609 ln
498 1575 680 1608 novissimo
704 1574 758 1606 die
779 1571 912 1607 Diaboli
933 1579 966 1604 et
988 1572 1132 1603 damnati
1154 1580 1222 1603 non

247 1622 406 1654 videbunt
445 1621 596 1660 Patrem,
637 1618 698 1652 sed
743 1615 928 1649 Christum,
973 1620 1004 1646 et
1049 1613 1221 1656 plangent:

247 1664 325 1698 ldeo
350 1664 481 1696 dicitur:
506 1662 600 1692 Omne
622 1660 788 1695 iudicium,
812 1658 940 1690 scilicet
962 1656 1109 1696 visibile,
1133 1656 1223 1688 dedit

248 1707 349 1744 Filio;
378 1706 483 1738 Pilius
511 1715 549 1737 se
576 1704 729 1737 ostendet
760 1703 911 1735 omnibus
942 1701 1102 1733 creaturis
1126 1700 1224 1732 ratio-

250 1749 399 1788 nalibus,
421 1747 582 1791 Angelis,
611 1745 764 1778 Diabolis
788 1751 819 1776 ct
842 1745 1004 1776 damnatis
1026 1742 1225 1781 hominibus,

251 1799 283 1826 et
305 1799 432 1830 terrore
455 1791 639 1823 sententiae
663 1788 890 1831 promulgatae
912 1787 1043 1820 abiiciet
1060 1785 1225 1818 Diabolus

253 1842 286 1868 et
308 1836 480 1869 damnatos
497 1835 529 1866 in
546 1832 723 1866 horribiles
742 1832 922 1864 cruciatus:
946 1830 1108 1862 Ostendet
1124 1829 1226 1862 omni-

252 1881 315 1912 bus
335 1877 462 1921 angelis
481 1884 509 1908 et
531 1877 716 1908 hominibus
737 1874 890 1906 malitiam
904 1872 1137 1905 Diabolorum:
1162 1882 1226 1914 qua

253 1923 386 1961 detecta¹
407 1928 441 1953 et
463 1922 644 1961 pancionem,
667 1920 726 1950 erit
750 1919 868 1959 ingens
892 1917 940 1948 ira
963 1917 1126 1948 adversus
1150 1915 1227 1946 Dia-

252 1964 361 2003 bolos,
380 1965 411 1995 in
431 1965 584 1995 omnibus
602 1961 729 2003 angelis
749 1967 780 1992 et
803 1960 999 1991 hominibus.
1044 1958 1226 1999 Turpitudo

252 2007 386 2040 Diaboli
411 2007 650 2047 conspicietur,
681 2012 709 2036 et
737 2010 867 2045 cogetur
897 2001 1008 2040 fateri,
1032 2002 1121 2043 quod
1145 2002 1227 2033 veri-

253 2058 320 2083 tate
343 2052 385 2081 sit
414 2050 533 2081 victum
562 2048 779 2079 mendacium.
835 2046 919 2077 Nam
948 2047 1035 2077 sicut
1064 2043 1228 2076 Diabolus

255 2094 331 2126 vicit
356 2094 462 2125 Adam
487 2099 518 2124 et
542 2091 644 2122 Evam
668 2089 856 2122 mendacio:
880 2092 929 2120 sic
954 2088 1106 2119 Christus
1129 2088 1229 2119 vincit

255 2135 432 2169 Diabolum
456 2135 594 2168 veritate
619 2141 649 2166 et
673 2133 835 2175 potentia;
863 2138 894 2163 ct
918 2133 1056 2163 veritate
1080 2138 1229 2169 ostensa,
1253 2139 1255 2149 ¹

255 2181 384 2211 alniiciet
409 2189 482 2210 eum
501 2183 652 2219 potenter
672 2178 702 2208 in
722 2182 875 2207 aeternos
894 2175 1070 2206 cruciatus.
1106 2175 1230 2205 Omnes

256 2221 382 2255 electos
406 2222 547 2254 adducet
571 2221 612 2251 ad
635 2226 805 2251 aeternum
829 2218 979 2255 Patrem,
1010 2217 1161 2248 ostendet
1185 2218 1232 2248 eis

256 2265 404 2303 Patrem,
433 2265 489 2297 ubi
511 2262 684 2295 visibiliter
707 2268 843 2295 cernent
868 2260 996 2293 Patrem
1020 2261 1060 2292 de
1083 2258 1167 2292 facie
1191 2261 1233 2291 ud

255 2307 384 2342 faciem.

344 2351 420 2382 ldeo
447 2358 554 2382 autem
585 2349 651 2381 hoc
680 2349 800 2380 dicitur
823 2357 960 2389 regnum
982 2345 1063 2384 Dei,
1087 2346 1160 2377 item
1186 2357 1234 2377 re·

257 2406 358 2437 gnum
388 2393 512 2428 l'atris;
547 2395 621 2434 qnia
653 2391 745 2423 Deus
774 2391 974 2427 immediate,
1009 2400 1074 2421 non
1099 2399 1157 2430 pcr
1180 2399 1233 2421 ex-

258 2446 384 2470 ternum
410 2437 641 2472 ministerium,
672 2435 894 2475 conspicietur
917 2439 994 2465 tunc
1019 2434 1059 2463 de
1084 2431 1167 2463 facie
1190 2432 1232 2463 ad

259 2479 393 2513 facicm:
419 2480 492 2510 Non
517 2480 558 2510 ibi
584 2478 685 2510 Filius
710 2488 792 2509 voce
816 2483 939 2509 tantum
963 2487 1000 2508 se
1020 2476 1182 2511 ostendet,
1201 2482 1234 2506 ut

260 2535 334 2556 cunt
366 2521 560 2554 consolatus
590 2528 641 2553 est
669 2521 777 2552 Adam
804 2526 837 2552 et
860 2519 979 2556 Brenn
1003 2520 1078 2551 item
1102 2519 1234 2559 quando

260 2565 421 2600 Davidem
445 2576 502 2605 per
516 2565 645 2598 Nathan
670 2562 863 2596 consolatus
887 2569 954 2594 est:
977 2563 1105 2594 dicens:
1132 2561 1234 2591 Dumi-

261 2621 316 2638 ηιμ
339 2609 464 2641 abstulit
484 2612 645 2648 pet-ratum
669 2611 764 2637 tumn:
789 2613 845 2640 aut
863 2606 948 2638 sicut
965 2615 1003 2637 se
1023 2616 1106 2637 voce
1125 2612 1235 2637 osten-

872 154 988 188 PmL.
1008 154 1113 189 MEL.
1136 150 1326 188 SCRIPTA
1347 149 1612 184 EXEGETICA.

2173 154 2238 196 596

1267 244 1314 276 dit
1342 244 1526 284 meretrici,
1557 255 1632 277 cnm
1658 246 1703 279 ad
1729 255 1803 279 eam
1825 247 1921 282 dicit:
1961 248 2066 286 Vade,
2083 250 2164 291 fides
2183 255 2240 288 aaa

1265 285 1381 316 salvam
1404 290 1435 317 ιε
1451 287 1542 326 fecit.
1588 287 1680 326 Item,
1697 290 1830 332 quando
1849 290 2043 325 consolatur
2060 291 2240 332 latronem:

1264 328 1372 361 Hodie
1392 339 1506 360 mecum
1527 331 1590 363 eris
1610 332 1644 362 in
1666 331 1838 364 Parnasso.
1889 334 1958 366 Sed
1986 337 2140 374 ostendet
2155 343 2241 376 tm

1264 369 1367 421 Filius
1399 371 1532 407 Patrem
1564 383 1696 413 coram,
1728 385 1796 408 non
1829 386 1914 409 voce
1944 371 2091 412 externa.
2146 375 2240 417 Deua

1264 413 1406 446 mirabili
1427 413 1504 447 luce
1525 417 1678 448 ostendet
1699 427 1738 449 se
1759 419 1868 458 nobis,
1887 426 1919 452 et
1940 421 1974 451 in
1996 420 2054 454 illa
2075 421 2151 458 luce
2174 415 2241 458 col}

1264 455 1437 507 loquemur
1458 458 1491 489 in
1514 464 1584 490 tota
1606 462 1802 493 aeternitate
1831 473 1906 494 cum
1929 463 2027 495 Patre
2048 470 2082 496 et
2103 464 2186 501 Filio
2207 473 2242 502 et

1265 499 1389 549 Son-itu
1422 507 1548 532 sancto.
1603 501 1646 534 Et
1679 509 1788 536 tamen
1821 503 1878 537 ille
1910 505 2014 538 Filius
2041 508 2140 540 etiam
2162 515 2242 545 tum

1265 547 1328 573 erit
1346 549 1446 583 caput
1463 542 1638 576 Ecclesiae
1662 547 1844 586 beatorum,
1865 550 2046 582 secundum
2068 544 2242 593 uti-amone

1265 589 1434 624 naturam,
1458 596 1518 627 per
1541 597 1638 628 quem
1660 589 1834 622 latebimur
1857 601 1918 623 nos
1941 591 2103 625 liberatos
2126 600 2158 625 et
2176 593 2241 627 sat-

1266 633 1379 658 vatos:
1413 626 1485 660 Erit
1513 636 1623 661 autem
1645 631 1739 665 Deus
1761 633 1870 665 omnia
1892 634 1925 665 in
1947 637 2116 674 omnibus;
2138 647 2242 679 agno·-

1265 675 1382 720 scetur·
1401 670 1443 702 de
1464 669 1550 703 faeie
1577 673 1619 705 ad
1647 673 1786 713 faciem,
1819 683 1851 707 et
1879 678 1925 708 ita
1950 686 2173 720 agnoscetur,
2206 685 2243 712 ut

1265 721 1332 743 non
1354 719 1398 744 Slt
1419 721 1595 755 peccatum
1616 715 1650 747 in
1673 719 1780 750 nobis.
1836 719 1933 752 Nunc
1962 727 2014 752 est
2034 721 2144 754 adhuc
2166 716 2242 764 peo-

1266 756 1514 806 catum;·'l'unc
1543 758 1666 791 erimus
1692 761 1768 793 iusti
1797 762 1918 794 iustitia
1947 763 2131 795 essentiali:
2153 773 2243 798 nunc

1266 807 1380 847 sumus
1402 800 1480 849 lusti
1501 806 1636 842 propter
1654 803 1871 836 obedientiam
1888 805 1971 844 Filii,
1990 804 2151 846 purificati
2166 815 2245 840 san-

1267 850 1366 891 guine
1395 851 1466 891 eius
1493 843 1670 891 recipimur
1700 853 1838 886 propter
1866 849 1992 887 ipsum,
2022 853 2055 878 et
2078 847 2176 879 simul
2196 849 2246 883 in-

1268 889 1347 924 cipit
1374 883 1565 916 vrvificatio.
1620 886 1712 918 Haec
1742 888 1871 920 debetis
1898 889 1998 921 hodie
2024 891 2174 923 meditari
2202 891 2245 923 acl

1268 925 1514 957 accendendam
1536 927 1790 961 invocationem.

1355 968 1502 1018 Scitote,
1536 970 1626 1012 quod
1660 970 1815 1004 Christus
1849 975 1882 1005 in
1915 973 1979 1006 hac
2013 975 2080 1007 vita
2109 974 2185 1009 colli

1267 1009 1470 1042 Ecclesiam:
1504 1018 1537 1043 et
1571 1013 1660 1054 quod
1694 1021 1811 1055 postea
1845 1017 1988 1048 adducet
2021 1027 2085 1049 nos
2111 1019 2155 1053 ad
2183 983 2247 1055 5³:

1267 1059 1366 1084 trem:
1390 1055 1478 1097 quod
1498 1060 1576 1086 tunc
1594 1066 1734 1098 regnum
1751 1057 1814 1090 Dei
1833 1059 1894 1090 erit
1919 1058 2059 1092 visibile.
2104 1060 2172 1093 lam
2194 1067 2248 1094 est

1268 1106 1407 1146 regnum
1426 1096 1549 1129 Christi
1571 1098 1602 1130 in
1625 1100 1821 1133 ministerio:
1844 1101 1880 1133 ln
1904 1101 1969 1134 hoc
1990 1101 2080 1137 lucet
2101 1104 2249 1145 potent‘n

1268 1138 1341 1189 kim
1373 1138 1561 1181 colligentis
1570 1163 1582 1179 ,
1615 1142 1842 1183 defendentis,
1876 1152 1908 1177 et
1937 1144 2102 1178 salvantis
2130 1145 2248 1180 necto

1269 1191 1363 1231 siam.
1407 1181 1490 1215 Post
1517 1182 1604 1216 banc
1632 1185 1732 1217 vitam
1760 1196 1898 1228 regnum
1926 1189 1987 1220 erit
2010 1199 2078 1221 non
2100 1189 2133 1222 in
2155 1190 2248 1221 mini*

1269 1230 1390 1263 sterio,
1412 1226 1474 1274 sed
1494 1224 1590 1257 Deus
1612 1227 1784 1260 visibiliter
1806 1230 1869 1261 erit
1891 1231 1999 1262 omnia
2022 1232 2055 1262 in
2078 1233 2248 1265 omnibuse

1269 1266 1355 1316 Non·
1379 1274 1440 1298 erit
1472 1275 1645 1309 peccatum
1677 1271 1711 1302 in
1738 1277 1874 1312 natura,
1908 1273 1968 1304 sed
1991 1274 2053 1306 erit
2076 1275 2249 1309 beatorum

1269 1308 1437 1382 geminum
1463 1317 1584 1343 natura
1610 1311 1710 1354 plena
1739 1311 1833 1351 luce,
1863 1316 2043 1356 sapientia,
2069 1323 2104 1349 et
2125 1317 2250 1351 institia

1292 1361 1391 1383 ivma,

1357 1393 1504 1436 Populus
1526 1394 1719 1439 plerumque
1742 1397 1844 1429 habet
1866 1399 1954 1431 hanc
1972 1399 2252 1442 imaginationem,

1270 1442 1306 1487 ut
1326 1447 1466 1479 regnum
1484 1437 1608 1470 Christi
1631 1442 1756 1483 cogitet
1778 1451 1856 1473 esse
1877 1441 1969 1474 illum
1985 1441 2112 1477 laetum
2127 1449 2160 1477 ot
2177 1441 2251 1485 glo·

1271 1489 1396 1530 mosum
1425 1486 1566 1520 statum,
1599 1481 1688 1515 hanc
1717 1485 1832 1516 vitam:
1865 1486 1928 1521 sed
1956 1491 2065 1517 status
2095 1486 2251 1527 propriu

1272 1532 1366 1566 regni
1397 1522 1520 1556 Christi
1548 1531 1601 1557 est
1629 1527 1662 1557 in
1690 1527 1890 1567 ministerio,
1912 1539 1978 1571 quo
2002 1535 2053 1563 est
2076 1529 2197 1562 efficax
2218 1529 2252 1561 in

1273 1565 1338 1598 hac
1371 1567 1458 1604 vita,
1492 1574 1524 1599 et
1557 1567 1684 1611 colligit
1716 1569 1913 1604 Ecclesiam.
1970 1571 2022 1603 De
2051 1572 2116 1604 isto
2144 1582 2161 1602 r

1274 1609 1514 1660 concionantur
1535 1612 1737 1654 prophetae,
1771 1620 1805 1645 ut
1828 1614 1860 1645 in
1883 1613 2032 1647 Psalmo:
2065 1614 2165 1645 Dixit

1276 1663 1373 1682 nunus
1394 1652 1531 1684 Donu'no
1554 1665 1630 1690 meo,
1653 1656 1771 1688 dicitur
1793 1656 1952 1688 dondnure
1973 1659 2006 1686 in
2029 1657 2132 1687 medio
2153 1658 2252 1689 indua

1276 1706 1379 1725 corum
1402 1699 1522 1726 ntorum
1542 1698 1576 1727 in
1597 1698 1657 1727 hac
1680 1701 1756 1730 cita:
1786 1700 1819 1731 id
1841 1707 1911 1739 est,
1939 1710 2034 1732 resur
2059 1710 2115 1738 08,
2146 1706 2180 1733 et
2203 1709 2253 1732 rb

1277 1739 1396 1780 gnabis
1420 1739 1451 1770 in
1474 1740 1581 1772 medio
1603 1740 1807 1774 inimicorum
1831 1749 1962 1776 tuorum
1984 1743 2017 1774 in
2060 1753 2100 1775 ac
2119 1744 2200 1775 vita:
2219 1748 2255 1776 οδ

1278 1783 1340 1820 ita,
1362 1787 1398 1813 ut
1420 1781 1560 1824 colligas
1583 1783 1770 1816 Ecclesiam
1797 1792 1983 1824 aeternam,
2013 1784 2197 1818 furentibus
2221 1791 2254 1817 et

1278 1825 1388 1855 invitis
1411 1824 1573 1857 Diabolis.
1620 1826 1666 1858 lta
1689 1829 1721 1859 in
1735 1827 1884 1860 Psalmo:
1911 1829 2066 1859 conserua
2089 1839 2133 1859 me
2156 1828 2253 1862 Deus,

1279 1868 1412 1906 dicitur,
1431 1869 1521 1906 funes
1545 1870 1722 1900 ceciderunt
1752 1871 1826 1900 mila·
1846 1873 1878 1901 ιἰι
1896 1871 2086 1912 praeclaris.
2134 1871 2255 1914 Loqui-

1280 1917 1332 1942 tur
1354 1911 1396 1941 de
1420 1910 1617 1943 collectione
1641 1912 1823 1945 Ecclesiae.

1366 1953 1441 1985 Dixi
1464 1964 1593 1993 autem,
1623 1957 1712 1997 quod
1737 1957 1820 1988 haec
1843 1959 1958 1990 eadem
1982 1967 2145 1997 persona,
2169 1966 2256 1998 quae

1280 2004 1331 2029 est
1355 1995 1457 2028 Filius
1485 1998 1548 2029 Dei
1577 2006 1608 2029 et
1638 1999 1809 2038 Christus,
1841 2009 1891 2033 est
1916 2001 2114 2040 redemptrix
2137 2006 2168 2031 et
2192 1998 2255 2030 sa}-

1281 2042 1397 2073 vatrix.
1452 2041 1600 2073 Eundem
1635 2041 1759 2085 Regem
1790 2052 1921 2084 oportet
1952 2043 2194 2084 redemptorum
2223 2048 2257 2073 et

1280 2083 1485 2116 salvatorum
1509 2095 1601 2123 esse,
1625 2093 1658 2116 ut
1683 2085 1835 2117 Psalmus
1857 2087 1954 2118 dicit:
1993 2085 2043 2115 De
2066 2089 2202 2115 torre-80
2222 2086 2257 2115 δ’.

1281 2130 1331 2158 via
1362 2127 1459 2160 bibet,
1487 2132 1656 2168 propterca
1685 2129 1838 2160 exallabit
1869 2133 1973 2168 caput.
2027 2128 2077 2158 Dc
2105 2131 2256 2159 teneam

1283 2172 1314 2202 id
1345 2177 1412 2209 est,
1442 2171 1474 2202 in
1505 2171 1567 2204 hac
1598 2173 1664 2203 vita
1693 2173 1834 2214 patietur
1863 2182 2055 2209 aerumnas,
2091 2172 2256 2204 morietur.

1284 2214 1448 2244 Exastabst
1470 2221 1581 2254 capnt:
1617 2215 1647 2246 id
1678 2223 1748 2253 est,
1783 2222 1857 2256 post
1887 2215 2125 2253 obedientiam,
2158 2223 2257 2256 quam

1285 2257 1373 2289 Patri
1396 2260 1574 2298 praestitit,
1597 2258 1836 2300 glorificabitur
1859 2258 2019 2290 Christus.

1372 2301 1476 2332 Etiam
1500 2301 1674 2334 Ecclesiae
1703 2303 1834 2342 species
1858 2302 1888 2332 in
1914 2301 1976 2333 hac
2000 2302 2063 2332 vitn
2086 2306 2139 2332 est
2161 2299 2258 2332 miso·

1286 2343 1415 2375 rabilis:
1451 2344 1604 2376 Ecclesia
1632 2347 1760 2376 videtur
1788 2344 1888 2386 lunge
1911 2354 1988 2376 esse
2011 2341 2205 2375 imbecillior
2227 2348 2259 2375 et

1286 2387 1494 2429 languiodior
1523 2389 1634 2426 regnis
1660 2388 1789 2425 ninmli3
1823 2394 1855 2419 et
1883 2395 1990 2418 tannen
2019 2384 2177 2418 mirabilis
2207 2390 2260 2417 est

1287 2433 1431 2472 potentia
1465 2431 1535 2464 Filii
1560 2423 1628 2464 bei
1660 2430 1865 2473 colligentis,
1899 2438 1929 2462 et
1954 2429 2119 2461 servantis
2143 2427 2260 2461 Ecelffi

1287 2476 1367 2506 siam
1402 2476 1433 2506 in
1469 2474 1523 2506 illa
1558 2475 1753 2506 infirmitate.
1809 2473 1876 2511 Tu,
1905 2485 1984 2513 ego.
2015 2480 2045 2504 et
2069 2469 2122 2504 alii
2146 2480 2260 2504 sumus

1287 2519 1432 2550 membra
1467 2517 1655 2554 Ecclesiae,
1694 2528 1867 2548 servamur
1901 2517 2047 2557 pou-ntia
2081 2513 2152 2546 Filii
2185 2513 2260 2551 Det,

1288 2563 1510 2603 protegentis,
1538 2562 1743 2598 adiuvantia,
1771 2567 1802 2591 et
1831 2559 1996 2590 servantis
2021 2569 2082 2590 nus
2106 2558 2137 2589 in
2161 2557 2260 2588 tanti·

1288 2605 1549 2637 confusionibus.
1607 2604 1699 2636 lianc
1728 2604 1948 2645 praesentiam
1977 2600 2047 2633 Filii
2072 2599 2135 2632 Dei
2157 2609 2260 2642 agno·

2307 648 2318 671 -e
