2324 2958
207 164 249 197 3⁷
253 164 269 195 1

207 256 244 289 fit
271 257 400 288 ratione
433 254 676 286 iurisdictionis.
750 254 822 286 Hac
856 255 1013 297 recipitur
1046 257 1092 292 is,
1127 255 1182 296 qui

205 299 314 331 tuerat
336 308 413 330 reus
435 295 640 339 publicorum
664 297 849 336 criminum,
881 308 994 330 coram
1017 297 1180 329 Ecclesia.

207 342 247 374 Et
271 343 305 373 in
327 340 390 372 hac
415 346 546 381 oportet
569 350 706 372 causam
730 339 903 383 cognosci,
927 347 960 372 ut
984 342 1090 381 possit
1113 339 1181 371 fieri

206 385 358 417 iudicium
383 384 424 414 de
447 381 575 413 delictis
599 383 773 421 admissis,
807 389 839 415 et
867 383 1051 425 exploratio
1074 383 1182 414 seriae

206 427 427 469 poenitentiae
451 436 562 457 coram
585 425 750 457 Ecclesia.

294 469 466 505 Quomodo
480 468 515 499 fit
533 469 683 500 executio
706 469 739 500 in
762 475 927 510 potestate
950 467 1183 499 iurisdictionis

206 514 247 544 ab
272 511 460 553 Apostolis,
494 511 680 553 Episcopis,
715 517 745 543 et
769 512 908 542 caeteris
942 511 1100 542 ministris
1123 511 1184 541 Ec-

207 554 353 587 clesiae?
398 555 472 586 Non
497 555 526 586 vi
551 553 733 596 corporali,
763 555 822 585 sed
847 555 962 592 verbo,
986 554 1017 584 id
1041 559 1104 591 est,
1129 564 1184 584 ex-

207 599 501 630 communicatione
524 597 681 640 legifima,
704 603 736 628 et
761 595 971 628 absolutione
995 597 1184 638 serio-poe-

205 641 386 672 nitentium.
433 641 515 672 Nam
539 641 712 682 potestatis
736 639 994 671 Ecclesiasticae
1016 645 1086 677 est,
1117 649 1184 670 non

205 684 238 715 vi
261 683 444 725 corporali,
479 684 536 714 sed
569 690 693 714 tantum
718 683 821 714 verbo
856 692 998 723 arguere
1021 682 1184 720 hominm,

206 726 292 762 Quia
315 737 453 769 regnum
477 725 599 758 Christi
634 731 683 757 est
717 735 856 767 regnum
879 723 1060 766 spirituale,
1094 725 1184 766 quod

206 768 281 801 solo
303 772 407 801 verbo
430 771 501 800 sine
525 768 634 811 gladio
657 769 792 810 regitur.

292 812 508 855 Magistratus
531 818 652 849 autem,
676 822 736 843 seu
752 816 903 852 potestas
926 809 1060 852 politica
1083 810 1184 842 habet

206 856 258 887 ius
292 854 413 898 gladii,
460 856 535 896 quia
568 861 701 896 praeest
736 864 841 896 regno
876 854 1060 892 mundano,
1094 853 1183 895 quod

205 897 306 941 longe
330 898 417 929 aliud
441 905 503 936 est,
527 909 624 940 quam
647 907 783 939 regnum
807 896 938 928 Christi.

207 1064 272 1104 De
305 1063 530 1104 discrimine
564 1062 775 1117 potestatis
807 1061 1108 1102 Ecclesiasticae
1142 1069 1184 1101 et

601 1140 795 1194 politicae.

294 1239 446 1272 Recense
470 1240 658 1271 discrimina
686 1240 770 1270 inter
797 1245 995 1280 potestatem
1018 1237 1186 1271 Ecclesia-

206 1284 323 1315 sticam
348 1290 378 1314 et
403 1282 580 1323 politicam.
615 1281 779 1313 Differunt
802 1282 865 1313 hae
888 1288 1084 1323 potestates,
1108 1291 1186 1323 qua-

207 1333 284 1358 tuor
307 1327 423 1357 modis.
470 1325 611 1356 Primum
635 1326 785 1356 obiectis.
838 1324 1055 1356 Minister-ium
1078 1325 1187 1356 Evan-

206 1368 283 1412 gelii
307 1370 415 1410 arguit
439 1374 469 1399 et
493 1374 589 1399 sanat
613 1369 724 1399 corda.
772 1367 987 1409 Magistratus
1018 1369 1107 1399 circa
1132 1377 1187 1399 ex-

206 1419 333 1444 ternam
369 1410 575 1452 disciplinam
610 1418 734 1442 tantum
771 1417 939 1449 versatur,
973 1421 1072 1452 quam
1105 1410 1187 1441 tueri

206 1456 317 1487 debet.

294 1497 423 1529 Deinde
446 1497 599 1529 differunt
623 1495 803 1528 beneficiis.
861 1495 1017 1528 Potestas
1051 1494 1187 1537 politica

207 1541 307 1572 habet
330 1540 536 1572 autoritatem
572 1550 651 1571 suas
687 1539 846 1581 quasdam
881 1538 975 1581 leges
1011 1539 1186 1576 condendi,

206 1594 273 1616 non
297 1590 486 1625 pugnantes
521 1594 593 1614 eum
630 1583 701 1614 iure
736 1589 894 1621 naturae,
929 1582 988 1614 sed
1012 1592 1098 1624 quae
1121 1582 1187 1612 sint

206 1628 497 1658 determinationes
531 1626 869 1663 circumstantiarum,
914 1632 944 1656 et
986 1626 1052 1656 sint
1092 1625 1185 1667 quasi

206 1669 406 1702 adminicula
427 1671 506 1701 iuris
520 1669 693 1707 naturalis,
717 1669 804 1711 quod
823 1667 968 1710 loquitur
987 1670 1028 1700 de
1045 1678 1185 1710 genere:

206 1724 279 1745 cum
314 1714 364 1744 ius
389 1714 565 1754 positivum
599 1712 699 1743 addat
730 1712 1008 1743 circumstantiam
1031 1711 1185 1753 aliquam,

205 1756 370 1799 probabili
394 1757 531 1794 ratione,
555 1766 621 1787 non
642 1756 833 1787 necessario
857 1754 1032 1786 delinitam.

293 1799 348 1831 lus
373 1806 508 1831 naturae
532 1799 629 1829 docet
654 1800 684 1830 in
710 1808 849 1840 genere,
882 1797 972 1829 sures
1000 1797 1186 1840 puniendos

207 1853 296 1874 esse.
344 1842 556 1874 Gubernator
589 1841 744 1883 politicus
779 1841 869 1872 addit
903 1842 1060 1882 speciem,
1096 1841 1185 1872 vide-

205 1885 293 1923 licet,
317 1886 448 1917 modum
472 1895 609 1926 poenae,
632 1886 663 1916 in
689 1895 755 1926 quo
779 1885 1010 1917 constituendo
1040 1884 1186 1925 sequitur

206 1928 411 1971 probabilem
437 1929 608 1961 rationem,
633 1929 814 1959 secundnm
846 1928 1070 1960 diversitatem
1094 1928 1185 1968 inge-

206 1973 348 2009 niorum,
373 1978 405 2003 et
429 1972 593 2013 gentium,
628 1981 765 2013 quarum
796 1969 879 2001 aliae
902 1969 975 2002 aliis
999 1976 1077 2002 sunt
1100 1969 1186 2001 sero-

208 2016 326 2046 cioreS.
373 2015 452 2046 item
475 2013 528 2045 lex
553 2021 691 2045 naturae
721 2014 816 2045 dicit:
850 2012 920 2044 Filii
956 2020 986 2044 et
1010 2012 1097 2044 tiliae
1120 2014 1184 2044 sint

206 2058 368 2090 haeredes
393 2064 574 2099 parentum.
620 2058 688 2089 Sed
712 2057 766 2088 lex
789 2058 1038 2098 magistratuum
1062 2057 1186 2088 discer-

206 2102 271 2139 nit,
317 2111 402 2143 quae
438 2111 492 2132 res
527 2107 652 2131 tantum
692 2101 733 2131 acl
768 2110 876 2131 mares
912 2100 1185 2137 transmittantur,

207 2155 293 2186 quae
316 2144 357 2175 ad
381 2142 522 2185 puellas,
547 2150 578 2174 et
598 2143 697 2175 habet
721 2142 924 2183 probabilem
948 2143 1119 2174 rationem.

293 2186 446 2219 Minister
482 2186 654 2219 Ecclesiae
688 2197 755 2218 non
790 2186 887 2217 habet
921 2184 1059 2217 similem
1094 2192 1186 2227 pote-

207 2236 325 2262 statem
349 2231 512 2261 condendi
547 2229 659 2273 leges,
692 2240 777 2271 quae
811 2229 1002 2260 necessario
1037 2228 1186 2270 obligent

206 2272 409 2306 Ecclesiam:
440 2274 525 2309 Quia
548 2273 633 2304 hanc
657 2273 843 2304 libertatem
868 2272 961 2304 Deus
991 2273 1117 2310 sanxit,
1151 2278 1185 2303 ut

208 2318 291 2348 ritus
315 2317 456 2355 externi,
482 2317 623 2348 humana
645 2317 820 2347 autoritate
848 2315 986 2347 instituti
1016 2316 1047 2347 in
1071 2313 1186 2347 Eccle-

207 2362 269 2399 sia,
299 2361 426 2392 etiarnsi
458 2371 520 2391 sua
554 2366 669 2391 natura
702 2359 767 2390 sint
802 2359 1043 2397 indifferentes,
1077 2365 1186 2390 tamen

209 2414 271 2435 nec
294 2404 426 2441 iustitia,
450 2413 513 2434 nec
537 2402 645 2435 cultus
668 2401 730 2434 Dei
754 2403 835 2441 sint,
859 2412 921 2433 nec
951 2401 1085 2433 violatio
1116 2401 1186 2433 illo-

209 2457 280 2478 rum
303 2453 397 2478 extra
421 2457 533 2478 casum
557 2445 706 2477 scandali
729 2452 900 2488 peccatum
926 2446 979 2476 sit.

296 2489 406 2521 Tertia
436 2489 618 2521 differentia
652 2496 712 2521 est.
768 2489 843 2521 Non
878 2489 991 2520 eadem
1027 2487 1187 2519 beneficia

209 2538 358 2575 praestat
379 2539 518 2575 utraque
539 2539 700 2574 potestas.
752 2532 816 2564 Per
843 2532 1056 2563 min2s1erium
1080 2531 1189 2563 Evan-

211 2574 286 2619 gelii
312 2575 404 2608 Deus
427 2576 481 2607 dat
512 2582 647 2608 aeterna
671 2577 776 2615 bona,
809 2575 1037 2607 remissionem
1068 2585 1186 2616 pecca-

211 2626 331 2656 torum,
356 2619 511 2660 Spiritum
533 2626 684 2652 sanctum
714 2626 746 2651 et
769 2619 869 2651 vitam
891 2625 1072 2651 aeternam.
1118 2617 1187 2650 Ma-

849 159 959 194 PHlL.
983 160 1085 194 MEL.
1108 159 1294 193 SCRIPTA
1315 159 1578 192 EXEGETICA.

2151 163 2215 196 3⁷2

1235 255 1394 296 gistratus
1414 260 1592 286 conservat
1614 265 1730 295 pacem
1753 261 1786 287 et
1808 255 2014 298 disciplinam
2031 256 2215 296 honestam,

1233 299 1324 329 iuxta
1336 303 1508 338 utramque
1521 296 1685 329 tabulam:
1700 307 1762 329 nec
1774 300 1929 341 progredi
1940 297 2078 331 ulterius
2092 306 2214 340 potest.

1321 339 1448 374 Quarto
1472 339 1625 371 differunt
1659 341 1757 372 niodo
1789 343 1992 374 executionis
2027 342 2058 373 in
2085 343 2214 384 poenis.

1233 381 1452 423 Magistratus
1485 382 1638 424 politicus
1663 384 1818 415 cohercet
1853 385 1882 415 vi
1918 383 2095 426 corporali.
2146 385 2214 417 Sed

1234 424 1471 457 Ecclesiastica
1494 432 1645 467 potestas
1669 432 1797 458 tantum
1820 428 1911 467 punit
1934 428 2056 466 verbu,
2086 426 2214 460 scilicet

1234 467 1380 510 legitima
1405 469 1753 500 excommunicatione.

1322 510 1394 542 llae
1439 512 1627 542 discrimina
1675 522 1807 553 semper
1851 513 1882 543 in
1918 519 2100 554 conspectu
2136 523 2214 545 esse

1235 553 1377 591 debent,
1413 560 1446 585 et
1480 560 1631 594 potestas
1665 561 1803 595 utraque
1845 561 1951 587 metas
1985 556 2035 587 sui
2069 557 2214 598 muner-is

1236 606 1338 627 nosse
1362 603 1393 627 et
1416 602 1530 628 tenere
1552 597 1660 629 debet.

1297 761 1493 802 Mandata
1526 762 1603 802 Dei
1637 763 1688 802 de
1729 762 1862 803 officio
1897 763 2169 804 Ministrorum

1623 838 1834 896 Ecclesiae.

1322 937 1449 969 Proba:
1474 937 1571 973 Quod
1596 938 1660 969 hoc
1690 938 1827 970 dictum:
1857 941 1960 971 Smne
1990 943 2115 972 zizania
2145 951 2215 972 cre-

1235 991 1335 1021 scere,
1358 991 1424 1012 non
1448 981 1491 1011 sit.
1514 982 1557 1012 ita
1580 979 1840 1023 intelligendum,
1869 989 1902 1013 ut
1928 981 2084 1014 tollantur
2106 981 2216 1015 officia

1236 1024 1410 1065 potestatis
1434 1022 1692 1055 Ecclesiasticae
1714 1023 1768 1055 vel
1798 1023 1962 1066 politicae.
2008 1026 2152 1057 Primum
2174 1026 2216 1057 de

1236 1067 1416 1098 ministerio
1452 1065 1623 1098 Ecclesiae
1656 1066 1865 1099 maniiestum
1899 1074 1969 1106 est,
2001 1069 2149 1100 mandari
2182 1070 2216 1100 in

1237 1111 1344 1141 sacris
1366 1108 1482 1147 literss,
1510 1116 1546 1141 ut
1569 1110 1706 1141 ministri
1730 1109 1904 1152 Evangelii
1937 1117 2028 1142 recte
2061 1112 2216 1150 doceant,

1236 1153 1289 1194 pie
1313 1152 1542 1190 confiteantur,
1567 1152 1711 1184 refutent
1734 1163 1868 1185 errores
1891 1154 2062 1185 doctrinae
2090 1160 2123 1185 et
2147 1153 2217 1187 cul-

1237 1202 1338 1234 tuum,
1360 1202 1502 1237 arguant
1526 1195 1658 1233 delicta,
1682 1202 1713 1227 et
1735 1196 1964 1228 inobedientes
1986 1207 2048 1228 seu
2075 1207 2217 1239 peccan-

1237 1245 1289 1270 tes
1312 1240 1469 1270 atrociter
1493 1249 1533 1270 ac
1556 1239 1766 1280 pertinaciter
1789 1238 1935 1281 legitimo
1965 1240 2062 1272 modo
2086 1240 2218 1272 eiiciant

1239 1292 1280 1313 ex
1314 1282 1473 1313 societate
1506 1281 1690 1313 Ecclesiae.
1748 1281 1820 1313 Hoc
1854 1281 1999 1314 officium
2033 1288 2125 1315 recte
2159 1283 2218 1315 do-

1240 1324 1347 1362 cendi,
1382 1330 1414 1355 et
1448 1325 1671 1355 conservandi
1705 1323 1912 1364 disciplinam
1935 1324 2217 1364 Ecclesiasticam‚

1240 1377 1381 1398 necesse
1405 1373 1456 1398 est
1480 1368 1612 1398 retineri
1635 1368 1667 1398 in
1691 1366 1862 1405 Ecclesia,
1893 1369 1956 1399 etsi
1978 1368 2096 1399 modus
2119 1369 2217 1401 disci·

1240 1409 1349 1451 plinae
1372 1420 1438 1440 non
1462 1410 1614 1441 omnibus
1636 1410 1669 1441 in
1701 1410 1784 1441 loeis
1808 1421 1873 1440 una
1897 1417 1927 1441 et
1952 1412 2067 1441 eadem
2091 1412 2219 1447 ratione

1240 1453 1364 1483 institui
1388 1458 1443 1483 aut
1467 1454 1595 1484 servari
1629 1459 1750 1493 potest.
1796 1451 1875 1483 Ideo
1898 1453 2034 1491 dicitur,
2062 1453 2219 1485 Matthaei

1240 1494 1298 1527 ult.
1343 1497 1400 1533 lto,
1422 1496 1532 1527 docete
1554 1505 1665 1528 omnes
1683 1500 1804 1535 §ente-9.
1851 1495 1892 1526 Et
1921 1498 2009 1527 loan.
2032 1495 2084 1527 20.
2131 1497 2223 1528 Sicut

1240 1541 1327 1570 misit
1360 1548 1411 1569 me
1442 1543 1545 1579 pater,
1581 1542 1625 1570 ita
1657 1549 1715 1578 eyo
1737 1543 1825 1571 mitto
1848 1548 1908 1570 ros.
1954 1538 2032 1570 ltem
2056 1537 2163 1571 Galat.
2191 1539 2218 1571 1.

1240 1583 1278 1613 Si
1308 1585 1378 1621 quis
1412 1583 1504 1613 aliud
1534 1582 1741 1621 Eranqeltwu
1777 1583 1929 1619 docueril,
1963 1583 2135 1614 anathema
2167 1586 2219 1614 sit.

1239 1625 1269 1655 2.
1293 1623 1435 1655 'liittoth-
1458 1624 1490 1655 4.
1534 1626 1632 1663 Iusta,
1655 1629 1840 1665 tempestive
1862 1630 1894 1656 e!
1915 1628 2142 1665 intempestive,
2165 1635 2219 1666 op-

1237 1672 1376 1708 portune
1405 1673 1438 1699 e!
1465 1668 1661 1707 inmortuae,
1691 1669 1812 1707 Amne,
1849 1671 1997 1708 increpa,
2034 1669 2219 1700 exhortare.

1239 1711 1317 1742 item
1341 1711 1382 1741 ad
1404 1710 1512 1742 Titum
1534 1710 1565 1741 2.
1617 1713 1761 1751 Loquere
1789 1716 1822 1742 et
1846 1713 2036 1748 eflemvmv,
2066 1716 2099 1742 et
2118 1721 2221 1753 arque

1239 1764 1309 1786 cum
1334 1757 1422 1785 omni
1443 1757 1586 1794 imperio.
1611 1753 1675 1785 Ubi
1700 1753 1870 1795 imperium
1898 1755 2064 1795 signiiieat
2088 1754 2219 1785 commi-

1239 1798 1390 1828 nationes
1413 1797 1542 1827 disinas
1576 1807 1616 1827 ex
1641 1798 1744 1827 verbo
1771 1796 1841 1828 Dei.
1899 1797 1950 1828 Ac
1975 1795 2098 1828 Paulus
2131 1798 2218 1829 idem

1238 1840 1290 1871 his
1312 1840 1422 1871 verbis
1445 1840 1553 1877 docet,
1574 1848 1608 1871 ut
1633 1840 1661 1870 si
1685 1840 1795 1877 dicas,
1826 1839 2027 1871 l’otestatem
2051 1839 2219 1872 Ecclesia·

1238 1884 1355 1914 sticam
1378 1892 1481 1924 posse
1505 1883 1666 1923 imperare
1700 1883 1730 1913 in
1754 1883 1814 1920 iis,
1849 1893 1934 1924 quae
1965 1889 2040 1914 sunt
2071 1883 2150 1915 iuris
2173 1883 2220 1915 di·

1239 1927 1318 1964 vini,
1342 1926 1437 1967 eique
1460 1927 1654 1957 necessario
1678 1926 1897 1957 obediendum
1926 1935 2014 1957 esse.
2067 1925 2102 1957 ld
2134 1927 2219 1958 enim

1238 1975 1350 2000 monet
1375 1978 1438 2000 vox
1461 1968 1595 2008 ἑπιιαγή,
1620 1979 1684 2010 qua
1710 1967 1833 2000 Paulus
1856 1970 1974 2007 utitur,
2003 1969 2073 2000 Nec
2096 1975 2220 2001 temere

1240 2013 1350 2044 mirari
1374 2010 1493 2053 aliquis
1518 2012 1633 2053 possit,
1658 2013 1746 2053 quod
1770 2023 1835 2043 non
1859 2013 1889 2043 in
1913 2013 1987 2053 ipso
2012 2011 2115 2043 Paulo
2139 2022 2219 2055 quo-

1239 2066 1303 2097 que
1327 2056 1481 2086 (latnnent
1516 2054 1601 2086 lianc
1635 2054 1773 2086 sormam
1796 2053 1952 2096 loquendi
1977 2054 2040 2093 illi,
2074 2056 2128 2097 qui
2152 2065 2218 2087 non

1238 2097 1354 2130 volunt
1378 2098 1440 2129 dici
1464 2108 1484 2129 a
1507 2099 1619 2129 nobis:
1643 2098 1771 2130 Novam
1795 2098 2016 2130 obedientiam
2045 2108 2107 2130 seu
2131 2099 2218 2131 bona

1239 2152 1342 2183 opera
1366 2152 1440 2173 esse
1465 2142 1665 2173 necessaria.

1325 2185 1501 2215 Praeterea
1535 2195 1696 2225 expresse
1730 2185 1848 2216 dicitur
1882 2185 1923 2215 de
1957 2184 2219 2216 excommunica-

1238 2229 1327 2259 tione
1353 2228 1380 2258 l.
1404 2227 1553 2259 corinth.
1576 2228 1606 2259 5.
1632 2235 1661 2259 et
1689 2227 1803 2259 Matth.
1832 2227 1879 2259 18.
1931 2229 1968 2259 St
1994 2238 2055 2259 non
2078 2228 2219 2259 madieru

1239 2273 1413 2303 Ecclesiam
1427 2297 1434 2309 ‚
1478 2276 1520 2302 stt
1551 2273 1608 2303 tibi
1646 2274 1728 2303 velut
1760 2273 1913 2303 Evenit-us
1953 2275 1986 2302 et
2017 2271 2219 2302 Pnabtecmme.

1239 2315 1319 2346 ltem
1343 2315 1384 2345 nd
1413 2314 1520 2345 Titum
1547 2314 1574 2345 l.
1620 2316 1718 2354 ἔλεγχε
1746 2313 1853 2350 αὐτοῦς
1884 2313 2054 2352 ἀποτόμως.
2112 2315 2220 2352 Aryue

1238 2368 1296 2390 sen
1319 2361 1428 2397 resuta
1450 2368 1505 2389 eos
1527 2368 1644 2389 sce-ere.

1327 2400 1360 2431 ln
1385 2401 1518 2432 Graeco
1541 2401 1717 2439 ἀποτόμως,
1752 2406 1802 2431 est
1826 2401 1870 2431 ita
1899 2401 2050 2441 praecise
2073 2404 2104 2431 et
2126 2404 2219 2431 arcto

1240 2442 1383 2475 refutare
1405 2444 1629 2478 adversarios.
1666 2450 1698 2475 ut
1723 2442 1848 2475 nullum
1882 2443 1925 2474 sit
1948 2443 2027 2484 ipsis
2051 2441 2218 2484 effugium.

1240 2487 1323 2518 Nam
1347 2487 1497 2525 ἀπότομον
1519 2486 1681 2529 significat
1714 2493 1937 2528 praeruptum,
1971 2486 2058 2517 unde
2080 2495 2145 2517 non
2168 2490 2220 2516 est

1239 2530 1408 2573 effugium:
1444 2537 1478 2561 ut
1512 2531 1540 2561 si
1574 2531 1648 2571 quis
1672 2536 1830 2571 urgeatur
1864 2529 1895 2560 in
1920 2528 2020 2571 suga,
2054 2534 2086 2559 et
2110 2527 2219 2560 veniat

1240 2574 1281 2605 ad
1317 2573 1559 2615 praecipitium,
1598 2573 1652 2604 ubi
1686 2583 1753 2604 non
1786 2577 1897 2613 potest
1930 2570 2049 2614 fugere
2082 2571 2216 2607 ‹ti-um.

1239 2617 1302 2648 nisi
1325 2615 1404 2649 velit
1427 2617 1640 2659 praecipitem
1661 2626 1700 2648 se
1723 2616 1814 2648 darc·
