2324 2958
155 159 219 193 483

156 254 302 287 bendere
329 261 394 285 non
417 260 612 295 possumus,
642 257 751 284 tamen
780 256 945 294 utcunque
967 251 1131 283 flectenda

156 304 208 330 est
229 306 323 329 mens
346 296 387 328 ad
411 296 645 339 cogitationem
665 293 796 327 illarum
814 305 935 327 rerum.
980 294 1055 326 Non
1075 294 1132 325 de·

155 342 272 373 bemus
295 346 372 371 esse
394 344 460 370 tam
482 337 543 370 feri
566 344 600 371 et
621 338 764 377 barbari,
783 343 819 370 ut.
841 336 921 370 nihil
938 335 1131 379 cogitemus,

156 392 259 426 quare
279 381 374 414 Deus
396 381 523 413 miserit
543 380 670 414 Fatum.

241 424 412 457 Debemus
445 430 590 457 statuere
628 430 660 456 et
697 424 826 467 erigere
859 433 922 454 nos
955 421 1021 454 hac
1053 421 1131 460 fide,

157 468 244 510 quod
278 468 476 510 recipiamur
507 473 644 509 propter
676 466 764 499 hunc
798 467 1029 502 mediatorem,
1065 475 1131 496 non

156 518 292 553 propter
313 517 463 543 nostram
480 510 688 553 dignitatem:
712 517 912 552 seponamus
940 507 1131 549 dignitatem

156 559 316 592 nostram,
334 553 411 596 quia
431 563 524 585 mens
548 563 692 585 accensa
716 563 795 584 vera
817 551 903 589 luce,
918 551 1006 582 videt
1029 549 1132 582 multo

154 596 231 639 plus
253 600 465 638 peccatorum
489 602 522 628 et
544 596 710 634 sordium,
728 605 825 637 quam
849 593 1028 636 dignitatis.

243 639 280 672 Si
308 649 375 671 non
409 649 559 671 essemus
592 645 658 670 tam
682 644 850 681 agresteS‚
885 636 994 675 stulti,
1027 636 1130 674 caeci,

784 152 896 190 PutL.
918 157 1022 190 MEL.
1045 156 1231 190 SCRIPTA
1254 155 1518 190 EXEGE'HCA.

2091 159 2156 194 484

1268 251 1324 282 Sic
1345 251 1445 293 igitur
1467 250 1593 284 tollitur
1614 250 1752 282 tentatio
1775 249 1980 293 indignitatis
2002 261 2061 294 per
2081 264 2157 295 par-

1182 291 1316 325 ticulam
1340 294 1465 329 Gratis,
1488 301 1519 326 et
1542 303 1602 335 per
1623 293 1774 326 fiduciam
1796 293 1995 327 mediatoris,
2040 293 2083 327 Et
2102 295 2158 329 hin

1184 335 1327 369 conferri
1361 337 1481 370 debent
1508 342 1679 379 peccatum
1707 342 1740 368 et
1767 334 1890 378 gratia:
1925 336 2012 369 sicut
2031 336 2159 372 Paulus

1185 378 1313 411 confert
1333 379 1473 412 Roman.
1492 380 1524 412 6.
1567 379 1680 409 Gratia
1702 379 1850 409 exuberat
1872 389 1969 419 supra
1981 383 2159 420 peccatum.

1182 421 1319 454 Etiamsi
1352 428 1408 454 tua
1441 430 1475 454 et
1507 432 1580 454 mea
1612 428 1753 463 peccata
1785 428 1862 454 sunt
1894 417 1994 454 valde
2027 430 2079 455 ma
2127 434 2160 464 a,

1182 465 1268 497 sicut
1289 475 1409 498 revera
1431 472 1520 504 sunt,
1541 472 1649 497 tamen
1673 474 1739 497 non
1758 464 1864 496 debeo
1886 463 1987 497 filium
2009 432 2160 500 Deizm

1184 507 1383 541 contumelia
1404 507 1559 546 afficere,
1582 508 1675 550 quasi
1698 513 1870 549 peccatum
1893 518 2001 540 meum
2030 509 2072 541 sit
2093 519 2160 541 ma-

1183 551 1252 590 ius,
1285 562 1382 593 quam
1411 552 1514 593 ipsius
1545 551 1706 583 meritum.
1762 550 1872 582 Pluris
1895 551 1952 582 fiat
1974 549 2061 584 flliu's
2083 546 2160 591 De'b

1185 598 1216 624 et
1240 594 1437 627 sacrificium
1461 595 1548 633 eius,
1571 604 1668 635 quam
1692 599 1840 625 nostrum
1863 599 2044 635 peccatum.

1271 635 1466 669 obedientia
1495 636 1550 669 filii
1572 637 1635 668 Dei
1657 637 1899 678 praeponderat
1921 637 2020 669 totius
2049 636 2161 677 mundi

156 692 224 715 non
246 692 331 724 opus
350 688 439 714 esset
458 682 687 723 disputatione,
707 691 805 722 quam
822 679 976 721 Papistae
994 678 1133 710 subinde
1164 680 1341 720 «peccatis.
1386 678 1469 712 lllud
1491 681 1648 722 pretium,
1673 681 1760 721 quod
1783 678 1871 711 filius
1893 678 1957 711 Dei
1980 679 2087 719 offert,
2109 685 2162 712 est

156 726 254 758 nobis
273 730 418 763 movent,
435 725 476 756 de
493 725 651 767 dignitate
674 724 818 765 propria.
864 724 1002 763 Oportet
1021 732 1132 754 unum·

157 767 355 811 quemlibet,
388 769 420 799 in
455 778 520 809 quo
548 765 783 808 aliquantulum
812 765 895 797 lucis
922 771 992 803 est,
1024 763 1133 803 fateri,
1186 765 1296 796 mundi
1318 766 1466 806 peccatis
1489 767 1636 807 superari
1666 775 1707 796 ac
1735 766 1832 797 vinci.

157 811 246 854 quod
274 809 410 842 multum
436 810 557 842 habeat
584 810 797 852 indignitatis,
853 809 998 841 Peccata
1018 814 1133 839 nostra

157 860 236 886 sunt
267 864 388 896 magna
422 861 453 885 et
476 851 675 894 multiplicia.
727 851 794 881 Tibi
815 851 949 882 Domine
977 862 1041 880 snm
1059 860 1133 890 pec-

157 901 263 932 cator,
285 897 388 938 inquit
416 894 586 932 Psalmns;
614 895 686 934 vel,
714 895 771 925 tibi
801 899 917 925 tautum
940 905 1003 924 sum
1022 904 1133 934 pecca-

157 944 237 979 tum,
259 940 293 971 id
317 946 389 977 est,
412 939 469 970 tibi
492 945 618 970 tantum
641 949 714 970 sum
737 948 825 970 reus.

243 981 310 1014 Sed
334 992 530 1024 quamquam
552 991 666 1013 sumus
689 981 832 1023 indigni,
855 987 964 1012 tamen
988 986 1134 1012 statuen-

157 1025 234 1057 dum
256 1031 319 1063 est,
338 1035 401 1056 nos
424 1025 526 1066 recipi
548 1031 685 1067 propter
697 1023 812 1055 Filium
835 1023 910 1055 fide.
956 1023 1056 1065 quue
1080 1033 1134 1054 co-

157 1068 327 1142 gitandum
361 1075 411 1100 est
446 1068 544 1100 etiam
572 1067 604 1098 in
634 1066 798 1099 solutione
827 1065 915 1099 illius
937 1066 1135 1109 argumenti,

180 1121 198 1143 e
221 1121 287 1152 quo
310 1120 411 1152 supra
435 1111 512 1142 dixi.

242 1153 432 1183 Peccatores
454 1153 540 1183 Dens
562 1164 624 1183 non
647 1153 791 1183 eat-audin

242 1196 313 1235 Eyo
336 1207 399 1225 sum
420 1200 585 1235 peccator:

242 1239 330 1279 Eryo
353 1239 440 1268 Deus
462 1249 507 1268 me
528 1249 589 1268 non
613 1238 754 1268 exaudit.

241 1281 302 1313 Hic
342 1291 422 1313 vera
462 1287 511 1312 est
545 1280 691 1312 Solutio:
734 1280 823 1312 'Deus
858 1285 1041 1320 peaerorom
1074 1290 1134 1309 non

157 1325 303 1355 exaudit:
340 1323 485 1363 scilicet,
519 1334 586 1355 non
621 1329 758 1366 agentes
791 1324 1040 1365 poenitentiam3
1075 1322 1135 1354 sed

157 1365 255 1400 simul
289 1367 474 1399 addendum
510 1366 576 1398 hoc
610 1372 674 1398 est:
710 1364 804 1398 Deus
838 1377 902 1398 non
938 1366 1069 1397 exaudit
1103 1371 1135 1396 te

156 1416 293 1453 propter
321 1416 410 1441 tuam
438 1409 720 1451 resipiscentiam,
754 1409 814 1439 sed
843 1414 980 1450 propter
1007 1407 1136 1446 Filium,

157 1455 243 1485 sicut
275 1454 307 1484 in
341 1451 491 1494 Epistola
524 1453 565 1483 ad
599 1451 772 1483 Hebraeos
807 1451 940 1484 dicitur:
980 1451 1136 1480 Habentes

156 1497 331 1536 pontificem
347 1495 449 1529 talem,
470 1495 653 1524 arc-edamus
671 1495 714 1524 ml
732 1496 873 1527 thronum
885 1496 1020 1534 qratiae.
1055 1496 1136 1525 Item

158 1540 200 1571 ad
221 1538 402 1580 Ephesios:
428 1538 490 1568 Per
508 1538 588 1568 hunc
610 1536 752 1567 habemus
771 1548 926 1568 accessum
949 1537 1137 1577 confidenter

157 1585 189 1612 in
208 1582 279 1622 fide.

243 1624 420 1666 Coniungit
439 1622 564 1655 Paulus
587 1622 699 1662 multa,
722 1634 808 1666 quae
829 1624 915 1655 idem
934 1622 1136 1665 significant,

159 1668 330 1710 παρῤησία,
354 1679 469 1703 manag,
498 1668 690 1704 πεποιθότες.
738 1667 878 1702 Quando
900 1675 965 1698 nos
989 1665 1137 1697 declara·

158 1723 231 1743 mus
254 1721 372 1744 vocem
396 1710 469 1741 fidei
499 1720 558 1751 per
581 1709 778 1742 vocabulum
802 1709 960 1748 fiduciae,
990 1707 1135 1740 clamant

159 1754 265 1786 multi:
311 1754 381 1785 Nos
406 1752 608 1784 confundere
631 1753 773 1785 habitus.
826 1752 894 1783 Scd
917 1752 969 1783 isti
992 1762 1058 1782 non
1084 1762 1137 1782 co-

183 1799 263 1828 ‘tant
286 1796 419 1828 habitus
448 1795 525 1827 illos
549 1796 764 1833 coniunctos,
793 1801 824 1827 et
849 1793 1025 1836 copulatos
1049 1804 1136 1826 esse.

187 1839 284 1872 aulus
307 1846 482 1881 propterea
504 1849 586 1870 usus
609 1846 658 1870 est
683 1845 748 1870 tam
772 1837 881 1870 multis
902 1838 1012 1869 verbis
1031 1837 1062 1868 in
1079 1836 1136 1869 illo

160 1889 247 1915 metu
271 1882 500 1919 describendo,
521 1888 556 1914 ut
580 1883 696 1913 doceat
720 1892 758 1912 se
781 1881 950 1923 requirere
974 1880 1137 1918 fiduciam,

182 1936 245 1958 uae
278 1932 329 1956 est
363 1936 463 1956 verus
492 1931 524 1955 et
552 1926 650 1956 vivax
679 1930 786 1956 motus
817 1924 943 1961 cordis,
977 1929 1093 1965 petens
1117 1931 1136 1954 a

194 1979 234 2000 eo
258 1967 434 2005 beneficia,
456 1974 591 2009 propter
614 1966 749 2005 Filium,
771 1977 968 2008 quamquam
992 1967 1136 1998 sciamus

161 2022 223 2043 nos
247 2012 400 2054 indignos
424 2017 455 2042 et
479 2021 555 2041 reos
580 2021 664 2042 esse.

246 2055 314 2087 Sed
337 2055 438 2085 redeo
461 2054 502 2084 ad
532 2052 781 2094 explicationem
811 2053 1004 2093 argumenti.
1050 2051 1136 2083 Con-

161 2097 299 2130 scientia
321 2103 437 2128 nostra
458 2095 567 2128 adhuc
585 2102 732 2136 urgetur,
750 2095 845 2127 etiam
865 2105 938 2126 cum
959 2102 1135 2136 coeperunt

161 2142 193 2173 in
215 2141 312 2172 nobis
335 2140 425 2171 initia
453 2140 681 2181 poenitentiae.
729 2139 809 2169 Sum
833 2137 943 2169 adhuc
967 2144 1135 2179 peccator,

161 2185 287 2216 etiamsi
320 2194 385 2226 ago
418 2183 657 2224 poenitentiam.
716 2181 856 2213 Haerent
891 2180 993 2212 multa
1027 2181 1057 2212 in
1086 2192 1136 2212 ine

162 2226 261 2259 mala:
293 2233 325 2257 et
348 2225 547 2267 poenitentia
575 2231 627 2256 est
656 2223 823 2266 languida.
880 2222 984 2255 Multa
1018 2224 1137 2255 desunt

162 2271 203 2302 de
225 2271 295 2302 eius
318 2269 531 2311 perfectione.
579 2268 616 2299 Et
641 2278 836 2310 quamquam
862 2277 948 2298 nunc
968 2277 1040 2298 sum
1060 2277 1137 2297 con-

163 2323 298 2349 versus,
333 2320 439 2343 tamen
469 2317 563 2342 antea
587 2311 688 2342 merui
720 2321 844 2352 poenus
869 2311 1016 2351 peccatis
1041 2311 1137 2341 ctiam

163 2356 347 2387 actualibus
372 2353 491 2385 multis.

249 2399 424 2429 Sciendum
447 2403 497 2428 est
521 2397 631 2435 igitur:
668 2395 820 2428 Exaudiri
844 2402 1052 2437 peccatores,
1075 2397 1137 2426 sci·

162 2441 239 2473 licet
264 2450 466 2472 conversos:
501 2440 559 2470 sed
591 2439 622 2470 1ιί
652 2441 712 2481 ipsi
744 2440 896 2471 conversi
921 2439 1138 2470 exaudiuntur
1164 2446 1166 2472 ῑ
1191 2450 1323 2480 quoquc
1347 2439 1428 2469 duri.

164 2492 297 2526 propter
315 2484 428 2515 Fitinm
454 2483 676 2516 mediatorem.
701 2493 765 2514 non
789 2489 924 2524 propter
947 2483 1137 2523 «lignitatem
1164 2479 1166 2520 ζ

164 2529 345 2569 propriam,
368 2536 398 2558 ut
425 2528 561 2557 «lit-itur:

164 2573 280 2601 nmm'm'
314 2581 393 2601 niro.
430 2570 519 2598 dabie
553 2570 644 2598 vobis.
704 2569 837 2601 Fiducia

165 2613 236 2644 lanu
261 2613 382 2644 Christi
406 2614 622 2644 exaudiuntur
647 2613 810 2643 conversi.

1184 721 1285 763 longe
1308 723 1424 761 maius,
1441 729 1474 754 et
1492 722 1690 764 opulentius,
1714 733 1810 764 quam
1832 728 1866 754 ut
1887 723 1994 764 possit
2017 733 2038 754 a
2060 722 2161 756 totius

1890 765 1986 798 Hanc
2008 764 2159 798 consol»

1186 807 1308 839 tionem
1331 813 1462 848 oportet
1484 819 1546 839 nos
1565 809 1718 840 retinere.
1775 807 1817 839 Et
1839 807 1905 840 hoc
1929 814 1980 839 est
2003 808 2093 851 quod
2115 808 2162 840 di-

1188 850 1309 888 cimus,
1330 850 1400 881 Nos
1422 850 1489 880 sola
1509 851 1571 890 fide
1593 852 1772 889 iustificari,
1807 852 1839 882 id
1864 857 1931 889 est,
1961 852 2081 883 remitti
2105 860 2163 883 no·

1188 893 1240 924 bis
1268 900 1427 935 peccata,
1459 894 1615 935 imputari
1639 894 1794 925 iustitiam
1822 904 1842 925 a
1869 893 1944 925 Deo
1966 900 2104 936 propter
2126 893 2164 925 fl-

1187 934 1266 967 lium
1289 937 1520 974 mediatorem,
1555 946 1651 978 quem
1673 935 1756 974 fide,
1786 936 1818 967 id
1841 943 1911 975 est,
1943 946 2021 968 vera
2041 936 2164 969 fiducia

1188 979 1466 1020 apprehendimus
1533 979 1633 1020 ldque
1657 988 1769 1010 verum
1793 985 1861 1017 est,
1894 980 1992 1010 etiam
2017 989 2092 1011 cum
2113 989 2165 1011 re·

1189 1020 1351 1053 conciliati
1375 1032 1489 1054 sumus
1512 1020 1598 1053 Deo.

1274 1064 1412 1104 Daniel,
1445 1063 1585 1105 loseph,
1617 1063 1743 1096 habent
1776 1061 1980 1095 excellentes
2016 1063 2166 1101 virtutes,

1188 1116 1274 1150 quae
1304 1114 1382 1139 sunt
1411 1107 1602 1139 effectiones
1629 1107 1693 1138 Dei
1715 1106 1897 1138 habitantis
1920 1106 1952 1137 in
1976 1105 2068 1147 ipsis.
2124 1103 2168 1137 Et

1187 1156 1296 1182 tamen
1319 1150 1440 1183 fiducia
1463 1149 1549 1181 illius
1569 1150 1726 1181 novitatis
1747 1159 1804 1181 seu
1824 1148 2072 1180 inhabitationis
2090 1146 2168 1187 Dei,

1187 1203 1252 1224 non
1277 1194 1441 1225 accedunt
1462 1193 1505 1224 ad
1527 1192 1653 1231 Deum,
1681 1193 1740 1224 sed
1770 1192 1891 1223 fiducia
1920 1191 2167 1223 misericordiae

1186 1242 1323 1278 propter
1346 1235 1525 1268 Christum.

1271 1278 1412 1320 Semper
1453 1285 1583 1320 oportet
1621 1277 1720 1310 fidem
1753 1275 1948 1319 praelucere
1983 1278 2012 1309 in
2047 1271 2167 1309 iudicio

1167 1320 1270 1359 'Dei,
1303 1320 1393 1362 quod
1421 1322 1524 1353 simus
1548 1321 1677 1362 accepti
1695 1327 1831 1362 propter
1855 1318 1990 1358 Filium,
2024 1325 2057 1351 et
2079 1320 2169 1362 quod

1188 1372 1334 1404 persona
1362 1362 1494 1405 placeat
1516 1369 1653 1405 propter
1675 1363 1907 1401 mediatorem,
1940 1372 2007 1394 non
2032 1371 2093 1404 pro
2117 1368 2170 1395 ter

1188 1406 1368 1438 novitatem
1396 1407 1428 1437 in
1459 1407 1574 1444 nobis,
1607 1416 1674 1437 non
1697 1412 1832 1447 propter
1855 1405 2046 1447 dignitatem
2068 1373 2170 1438 ufiam

1189 1455 1346 1480 nostram.
1392 1447 1583 1481 iustificatio
1606 1449 1712 1480 nostri
1741 1454 1792 1480 est
1815 1449 1977 1491 gratuita,
2010 1458 2076 1480 non
2100 1455 2170 1481 tau-

1189 1498 1257 1524 tum
1278 1493 1310 1523 in
1330 1491 1432 1528 initio,
1455 1493 1515 1524 sed
1538 1498 1710 1534 perpetuo,
1730 1498 1761 1523 et
1785 1491 1872 1523 omni
1895 1497 2055 1532 tempore,
2079 1492 2170 1524 iuxta

1189 1535 1311 1567 dictum
1334 1533 1473 1567 Psalmi:
1516 1534 1615 1566 Beati·
1635 1545 1760 1575 quorum
1788 1535 1932 1564 remissae
1959 1538 2030 1564 sunt
2058 1535 2168 1575 iniqua·-

1189 1582 1286 1613 ta!es‚
1311 1582 1341 1608 ct
1362 1589 1488 1619 quorum
1512 1583 1594 1609 terta
1616 1581 1687 1607 sunt
1706 1581 1858 1617 peccato:
1894 1575 2016 1606 Beatus
2037 1578 2094 1612 air,
2119 1579 2170 1607 cm·

1192 1621 1345 1651 Dominus
1367 1632 1428 1651 non
1451 1623 1614 1661 imputat-lt
1634 1624 1806 1660 pecc-atum.

1276 1664 1368 1696 Haec
1391 1665 1455 1696 dixi
1479 1664 1639 1706 prolixius
1663 1663 1704 1695 de
1726 1663 1907 1694 tentatione
1929 1661 2169 1703 particularitar

1190 1707 1232 1738 tis
1256 1714 1286 1738 et
1311 1707 1530 1749 indignitatis:
1554 1707 1629 1749 quia
1653 1706 1716 1737 hae
1746 1712 1822 1737 sunt
1849 1705 2047 1736 tentationes
2073 1716 2170 1747 prae-

1191 1751 1326 1790 cipuae,
1363 1751 1481 1792 quibus
1511 1749 1717 1791 singulorum
1752 1749 1849 1779 animi
1877 1754 2110 1789 oppuvnantur
2135 1746 2169 1780 in

1191 1794 1409 1825 invocatione.
1455 1793 1503 1824 Ex
1527 1799 1667 1834 utraque
1691 1798 1820 1833 oportet
1845 1790 1942 1822 fidem
1961 1801 1979 1822 e
1994 1792 2097 1823 uetari
2121 1791 2168 1823 ni-

1189 1842 1310 1867 tentem
1333 1836 1553 1877 promissione
1576 1834 1767 1877 Evangelii,
1797 1843 1882 1876 quae
1910 1840 1960 1865 est
1983 1840 2015 1866 et
2038 1835 2168 1866 univer*

1189 1878 1289 1917 salis,
1324 1880 1355 1910 id
1385 1886 1453 1910 est.
1489 1880 1605 1910 eodem
1635 1877 1733 1909 modo
1763 1887 1801 1907 se
1829 1877 1959 1908 habens
1982 1877 2025 1908 ad
2050 1887 2167 1910 omnes

1191 1922 1383 1954 credentes:
1419 1929 1448 1951 ot
1473 1923 1634 1962 gratuita,
1669 1921 1700 1951 id
1726 1926 1794 1958 est,
1829 1918 1972 1951 offerens
1995 1920 2093 1952 nobis
2116 1930 2167 1952 ro

1190 1966 1378 1996 missionem
1414 1972 1643 2005 pet-catorum,
1677 1969 1707 1994 et
1736 1961 2058 2002 reconciliationem,
2093 1963 2166 1995 sine

1190 2014 1342 2049 respectu
1367 2007 1533 2049 dignitatis
1554 2012 1700 2045 nostrae,
1719 2012 1854 2048 propter
1873 2004 2052 2046 Christum,
2070 2016 2168 2048 quem

1188 2058 1317 2092 oportet
1342 2052 1402 2081 sihi
1428 2050 1490 2081 tide
1512 2049 1679 2091 applicare
1702 2049 1866 2092 singulos.

1277 2094 1430 2135 Papistne
1447 2093 1559 2124 dicunt
1576 2093 1790 2124 dubitandum
1811 2101 1889 2124 esse
1909 2092 1950 2123 de
1969 2091 2166 2124 remissione

1189 2143 1412 2177 pcccatorum.
1459 2135 1564 2171 Quem
1594 2134 1768 2167 articulum
1797 2133 1943 2177 Symboli
1966 2133 2168 2167 labefactant

1189 2180 1253 2212 hoc
1277 2179 1452 2221 dogmate?
1499 2179 1603 2209 Credo
1623 2181 1827 2208 remissionem
1847 2182 2057 2218 peccatorum.

1277 2224 1411 2253 t'ontrn.
1460 2223 1614 2257 (‘mlnne,
1638 2221 1722 2262 quod
1746 2222 1899 2261 aliquibus
1924 2221 2008 2251 Deus
2031 2222 2168 2252 νηπίω

1188 2270 1335 2306 pret-olo:
1373 2265 1459 2304 13¹⁶!I0
1477 2266 1561 2297 illum
1584 2265 1746 2295 articulum
1770 2275 1829 2294 non
1853 2265 2058 2303 labesorlmn:

1277 2308 1486 2350 Respondi-o.
1534 2307 1591 2340 llle
1613 2306 1772 2339 articulus
1797 2306 1961 2348 postulat,
1990 2314 2023 2338 ut
2048 2307 2167 2338 credas

1191 2353 1246 2383 tibi
1271 2352 1398 2383 remitti.
1446 2352 1493 2383 Lo
1520 2353 1604 2383 uitur
1628 2352 1668 2382 de
1697 2351 1761 2382 fide
1784 2349 1971 2392 applicante.
1995 2350 2071 2382 mihi
2094 2351 2168 2391 ipso

1191 2396 1430 2427 remissionem.
1492 2396 1602 2427 (redo
1642 2394 1885 2430 remissionem,
1924 2391 2051 2424 scilicet
2089 2393 2167 2425 mihi

1482 2437 1628 2480 Respicit
1656 2438 1697 2469 nd
1725 2437 1976 2478 promissionem
2001 2442 2068 2467 tum
2091 2446 2166 2479 gm-

1192 2483 1316 2518 tuitnm‚
1337 2489 1403 2512 tum
1422 2480 1653 2513 unixersnlein.
1700 2480 1765 2511 Sed
1789 2480 1820 2510 in
1845 2480 1933 2510 dicto
1957 2479 2081 2511 (‘liristi
2100 2488 2166 2511 non

610 2527 766 2567 Qm'cqm'd
786 2527 942 2600 palicfitis
962 2529 1082 2565 putrem
1106 2527 1137 2553 ίη
1164 2549 1167 2592 ἰ
1192 2532 1315 2555 tautum
1335 2524 1478 2565 pingitur
1501 2525 1635 2555 tentatio
1660 2523 1699 2554 dt!
1722 2523 1928 2563 indignitate:
1958 2521 2029 2553 Non
2048 2526 2094 2553 es!
2115 2522 2165 2552 bo-

884 2569 999 2600 )omini
1036 2569 1138 2599 nostri

1193 2579 1268 2599 uum.
1292 2577 1406 2597 ,nmmo
1423 2578 1533 2607 panem
1552 2567 1693 2606 filiorum».
1713 2577 1750 2595 ar
1767 2567 1922 2604 prut'irrrr
1945 2563 2082 2595 catellis.-
2104 2565 2166 2596 nod

1191 2611 1288 2641 etiam
1325 2611 1555 2652 praerogativa
1590 2611 1698 2651 gentio
1733 2608 1892 2640 iudaicae.
1949 2607 2165 2640 Nominat-u
