2324 2958
105 167 164 199 421

106 271 172 293 non
197 261 305 291 habita
319 259 444 290 ratione
463 257 684 299 aequalitatis,
718 256 852 286 Vortlzeil
867 256 989 286 suc-lien.
1016 257 1083 287 Sed
1109 269 1112 311 Ι

107 305 242 336 verbum
265 304 469 341 συκοφαντεῖν,
493 300 593 331 habet
616 299 713 330 aliam
738 300 911 340 originem,
934 305 966 330 et
987 297 1084 340 plura

107 346 171 378 alia
195 343 432 385 complectitur,
457 353 553 384 quam
577 341 634 374 illa
655 341 887 380 πλεονεκτήματα
910 347 942 373 et
964 340 1061 373 furta.

314 506 433 548 Unde
466 522 562 562 ergo
595 514 657 548 est
689 505 874 546 factum?

188 597 362 630 Anomine
375 609 565 639 συκοφαντης.
592 597 808 639 Sycophanta
830 603 940 627 autem
964 596 1082 628 dicitur

104 654 124 674 a
146 640 245 679 σάκον,
267 641 301 672 id
323 646 386 677 est,
405 642 493 680 βίαις,
517 647 549 672 61
573 645 684 681 φαίνω,
708 639 847 673 ostendo,
879 649 910 680 q.
935 639 966 670 d.
989 649 1081 670 mon-

103 689 226 716 strator
248 682 379 715 ficuum.
425 683 529 715 Erant
558 683 795 725 Sycophantae
824 682 981 713 custades
1005 681 1081 713 hor-

102 733 221 765 torum,
241 727 398 758 custodes
420 726 553 765 ficuum,
575 732 607 757 et
630 724 727 757 simul
749 725 874 756 indices
897 723 1015 756 furum.
1039 724 1081 755 Et

103 770 178 812 quia
211 769 263 800 isti
297 779 399 810 saepe
420 767 508 800 falso
531 769 738 800 accusabant
765 767 929 805 11011111165,
955 766 1080 799 defere-

101 814 181 845 bant
199 821 258 843 eos
281 811 322 842 de
346 812 447 843 rebus
471 812 594 853 parviS,
618 812 695 843 abiit
718 812 781 843 ista
799 822 861 842 vox
883 812 916 841 in
929 811 1081 847 abusum,

101 861 137 888 ut
164 860 380 895 usurparetur
412 855 445 885 in
469 864 593 896 genere
615 864 676 895 pro
701 864 754 892 6ο,
778 855 833 895 qui
855 852 944 884 falso
968 859 999 884 et
1021 863 1081 894 per

101 896 250 929 fraudem
272 903 410 928 accusat
433 895 527 935 alios,
549 902 585 928 ut
609 898 637 928 ei
667 897 901 938 quoquomodo
931 894 1080 928 facessat

102 941 278 983 negotium.

187 983 247 1014 Est
258 982 356 1024 igitur
367 986 574 1023 συκοφαηεῖν,
597 983 730 1023 proprie
743 991 905 1012 accusare
927 980 1081 1023 aliquem,

102 1025 190 1067 quod
226 1026 269 1056 sit
291 1025 420 1056 furatus
443 1025 544 1061 ficus3
578 1025 639 1056 sed
670 1025 746 1066 quia
768 1023 833 1056 hoc
856 1034 957 1065 saepe
980 1023 1081 1055 fiebat

100 1068 230 1106 fraude,
252 1074 371 1109 postea
395 1073 547 1109 coeptum
570 1074 621 1099 est
645 1067 798 1108 usurpari
820 1077 881 1108 pro
895 1066 1080 1107 διαβάλλειν,

102 1111 293 1145 calumniari,
317 1117 349 1142 et
371 1115 566 1149 συκοφαντεία
589 1120 649 1152 pro
674 1110 807 1150 διαβολῇ.

277 1275 397 1316 Unde
431 1275 575 1315 dicittu·
608 1273 916 1315 Calumniator?

184 1366 216 1397 A
237 1368 346 1403 καλέω,
365 1366 397 1396 1(1
421 1370 484 1403 651,
508 1375 528 1396 3
549 1366 693 1395 vocando
715 1367 748 1394 iu
767 1367 825 1395 ius.
893 1364 1079 1396 Calumnia-

99 1416 153 1441 tor
171 1410 246 1446 'est‚
281 1409 335 1450 qui
360 1414 460 1439 vocat
482 1407 625 1450 aliquem
648 1409 680 1439 in
704 1408 858 1439 iudicium
881 1406 1079 1449 petulanter,

100 1452 172 1482 sine
205 1461 315 1482 causa.
385 1450 427 1481 Ut
463 1449 544 1481 Ziba
579 1450 799 1482 calumniatur
821 1461 920 1482 suum
943 1449 1077 1481 herum:

99 1493 210 1526 David
232 1494 410 1534 deceptus,
443 1499 479 1524 ut
503 1503 606 1534 saepe
629 1493 726 1524 etiam
755 1493 834 1524 boni
857 1499 889 1524 et
912 1494 1079 1534 sapientes

99 1537 306 1577 decipiuntur
329 1535 504 1573 calumnia,
528 1536 641 1567 tribuit
663 1536 692 1567 ei
715 1536 803 1567 bona
825 1534 896 1567 heri
919 1537 981 1567 sui.
1023 1536 1079 1568 Sic

98 1580 130 1610 in
153 1577 272 1620 Belgio
295 1585 372 1609 sunt
401 1577 699 1619 quadruplatoreS,
728 1579 783 1619 qui
806 1584 967 1612 accusant
990 1577 1079 1610 hunc

97 1626 155 1654 aut
176 1619 277 1652 illum.
344 1620 470 1651 Dicunt
493 1630 570 1652 esse
592 1620 821 1660 Luffleranos,
850 1626 885 1652 ut
913 1622 1079 1653 excutiant

98 1674 158 1696 eos
181 1674 224 1695 ex
245 1663 361 1702 bonis,
392 1663 486 1694 etad
509 1673 547 1694 se
570 1662 771 1694 transferant
796 1663 928 1695 illorum
952 1670 1078 1704 partem

97 1706 253 1748 aliquam.
319 1704 432 1747 Aliqui
466 1706 632 1737 deducunt
666 1704 849 1738 calumniae
879 1717 995 1738 vocem
1018 1707 1079 1737 ἀπὸ

99 1750 152 1780 τοῦ
173 1749 263 1780 καλὸν
285 1749 396 1788 μειοῦν,
417 1749 450 1779 id
473 1755 535 1787 est,
557 1749 599 1780 ab
623 1749 856 1788 imminuendo,
879 1759 939 1780 seu
962 1750 1078 1791 depra-

99 1792 209 1823 vando
232 1792 310 1829 hoc,
344 1790 433 1832 quod
455 1792 578 1823 bonum
602 1798 652 1823 est
675 1802 735 1833 per
758 1802 804 1824 se.
871 1791 953 1824 Inde
987 1791 1077 1825 calu-

99 1835 241 1867 mniator
264 1839 325 1872 est,
348 1835 396 1863 ein
420 1833 588 1869 oerlaelcrer,
609 1834 824 1866 verleumbder.

185 1876 351 1909 Diabolus
385 1877 485 1908 habet
516 1887 637 1909 nomen
671 1888 691 1909 a
727 1877 970 1916 calumniando,
1001 1878 1078 1920 quia

100 1919 318 1953 calumniatur
340 1919 460 1957 Deum,
483 1925 516 1951 et
537 1921 675 1952 verbum
694 1920 768 1959 Dei,
790 1920 886 1952 affert
910 1927 1079 1962 cormpte·

101 1962 154 1995 las
177 1962 331 2000 11160535,
355 1968 387 1994 et
410 1960 593 1994 delectatur
617 1963 788 1995 calumniis
808 1964 841 1995 in
865 1969 935 1995 toto
955 1973 1079 2006 genere

99 2005 253 2038 humano·
300 2004 464 2037 Accendit
486 2006 570 2036 inter
588 2006 739 2038 homines
762 2005 957 2046 calumnias,
982 2012 1015 2039 et
1038 2017 1078 2038 ex

101 2047 273 2080 calumniis
307 2046 407 2085 bella,
439 2048 626 2087 homicidia,
648 2049 893 2091 dissipationes.
960 2050 1079 2082 Statim

100 2092 133 2123 in
157 2091 317 2123 Paradiso
342 2089 690 2124 calumniam-Deum.
735 2092 809 2122 Non
832 2093 1011 2125 moriemini,
1031 2093 1078 2124 in-

100 2135 182 2177 quit,
205 2134 261 2163 secl
280 2134 366 2163 Deus
389 2134 508 2163 invidet
532 2134 616 2164 robis
632 2136 722 2165 istum
741 2135 848 2165 cibum.

186 2177 286 2218 Apud
299 2175 508 2209 Salomonem
520 2177 638 2209 dicitur
657 2178 698 2209 de
710 2177 889 2210 calumnia:
913 2174 999 2218 quod
1009 2189 1078 2208 con-

101 2219 202 2250 turbet
220 2221 401 2259 sapientem,
425 2224 453 2249 e!
473 2220 605 2259 franyat
629 2221 720 2250 robur
743 2222 850 2251 cordis
873 2223 946 2251 eins.
981 2220 1078 2253 Multi

100 2263 211 2304 magni
234 2263 294 2294 viri
317 2273 377 2304 per
400 2261 598 2294 calumniam
619 2262 819 2296 horribiliter
836 2265 1077 2306 opprimuntur:

99 2316 140 2337 ac
163 2304 264 2337 multo
288 2306 432 2337 deterior
455 2311 506 2337 est
530 2304 757 2345 calumniator,
779 2318 878 2349 quam
901 2308 957 2349 qui
979 2318 1078 2339 manu

101 2349 232 2380 occidit.
257 2348 372 2380 Omnis
397 2347 559 2380 calumnia
582 2354 634 2380 est
651 2349 851 2391 sophistica3
874 2356 907 2382 et
929 2356 1077 2389 econtra,

101 2390 283 2433 sophistica
305 2392 339 2422 in
362 2392 491 2433 magnis
515 2392 615 2423 rebus
640 2398 691 2423 est
715 2391 889 2424 calumnia.

186 2432 305 2465 Dicam
338 2435 434 2465 vobis
470 2433 674 2476 exemplum,
713 2445 779 2466 non
812 2441 849 2467 ut
881 2446 1077 2478 quemquam

103 2475 301 2508 contumelia
322 2475 477 2515 afficiam,
500 2478 560 2508 sed
584 2484 619 2508 ut
643 2476 826 2517 declarem,
856 2480 934 2520 quid
958 2479 1001 2510 sit
1024 2489 1078 2511 ca·

102 2516 225 2551 lamnia
247 2526 280 2552 et
302 2520 532 2562 sycophantia.
579 2519 719 2562 Ceperat
742 2521 773 2551 in
797 2522 918 2563 oppido
942 2521 1079 2564 Sponda

103 2561 234 2604 quidam
260 2573 385 2605 pauper
413 2563 513 2595 homo
543 2561 702 2604 leporem,
732 2564 765 2595 in
790 2563 888 2595 horto
912 2574 973 2596 suo
997 2575 1080 2597 casu

102 2603 380 2647 depraehensum:
411 2616 452 2638 ea
482 2616 535 2638 res
555 2605 665 2638 delata
688 2612 738 2638 est
763 2607 805 2639 ad
827 2605 947 2639 aulam.
993 2606 1079 2639 Aula

801 162 1016 195 POSTlLLA
1039 161 1438 194 MELANTHoNlANA.

2047 160 2109 191 422

1135 256 1268 296 scripsit
1291 255 1333 286 ad
1356 260 1506 285 senatum
1530 255 1656 296 oppidi,
1687 261 1721 286 ut
1747 254 1802 286 ille
1825 255 2012 296 puniretur,
2035 254 2112 295 quia

1134 298 1333 340 prohibitum
1367 303 1458 329 esset
1492 298 1605 328 venari
1638 296 1784 338 lepores.
1847 298 1989 330 Senatus
2021 295 2112 329 illum

1136 341 1277 373 coniecit
1306 340 1339 371 in
1370 349 1540 371 carcerem
1562 350 1623 381 per
1646 346 1723 371 octo
1747 341 1829 371 dies.
1874 339 1999 372 Postea
2021 339 2112 371 dimi·

1134 385 1176 415 sit
1200 394 1285 415 eum.
1335 382 1497 414 Putarunt
1519 384 1600 414 satis
1624 392 1701 413 6556
1724 383 1939 423 castigatum:
1963 383 2023 414 sed
2045 391 2112 413 non

1134 425 1292 458 intellexit
1314 431 1470 462 senatus,
1494 426 1572 466 quid
1594 431 1757 466 ageretur.
1810 424 1868 457 llle
1891 427 1991 456 miser
2012 424 2113 456 homo

1134 479 1202 500 non
1236 473 1307 500 erat
1340 471 1520 499 instructus
1548 466 1775 499 facultatibus:
1803 478 1869 498 non
1893 473 2025 509 poterat
2047 466 2113 499 sol·

1134 522 1213 543 vere
1246 511 1367 552 aliquid
1401 511 1572 551 pecuniae.
1629 510 1702 542 Hoc
1736 510 1834 551 igitur
1864 512 2025 552 agebatur
2053 520 2114 552 per

1135 555 1303 586 ministros
1337 552 1483 591 aulicos,
1520 559 1556 585 ut
1590 559 1726 584 senatus
1765 551 1912 585 solveret
1946 551 2110 585 mulctam.

1135 597 1246 633 Quare
1269 607 1342 628 cum
1365 602 1501 628 senatus
1525 596 1729 636 scripsisset,
1751 594 1841 626 illum
1865 597 2012 637 punitum
2035 605 2113 627 esse

1136 650 1289 678 carcere,
1324 645 1397 671 arte
1427 639 1596 680 quaesitus
1620 644 1671 670 est
1693 644 1902 679 praetextus,
1934 644 1969 670 ut
1992 638 2114 670 mulcta

1135 683 1341 714 derivaretur
1363 682 1396 713 in
1419 688 1580 713 senatum.
1626 681 1658 711 15
1691 687 1828 712 60361115
1857 687 1906 712 651
1937 679 2032 712 311136
2055 681 2112 712 1111-

1135 732 1252 757 centos
1276 725 1421 757 florenos
1444 724 1590 762 solvere,
1611 725 1688 765 quia
1710 725 1808 755 istum
1831 734 1898 755 non
1916 724 1997 755 satis
2021 724 2112 765 puni·

1135 769 1273 801 vissent.
1317 767 1416 799 Tales
1446 766 1582 799 fraudes
1605 766 1786 798 artificiose
1809 767 2015 808 excogitatae
2038 776 2112 808 spe-

1136 812 1185 843 cie
1209 812 1289 842 iuris
1312 817 1388 842 sunt
1413 809 1596 842 calumniae
1619 816 1651 841 et
1674 808 1925 852 sycophantiae.

1221 852 1395 885 Zachaeus
1415 853 1527 884 tribuit
1546 853 1609 884 sibi
1626 851 1692 883 hoc
1715 853 1866 883 verbum:
1889 852 1928 883 Si
1947 861 2037 892 quem
2052 861 2114 892 per

1135 898 1325 928 calunmz'am
1356 897 1524 937 oppressi,-
1545 895 1609 931 vel,
1633 897 1665 927 si
1692 896 1744 936 eyt'
1759 893 1902 934 frande,
1926 894 2112 936 Sycophan-

1134 944 1240 971 tarmn
1263 949 1359 971 more.
1406 938 1469 974 Qui
1491 949 1557 970 non
1581 937 1651 970 vult
1674 938 1847 970 manifeste
1875 936 1996 975 furari,
2023 936 2114 968 illum

1134 988 1267 1024 oportet
1289 981 1390 1014 furari
1421 992 1495 1014 cum
1518 993 1729 1025 συκοφανιειᾳ,
1758 991 1832 1012 611111
1856 981 1997 1022 quodam
2020 989 2113 1022 prae·

1134 1031 1234 1057 textu.
1278 1024 1397 1063 Tales,
1427 1025 1481 1066 qui
1513 1035 1586 1056 cum
1611 1030 1786 1066 praetextu
1807 1022 1931 1065 aliquid
1953 1022 2026 1054 aliis
2051 1023 2114 1054 eri-

1133 1070 1242 1110 piunt,
1276 1074 1368 1101 16616
1401 1068 1610 1099 nominantur
1643 1066 1889 1107 nympharum,
1924 1076 1986 1107 per
2019 1064 2114 1097 Cate-

1134 1111 1266 1143 chresin
1285 1110 1453 1148 vocabuli,
1467 1111 1552 1142 sicut
1570 1111 1689 1141 videtis
1706 1108 1880 1151 pulchrum
1892 1116 1924 1140 et
1938 1110 2115 1140 honestum

1133 1153 1215 1186 illud
1248 1164 1388 1191 nornen,
1422 1154 1591 1190 iuteresse,
1625 1152 1798 1184 transferri
1831 1153 1874 1184 ad
1908 1157 2114 1193 praetextum

1134 1207 1320 1230 usurarum.

1220 1238 1391 1271 Publicani
1421 1238 1543 1270 multos
1574 1244 1766 1280 praetextus
1796 1238 1963 1269 habebant
1991 1237 2033 1268 ad
2055 1236 2114 1268 ho·

1133 1283 1238 1314 mines
1273 1282 1502 1323 emungendos
1536 1282 1687 1322 pecunia.
1744 1281 1849 1316 Quam
1884 1290 1985 1321 saepe
2015 1278 2114 1311 hodie

1106 1324 1110 1334 *
1133 1325 1187 1363 fit,
1221 1330 1257 1356 ut
1285 1325 1454 1365 principes
1484 1330 1658 1365 praetextu
1688 1322 1767 1355 belli
1799 1328 1916 1355 contra
1945 1322 2072 1355 'Furcas
2094 1332 2114 1353 a

1133 1368 1273 1399 subditis
1296 1368 1431 1410 exigant
1453 1368 1645 1408 pecuniam?
1689 1366 1751 1398 Est
1778 1366 2015 1397 honestissima
2038 1375 2114 1397 cau-

1133 1421 1172 1442 sa
1195 1409 1350 1442 conferre
1378 1411 1552 1451 pecuniam
1584 1411 1627 1442 ad
1650 1408 1894 1447 defensionem,
1923 1415 1959 1440 ut
1980 1408 2113 1440 resista·

1132 1458 1185 1485 tur
1207 1454 1314 1485 hosti:
1349 1454 1410 1485 sed
1437 1463 1672 1494 nonnunquam
1701 1458 1753 1484 est
1781 1458 1971 1493 praetextus
1994 1450 2114 1483 saltem

1133 1497 1351 1528 exactionum.
1403 1495 1460 1528 Sic
1489 1495 1657 1537 publicani
1691 1502 1810 1527 norant
1837 1495 1985 1526 insidiari
2014 1504 2114 1536 pecu·

1132 1540 1206 1570 niae
1235 1538 1392 1576 aliorum,
1421 1545 1455 1570 et
1478 1537 1632 1570 solebant
1653 1538 1779 1580 fingere
1801 1544 2003 1579 praetextus,
2049 1537 2113 1569 Ra-

1132 1587 1275 1623 puerunt
1297 1580 1434 1613 aliorum
1459 1582 1546 1612 bona
1568 1582 1612 1612 ad
1636 1591 1674 1612 56
1699 1593 1772 1612 611111
1795 1586 1983 1621 praetextu.

1218 1624 1315 1656 Unde
1344 1630 1411 1662 est,
1442 1625 1531 1665 quod
1560 1625 1638 1656 dicit
1667 1623 1854 1655 Zachaeus:
1894 1623 2007 1655 Reddo
2035 1632 2113 1665 qua·

1132 1668 1304 1708 druplum?
1347 1667 1420 1698 Fuit
1443 1667 1576 1708 antiqua
1600 1667 1806 1698 consuetudo
1836 1666 2012 1698 multarum
2036 1676 2114 1708 gen·

1132 1711 1229 1749 tium,
1259 1710 1348 1752 quod
1377 1708 1465 1741 furta
1483 1708 1572 1741 facta
1596 1710 1668 1741 sine
1691 1708 1867 1747 violentia,
1894 1709 2114 1751 puniebantur

1133 1752 1328 1795 quadruplo.
1390 1753 1426 1785 Si
1459 1753 1533 1795 quis
1566 1753 1638 1785 sine
1672 1753 1705 1784 vi
1744 1753 1954 1784 commiserat
1992 1750 2114 1784 furtum

1132 1795 1290 1838 simplex,
1318 1806 1384 1827 11011
1414 1796 1612 1836 puniebatur
1654 1794 1785 1837 capitali
1825 1805 1952 1837 poena,
1982 1795 2042 1827 sed
2064 1803 2113 1826 re-

1132 1840 1303 1871 stitutione
1327 1838 1512 1881 quadrupli.

1164 2004 1382 2056 Quomodo
1414 2004 1672 2045 nominantur
1704 2004 1885 2044 diversae
1918 2003 2072 2058 species

1548 2081 1707 2122 furum?

1217 2174 1318 2215 Apud
1341 2173 1492 2205 Graecos
1515 2176 1640 2212 κλέπτης
1663 2178 1713 2203 651
1731 2172 1763 2204 111
1783 2181 1906 2214 genere
1919 2171 1999 2208 Fur,
2017 2179 2111 2212 prae-

1132 2217 1245 2248 sertim
1268 2217 1416 2258 quisine
1446 2216 1601 2247 violentia
1632 2214 1739 2247 aufert
1765 2225 1835 2246 rem
1865 2213 2018 2245 alterius:
2049 2214 2110 2245 sed

1131 2260 1187 2292 alii
1217 2261 1370 2292 dicuntur
1398 2259 1633 2298 Grassatores,
1687 2259 1740 2300 qai
1773 2268 1845 2288 cum
1875 2255 2030 2288 violentia
2058 2267 2110 2288 ra-

1130 2304 1221 2345 piunt
1250 2314 1306 2335 res
1335 2301 1472 2334 alienas.
1523 2302 1649 2334 Horum
1679 2307 1748 2332 tres
1771 2306 1847 2332 sunt
1869 2298 2110 2341 appellationes

1130 2349 1163 2378 in
1192 2346 1306 2389 lingua
1335 2346 1483 2378 Graeca:
1517 2346 1549 2381 l)
1573 2344 1745 2376 λωποδῦιαι
1774 2349 1866 2380 511111,
1896 2344 1950 2384 qui
1979 2341 2108 2384 vesperi

1131 2396 1186 2422 aut
1216 2396 1316 2422 noctu
1344 2396 1508 2431 vagantur
1539 2389 1570 2420 in
1599 2387 1734 2429 plateis,
1768 2392 1801 2418 ct
1829 2385 2006 2417 detrahunt
2036 2384 2109 2417 aliis

1130 2439 1254 2465 vestes.
1300 2433 1335 2467 2)
1359 2433 1557 2474 τοιχωρύχοι,
1585 2436 1662 2462 511111
1685 2428 1897 2470 perfossores
1936 2430 2108 2470 parietum.

1131 2476 1165 2514 3)
1188 2478 1307 2517 λῇςται,
1341 2476 1374 2507 id
1408 2482 1477 2514 est,
1512 2475 1565 2516 qui
1601 2473 1807 2504 latrocinium
1842 2477 2017 2510 exercent,
2048 2481 2108 2503 seu

1130 2520 1330 2561 praedantur
1359 2520 1392 2550 in
1421 2520 1482 2550 viis
1506 2515 1658 2559 publicis.
1709 2515 1750 2547 Hi
1774 2515 1897 2557 gradus
1920 2513 2028 2546 furum
2050 2525 2108 2556 pu-

1132 2563 1306 2595 niebantur
1332 2562 1450 2603 poenis
1480 2558 1692 2601 capitalibus,
1721 2559 1797 2600 quia
1823 2558 2048 2597 indicabatur,
2075 2557 2108 2588 in

1131 2604 1253 2637 talibus
1288 2615 1364 2636 esse
1397 2604 1539 2635 animum
1573 2600 1824 2634 homicidialem.
1886 2599 2019 2633 Recens
2052 2598 2107 2632 lex

1852 2660 1903 2686 27·
