2324 2958
2040 152 2057 162 0-

121 162 163 193 57
806 157 1022 190 POSTtLLA
1044 155 1439 189 MELANTHONJANA.
2080 162 2122 194 58

118 256 185 287 bet.
240 254 314 286 Non
346 251 451 284 voluit
485 251 576 284 Deus
611 260 716 293 genus
751 251 927 283 humanum
961 251 1095 283 interire
1146 251 1230 290 ζῦγον
1251 249 1332 289 ἐμὸν,
1355 249 1473 282 Tollite
1496 252 1607 292 iugum
1631 262 1736 283 ‚neum
1762 262 1860 293 super
1883 263 1963 291 vos,
1993 254 2024 284 id
2056 261 2117 292 est,

115 296 272 335 funditus,
295 302 327 328 e*
349 302 484 337 propter
511 295 704 326 immensam
727 294 984 325 misericordiam
1004 303 1092 325 rece-
1145 300 1273 334 portate
1296 303 1402 324 meum
1424 294 1545 335 iugum.

114 341 161 381 pit
195 349 300 382 genus
323 338 497 370 humanum
515 343 591 378 post
613 335 761 377 lapsum.
807 337 873 367 Sed
897 347 972 368 cum
995 337 1091 368 etiam
1229 335 1378 367 Alterum
1391 336 1526 367 verbum
1539 342 1588 367 est
1601 335 1709 374 Nasu,
1735 336 1787 367 vel
1801 336 1930 374 Nasak,
1954 338 2118 379 significat
2166 371 2169 373 ,

113 384 218 414 iustus
247 380 307 419 sit,
337 379 440 412 voluit
469 378 564 410 simul
587 378 741 410 satisfieri
765 379 918 410 iustitiae.
965 379 996 410 Id
1022 386 1088 410 tam
1143 379 1227 410 idem
1250 379 1339 420 quod
1362 376 1506 415 sustulit,
1530 377 1675 409 abstulit.
1708 379 1749 411 (ᾗ
1774 381 1839 413 bate
1854 390 1915 420 meg
1940 390 2115 419 qcnommcn.

113 435 266 466 magnum
288 429 350 461 est,
372 429 406 454 ut
429 420 521 454 nulla
543 429 696 453 creatura
718 422 825 462 possit
843 422 925 452 satis
939 431 1087 462 compre·
1142 421 1189 452 lta
1201 427 1378 462 usurpatur
1391 421 1488 452 etiam
1501 421 1637 452 verbum
1660 422 1739 460 αἴρω
1763 423 1793 452 ἱιι
1819 423 1908 453 (licto
1922 421 2115 462 Sophoclis,

112 466 258 498 hendere
285 472 342 497 aut
370 465 492 506 eloqui.
538 464 604 495 lmo
627 474 742 495 omnes
766 469 939 495 creaturae
961 464 994 494 in
1019 469 1087 494 tota
1140 465 1266 502 πόλεμος
1295 462 1400 494 οὐδένα
1437 462 1531 504 ἄνδρα
1569 462 1641 493 ἑκών
1676 464 1755 504 αἴρει
1792 464 1935 505 πονηρὸν,
1975 464 2117 501 dudm),-

112 510 304 541 aeternitate
334 507 592 539 considerabunt
614 516 687 538 cum
714 516 842 538 summa
865 506 1085 536 admiratione
1138 506 1285 547 χρηστούς
1307 506 1366 544 ἀεὶ,
1399 507 1430 536 id
1455 512 1516 543 est,
1551 504 1672 536 bellum
1707 505 2018 546 neminemymalum
2053 508 2116 538 nisi

110 551 176 582 hoc
198 556 486 592 temperamentum
514 549 656 581 iustitiae
685 554 717 579 et
739 548 985 580 misericordiae
1008 547 1083 579 Dei.
1138 559 1219 579 casu
1243 547 1345 586 tollit,
1379 549 1439 579 sed
1463 548 1617 588 optimum
1649 558 1812 589 quemque
1828 554 1975 589 semper.
2034 549 2116 581 ltem

112 593 154 625 Ut
175 594 272 635 igitur
294 592 469 624 satisfieret
491 592 633 629 iustitiae
655 589 734 629 Dei,
764 591 908 632 oportuit
941 589 1083 631 aliquem
1138 591 1260 628 llohan.
1278 591 1339 628 11.Ι
1364 591 1454 632 ἄρατε
1476 590 1526 621 τὸν
1548 589 1647 626 mear,
1671 591 1704 621 id
1728 597 1790 626 est;
1813 589 1938 622 auferte
1961 590 2115 632 lapidem,

110 636 143 667 in
165 636 287 677 genere
310 635 451 666 humano
470 644 558 672 esse,
581 635 635 675 qui
653 639 743 664 esset
766 634 938 671 innocens,
961 640 993 664 et
1005 643 1082 674 poe·
1136 632 1263 665 scilicet
1287 646 1306 665 a
1329 632 1508 674 sepulchro
1530 631 1649 663 Lazari
1674 634 1906 664 resuscitandi.

110 689 185 710 nam
207 676 411 719 persolveret
433 687 493 718 pro
517 677 670 708 caeteris-
1107 699 1110 708 ,
1221 676 1387 708 Lutherus
1428 685 1488 716 pro
1530 684 1614 705 voce
1647 673 1818 713 Tossendi,
1864 677 1994 706 retinuit
2029 676 2114 708 hanc

196 720 292 752 Ratio
315 720 520 760 obstupescit
541 720 584 750 ad
612 722 712 756 baec,
741 725 771 748 et
796 718 1019 759 magnitudine
1041 728 1082 748 ac
1129 719 1267 760 phrasin
1302 720 1333 748 in
1370 718 1589 749 Germanico:
1626 717 1696 750 {Due
1732 721 1780 748 ber
1815 720 1881 749 imit
1918 719 1999 749 {imre
2030 725 2112 759 trcgt.

110 763 324 794 immensitate
342 771 450 792 rerum
470 768 605 793 onerata
617 760 788 802 langueffl,
803 761 1081 798 ceditone1·i,nec
1133 761 1201 792 Sed
1225 761 1390 791 Graecum
1426 767 1456 790 et
1491 759 1642 790 Latinum
1667 758 1865 791 vocabulum
1899 766 1949 791 est
1973 759 2112 801 plenius.

86 815 229 846 «capere
262 810 370 846 potest
407 802 640 835 sublimitatem
672 804 811 834 istarum
843 813 962 834 rerum.
1014 802 1082 833 Sed
1134 802 1174 834 Et
1197 810 1370 844 utrumque
1394 812 1508 833 verum
1532 808 1594 833 est.
1645 803 1695 834 »ὠ
1725 807 1815 843 tregtss
1839 805 1895 833 nub
1920 805 2028 834 nimbi&
2053 804 2112 841 bina

109 857 240 879 oremus
263 847 363 878 filium
387 845 465 884 Dei,
497 853 533 878 ut
555 847 675 878 excitet
699 846 800 877 corda
823 852 938 877 nostra
958 845 1081 885 Spiritu
1133 855 1204 885 meg,
1230 852 1395 887 gestatae
1409 845 1548 875 sustinet
1568 855 1706 884 poenam
1727 845 1868 885 peccati,
1892 852 1922 876 et
1941 853 2113 886 praeterea

108 897 242 927 sancto,
277 896 311 920 ut
340 889 405 920 sint
435 890 466 920 in
490 889 585 920 nobis
609 889 698 919 initia
721 887 803 919 lucis
828 895 859 919 et
881 886 1082 919 scintillulae
1133 889 1239 920 aufert
1263 894 1434 928 peccatum
1459 888 1584 928 potenti
1608 897 1719 918 mauu:
1750 894 1815 918 stat
1840 898 1952 918 coram
1976 894 2112 919 aeterno

107 931 239 973 aliquae
266 931 360 969 fidei,
390 942 454 973 qua
484 932 683 972 accipiamus
712 937 742 962 et
765 929 1002 971 amplectamur
1025 939 1080 961 res
1107 929 1109 934 “
1133 939 1239 971 patre,
1263 936 1295 960 ct
1319 937 1366 961 est
1392 928 1618 960 umbraculum
1641 937 1672 960 et
1697 930 1896 970 deprecator
1916 941 1976 971 pro
2000 931 2110 968 nobis,

108 981 228 1006 tantas.
273 973 313 1005 Et
337 975 420 1005 haec
444 984 523 1005 vere
544 979 620 1004 sunt
643 971 756 1010 realia,
775 983 841 1004 non
864 980 939 1003 sunt
963 982 1081 1013 specu·
1133 983 1174 1004 ne
1198 974 1394 1015 imputentur
1422 973 1518 1003 nobis
1542 980 1697 1012 peccata:
1733 973 1811 1003 item
1835 973 1934 1003 donat
1960 973 2055 1004 nobis
2079 973 2112 1003 in

106 1015 249 1048 latit-nes
271 1018 398 1047 inanes.
1136 1017 1237 1047 verbo
1261 1016 1416 1046 iustitiam
1439 1024 1545 1052 suam,
1568 1013 1698 1045 inchoat
1718 1015 1750 1045 in
1775 1016 1871 1045 nobis
1895 1015 2048 1046 iustitiam
2072 1025 2112 1046 ac

194 1058 346 1090 Cernitur
358 1058 411 1089 hic
429 1059 546 1100 ingens
559 1064 590 1089 et
604 1057 829 1088 horrendaira
842 1056 1080 1088 Deiadversus
1132 1059 1234 1089 vitam
1264 1063 1446 1088 aeternam:
1483 1063 1513 1088 et
1548 1058 1579 1088 in
1617 1059 1862 1088 resurrectione
1899 1063 2111 1095 mortuorum,

107 1109 289 1143 peccatum,
313 1102 398 1142 quod
418 1101 509 1132 Deus
533 1111 597 1131 non
615 1100 685 1131 vult
707 1100 871 1131 remittere
894 1105 1080 1140 peccatum,
1106 1100 1108 1103 ⁴
1133 1101 1218 1131 omni
1242 1106 1380 1141 peccato
1405 1098 1548 1137 sublato,
1572 1100 1760 1131 redditurus
1774 1107 1825 1130 est
1839 1100 1935 1130 nobis
1950 1100 2111 1141 integram

107 1145 169 1175 nisi
192 1144 334 1175 iustitiae
357 1145 426 1174 eius
450 1142 599 1174 satisfiat.
645 1142 721 1174 Ideo
744 1140 867 1174 factum
891 1149 942 1173 est
966 1142 1079 1174 decre·
1106 1177 1109 1179 μ
1131 1144 1286 1174 iustitiam
1309 1149 1342 1173 et
1365 1143 1463 1173 vitam
1487 1152 1526 1173 ac
1550 1142 1705 1173 laetitiam
1727 1149 1905 1173 aeternam.

107 1194 191 1224 tum,
225 1193 259 1217 ut
292 1185 411 1226 aliqiis
443 1186 476 1216 in
510 1195 633 1227 genere
663 1185 806 1216 humano
828 1191 996 1226 pateretur
1019 1195 1079 1226 pro
1106 1192 1109 1216 ι
1218 1185 1371 1216 Nominat
1391 1190 1498 1216 autem
1522 1185 1662 1216 loannes
1685 1192 1855 1225 peccatum
1891 1186 1921 1215 in
1953 1183 2111 1226 singulari

107 1229 257 1265 caeteris,
280 1229 334 1269 qui
357 1233 446 1259 esset,
465 1229 640 1265 innocens,
665 1233 697 1259 et
718 1234 754 1259 ut
776 1228 839 1258 iste
862 1226 1007 1258 solveret
1031 1228 1079 1258 λά·
1105 1224 1108 1264 1}
1132 1238 1285 1265 numero,
1315 1228 1398 1263 Quia
1422 1227 1669 1268 comprehendit
1696 1234 1797 1258 totam
1826 1226 1942 1258 molem
1972 1228 2109 1268 peccati,

106 1274 183 1310 θρον
205 1280 264 1301 seu
288 1272 425 1311 pretium
448 1269 678 1312 aequivalens,
714 1270 855 1311 oportuit
879 1280 953 1301 eum
972 1269 1080 1301 Deum
1106 1265 1108 1310 ξ
1132 1271 1164 1301 id
1187 1277 1257 1309 est,
1287 1280 1418 1301 omnem
1441 1271 1695 1301 inobedientiam
1727 1277 1759 1301 et
1790 1270 2032 1301 damnationem
2056 1280 2111 1311 ge-

106 1323 192 1344 esse.
237 1312 288 1344 Fit
310 1313 408 1354 igitur
432 1312 518 1344 filius
531 1312 595 1344 Dei
618 1313 831 1353 deprecator,
867 1319 899 1344 et
923 1311 1080 1343 transfert
1106 1315 1108 1339 ῑ
1132 1312 1376 1344 nerishumani.
1412 1311 1463 1343 De
1482 1323 1547 1354 quo
1560 1311 1673 1344 Mundi
1692 1312 1872 1354 appellatio
1896 1311 2111 1354 intelligenda

105 1356 137 1386 in
161 1365 198 1387 se
216 1365 368 1397 poenam,
391 1362 423 1386 et
442 1356 518 1397 quia
540 1363 591 1386 est
614 1362 732 1386 natura
743 1355 848 1393 Deus,
872 1361 923 1386 est
941 1356 1080 1396 pretium
1106 1341 1109 1401 i
1133 1363 1195 1394 est,
1218 1352 1304 1391 Quia
1328 1354 1468 1386 loannes
1495 1354 1598 1386 voluit
1620 1355 1811 1396 significare
1826 1356 1978 1386 omnibus
2001 1355 2109 1386 offerri

106 1397 330 1439 aequivalens.
1106 1399 1359 1430 ⁴remissionem
1389 1403 1617 1438 peccatorum,
1652 1407 1712 1428 nec
1747 1408 1934 1439 quenquam
1968 1396 2109 1434 excludi,

193 1441 314 1471 Pcstea
337 1440 495 1471 accedunt
520 1438 632 1481 plures
656 1449 794 1476 causae,
818 1449 876 1470 cur
899 1441 1079 1479 oportuerit
1106 1442 1109 1476 ξ
1132 1442 1193 1472 nisi
1216 1439 1445 1472 incredulitate
1469 1451 1540 1471 sua.

106 1481 214 1513 Deum
237 1492 332 1520 esse,
355 1481 500 1520 scilicet,
534 1489 567 1513 ut
590 1488 705 1523 posset
723 1482 889 1513 sustinere
912 1481 1001 1513 illam
1024 1483 1080 1513 im·
1106 1491 1109 1514 ῑ
1218 1483 1331 1524 ltaque
1354 1483 1498 1513 sciamus
1521 1483 1713 1512 sententiam
1746 1481 1841 1512 huius
1873 1483 1948 1513 dicti
1980 1481 2043 1513 fide
2067 1482 2109 1513 ad

105 1534 254 1555 mensam
273 1526 364 1562 iram,
388 1535 485 1565 quam
508 1523 600 1555 nulla
619 1531 770 1555 creatura
782 1525 948 1555 sustinere
966 1525 1078 1564 potuit,
1106 1546 1109 1564 Ε
1132 1535 1194 1556 nos
1219 1525 1447 1566 applicandam
1472 1534 1565 1560 esse,
1601 1525 1686 1554 sicut
1707 1524 1842 1555 dicitur:
1881 1524 1978 1555 Beati
2005 1534 2109 1555 omnes

104 1576 145 1597 ac
168 1573 209 1597 ne
232 1565 341 1608 angeli
365 1567 505 1607 quidem,
528 1566 608 1597 ltem
627 1573 661 1597 ut
684 1573 775 1598 esset
799 1569 905 1598 victor
918 1568 1032 1597 mortis
1045 1573 1075 1597 et
1132 1569 1188 1608 qni
1209 1568 1368 1609 confidunt
1402 1568 1435 1597 in
1458 1577 1503 1597 eo.
1561 1566 1859 1607 Apprehendamus
1890 1568 1988 1608 igitur
2007 1565 2109 1598 filium

103 1609 304 1640 instaurator
327 1609 468 1640 iustitiae
490 1614 521 1640 et
543 1610 627 1640 vitae
646 1610 679 1640 in
701 1609 810 1646 nobis,
834 1619 894 1640 seu
919 1615 951 1640 ut
966 1610 1079 1640 redde·
1105 1582 1108 1638 i
1132 1610 1194 1641 Dei
1215 1610 1290 1647 fide,
1314 1616 1344 1641 et
1370 1610 1542 1640 credamus
1563 1610 1651 1650 quod
1676 1619 1791 1640 revera
1815 1609 1911 1640 nobis
1935 1610 1978 1640 sit
2001 1619 2107 1651 agnus

105 1659 155 1682 ret
179 1652 274 1682 nobis
298 1651 451 1682 iustitiam
474 1658 505 1682 et
530 1652 648 1689 vitam,
682 1653 757 1682 item
786 1659 821 1682 ut
850 1652 1079 1693 ingrederetur
1106 1646 1107 1673 ἶ
1132 1653 1289 1690 donatus,
1331 1660 1362 1683 et
1397 1652 1486 1693 quod
1520 1658 1655 1692 propter
1689 1652 1796 1692 ipsum
1831 1652 1934 1683 simus
1969 1653 2107 1692 accepti.

104 1704 234 1734 semper
262 1695 294 1724 in
323 1700 440 1725 sancta
469 1700 678 1731 sanctorum,
711 1694 742 1724 id
766 1700 833 1731 est,
868 1694 900 1724 in
923 1704 1079 1725 arcanum
1104 1682 1107 1733 ,Ι
1131 1695 1225 1725 Hanc
1248 1695 1344 1725 fidem
1371 1696 1403 1725 in
1428 1695 1522 1725 nobis
1556 1694 1623 1725 alat
1646 1694 1699 1734 pia
1733 1694 1902 1725 meditatio
1932 1695 2026 1725 huius
2061 1695 2107 1725 di-

106 1735 276 1767 consilium
300 1736 423 1767 aeteini
447 1737 559 1778 patris,
584 1746 625 1767 ac
646 1742 825 1777 perpetuus
850 1742 941 1768 esset
964 1737 1079 1777 depre-
1104 1738 1107 1767 ἑ
1132 1738 1193 1775 cti,
1226 1737 1314 1778 quod
1348 1737 1478 1778 quidem
1500 1737 1572 1767 istis
1597 1737 1713 1767 diebus
1730 1742 1861 1782 ganunt
1889 1737 1986 1767 etiam
2009 1737 2108 1768 scho-

106 1786 199 1810 cator
221 1789 283 1820 pro
304 1779 412 1817 nobis,
434 1779 510 1810 item
533 1780 677 1820 oportuit
699 1779 911 1810 mediatorem
924 1788 1001 1810 esse
1013 1778 1079 1810 De-
1104 1796 1107 1823 3
1130 1778 1238 1811 lastici
1262 1782 1293 1809 in
1317 1778 1446 1820 plateis.
1503 1778 1596 1814 Quae
1632 1779 1857 1817 consuetudo,
1892 1780 1980 1820 quod
2014 1780 2109 1820 pueri

104 1831 176 1859 um,
213 1829 243 1852 et
279 1820 401 1852 habere
429 1822 716 1863 omnipotentiam,
745 1828 779 1852 ut
803 1832 875 1852 cum
900 1823 941 1852 sit
965 1827 1077 1852 custos
1104 1828 1107 1863 ξ
1130 1823 1161 1853 iu
1196 1821 1315 1863 plateis
1351 1828 1428 1853 eunt
1463 1828 1639 1859 canentes,
1674 1832 1748 1853 cum
1768 1821 1913 1852 eleemos
1931 1832 2013 1852 nam
2039 1821 2106 1853 eol-

105 1862 291 1901 Ecclesiae,
314 1864 451 1895 haberet
473 1865 652 1906 potentiam
675 1864 830 1895 maiorem
842 1865 987 1905 potentia
1002 1863 1076 1895 Dia-
1104 1871 1107 1900 ξ
1131 1864 1253 1907 ligunt,
1290 1864 1386 1896 valde
1416 1864 1492 1895 mihi
1527 1863 1654 1905 placet,
1690 1870 1723 1894 et
1755 1870 1835 1904 puto
1870 1832 2045 1904 puichrum
2074 1871 2106 1895 et

106 1905 185 1944 boli,
209 1913 243 1937 ut
273 1916 401 1947 semper
431 1913 461 1937 et
485 1907 605 1948 ubique
628 1907 748 1938 adesse
770 1907 865 1937 nobis
890 1914 1016 1947 posset,
1046 1913 1079 1938 et
1103 1928 1106 1934 ·
1130 1908 1305 1939 honestum
1329 1906 1513 1947 exemplum
1544 1917 1620 1938 esse
1649 1907 1682 1937 in
1708 1907 1913 1944 civitatibus,
1947 1906 2031 1941 Quia
2056 1913 2107 1938 est

106 1947 268 1987 auxiliari,
291 1949 458 1987 exaudire,
483 1948 671 1988 defendere,
694 1959 812 1991 regere
833 1948 1028 1981 Ecclesiam.
1104 1965 1106 1999 ἰ
1131 1951 1298 1982 consessio
1332 1948 1463 1990 publica
1484 1971 1494 1987 ,
1539 1950 1626 1991 quod
1663 1949 1704 1980 ibi
1740 1948 1804 1980 sint
1834 1948 2010 1980 Christiani
2030 1972 2038 1987 ‚
2074 1954 2106 1981 et

191 1990 264 2022 Hae
283 2001 404 2023 causae
426 1993 534 2032 magni
559 1992 712 2023 momenti
739 1998 815 2023 sunt
838 1998 972 2033 propter
995 2003 1077 2033 quas
1103 2002 1106 2031 ς
1130 1992 1303 2025 cantilenis
1327 1993 1399 2023 istis
1423 1991 1555 2033 pellitur
1577 1990 1752 2023 Diabolus.

104 2043 211 2074 agnus
234 2034 295 2065 iste
318 2044 384 2064 non
406 2039 529 2065 tantum
552 2034 650 2065 homo
673 2044 748 2066 esse
772 2035 895 2072 debuit,
916 2045 989 2067 cum
1002 2046 1078 2076 pec·
1103 2035 1106 2074 ξ
1216 2035 1255 2066 Et
1290 2042 1323 2066 ut
1359 2034 1554 2066 concludam
1589 2035 1719 2065 tandem
1758 2034 2013 2064 Grammaticam
2049 2035 2104 2065 de-

105 2085 212 2107 catum
246 2087 287 2107 ex
317 2087 436 2118 genere
460 2076 601 2107 humano
626 2084 732 2109 ortum
755 2084 864 2114 esset,
899 2078 957 2108 sed
980 2079 1076 2109 etiam
1103 2075 1106 2105 f
1130 2077 1344 2110 clai-ationem
1367 2078 1461 2108 istius
1486 2077 1572 2114 dicti,
1595 2087 1739 2118 quaero,
1775 2075 1882 2117 qualis
1912 2077 1953 2106 sit
1977 2077 2103 2116 praedi-

106 2117 198 2149 Deus
221 2120 438 2159 omnipotens.
1102 2110 1105 2136 Ι
1130 2122 1231 2152 catio:
1277 2120 1342 2151 lste
1387 2126 1438 2150 est
1472 2130 1601 2161 agnuS,
1647 2118 1800 2150 videlicet
1846 2119 2102 2150 demonstrando

191 2160 336 2192 Verbum
377 2160 546 2199 tollere,
586 2163 674 2203 quod
713 2163 850 2194 Graecis
889 2170 940 2194 est
986 2164 1075 2204 αἴρω,
1102 2154 1105 2175 ¹
1129 2163 1319 2195 Christum?
1353 2162 1563 2203 Respondeo.
1620 2161 1681 2192 Est
1714 2162 1914 2202 praedicatio
1950 2160 2102 2202 figurata.

106 2205 283 2243 respondet
302 2204 432 2235 duobus
456 2205 567 2235 verbis
580 2204 750 2243 Hebraeis,
774 2215 858 2247 quae
880 2207 977 2237 ambo
1001 2213 1077 2237 sunt
1102 2213 1104 2242 ξ
1129 2207 1247 2248 Agnus
1282 2216 1355 2236 cum
1397 2206 1626 2242 mactabatur,
1671 2210 1740 2235 erat
1780 2205 1909 2243 signum
1952 2204 2103 2235 victimae

104 2246 190 2287 apud
222 2246 364 2278 Esaiam.
422 2245 527 2277 Unum
557 2253 608 2277 est
637 2247 755 2286 Sahal,
790 2248 878 2289 quod
912 2248 1076 2290 significat
1101 2251 1105 2298 l
1128 2256 1296 2280 venturae.
1341 2247 1401 2278 Est
1431 2248 1528 2288 igitur
1560 2246 1771 2288 Metonymia.
1830 2246 1895 2276 lam
1928 2246 2024 2276 venio
2059 2246 2101 2277 ad

104 2286 276 2326 baiulavit,
318 2290 476 2330 portavit,
511 2290 651 2330 gestavit
685 2301 768 2322 onus
802 2292 1006 2331 impositum,
1041 2298 1076 2322 ut
1101 2302 1105 2332 y
1129 2291 1247 2323 locos
1273 2290 1507 2327 doctrinae,
1532 2290 1584 2330 qui
1608 2296 1682 2320 sunt
1708 2289 1738 2319 in
1762 2289 1826 2318 isto
1850 2294 1950 2319 textu.

105 2342 178 2362 cum
197 2331 316 2362 Esaiae
339 2331 391 2362 53.
421 2331 554 2363 dicitur:
596 2331 675 2363 Vere
696 2334 825 2364 daem-es
857 2339 985 2365 nostros
1007 2335 1077 2374 ipse
1102 2335 1105 2358 k
1214 2333 1342 2364 Primus
1371 2339 1421 2363 est
1457 2333 1498 2363 de
1533 2333 1725 2363 secessione
1759 2330 1907 2368 loannis,
1941 2331 1996 2372 qui
2027 2340 2100 2362 cum

101 2375 259 2415 portavit.
316 2374 409 2412 ltem,
444 2375 634 2414 Iniqm'tntes
667 2385 774 2406 eorum
805 2377 874 2416 ipse
909 2377 1076 2417 portabit.-
1102 2390 1104 2407 ι
1129 2378 1261 2408 deberet
1291 2376 1472 2407 succedere
1500 2375 1583 2415 patri
1617 2375 1647 2404 in
1671 2373 1823 2413 Templo,
1858 2383 2016 2414 egressus
2051 2379 2101 2404 est

103 2417 174 2447 Nos
198 2417 354 2454 dicimus,
389 2416 430 2448 OEt
467 2419 533 2450 bate
564 2417 625 2453 uuff
643 2419 692 2453 tub
717 2429 893 2459 genommen,
931 2420 972 2451 (St
1008 2421 1074 2454 [mm
1127 2420 1168 2451 ad
1188 2419 1369 2456 lordanem,
1393 2418 1447 2449 ubi
1471 2424 1540 2448 erat
1564 2418 1731 2453 traiectus,
1755 2422 1784 2445 et
1808 2416 1943 2447 instituit
1965 2415 2008 2446 ibi
2032 2425 2101 2446 rem

104 2466 247 2501 getmqen.
294 2459 359 2490 lste
383 2470 489 2490 avnus
513 2460 598 2490 iacet
625 2460 657 2490 in
688 2469 792 2493 morte
820 2463 967 2493 sentiens
991 2473 1074 2493 onus
1102 2470 1104 2498 ῑ
1128 2472 1258 2493 novam.
1315 2461 1376 2491 llic
1410 2461 1558 2501 quaestio
1593 2459 1728 2496 incidit,
1773 2468 1814 2489 an
1855 2464 1945 2489 recte
1985 2456 2101 2489 fecerit

104 2503 230 2543 peccati
255 2509 284 2533 et
308 2503 377 2532 irae
401 2485 475 2539 fiet,
500 2502 586 2543 quod
620 2500 708 2533 nulla
738 2511 888 2535 creatura
911 2506 1076 2536 sustinere
1102 2502 1104 2534 Ἰ
1129 2505 1268 2535 loannes
1298 2503 1474 2534 discedens
1507 2513 1525 2532 a
1558 2501 1735 2532 ministerio
1769 2501 1952 2538 ordinario,
1986 2507 2019 2531 et
2053 2501 2100 2530 in-

104 2551 243 2585 poterat.
290 2544 336 2575 lta
369 2545 447 2584 αἴρω
477 2544 640 2575 Graecum
671 2545 887 2585 vocabulum,
923 2554 955 2577 et
988 2548 1075 2584 tollo,
1102 2543 1104 2577 i
1129 2547 1255 2578 choans
1288 2556 1409 2577 novum
1452 2543 1571 2575 cultum
1613 2554 1673 2574 seu
1718 2544 1947 2574 ceremoniam.
2009 2542 2100 2573 llaec

105 2586 268 2624 Latinum,
292 2586 455 2629 significat
487 2588 648 2619 interdum
671 2595 819 2628 portare,
850 2596 884 2620 ut
906 2588 996 2631 ἇραιε
1027 2589 1076 2620 τὸν
1102 2585 1105 2623 ᾖ
1130 2590 1279 2631 quaestio
1304 2598 1442 2630 magnas
1468 2587 1705 2627 disputationes
1729 2587 1856 2627 peperit
1880 2586 1954 2616 istis
1977 2592 2100 2625 tempo·
