2324 2958
79 171 141 203 105

78 265 149 297 sive
182 262 322 295 traditae
355 261 419 292 sint
452 259 670 296 ceremoniae,
704 264 737 290 ut
769 259 800 289 in
825 258 928 289 veteri
950 262 1050 290 testa-

77 312 200 345 mento,
233 305 302 336 sive
331 310 406 345 post
430 302 610 334 exhibitum
645 300 831 339 Christum,
855 302 948 333 cuius
982 300 1050 343 typi

78 355 184 388 erant,
206 349 271 379 sint
292 345 447 379 abolitae.

165 391 320 433 Sequitur
353 394 460 421 autem
494 388 528 419 in
555 387 621 418 vita
644 391 778 418 aeterna
802 386 1051 424 consummatio,

78 437 111 468 in
135 445 200 477 qua
221 433 314 466 Deus
335 433 406 474 ipse
428 439 490 463 nos
512 429 657 471 implebit
679 439 740 460 sua
763 428 850 467 luce,
879 429 1053 469 sapientia,

79 478 213 515 iustitia,
232 475 364 513 laetitia,
391 472 507 516 gloria.
559 473 605 504 lbi
638 471 786 513 perfecte
809 472 842 502 in
864 472 960 502 nobis
984 472 1051 509 fiet,

80 522 168 563 quod
191 519 245 550 lex
267 518 439 560 praecipit:
461 518 584 555 Diliges
606 517 709 547 Deum
731 525 774 546 ec·
797 518 861 546 toto
881 515 987 554 corde,
1011 524 1054 546 ea:

79 568 145 596 tola
166 564 283 601 anima,
307 566 339 593 et
359 570 399 592 επ·
420 564 486 592 tota
507 563 613 590 mente
635 562 700 589 tua.
745 557 793 588 lbi
816 555 963 597 perfecte
986 556 1052 588 lae-

79 607 219 638 tabimur
240 605 273 634 in
296 603 382 643 Deo,
404 609 436 634 et
448 600 690 634 celebrabimus
714 610 788 631 eum
811 601 843 630 in
856 605 925 631 tota
948 606 1054 631 aeter-

78 649 194 686 nitate,
227 647 318 679 iuxta
341 646 462 677 dictum
490 643 627 675 Esaiae:
665 643 816 674 Gaudens
845 643 989 682 {laudebo
1022 645 1054 674 in

79 693 215 724 Domino
237 691 305 721 Deo
323 699 400 728 meo,
427 689 506 726 Quia
527 689 723 719 vestimentis
744 686 861 717 salutis
874 695 924 717 me
943 687 1053 725 induit,

79 739 112 766 el
131 735 316 766 indumento
337 732 478 764 iustitiae
499 730 708 761 circumdedit
729 739 788 760 me.

170 776 294 807 Horum
317 774 459 805 cultuum
483 773 572 804 initia
596 778 725 813 oportet
749 772 780 802 in
809 770 874 802 hac
893 771 958 802 vita
978 779 1054 801 esse

80 820 113 851 in
136 819 288 851 omnibus
311 816 493 849 salvandis.
539 816 675 855 Oportet
696 824 769 846 cum
793 813 869 852 fide,
892 823 957 855 qua
980 811 1053 844 sola

79 861 207 903 accepti
230 870 343 897 sumus
366 859 439 891 Deo
462 868 522 901 per
545 857 722 895 Christum,
747 857 952 888 coniunctam
976 865 1053 887 esse

78 904 321 936 inchoationem
340 901 580 934 conformitatis
605 906 740 931 nostrae
759 910 833 931 cum
857 899 941 930 Deo.
987 898 1053 929 Dc-

78 948 175 989 nique
193 951 323 988 oportet
346 955 427 984 nos,
461 944 557 975 etiam
580 943 695 974 1111188
718 943 804 980 vita,
838 941 909 973 fieri
932 940 1054 982 templa

77 989 153 1028 Dei,
177 995 210 1021 et
233 987 397 1020 domicilia
420 987 561 1028 Spiritus
585 986 703 1018 sancti.
748 984 896 1016 Pertinet
917 983 983 1015 huc
1005 989 1054 1014 to-

77 1038 111 1064 ta
133 1033 282 1063 doctrina
294 1032 336 1062 (18
348 1030 535 1061 discrimine
558 1029 699 1060 iustitiae
718 1028 827 1059 carnis
851 1032 884 1058 et
906 1027 1053 1068 spiritus,

78 1085 215 1117 operum
249 1079 280 1104 et
313 1073 405 1112 fidei,
441 1071 661 1113 imputationis
685 1071 826 1102 iustitiae
849 1068 991 1107 Christi,
1023 1074 1055 1100 et

78 1116 298 1149 inchoationis
321 1124 428 1147 novae
451 1116 601 1146 iustitiae.
645 1114 726 1144 ltem
749 1113 790 1144 de
811 1121 892 1143 vero
916 1122 977 1143 usu
1002 1121 1055 1144 88-

79 1160 309 1197 remoniarum,
333 1164 366 1189 et
389 1168 498 1189 earum
521 1158 639 1194 abusu,
671 1157 711 1187 de
733 1165 814 1187 vera
836 1156 1057 1186 conversione

79 1202 121 1234 ad
144 1201 262 1239 Deum,
286 1202 326 1232 de
351 1199 519 1232 beneficiis
545 1198 700 1236 Messiae,
724 1199 777 1239 qui
798 1205 849 1229 est
861 1197 1057 1230 iustificator

78 1251 195 1276 noster
216 1244 333 1275 merito
354 1249 385 1273 et
408 1241 569 1280 efficacia,
589 1242 630 1273 de
648 1241 812 1273 exercitiis
833 1240 974 1272 omnium
994 1242 1057 1272 vir—

79 1293 182 1319 tutum
215 1287 247 1317 in
279 1287 390 1324 nobis,
425 1286 466 1316 de
500 1285 794 1316 consummatione.
861 1283 914 1315 De
938 1285 1056 1325 quibus

77 1339 166 1362 nunc
197 1339 266 1360 non
288 1329 393 1360 dicam
415 1326 534 1368 plura,
566 1333 601 1359 ut
618 1327 746 1368 possim
769 1326 912 1358 breviter
934 1326 1057 1369 aliquid

79 1373 202 1404 addere
221 1373 262 1404 de
285 1372 442 1413 martyrio
466 1369 634 1411 Stephani.

327 1535 398 1574 De
439 1533 632 1583 Quarto
671 1533 811 1573 Loco.

166 1625 216 1657 Sit
238 1625 338 1666 igitur
361 1630 498 1666 quartus
520 1623 617 1656 locus
642 1625 683 1654 de
705 1623 864 1665 Martyrio
885 1623 1056 1665 Stephani.

79 1669 115 1700 ln
138 1678 204 1710 quo
227 1673 279 1699 est
302 1665 487 1708 exemplum
511 1670 674 1704 ingenuae
693 1666 934 1698 confessionis:
957 1673 988 1697 et
1012 1673 1058 1698 te-

80 1711 268 1742 stimonium
286 1711 326 1742 de
338 1710 526 1751 praesentia
539 1700 662 1741 Christi
684 1709 716 1739 in
739 1707 906 1740 Ecclesia:
931 1715 962 1740 et
986 1719 1058 1750 pre-

81 1754 167 1785 catio
191 1751 382 1784 dulcissima
404 1753 531 1784 directa
554 1753 596 1783 ad
609 1751 788 1790 Christum,
811 1761 897 1793 quae
915 1757 1058 1783 testatur

81 1797 123 1828 de
145 1796 312 1827 divinitate
333 1795 452 1836 ipsius:
471 1800 504 1827 et
526 1796 566 1826 de
589 1794 812 1837 magnitudine
823 1794 920 1826 animi
940 1795 973 1826 in
985 1794 1057 1827 Ste—

79 1838 190 1880 phano
212 1839 364 1869 vincente
385 1839 575 1880 passionem
599 1843 631 1869 et
654 1844 801 1868 mertem.

167 1882 337 1913 Ati-ociter
360 1881 581 1912 accusabatur
603 1879 794 1922 Stephanus
826 1880 868 1911 ab
898 1880 1057 1912 adversa-

81 1925 139 1956 riis
172 1924 261 1961 suis,
302 1923 390 1965 quod
425 1929 514 1954 esset
548 1923 763 1964 blasphemus
801 1928 833 1954 et
865 1923 1056 1962 seditiosus,

82 1966 166 2002 Quia
189 1973 221 1997 et
245 1965 447 2006 blasphemia
471 1971 502 1996 et
525 1966 641 1998 seditio
666 1971 774 2003 esset,
808 1966 918 1997 dicere
941 1972 1057 1997 contra

81 2008 201 2051 legem,
224 2019 285 2040 seu
309 2014 424 2040 contra
446 2009 601 2040 iustitiam
620 2007 717 2051 legia,
742 2014 857 2040 contra
871 2010 954 2039 ritus
976 2014 1057 2040 tem-

81 2050 139 2092 pli,
164 2057 279 2082 contra
301 2050 464 2093 politiam:
487 2051 573 2083 sicut
595 2057 627 2082 et
649 2060 711 2082 nos
735 2061 932 2082 accusamur
953 2051 1058 2083 horri-

83 2093 200 2125 biliter.
266 2093 417 2125 Dicimur
446 2103 522 2125 esse
544 2092 726 2136 blasphemi
750 2095 914 2125 adversus
938 2093 1057 2133 Deum,

83 2137 158 2178 quia
180 2142 340 2167 mutemus
364 2137 518 2167 usitatum
541 2146 645 2178 genus
668 2137 850 2174 doctrinae,
870 2143 903 2168 et
925 2136 1058 2168 abolea-

81 2188 156 2210 mus
178 2177 313 2209 ‘cultum
347 2178 411 2209 Dei
438 2179 471 2209 in
495 2178 646 2211 Ecclesia
667 2185 846 2220 receptum.
909 2178 1059 2212 Dicimur

83 2221 244 2258 seditiosi,
277 2221 353 2262 quia
381 2221 590 2253 discedamus
623 2222 665 2254 ab
688 2223 854 2254 ordinaria
882 2227 1058 2263 potestate,

82 2264 303 2295 distrahamus
327 2262 555 2304 Respublicas.

169 2306 229 2338 His
252 2307 522 2338 accusationibus
545 2305 643 2338 homo
665 2308 835 2339 modestus
858 2317 923 2339 non
947 2314 1058 2349 potest

82 2359 149 2381 non
172 2349 308 2380 moveri.
354 2350 417 2381 Sed
438 2354 546 2380 tamen
576 2348 821 2382 anteferendum
850 2356 901 2382 est
923 2351 1058 2383 manda-

82 2397 151 2423 tum
173 2392 216 2423 de
239 2390 466 2423 consessione:
490 2392 522 2423 Si
544 2392 618 2433 quis
640 2394 769 2435 negarit
791 2403 843 2425 me
865 2403 979 2425 coram
1001 2393 1058 2425 ho-

83 2434 236 2472 minibus,
257 2435 389 2477 negabo
412 2440 445 2466 et
467 2444 530 2476 ego
553 2444 627 2465 eum
649 2444 760 2467 coram
777 2441 872 2477 patre
892 2446 966 2468 meo
984 2446 1058 2468 coe-

82 2475 169 2508 lesti.
214 2477 353 2518 Semper
375 2478 516 2508 existunt
540 2475 664 2508 similes
679 2479 920 2517 contentiones,
942 2478 1059 2521 quales

83 2525 162 2551 tnnc
185 2519 374 2561 Stephanus
399 2520 522 2558 habuit,
547 2520 675 2560 quoties
699 2519 792 2552 Deus
815 2522 967 2553 emendat
995 2521 1059 2554 Ec-

83 2560 228 2594 clesiam.
297 2562 497 2604 Hypocritae
530 2561 672 2594 clamant
701 2561 823 2595 cultum
845 2563 908 2595 Dei
937 2563 1059 2597 labefa-

84 2604 176 2636 ctari.
238 2603 412 2646 Sapientes
434 2611 613 2647 queruntur
631 2605 769 2637 distrahi
787 2606 932 2647 imperia.
999 2607 1058 2639 His

761 164 978 197 l'OSTlLLA
999 162 1395 196 MELANTHONIANA.

2019 164 2080 196 10ss

1125 255 1246 289 uerelis
1269 262 1457 297 opponatur
1480 255 1646 288 consessio
1669 266 1770 289 verae
1793 257 1973 296 doctrinae,
1995 259 2080 290 sicut

1118 301 1182 332 ecit
1203 299 1412 340 Stephanus:
1435 298 1475 343 Et
1500 309 1686 341 quanquam
1709 301 1907 342 gravissima
1926 307 2003 332 sunt
2025 300 2079 334 illa

1105 343 1251 381 crimina,
1276 352 1360 384 quae
1383 341 1566 383 Stephano,
1592 353 1676 383 quae
1699 343 1795 375 nobis
1809 343 2019 375 obiiciantur:
2033 351 2079 375 ta-

1104 396 1178 417 men
1201 386 1276 426 piae
1298 385 1399 416 menti
1421 394 1488 416 non
1511 391 1561 415 est
1575 384 1708 417 difficile
1731 385 1876 418 refutare
1898 384 1970 417 illa:
1994 395 2027 418 ut
2052 388 2080 418 si

1106 429 1232 502 cpgites
1255 429 1297 460 de
1319 433 1527 470 argumente,
1550 428 1639 469 quod
1661 434 1739 460 tunc
1762 429 1924 460 obiectum
1938 428 2080 460 11111818-

1104 482 1125 513 p
1139 481 1232 503 iano:

1150 530 1363 570 Blaspleemia,
1387 530 1463 560 Item
1486 529 1605 562 seslz'tio
1628 530 1690 570 estj:
1713 530 1817 559 dicere
1836 530 1938 569 lcycm,
1970 531 2080 561 cultum

1193 574 1265 609 Dei,
1286 573 1433 613 politiam
1458 584 1476 602 a
1495 572 1565 602 Deo
1584 574 1767 603 institutam.
1787 573 1967 603 abolendam
1990 584 2062 604 csse.

1150 616 1325 656 Stephanus
1348 616 1438 651 dicit,
1461 616 1536 646 leam:
1556 615 1687 645 delenda
1712 625 1784 645 esse.

1150 659 1237 699 Eryo
1256 663 1300 689 cst
1324 659 1515 698 blusplzenms
1533 662 1562 687 e!
1585 658 1761 687 seditiosus.

1193 727 1392 769 Respondeo
1415 727 1457 758 ad
1479 727 1648 757 maiorem.
1691 726 1767 757 Non
1791 731 1840 757 est
1857 724 2080 767 blasphemum

1105 781 1212 813 neque
1230 770 1435 808 seditiosum,
1456 768 1514 801 illa
1526 769 1647 808 dicere,
1670 767 1797 800 scilicet
1809 767 1882 799 Deo
1894 769 2081 806 mandante,

1107 819 1137 845 et
1161 814 1247 845 sicut
1270 813 1413 844 mandat.
1458 812 1521 843 Hic
1555 821 1634 843 vero
1658 812 1820 843 accedere
1854 811 1952 842 debet
1975 810 2082 842 decla-

1107 857 1200 887 ratio.
1245 854 1340 886 Deus
1352 853 1450 886 aliter
1472 854 1577 886 voluit
1599 852 1735 886 abolere
1758 853 1814 885 iila
1836 854 1867 884 in
1890 852 1977 895 lege,
2001 863 2083 895 quae

1107 905 1199 930 erant
1223 897 1370 940 politica,
1389 897 1484 929 aliter
1507 907 1593 938 quae
1616 897 1658 928 ad
1680 896 1887 938 Decalogum
1909 897 2083 938 pertinent,

1107 943 1161 983 qui
1186 947 1236 973 est
1258 939 1312 972 lex
1334 939 1553 972 immutabilis,
1597 938 1713 971 Voluit
1735 938 1861 971 aboleri
1884 938 2007 971 cultum
2030 949 2084 971 ex-

1107 991 1248 1021 ternum,
1268 993 1335 1015 non
1358 989 1467 1015 autem
1490 981 1615 1015 cultum
1637 983 1836 1020 interiorem,
1861 983 1915 1023 qui
1939 988 1990 1014 est
2012 992 2084 1023 per-

1108 1033 1237 1068 petuus.
1304 1025 1425 1058 Politia
1447 1025 1504 1057 illa
1527 1026 1576 1057 sic
1599 1031 1671 1057 erat
1695 1036 1714 1056 a
1737 1025 1811 1056 Deo
1836 1026 2027 1062 constituta,
2052 1031 2085 1056 ut,

1109 1071 1242 1101 duraret
1263 1078 1369 1110 usque
1391 1069 1434 1100 ad
1455 1069 1601 1100 Messiae
1617 1068 1806 1099 adventum.
1849 1067 1979 1099 Deinde
1997 1068 2085 1109 quod

1107 1113 1147 1144 ad
1172 1112 1332 1144 Minorem
1356 1112 1486 1144 attinet:
1511 1112 1698 1153 Stephanus
1722 1111 1811 1148 dicit,
1833 1109 1942 1152 legem
1964 1117 1995 1142 et
2019 1109 2086 1141 cul-

1108 1161 1186 1193 tum,
1211 1160 1242 1186 et
1264 1154 1412 1196 politiam
1434 1154 1630 1186 abolendam
1653 1163 1740 1185 esse.
1776 1153 1805 1184 V
1808 1164 1899 1185 emm
1922 1161 1982 1185 est.
2017 1152 2086 1184 Sed

1108 1199 1285 1230 mandante
1307 1197 1393 1236 Deo,
1417 1203 1450 1229 et
1473 1198 1560 1229 sicut
1578 1197 1711 1228 mandat
1733 1195 1838 1228 Deus.
1868 1195 1960 1227 Haec
1984 1205 2085 1237 supra

1109 1240 1269 1282 prolixius
1305 1246 1382 1272 sunt
1416 1239 1597 1277 declarata,
1630 1250 1704 1271 cum
1737 1239 1919 1270 monstravi
1949 1249 2086 1280 scopum

1109 1284 1278 1315 Orationis
1302 1282 1472 1324 Stephani.
1538 1283 1615 1314 Non
1640 1283 1792 1325 cogitetis
1815 1283 1877 1312 ista
1905 1282 2013 1313 onmia
2038 1291 2086 1312 se-

1109 1326 1175 1358 mel
1198 1336 1277 1358 esse
1300 1326 1399 1364 dicta,
1423 1326 1485 1358 sed
1507 1335 1609 1367 saepe
1631 1331 1665 1356 et
1682 1323 1820 1357 multum
1849 1333 1888 1355 ea
1909 1324 2087 1366 disputavit

1109 1376 1142 1401 et
1171 1369 1324 1410 exposuit
1347 1368 1546 1411 Stephanus.
1614 1367 1683 1400 Sed
1715 1365 1932 1411 Evangelista
1962 1373 2085 1398 tantum

1109 1421 1253 1444 summas
1275 1421 1386 1444 rerum
1408 1411 1689 1453 comprehendere
1710 1409 1826 1442 voluit.

1195 1454 1392 1496 Quanquam
1424 1461 1533 1486 autem
1566 1453 1761 1486 interficitur
1794 1452 1982 1494 Stephanus
2011 1462 2085 1493 pro·

1109 1504 1182 1538 pter
1204 1496 1463 1529 confessionem:
1498 1503 1608 1528 tamen
1637 1495 1752 1528 habuit
1782 1494 1983 1538 singularem
2007 1504 2086 1527 con-

1109 1539 1317 1578 solationem,
1339 1539 1443 1572 Fih'us
1465 1539 1528 1571 Dei
1547 1539 1692 1571 ostendit
1714 1548 1753 1570 se
1774 1539 1856 1580 ipsi,
1890 1538 1974 1569 sicut
1996 1538 2086 1569 affir-

1111 1588 1189 1623 mat,
1223 1593 1259 1614 se
1292 1584 1401 1615 rtdere
1438 1583 1599 1615 Christum
1627 1585 1767 1613 stantem
1785 1583 1830 1612 ad
1849 1582 1997 1613 dextram
2015 1582 2086 1612 Dei.

1110 1625 1183 1656 Hoc
1216 1624 1399 1667 exemplum
1427 1631 1554 1662 monet,
1589 1622 1686 1666 quale
1716 1625 1758 1655 sit
1787 1634 1925 1666 regnum
1954 1622 2085 1654 Christi.

1109 1668 1183 1698 Non
1202 1668 1248 1699 ita
1272 1668 1427 1700 discessit
1449 1679 1490 1700 ex
1512 1667 1564 1699 his
1588 1667 1705 1705 terris,
1737 1671 1773 1697 ut
1800 1665 1946 1708 negligat
1969 1665 2086 1698 Eccle-

1110 1711 1205 1748 siam,
1235 1711 1295 1741 sed
1329 1721 1408 1742 vere
1431 1721 1503 1742 eam
1527 1709 1672 1751 respicit,
1696 1709 1791 1740 adest
1817 1710 1865 1747 ci,
1898 1714 2085 1750 propugnat

1109 1762 1192 1784 eam.
1260 1753 1316 1784 Sic
1338 1763 1452 1784 omnes
1471 1753 1514 1795 pii
1537 1754 1568 1784 in
1588 1752 1740 1783 omnibus
1770 1751 1946 1793 periculis,
1981 1752 2030 1783 sic
2052 1752 2086 1783 in

1109 1802 1214 1827 morte
1242 1796 1364 1837 respici
1394 1805 1432 1827 se
1454 1803 1486 1827 et
1509 1795 1617 1827 curari
1644 1800 1808 1833 statuant,
1837 1795 1973 1836 perinde
1995 1804 2035 1826 88
2058 1794 2086 1825 51

1110 1837 1217 1871 0811115
1241 1838 1408 1870 Christum
1430 1843 1615 1876 cernerent,
1637 1843 1674 1869 ut
1696 1838 1776 1869 vidit
1789 1837 1987 1879 Stephanus.
2009 1836 2087 1868 Non

1109 1882 1194 1913 enim
1216 1880 1342 1914 frustra
1365 1891 1402 1913 se
1423 1882 1479 1914 hic
1501 1881 1643 1912 ostendit
1662 1879 1844 1922 Stephano,
1866 1890 1929 1914 1188
1951 1886 2086 1921 propter

1108 1925 1216 1965 ipsum
1234 1930 1371 1963 tantum,
1395 1925 1455 1957 sed
1477 1923 1580 1956 multo
1604 1923 1709 1965 magis
1733 1930 1871 1964 propter
1898 1923 2087 1955 universam

1107 1966 1304 1999 Ecclesiam.
1372 1967 1567 2009 Quanquam
1599 1966 1699 2007 igitur
1730 1976 1792 1999 nos
1826 1976 1893 1997 non
1922 1967 2086 1997 cernimus

1111 2009 1217 2043 oculis
1240 2009 1341 2041 filium
1364 2010 1440 2048 Dei,
1474 2017 1584 2041 tamen
1608 2009 1766 2041 debemus
1791 2009 1945 2047 credere,
1979 2010 2085 2049 ipsum

1108 2063 1187 2084 vere
1219 2053 1341 2085 adesse
1384 2054 1483 2085 nobis
1519 2052 1754 2091 morientibus.
1790 2051 1958 2083 vivificare
2009 2061 2084 2088 1105,

1111 2095 1280 2128 consolari
1303 2102 1335 2127 et
1358 2095 1566 2134 confirmare,
1589 2104 1666 2126 8558
1689 2095 1862 2127 custodem
1892 2101 1921 2125 et
1942 2094 2086 2125 vivifica-

1110 2145 1215 2170 torem
1237 2139 1345 2170 nostri
1368 2139 1514 2181 spiritus.

1195 2181 1248 2214 Ac
1271 2181 1445 2224 diligenter
1473 2181 1683 2213 observanda
1711 2186 1761 2212 cst
1781 2180 1925 2220 precatio
1950 2178 2084 2221 Stepha-

1109 2224 1156 2255 ni:
1178 2223 1321 2256 Domine
1343 2224 1430 2263 Iesu,
1450 2225 1583 2265 Susez'pe
1600 2226 1745 2264 spirllmn
1768 2232 1881 2254 meum.
1919 2221 2009 2254 Haec
2033 2228 2086 2254 est

1110 2265 1289 2298 confessio.
1314 2268 1402 2309 quod
1425 2267 1579 2299 Christus
1602 2267 1643 2297 sit
1666 2273 1781 2298 natura
1803 2264 1908 2303 Deus,
1932 2272 1963 2296 et
1983 2266 2085 2296 omni-

1110 2316 1241 2351 potens,
1266 2310 1352 2346 Quia
1375 2320 1449 2342 eum
1471 2310 1616 2348 invocat,
1635 2315 1667 2340 et
1691 2309 1766 2349 quia
1812 2308 1841 2339 ei
1876 2308 2085 2339 commendat

1110 2353 1257 2394 spiritum
1271 2375 1280 2391 ,
1337 2363 1433 2395 quem
1493 2352 1624 2393 corpori
1673 2350 1849 2392 aliquando
1896 2351 2084 2382 redditurus

1111 2397 1161 2427 sit.
1229 2394 1341 2428 Solius
1375 2395 1504 2427 divinae
1537 2401 1569 2427 et
1602 2393 1832 2435 omnipotentis
1865 2399 2000 2425 naturae
2034 2399 2085 2425 est

1110 2438 1291 2476 vivificare,
1316 2439 1402 2470 sicut
1424 2438 1515 2470 loan.
1539 2439 1569 2469 5.
1593 2437 1696 2478 inquit
1719 2435 1890 2468 Christus=
1925 2437 2015 2468 Sicut
2027 2446 2085 2476 pa-

1110 2486 1160 2513 ter
1182 2482 1330 2520 rirt’licat,
1353 2485 1398 2514 ita
1423 2485 1454 2513 et
1475 2482 1569 2520 filins.
1615 2480 1676 2511 Est
1709 2485 1741 2511 et
1773 2477 1882 2511 cultus
1904 2478 2085 2510 invocatio-

1110 2525 1161 2555 nis
1185 2523 1247 2555 soli
1265 2523 1340 2556 Deo
1361 2530 1565 2566 competens:
1589 2522 1776 2555 ntdicitur:
1799 2524 1971 2555 Dominum
1983 2524 2084 2554 Deum

1109 2571 1196 2599 tuum
1219 2568 1381 2599 adorans.

1196 2608 1361 2653 Cogitate,
1384 2619 1482 2651 quam
1514 2608 1713 2640 horrendum
1736 2608 1789 2646 sit,
1819 2607 1952 2650 quando
1984 2606 2083 2638 homo
