2324 2958
68 1921 73 1926 ·
121 1919 341 1950 praecessura
365 1909 460 1940 finem
483 1909 608 1941 mundi:

221 211 239 226 0

121 254 241 290 potest,
266 247 513 279 Praedictiones
536 247 576 278 de
601 246 716 288 poenis
743 255 820 277 esse
843 245 1097 287 Synecdochas‚

120 293 153 323 id
177 297 239 328 est,
262 289 350 331 loqui
373 290 414 321 de
437 290 559 321 maiore
581 294 685 330 parte,
707 298 792 330 quae
804 297 869 319 non
882 290 1096 326 convertitur,

122 344 194 366 cum
217 333 344 374 quidem
369 338 544 363 serventur
567 330 724 373 reliquiae.
746 329 936 368 Ecclesiae,
964 338 995 362 et
1019 341 1097 372 poe-

120 376 297 408 nitentibus
342 374 480 417 singulis
536 375 704 416 contingat
738 374 908 415 mitigatio.
975 373 1097 405 Servat

120 419 212 450 Deus
236 418 505 449 comminationes
528 427 626 454 suas,
651 426 724 447 cum
748 417 840 456 punit
862 416 992 456 impiam
1015 415 1096 447 mul·
1120 421 1121 457 ζ

120 461 300 498 titudinem,
335 461 411 492 item
445 470 518 492 cum
553 459 693 500 castigat
717 469 816 496 suos,
845 459 963 500 quibus
987 464 1094 490 tamen

120 504 245 546 mitigat
268 501 366 541 mala,
388 510 421 534 ut
446 504 562 534 dicitur
584 503 616 533 in
640 499 789 532 Psalmo:
821 502 953 533 §visitabo
977 504 1009 531 in
1033 505 1095 532 r1'r-
1120 515 1121 550 ¹

116 558 160 587 ya
181 549 364 586 iniquitates
385 556 508 583 eorum,
541 547 601 577 sed
627 545 884 575 misericordium
907 553 1010 575 meam
1032 554 1095 575 non
1119 552 1122 585 ς

119 592 266 629 auferam
290 590 329 620 ab
352 592 411 620 eis.
1120 595 1121 620 ζ

205 631 284 662 Mihi
307 632 437 672 quidem
461 630 646 672 gratissima
669 636 720 661 est
742 629 824 660 haec
843 627 1040 666 consolatio,
1064 635 1096 659 et

120 675 218 706 debet
240 674 392 705 omnibus
415 683 492 704 esse
511 679 606 715 grata
635 678 665 703 et
689 670 806 703 dulcis.
856 672 953 703 Orate
970 676 1007 703 uc
1020 681 1095 712 pos·
1120 675 1121 714 ξ

119 721 191 750 sitas·
212 719 355 756 effuyere
388 719 466 748 haec
499 718 593 747 mala.
640 714 724 746 Hinc
747 715 831 745 enim
854 715 1013 756 sequitur,
1035 724 1096 755 per
1120 733 1121 736 =

119 766 268 791 nostram
291 759 530 791 invocationem
560 759 592 789 in
616 767 695 788 vera
723 757 942 788 conversione
965 757 1007 787 ad
1030 756 1095 787 De·
1120 737 1122 776 l

120 813 173 834 um
202 802 343 844 mitigari
371 801 588 833 calamitates.
635 800 746 832 Simus
770 809 850 841 ergo
880 800 1033 831 ardentes
1063 800 1094 829 in
1120 798 1122 839 ξ

120 845 305 887 precando,
339 852 368 875 et
394 854 525 876 oremus
550 844 637 874 veris
657 843 849 885 gemitibus,
883 853 944 873 nec
969 842 1094 874 dubite-

120 898 192 920 mus
216 887 256 918 de
279 887 498 918 exauditione.
543 886 616 917 Non
645 887 750 917 simus
778 892 937 926 perpetuo
961 885 1041 915 ebrii
1064 891 1095 915 et

119 930 279 967 furentes,
302 941 366 961 non
390 928 576 970 repleamus
601 938 662 960 nos
685 928 841 969 quotidie,
865 928 941 969 quia
958 938 1023 958 non
1042 937 1095 958 so-

119 973 188 1005 lum
211 971 337 1004 furiosa
360 973 516 1009 ebrietas,
542 972 601 1002 sed
624 971 721 1002 etiam
745 971 932 1012 quotidiana
958 969 1094 1011 repletio
1121 977 1125 1006 ξ

119 1026 274 1058 magnum
297 1022 347 1046 est
370 1015 633 1056 impedimentum
655 1013 885 1044 invocationis.

207 1057 310 1089 Recte
333 1059 428 1089 etiam
450 1064 580 1088 utamur
603 1057 762 1087 beneficio
786 1055 867 1092 Dei,
902 1056 930 1086 si
964 1055 1095 1096 quando

120 1102 176 1132 dat
209 1101 443 1142 mitigationem
477 1106 509 1131 et
543 1097 808 1140 tranquillitatem
837 1096 996 1139 aliquam,
1030 1107 1096 1139 qua

121 1142 312 1185 plerumque
346 1143 489 1174 abutitur
521 1142 663 1173 mundus
734 1141 767 1171 ld
806 1141 875 1172 lieri
909 1141 1096 1182 experimur

120 1187 217 1217 etiam
240 1187 272 1216 in
297 1185 473 1217 Germania
495 1192 626 1222 nostra,
651 1184 705 1215 ubi
728 1182 901 1214 Ecclesiae
920 1183 1096 1225 Evangeli-

120 1238 180 1259 cae
204 1229 401 1259 constitutae
423 1232 515 1265 sunt,
550 1228 581 1258 in
605 1227 725 1268 quibus
751 1226 899 1258 videmus
923 1226 1094 1267 Principes

120 1269 288 1301 inflectere
322 1269 514 1311 religionem
548 1270 591 1301 ad
648 1270 772 1300 rivatas
811 1279 891 1300 suas
925 1268 1095 1306 utilitates,

119 1311 240 1355 vulgus
269 1313 310 1344 ad
333 1312 496 1344 licentiam
526 1318 556 1344 et
585 1323 627 1343 vo
643 1318 770 1352 uptates
794 1321 884 1342 suas.
931 1312 1096 1343 Obiiciunt

119 1355 183 1387 hoc
206 1356 303 1387 nobis
327 1356 441 1386 odiose
453 1355 646 1392 adversarii,
668 1355 751 1386 sicut
769 1353 956 1386 Monachus
975 1352 1031 1385 ille
1049 1355 1095 1385 ‹ti-

120 1399 216 1430 cebat
238 1399 280 1429 ad
302 1408 354 1429 me
376 1399 407 1428 in
432 1404 598 1429 conventu
620 1397 834 1439 Augustano:
859 1397 970 1428 Vestri
993 1397 1095 1428 homi-

120 1451 180 1472 nes
199 1446 334 1481 propter
356 1442 417 1471 tm'a
436 1447 573 1481 peccata
593 1446 786 1480 receperunt
799 1439 884 1470 hanc
897 1440 1095 1470 doctrinam:

121 1484 374 1514 concionatores
397 1489 532 1524 propter
555 1483 755 1523 superbiam,
770 1482 938 1522 Principes
961 1488 1096 1523 propter

119 1525 308 1562 maritiam,
343 1524 463 1566 vulgus
494 1531 629 1566 propter
657 1523 890 1555 heuuationes.
950 1524 1012 1555 Hic
1046 1530 1097 1555 est

119 1566 218 1598 valde
251 1568 352 1598 tristis
379 1568 505 1598 abusus
529 1566 680 1608 publicae
704 1566 964 1608 tranquillitatis,
1000 1577 1098 1609 quem

119 1609 213 1642 Deus
236 1620 301 1641 non
321 1611 407 1641 sinet
430 1619 507 1640 esse
530 1610 732 1651 impunitum.
768 1609 810 1640 Et
832 1609 914 1640 haec
939 1611 979 1641 de
991 1620 1098 1651 gram-

119 1653 238 1684 matica
261 1651 479 1694 explicatione
502 1651 741 1683 vocabulorum
765 1658 797 1682 et
808 1651 975 1693 phrasium
988 1652 1098 1683 hacte-

119 1705 182 1727 nus
192 1718 201 1733 ,
236 1695 297 1727 etsi
327 1695 468 1727 subinde
502 1693 840 1726 commonefactiones
865 1696 1098 1736 grammaticae

120 1745 254 1769 monent
273 1739 314 1769 de
337 1737 446 1769 multis
470 1738 567 1769 bonis
589 1739 704 1769 rebus.
743 1737 839 1769 Nunc
861 1738 903 1768 de
925 1736 1098 1778 principali

121 1779 196 1812 loco
220 1782 389 1812 doctrinae
411 1781 443 1812 in
466 1780 530 1812 hoc
553 1786 644 1812 textu
669 1790 816 1821 agemus.

206 1823 288 1855 Nam
313 1824 389 1865 quia
411 1822 465 1854 hic
487 1830 538 1854 est
560 1823 753 1864 praedictio,
776 1833 843 1854 non
876 1823 974 1853 modo
999 1821 1097 1865 quale

121 1867 164 1898 sit
198 1866 341 1898 futurum
375 1873 502 1907 ternpus
536 1865 702 1904 ultimum,
736 1873 766 1897 et
799 1875 884 1907 quae
913 1866 1010 1907 signa
1032 1866 1099 1896 sint

653 1909 713 1940 sed
742 1909 838 1940 etiam
869 1910 958 1950 quod
980 1914 1098 1950 postea

121 1953 165 1983 sit
199 1952 307 1983 futura
342 1952 553 1983 resuscitatio
582 1958 797 1989 mortuorum,
822 1958 854 1983 et
877 1952 1042 1989 iudicium,
1065 1952 1097 1982 in

123 2005 188 2036 quo
217 2005 331 2026 omnes
365 1995 562 2035 aspiciemus
596 1993 695 2025 filium
730 1994 793 2025 Dei
816 1995 1032 2032 iudicantem,
1066 2000 1098 2025 et

124 2047 295 2069 cernemus
315 2036 494 2079 glorificari
506 2035 702 2074 Ecclesiam,
725 2044 757 2068 et
780 2038 878 2069 abiici
898 2038 929 2068 in
943 2044 1097 2068 aeternos

123 2081 290 2112 cruciatus
313 2090 428 2112 omnes
451 2081 580 2121 impios,
599 2079 761 2111 Diabolos
780 2086 812 2111 et
835 2080 952 2111 horum
974 2078 1097 2111 satelli-

124 2130 173 2154 tes
196 2129 228 2154 et
250 2133 390 2164 organa:
426 2121 612 2165 Diligenter
634 2124 844 2164 quaerendae
867 2129 943 2154 sunt
963 2133 1098 2161 causae,

123 2175 226 2207 quare
249 2166 313 2196 ista
335 2166 503 2206 praedicta
526 2166 600 2196 sint.

210 2208 350 2239 Primum
374 2209 473 2250 igitur
495 2208 734 2249 praedictiones
758 2209 842 2240 istae
858 2209 997 2240 traditae
1009 2214 1099 2247 sunt,

122 2251 198 2292 quia
217 2257 348 2291 oportet
359 2249 542 2281 Ecclesiam
566 2252 662 2289 scire,
685 2253 775 2293 quod
798 2252 872 2282 finis
891 2250 1020 2283 futurus
1044 2253 1097 2289 sit,

122 2294 326 2324 miseriarum
351 2293 448 2324 huius
471 2293 590 2324 mundi.
637 2294 775 2335 Oportet
798 2295 894 2332 sciri,
926 2296 1013 2335 quod
1036 2294 1098 2326 Ec-

122 2335 225 2368 clesia
248 2337 290 2367 sit
313 2335 489 2378 aliquando
513 2334 694 2375 liberanda,
715 2343 748 2368 et
770 2338 858 2379 qnod
881 2338 985 2369 simus
1008 2338 1098 2369 habi-

122 2380 185 2411 turi
208 2380 306 2410 vitam
330 2386 518 2417 aeternam,
552 2379 583 2409 in
607 2389 671 2420 qua
694 2381 841 2412 vivemus
865 2381 936 2411 sine
958 2387 1097 2422 peccato

122 2428 155 2453 et
177 2429 292 2460 morte,
315 2428 348 2454 et
369 2421 515 2453 fruemur
527 2428 662 2452 aeterna
675 2423 912 2454 consuetudine
924 2433 997 2455 cum
1010 2423 1097 2461 Deo,

123 2465 218 2497 cuius
241 2472 364 2506 quanta
387 2465 430 2496 sit
453 2463 561 2496 sutura
583 2464 707 2496 laetitia
729 2471 761 2497 et
779 2465 896 2507 gloria,
919 2467 1023 2503 neria,
1043 2477 1097 2498 ne-

124 2517 177 2538 mo
200 2514 309 2548 potest
332 2508 363 2539 in
388 2507 451 2538 hac
473 2518 573 2539 carne
597 2507 886 2548 comprehendere,
908 2509 994 2540 sicut
1016 2510 1096 2541 Pau-

123 2560 177 2589 ‚ms
199 2551 319 2592 inquit:
352 2552 493 2582 Videmus
515 2561 599 2582 nunc
622 2553 654 2582 in
677 2555 866 2590 aenigmate,
889 2553 987 2584 Item:
1010 2554 1098 2590 Quae

125 2603 158 2636 pa
183 2604 238 2625 cor
260 2595 396 2625 hominis
419 2603 480 2625 non
503 2595 744 2626 descenderunt.

801 151 1019 184 POSTlLLA
1042 151 1438 185 MELANTHONIANA.

2084 157 2126 188 26

1237 246 1332 278 Hunc
1355 257 1436 289 ergo
1462 247 1558 279 finem
1582 250 1667 279 scire
1690 259 1753 281 nos
1776 257 1922 291 oportet:
1946 250 1988 281 Et
2005 249 2125 282 facien-

1150 291 1192 322 da
1215 295 1267 321 est
1296 289 1349 320 hic
1377 289 1562 321 antithesis.
1608 290 1822 333 Philosophia
1846 303 1905 324 seu
1930 294 2011 325 ratio
2035 299 2127 325 natu-

1150 332 1228 363 ralis
1257 342 1324 363 non
1348 338 1458 373 potest
1481 334 1682 364 constituere
1705 333 1825 376 aliquid
1851 337 1941 373 certi,
1976 336 2016 366 de
2039 337 2125 376 prin-

1150 376 1253 417 cipio,
1288 383 1341 406 aut
1380 374 1443 406 fine
1483 376 1604 406 mundi.
1650 375 1800 416 Epicurei
1831 378 1957 420 fingunt
1987 378 2127 409 subinde

1149 418 1231 449 alios
1251 418 1392 449 mundos
1415 418 1507 448 nasci
1531 425 1561 449 et
1576 419 1707 449 interire
1726 431 1765 450 ex
1785 421 1980 452 confusione
2003 427 2126 452 atomo-

1149 471 1229 491 rum.
1279 459 1375 500 Blato
1409 461 1471 491 etsi
1500 458 1620 491 fatetur
1657 463 1810 493 mundum
1844 474 1920 494 esse
1949 464 2127 501 conditum,

1148 510 1256 534 tamen
1280 501 1382 534 multa
1404 501 1506 534 millia
1529 514 1688 534 annorum
1714 511 1801 535 retro
1833 513 1992 536 numerat.
2038 505 2129 536 Dicit

1148 552 1223 577 ante
1257 556 1375 577 novem
1409 555 1567 577 annorum
1602 544 1700 576 millia
1736 546 1817 578 alias
1851 547 1956 580 fuisse
1978 549 2128 579 Athenas

1148 587 1254 619 multo
1278 587 1498 629 pulchriores,
1523 594 1554 619 et
1579 589 1670 619 cives
1693 599 1824 631 quoque
1836 589 1935 632 longe
1959 597 2129 632 praestan-

1149 632 1260 662 tiores.
1304 631 1472 662 Fortassis
1496 629 1599 662 voluit
1623 630 1758 663 laudare
1778 634 1981 673 superiorum
2006 641 2130 674 tempo-

1148 684 1217 704 rum
1241 679 1374 711 statum,
1397 674 1483 707 sicut
1506 672 1699 714 plerumque
1721 685 1820 706 senes
1839 682 1913 706 sunt
1937 675 2129 707 laudatores

1147 717 1306 757 temporis
1328 717 1417 753 acti,
1441 715 1525 751 Quia
1559 717 1669 747 vident
1700 716 1855 757 paulatim
1891 728 2042 749 crescere
2072 718 2128 748 mi·

1147 759 1265 797 serias,
1291 759 1368 790 ltem
1391 764 1548 790 senectus
1572 759 1679 801 magis
1691 758 1838 791 afficitur
1850 762 1950 792 rebus
1974 770 2130 801 praesen-

1148 802 1254 839 tibus,
1277 812 1374 843 quam
1397 800 1476 832 facit
1497 802 1660 833 inventu&
1706 803 1789 833 Nam
1818 802 1970 834 iuvenilis
2002 804 2129 834 animus

1148 854 1213 875 non
1235 851 1323 876 amat
1345 842 1478 874 dolores
1503 843 1552 874 νεά
1570 848 1692 884 φροντὲς
1715 845 1814 884 ἀλγεῖν
1837 846 1869 875 ου’
1888 849 1976 886 φιλεῖ.
2012 845 2130 876 Etiam-

1147 888 1175 917 si
1200 887 1313 918 vivunt
1335 887 1472 918 iuvenes
1496 887 1527 917 in
1552 887 1672 917 mundo
1696 888 1780 918 inter
1803 887 2009 919 calamitates
2024 886 2129 929 publi-

1148 939 1206 960 cas
1229 936 1260 960 et
1284 930 1444 971 privatas:
1465 935 1572 959 tamen
1597 939 1661 960 non
1687 931 1775 961 serio
1800 932 1963 972 cogitant.
1988 941 2054 961 non
2080 941 2129 961 ar-

1149 973 1263 1003 denter
1293 971 1405 1003 dolent
1438 972 1479 1002 tle
1510 972 1738 1003 communibus
1769 974 1919 1004 miset-iis.
1975 975 2020 1005 δεῖ
2050 975 2129 1014 qebet

1149 1015 1212 1052 ineu
1236 1016 1306 1047 nicht
1337 1017 1362 1047 t'o
1387 1014 1445 1051 tiett'
1476 1023 1506 1053 gu
1529 1015 1660 1056 gemina!
1696 1017 1757 1048 mut
1792 1017 1855 1052 ineu
1879 1018 1948 1055 nidn
1986 1026 2010 1047 vo
2040 1017 2128 1053 mehe,

1148 1057 1224 1088 ldeo
1258 1057 1393 1093 dicitur,
1432 1057 1463 1090 Ξ
1488 1058 1583 1099 iugem
1617 1058 1717 1094 metftu
1742 1064 1855 1099 ttrqcnty
1888 1060 1912 1090 io
1943 1060 2043 1095 inerim
2081 1059 2130 1090 mit

1149 1102 1210 1141 gell*
1235 1101 1304 1132 nicht
1328 1110 1360 1139 311
1386 1101 1523 1137 bemblen.
1571 1099 1676 1131 Senes
1705 1101 1810 1142 magis
1847 1102 1994 1142 cogitant
2018 1101 2058 1132 de
2080 1110 2130 1131 re·

1148 1143 1226 1173 bus:
1257 1142 1334 1173 Ideo
1357 1143 1507 1173 existimo
1538 1141 1707 1174 Platonem
1735 1142 1882 1174 voluisse
1905 1144 2063 1185 conqueri
2091 1143 2133 1175 de

1147 1186 1314 1226 praesenti
1337 1191 1425 1215 statu
1449 1185 1665 1223 Athenarum,
1688 1192 1719 1216 et
1743 1184 1877 1217 laudare
1899 1193 2019 1217 statum
2045 1192 2131 1217 vete-

1149 1238 1229 1258 rem.
1275 1227 1465 1259 Herodotus
1490 1226 1560 1266 [lib.
1586 1227 1635 1265 {L}
1672 1235 1780 1259 autem
1814 1229 1857 1259 ait
1889 1230 1930 1259 ah
1955 1228 2130 1270 Aegyptiis

1148 1271 1261 1302 decem
1284 1269 1386 1301 millia
1409 1280 1569 1301 annorum
1593 1277 1623 1301 et
1646 1270 1786 1311 amplius
1810 1272 1993 1309 recenseri,
2017 1278 2049 1302 et
2073 1271 2131 1302 ob-

1148 1319 1316 1345 servatum
1341 1322 1431 1351 esse,
1454 1313 1486 1343 in
1501 1312 1564 1344 hoc
1578 1319 1670 1344 tanto
1693 1314 1800 1354 spatio
1812 1325 1973 1345 annorum
1988 1315 2038 1345 bis
2061 1324 2131 1344 mu-

1147 1362 1216 1387 tata
1239 1366 1317 1387 esse
1340 1354 1416 1387 loca
1439 1362 1566 1387 ortuum
1583 1362 1614 1387 et
1633 1366 1811 1387 occasuum
1835 1356 1936 1395 Solis,
1961 1357 2003 1387 ita
2026 1362 2061 1387 ut
2074 1353 2132 1386 Sol

1148 1405 1240 1430 ortus
1263 1399 1304 1429 sit
1328 1400 1398 1437 bis,
1423 1399 1477 1429 ubi
1501 1409 1587 1430 nunc
1610 1400 1746 1431 occidit:
1778 1406 1809 1430 et
1833 1400 1883 1430 bis
1907 1399 2129 1437 descenderit,

1148 1442 1203 1473 ubi
1234 1452 1322 1473 nunc
1353 1442 1465 1473 oritur.
1520 1441 1722 1473 Aristoteles
1753 1452 1860 1483 neque
1890 1442 1986 1473 finem
2023 1450 2130 1482 neque

1149 1484 1272 1515 initium
1306 1484 1416 1515 mundi
1450 1485 1616 1526 agnoscit.
1670 1483 1826 1524 Disputat
1863 1485 1904 1516 de
1937 1485 2130 1516 aeternitate

1148 1527 1269 1558 mundi.

1235 1569 1291 1600 Sic
1314 1569 1354 1600 de
1379 1570 1621 1600 resurrectione
1639 1575 1841 1600 mortuorum
1864 1568 1942 1601 nihil
1966 1569 2056 1600 novit
2079 1579 2129 1599 ra-

1148 1612 1204 1642 tio.
1251 1611 1346 1642 Plato
1369 1612 1473 1642 sensit
1496 1613 1621 1643 animas
1657 1622 1733 1643 esse
1764 1610 1981 1650 immortales,
2005 1612 2062 1642 sed
2088 1612 2129 1643 de

1149 1655 1388 1685 instauratione
1411 1665 1587 1695 corporum
1611 1653 1690 1685 nihil
1714 1655 1814 1686 novit.
1853 1654 1954 1686 Stoici
1978 1655 2130 1686 dixerunt

1149 1697 1274 1728 animas
1299 1698 1411 1728 vivere
1435 1696 1546 1728 multis
1570 1696 1711 1734 seculis,
1734 1703 1852 1737 postea
1876 1698 2020 1735 interire,
2043 1698 2129 1728 sicut

1150 1738 1317 1770 flammula
1341 1749 1401 1771 seu
1424 1739 1588 1780 igniculus
1613 1738 1850 1781 aliquantisper
1872 1746 2000 1778 manet,
2023 1740 2130 1771 donec

1150 1782 1368 1824 extinguatur.
1414 1781 1466 1813 De
1490 1781 1615 1824 Campo
1639 1781 1775 1824 Elysio,
1807 1789 1840 1814 et
1871 1784 1987 1824 poenis
2011 1781 2130 1813 infero-

1150 1835 1223 1856 rum
1258 1824 1382 1856 habent
1411 1823 1520 1867 aliqua
1543 1832 1679 1867 poetae,
1709 1825 1769 1856 sed
1798 1825 1978 1866 depravata
2008 1823 2130 1856 sabulis

1150 1868 1299 1910 poeticis.

1237 1909 1318 1941 Sola
1340 1909 1494 1942 Ecclesia
1516 1920 1579 1942 nos
1603 1911 1721 1949 docet,
1746 1911 1833 1952 quod
1856 1911 2015 1947 mundus,
2034 1919 2131 1952 quem

1151 1954 1328 1991 cernimus,
1358 1954 1400 1984 sit
1432 1964 1516 1995 opus
1550 1964 1570 1985 a
1593 1953 1667 1984 Deo
1698 1954 1883 1991 conditum,
1914 1959 1945 1984 et
1976 1953 2065 1995 quod
2089 1953 2131 1983 sit

1150 2007 1236 2028 unus
1259 2002 1383 2027 tantum
1406 1997 1545 2028 mundus
1575 1995 1732 2034 visibilis,
1761 1997 1846 2027 sicut
1870 1997 2003 2027 dicitur:
2034 1995 2130 2031 Quie-

1151 2041 1197 2070 vit
1220 2039 1312 2071 Deus
1337 2039 1388 2070 die
1418 2041 1565 2081 septimo.
1613 2038 1692 2070 Item
1716 2037 1882 2070 Christum
1913 2039 2057 2079 oportuit
2079 2047 2130 2069 se·

1151 2080 1214 2113 mel
1239 2083 1337 2119 mori,
1367 2082 1420 2123 qui
1443 2083 1541 2113 etiam
1571 2082 1603 2112 in
1633 2081 1697 2113 hoc
1719 2082 1817 2113 unico
1837 2082 1967 2121 mundo,
2001 2091 2067 2112 non
2098 2081 2131 2111 in

1151 2124 1216 2156 alio
1240 2131 1290 2156 est
1314 2131 1481 2163 mortuus,
1513 2131 1545 2156 et
1569 2125 1699 2166 quidem
1732 2135 1792 2166 pro
1823 2134 1945 2166 genere
1975 2124 2130 2161 humano,

1151 2168 1239 2210 quod
1263 2173 1315 2199 est
1336 2168 1368 2198 in
1392 2166 1456 2199 hoc
1480 2168 1613 2205 mundo,
1637 2168 1689 2198 cui
1708 2167 1802 2198 iussit
1827 2167 2009 2207 praedicari
2023 2165 2130 2197 Evan-

1151 2210 1283 2253 gelium.
1329 2210 1365 2241 ld
1388 2212 1619 2252 opponendum
1647 2216 1699 2242 est
1730 2210 1922 2241 commentis
1945 2208 2129 2240 Democriti

1151 2253 1303 2296 fingentis
1323 2253 1578 2285 innumerabiles
1602 2253 1752 2285 mundos.

1236 2295 1318 2328 Sola
1341 2297 1437 2327 etiam
1452 2296 1605 2328 Ecclesia
1628 2297 1738 2333 docet,
1763 2295 1894 2336 quando
1919 2293 2130 2335 coeperithic

1150 2340 1303 2377 mundus,
1326 2346 1359 2370 et
1383 2350 1488 2371 annos
1513 2340 1695 2371 durationis
1719 2338 1830 2369 mundi
1852 2344 2013 2369 numerat.
2047 2335 2130 2368 Sola

1151 2383 1266 2422 docet,
1295 2383 1382 2424 quod
1419 2382 1503 2414 haec
1532 2383 1597 2413 vita
1620 2381 1803 2417 hominum,
1827 2378 1933 2422 qualis
1956 2390 2043 2411 nunc
2066 2385 2129 2416 est,

1150 2426 1192 2456 sit
1216 2426 1378 2456 desitura:
1404 2432 1519 2456 contra
1539 2424 1685 2455 Platonis
1709 2431 1740 2455 et
1765 2422 1955 2454 Aristotelis
1974 2423 2128 2464 imagina-

1150 2468 1267 2499 tiones.
1302 2467 1454 2509 Denique
1494 2466 1568 2499 sola
1591 2466 1743 2498 Ecclesia
1776 2473 1865 2497 certo
1889 2466 2003 2503 docet,
2031 2462 2129 2506 quale

1150 2511 1325 2543 discrimen
1356 2511 1396 2541 sit
1427 2509 1569 2543 futurum
1603 2511 1687 2541 inter
1715 2516 1863 2541 mortuos
1896 2509 2127 2539 resuscitatos:

1151 2560 1183 2584 et
1217 2555 1304 2595 quod
1338 2553 1491 2585 Ecclesia
1525 2554 1566 2583 sit
1600 2553 1727 2583 victura
1750 2553 1783 2583 in
1816 2558 1948 2583 aeterna
1987 2550 2061 2582 luce
2096 2555 2128 2580 et

1150 2597 1294 2634 iustitia,
1328 2601 1361 2628 et
1391 2596 1532 2627 damna;i
1555 2595 1728 2626 abiiciendi
1758 2595 1790 2625 in
1819 2601 1972 2626 aeternos
2003 2593 2128 2624 crucia-
