2324 2958
136 174 200 207 ⁷53

138 267 290 300 conferre
323 265 510 308 imperium,
549 270 582 295 et
615 272 736 305 regna,
767 263 886 304 qulbus
920 261 1107 299 voluerunt,

138 312 225 343 sicut
257 309 347 350 Papa
380 308 436 339 ille
459 306 701 339 Hildebrandus
730 312 846 337 contra
875 305 1106 346 Imperatorem

139 353 315 385 Henricum
338 351 405 382 lui.
434 350 587 381 excitavit
617 347 824 389 Rudolphum
853 347 980 379 Ducem
1004 348 1106 379 Saxo-

137 395 211 426 nia'e
241 400 274 426 et
304 394 463 430 Suet-iae,
492 393 546 434 qui
577 391 636 423 fuit
665 390 787 432 alioqui
817 391 924 422 bonus
949 390 1106 430 Princeps

136 443 170 469 et
199 443 334 477 potens:
369 436 482 467 habuit
510 437 572 467 sub
603 445 640 466 se
663 435 745 466 duas
769 434 936 471 nationes,
970 443 1107 474 quarum

136 478 196 510 suit
227 489 382 521 magnum
416 479 536 515 robur,
571 483 602 509 et
631 483 709 508 tunc
738 475 799 508 suit
821 477 942 513 maius,
976 476 1108 517 quando

137 523 394 559 exercebantur,
428 527 461 552 et
487 520 651 552 habebant
674 526 770 560 caput
794 529 855 551 seu
877 520 994 550 ducem
1019 517 1108 549 belli-

137 574 262 596 cesum.

223 607 306 638 Huic
333 605 510 647 Rudolpho
539 606 626 637 misit
656 604 747 646 Papa
770 615 945 642 coronam,
975 604 1027 635 cui
1050 602 1109 635 fuit

136 649 315 690 Inscriptus
338 659 472 681 versus:

197 708 296 738 Petra
318 709 408 738 dedit
428 708 541 744 Petro,
564 707 678 737 Petrus
700 706 845 736 diadema
867 705 1044 746 Rutlolpho.

136 768 172 800 ld
196 774 263 806 est,
287 768 439 800 Christus
463 768 552 798 dedit
574 767 748 808 Imperium
770 766 941 804 Pontifici,
969 772 1001 797 et
1025 765 1110 797 Pon-

136 810 215 843 tiI'ex
239 812 327 842 dedit
349 809 539 851 Rudolpho.
590 806 705 841 voluit
728 809 903 841 ostendere
926 819 964 840 se
988 807 1110 840 habere

137 860 335 896 potestatem
368 852 510 885 faciendi
544 853 779 894 lmperatores,
813 858 845 884 et
880 851 989 892 Reges
1025 860 1108 892 quos

137 895 226 928 velit.
271 895 468 938 Rudolphus
491 896 523 927 in
547 894 671 937 proelio
706 905 809 937 prope
848 895 1005 933 Mersbery
1032 894 1109 924 ami-

137 941 180 972 sit
213 940 381 978 dextram,
413 949 480 981 qua
519 946 618 970 antea
645 939 810 969 iuraverat
851 937 948 968 fidem
970 937 1110 976 impera·

138 983 219 1019 tori;
242 989 275 1014 et
296 987 348 1013 est
372 989 520 1013 mortuus
544 992 584 1012 ac
608 980 758 1022 sepultus
782 982 813 1012 in
836 980 1007 1019 Mers-bury.

224 1025 371 1056 Fuerunt
402 1023 468 1056 illis
502 1025 704 1065 temporibus
738 1030 769 1055 et
803 1031 938 1064 postea,
973 1031 1111 1063 magnae

141 1069 370 1100 contentiones
399 1068 439 1099 de
468 1073 633 1108 potestate
648 1067 778 1107 Papae.
824 1066 967 1102 Nescio,
988 1075 1030 1096 an
1052 1063 1110 1095 ho-

140 1111 244 1142 mines
274 1117 338 1142 tam
368 1109 460 1142 stulti
484 1108 623 1148 fuerint,
653 1116 688 1140 ut
721 1109 901 1149 probarent
933 1106 1022 1138 illam
1055 1117 1111 1138 au—

139 1154 267 1184 daciam
289 1153 493 1184 Pontificum.
549 1152 634 1183 Nam
663 1152 739 1192 quia
768 1161 862 1182 error
884 1157 948 1181 tam
972 1159 1110 1181 crassus

139 1202 172 1227 et
193 1195 368 1236 palpabilis
393 1202 456 1233 est,
477 1194 632 1226 fortassis
655 1193 700 1224 illi
724 1194 804 1234 ipsi,
827 1194 881 1234 qui
905 1193 1111 1233 disputarunt

139 1239 180 1270 de
202 1244 366 1279 potestate
389 1237 511 1278 Papae,
545 1237 651 1278 magis
673 1237 865 1267 assentandi
888 1236 997 1266 studio
1020 1234 1110 1266 illam

138 1286 399 1322 exaggerarunt,
434 1290 532 1321 quam
565 1280 654 1320 quod
689 1290 724 1310 re
756 1280 829 1319 ipsa
862 1280 912 1310 sic
939 1279 1110 1309 sentirent.

138 1322 256 1355 Potest
284 1329 392 1354 tamen
421 1322 508 1359 fieri,
537 1329 573 1354 ut
595 1321 779 1363 aliquorum
802 1328 894 1352 tanta
916 1320 1014 1352 fuerit
1038 1331 1112 1352 cae-

138 1367 243 1404 citas,
265 1372 300 1396 ut
321 1365 445 1396 amisso
469 1365 657 1396 discrimine
679 1365 763 1396 inter
785 1374 890 1405 regna
911 1363 1055 1405 politica,
1080 1369 1110 1394 et

140 1419 277 1450 reguum
306 1407 445 1445 Christi,
480 1408 677 1438 crediderint
709 1407 901 1438 Pontificem
930 1413 1020 1438 recte
1049 1406 1112 1437 sibi

139 1461 297 1492 arrogare
330 1450 395 1481 hoc
428 1451 497 1481 ius:
532 1450 617 1481 sicut
649 1449 799 1491 legentes
827 1450 952 1490 scripta
980 1448 1110 1480 illorum

139 1500 337 1534 temporum,
361 1493 635 1534 deprehendimus
659 1494 814 1524 tenebras
838 1498 964 1529 tantas,
989 1498 1022 1523 ut
1045 1502 1110 1522 nou

139 1537 304 1577 possimus
327 1546 394 1566 non
413 1535 522 1567 mirari
539 1542 604 1566 tam
623 1536 759 1567 densam
779 1534 952 1576 caliginem
971 1535 1003 1565 in
1022 1545 1112 1566 cras-

138 1579 278 1609 sissimis
301 1579 413 1609 rebus.

227 1628 401 1667 Videmus,
437 1629 515 1671 quid
543 1628 652 1660 adhuc
681 1628 778 1659 hodie
808 1629 973 1669 disputent
1004 1628 1113 1659 Ponti-

139 1671 221 1709 ficii,
242 1671 365 1710 Papam
388 1682 454 1701 esse
476 1673 623 1701 vicarium
647 1671 782 1709 (λι-ἰαί,-
803 1671 913 1700 luthere
926 1675 1112 1710 potestatem

140 1714 297 1744 condendi
319 1725 398 1744 nova
416 1715 558 1749 decreta}
583 1718 613 1743 rt
636 1714 713 1743 haec
735 1714 861 1743 ‹let-reta
884 1714 1024 1743 habenda
1048 1724 1112 1743 esse

137 1767 198 1796 pro
229 1757 372 1786 articulis
401 1757 485 1795 fidei.
542 1757 824 1792 Quemadmodum
861 1756 1111 1788 Panormitauus

140 1809 273 1841 quoque
297 1805 410 1840 aperte
438 1800 566 1831 scribit:
599 1799 672 1830 Non
702 1800 774 1829 bene
802 1799 1004 1829 consuluisset
1027 1800 1113 1829 Deus

143 1842 323 1876 Ecclesiae,
353 1843 415 1871 nisi
441 1842 613 1881 rele'qm'sset
643 1844 825 1881 pontificiae
853 1844 1038 1872 auctoritati
1055 1853 1112 1882 po-

140 1888 279 1914 testatem
303 1884 445 1914 azldcmli
467 1889 495 1914 et
514 1885 705 1915 diminuendi
721 1886 924 1924 Scripturam.

226 1927 320 1958 lianc
361 1934 557 1968 potestatem
599 1939 671 1958 cum
712 1935 908 1968 arrogarunt
950 1927 1111 1966 Pontifici,

140 1976 258 2011 postea
282 1969 426 2011 allegant
459 1971 545 2000 dicta
574 1968 628 2000 illa
653 1972 692 2001 de
715 1971 900 2001 obedientia
923 1971 1033 2002 dehita
1056 1972 1111 2002 mi-

139 2013 291 2043 nisterio:
325 2013 363 2042 111
393 2013 542 2042 cathedra
565 2013 664 2041 Musis
684 2013 791 2043 sedent
819 2014 948 2043 Scribae
970 2017 999 2043 ct
1028 2013 1111 2043 Pha-

137 2057 250 2089 risaei,
275 2057 424 2095 quicquid
452 2056 593 2085 dixerint
617 2055 702 2085 vobit·
715 2057 830 2093 facite:
866 2056 998 2085 obedite
1018 2067 1111 2096 prae-

134 2099 251 2137 positis
272 2100 391 2129 vestris.
442 2098 564 2129 Verum
594 2097 677 2128 haec
706 2105 757 2129 est
786 2097 908 2130 solutio
937 2100 978 2130 ad
1002 2101 1109 2131 onmia

137 2142 202 2172 ista
234 2141 336 2172 dicta:
370 2141 522 2172 Debetur
551 2141 736 2171 obedientia
765 2143 954 2182 pastoribus
983 2144 1014 2173 in
1045 2143 1108 2181 his,

136 2193 223 2224 quae
247 2190 323 2214 sunt
346 2185 499 2215 mandata
522 2194 541 2214 a
565 2183 648 2214 Deo.
694 2182 743 2214 Tu
766 2184 868 2216 debes
891 2185 1108 2217 obedientiam

139 2226 269 2257 Pastori
299 2228 429 2258 sonanti
454 2238 568 2258 vocem
592 2225 780 2267 Evangelii,
805 2232 837 2258 et
859 2229 1000 2259 manenti
1022 2229 1107 2259 iutra

138 2275 242 2300 metas
266 2268 396 2301 illorum
420 2270 664 2305 mandatorum,
694 2279 777 2310 quae
804 2271 1007 2311 praescripta
1031 2278 1107 2302 sunt

135 2323 156 2343 a
183 2310 266 2343 Filio
294 2311 368 2343 Dei.
424 2313 506 2343 Nam
539 2312 720 2343 sententiae
747 2310 822 2343 illae
851 2313 893 2344 de
921 2314 1107 2345 obedit-ntia

135 2365 201 2386 non
225 2356 428 2386 constituunt
450 2365 587 2397 regnum
613 2354 722 2395 Papae
744 2361 836 2386 extra
859 2355 1084 2397 Evangelium.

220 2398 290 2429 Nec
317 2397 472 2429 Christus
503 2399 590 2429 misit
618 2396 804 2437 Apostolos
833 2408 904 2428 cum
928 2397 1047 2439 libera,
1072 2406 1106 2431 ut

136 2439 314 2482 loquuntur
336 2440 578 2478 iurisconsulti,
603 2442 657 2482 qui
680 2441 798 2471 docent
823 2439 953 2482 legatos
972 2441 1105 2483 duplici·

134 2491 185 2513 ter
207 2483 305 2521 mitti,
329 2483 383 2514 vel
407 2494 480 2515 cum
504 2483 639 2524 speciali
662 2483 833 2520 mandato,
864 2494 925 2514 seu
955 2495 1027 2515 cuin
1056 2495 1105 2515 re-

134 2527 317 2564 strictione,
340 2525 394 2557 vel
418 2537 489 2557 cum
514 2525 630 2563 libera.
649 2524 771 2556 scilieet
792 2532 956 2566 potestate
975 2528 1104 2568 agendi.

219 2567 400 2599 Pontamus
430 2569 543 2600 scribit
573 2580 610 2599 se
641 2568 798 2599 habuisse
823 2569 906 2599 duos
929 2569 1103 2608 Dominos,

132 2610 243 2652 Reges
273 2610 526 2652 Neapolitanos,
554 2611 794 2643 ferdinandum
823 2618 967 2652 patrem,
990 2619 1022 2643 et
1047 2612 1104 2643 Al-

284 2679 522 2699 umN1H.=JPEu.
539 2679 599 2698 voL
617 2679 695 2699 xer.

814 167 1032 200 POSTILLA
1053 165 1448 200 MELANTHOMANA.

1132 686 1137 712 l

1132 873 1137 938 ί

1127 1955 1140 2646 l

2067 166 2130 198 754

1158 259 1323 301 phonsum
1347 258 1458 290 filium.
1515 259 1743 292 Ferdinandus
1771 270 1902 301 semper
1929 260 2017 291 misit
2039 259 2129 301 lega-

1159 309 1212 334 tos
1236 312 1309 334 cum
1331 300 1447 339 libera,
1467 302 1497 332 id
1523 308 1584 340 est,
1605 303 1692 334 dedit
1713 310 1908 344 potestatem
1933 301 2130 334 consiliariis

1159 345 1349 377 discedendi
1371 355 1392 375 a
1414 345 1592 382 mandatis,
1615 352 1713 386 prout
1740 345 1804 376 illis
1823 347 1998 376 videretur.
2021 344 2128 376 Dixit:

1159 389 1326 419 committo
1355 394 1486 418 vestrae
1517 387 1592 418 fidei
1625 394 1658 419 et
1685 389 1894 429 prudentiae,
1937 395 1971 419 ut
2001 388 2130 419 mutetis

1159 430 1281 472 aliquid
1311 431 1344 461 in
1374 430 1553 468 mandatis,
1587 436 1641 461 aut
1671 429 1800 462 {aciatis
1830 432 2010 472 quaedam,
2045 441 2130 471 quae

1160 484 1214 504 res
1248 471 1445 514 postulabit,
1478 473 1603 503 etiamsi
1637 484 1703 504 non
1739 474 1803 504 siut
1831 473 1887 504 illu
1916 484 2075 513 expressa
2098 475 2128 504 in

1160 517 1323 553 mandato,
1341 526 1400 546 scu
1419 516 1643 547 instructione.
1689 516 1744 546 Sic
1762 526 1827 546 non
1851 517 2018 547 mittuntur
2043 516 2129 557 Apo-

1160 557 1236 590 stoli
1259 569 1333 589 cum
1355 556 1460 588 libera
1482 564 1657 599 potestate,
1676 559 1736 590 sed
1758 559 1926 590 mittuntur
1949 570 2022 590 cum
2042 570 2129 590 man-

1160 602 1238 633 dato
1263 607 1352 632 certo
1377 607 1408 631 et
1431 598 1576 632 limitato.

1245 642 1440 684 Alphonsus
1470 642 1557 674 filius
1581 643 1798 682 Ferdinandi,
1822 644 1951 685 quoties
1974 644 2061 674 misit
2085 642 2130 675 le·

1161 692 1278 728 gatos,
1300 687 1390 717 dedit
1411 696 1541 727 semper
1564 696 1725 727 expressa
1747 694 1779 718 et
1801 686 1936 718 limitata
1959 687 2129 717 mandata:

1161 730 1238 771 quia
1271 730 1445 769 comperit,
1480 729 1566 770 quod
1602 729 1781 760 consiliarii
1811 731 1914 771 patris
1943 740 2044 770 saepe
2066 740 2131 761 mu-

1161 779 1289 803 tassent
1311 771 1444 813 aliquid,
1467 773 1555 813 quod
1577 782 1644 803 non
1668 772 1855 813 profuisset.
1913 772 1990 803 Ideo
2012 771 2131 803 solitus

1161 821 1213 846 est
1236 815 1344 845 dicere
1372 815 1415 845 ad
1445 813 1591 856 legatos:
1625 814 1709 845 Nolo
1740 824 1791 845 vos
1820 816 1981 845 discedere
2010 826 2029 844 a
2057 817 2131 844 meis

1160 857 1331 887 mandatis:
1358 859 1444 896 ayite
1464 857 1540 892 hoc,
1565 857 1649 897 quod
1671 858 1757 887 vobis
1777 859 1908 896 mando,
1931 868 1991 887 uon
2015 857 2112 889 aliud.

1247 899 1395 931 Recitavi
1418 901 1513 931 vobis
1535 901 1619 932 alias
1642 899 1829 939 historiam,
1851 911 1936 942 (tuae
1957 901 2077 932 accidit
2098 901 2130 932 in

1162 942 1295 974 Ducatu
1330 942 1625 985 wirtenbergenst.
1687 943 1768 975 Eam
1808 954 1908 985 saepe
1949 944 2056 974 audivi
2091 954 2131 974 ex

1161 984 1310 1016 Doctore
1343 986 1440 1022 iuris,
1474 987 1544 1017 viro
1573 987 1660 1018 bono
1690 993 1722 1018 et
1750 988 1915 1027 sapiente,
1950 987 2004 1028 qui
2034 987 2063 1017 ei
2087 988 2133 1018 rei

1162 1026 1363 1059 interfuerat.
1418 1027 1523 1060 Erant
1554 1030 1647 1060 missi
1681 1039 1701 1060 a
1729 1030 1814 1061 duce
1848 1029 2133 1072 VVirtenbergensi

1162 1077 1230 1101 tres
1253 1069 1356 1112 legati
1379 1071 1420 1101 ad
1445 1072 1607 1111 quendam
1630 1071 1827 1113 Principem,
1851 1073 1937 1113 apud
1960 1082 2056 1113 quem
2079 1072 2134 1103 de-

1163 1114 1285 1144 bebant
1313 1123 1496 1154 exponere,
1531 1121 1563 1145 et
1591 1116 1765 1155 expedire,
1797 1125 1880 1156 quae
1911 1115 2074 1146 habebant
2101 1115 2132 1146 in

1163 1156 1324 1186 mandatis
1352 1166 1372 1186 a
1401 1166 1463 1187 suo
1494 1155 1648 1188 Domino.
1698 1157 1792 1189 Unus
1821 1164 1892 1188 erat
1914 1167 2016 1200 eques
2039 1168 2133 1189 aura—

1162 1205 1233 1229 tus:
1257 1198 1342 1230 alter
1358 1197 1488 1230 Doctor
1510 1198 1578 1237 ille,
1602 1200 1657 1241 qui
1675 1201 1751 1232 mihi
1773 1201 1845 1241 ipse
1868 1201 1951 1232 haec
1975 1201 2132 1232 narravit:

1162 1242 1294 1279 tertius,
1325 1251 1428 1272 senex
1456 1241 1597 1280 nobilis,
1626 1253 1691 1274 non
1720 1250 1828 1274 tamen
1859 1253 1962 1284 eques
1984 1250 2132 1275 auratus.

1162 1284 1199 1315 lu
1220 1284 1336 1315 itincre
1359 1292 1538 1325 coeperunt
1561 1285 1727 1327 disputare
1751 1287 1791 1317 de
1809 1287 1970 1317 mandatis
1993 1287 2044 1317 sui
2067 1286 2134 1318 Do-

1162 1327 1255 1363 mini;
1288 1327 1364 1368 quia
1391 1328 1600 1359 innotuerant
1629 1329 1678 1359 eis
1706 1328 1837 1370 aliquae
1860 1329 2134 1367 circumstantiae,

1163 1379 1246 1411 quae
1289 1370 1481 1402 videbantur
1522 1372 1690 1412 requirere
1731 1370 1873 1413 aliquam
1913 1373 2131 1403 mutationem.

1162 1413 1273 1453 Eques
1303 1420 1437 1444 auratus
1470 1414 1607 1454 primum
1636 1414 1714 1445 dixit
1743 1425 1836 1446 suam
1867 1415 2085 1453 sententiam,
2101 1422 2134 1446 et

1163 1461 1197 1486 ut
1225 1461 1296 1486 erat
1324 1455 1516 1497 ingeniosus
1543 1462 1574 1487 et
1602 1456 1782 1495 sacuuduS,
1816 1457 2011 1498 disputavit,
2043 1468 2133 1489 man-

1163 1497 1256 1535 data,
1290 1508 1374 1539 quae
1403 1499 1630 1539 accepissent,
1663 1510 1729 1531 non
1760 1510 1944 1541 congruere
1970 1501 2012 1532 ad
2040 1511 2134 1542 prae—

1163 1546 1276 1571 sentes
1305 1541 1591 1580 circumstantias,
1620 1550 1772 1583 oportere
1802 1542 1860 1574 illa
1888 1544 2016 1575 mutari.
2073 1543 2132 1575 Se-

1163 1583 1310 1622 cundus,
1335 1594 1407 1615 cum
1432 1591 1522 1616 esset
1545 1584 1691 1624 Doctor,
1719 1592 1756 1617 ut
1778 1586 1968 1617 ostenderet
1991 1596 2028 1618 se
2051 1597 2132 1628 quo—

1163 1636 1227 1667 que
1250 1636 1315 1657 non
1338 1628 1496 1667 pauciora
1519 1628 1630 1659 dicere
1653 1639 1767 1670 posse,
1790 1639 1887 1670 quam
1917 1628 2009 1660 miles
2033 1629 2132 1660 dixis-

1162 1674 1230 1707 set,
1259 1669 1435 1709 disputavit
1464 1681 1524 1712 pro
1553 1678 1587 1702 et
1616 1677 1747 1710 contra,
1775 1682 1839 1702 non
1864 1681 1940 1703 esse
1963 1672 2133 1703 disceden—

1162 1712 1236 1743 dum
1265 1713 1396 1743 omuino
1423 1723 1443 1744 a
1470 1714 1623 1745 mandato
1655 1714 1804 1753 Domini,
1838 1722 1868 1745 et
1892 1720 2000 1745 tamen
2023 1715 2132 1746 mode—

1163 1754 1300 1786 randum
1318 1765 1395 1786 esse
1411 1757 1608 1788 mandatum.
1654 1758 1851 1789 Perventum
1869 1763 1919 1789 est
1937 1758 1978 1788 ad
1990 1759 2131 1795 tertium,

1164 1808 1275 1828 senem
1299 1797 1452 1830 nobilem.
1497 1799 1577 1838 Hic,
1599 1800 1726 1839 audivi,
1748 1801 1869 1841 inquit,
1893 1801 2131 1841 disputationes

1164 1846 1313 1878 vestraS,
1338 1847 1370 1872 et
1393 1842 1489 1873 video
1512 1853 1579 1873 rem
1604 1848 1704 1874 totam
1728 1845 1894 1884 sapienter
1916 1854 1934 1875 a
1958 1844 2053 1875 vobis
2077 1854 2132 1875 co-

1163 1883 1315 1924 gitatam,
1339 1890 1370 1915 et
1392 1885 1605 1927 disceptatam
1629 1896 1715 1917 esse.
1760 1886 1827 1917 Sed
1849 1886 1972 1924 audite,
1995 1897 2132 1928 quaeso,

1163 1926 1239 1966 quid
1268 1926 1345 1957 mihi
1373 1929 1520 1960 videatur
1547 1927 1734 1960 faciendum
1763 1939 1850 1960 csse.
1895 1929 2017 1961 Noster
2041 1929 2131 1961 Priu-

1163 1979 1243 2009 ceps
1276 1968 1376 2001 habet
1410 1978 1477 2003 tres
1511 1972 1635 2013 gradus
1668 1971 1940 2003 consiliariorum.
2004 1973 2130 2005 Primus

1162 2013 1285 2052 gradus
1315 2019 1366 2044 est
1393 2024 1611 2049 summorum,
1642 2016 1696 2057 qui
1726 2025 1786 2056 pro
1817 2025 1877 2046 sua
1900 2015 2061 2056 sapientia
2086 2016 2130 2047 vi-

1162 2057 1257 2092 dent,
1292 2056 1347 2086 ubi
1374 2057 1415 2087 sit
1443 2056 1565 2099 aliquid
1593 2059 1802 2095 mutandum,
1837 2065 1870 2089 et
1892 2058 2013 2089 habent
2034 2057 2130 2090 simul

1160 2098 1389 2137 autoritatem,
1422 2106 1456 2131 ut
1478 2102 1607 2142 possint
1626 2099 1803 2132 defendere
1821 2110 1890 2132 eam
1906 2101 2130 2140 mutationem,

1161 2147 1192 2171 et
1213 2151 1345 2172 manere
1367 2143 1399 2174 iu
1424 2144 1529 2185 gratia
1552 2144 1720 2184 Principis.
1773 2142 1871 2175 Tales
1893 2151 1969 2175 sunt
1993 2143 2128 2176 Cancel-

1159 2181 1262 2214 larius
1285 2191 1417 2222 noster,
1447 2192 1479 2218 et
1506 2186 1743 2218 Marschalcus.
1799 2186 1975 2218 Secundus
2004 2187 2128 2228 gradus

1158 2233 1211 2258 est
1233 2236 1362 2266 eorum,
1381 2230 1434 2270 qui
1458 2230 1554 2261 etiam
1576 2237 1651 2261 sunt
1675 2230 1858 2270 sapientes;
1887 2236 2026 2270 possunt
2048 2230 2128 2261 iudi·

1159 2279 1238 2300 care
1270 2271 1310 2301 de
1342 2273 1462 2310 rebus,
1496 2279 1528 2303 et
1562 2274 1724 2304 moderari
1754 2271 1875 2313 aliquid
1905 2282 1965 2313 pro
1994 2283 2055 2303 sua
2078 2282 2126 2304 sa-

1158 2313 1289 2353 pientia,
1312 2315 1372 2345 sed
1396 2326 1461 2346 uon
1491 2314 1612 2346 habent
1646 2315 1850 2346 autoritatem
1874 2315 2030 2353 mutandi,
2052 2316 2127 2357 quia

1158 2365 1224 2386 non
1248 2362 1324 2387 sunt
1347 2358 1391 2388 ita
1414 2364 1585 2399 potentes,
1613 2358 1687 2389 ideo
1711 2368 1774 2388 nou
1799 2355 1896 2388 facile
1919 2358 2039 2389 audent
2061 2358 2127 2389 dis-

1157 2399 1277 2430 cedere
1300 2409 1319 2430 a
1342 2401 1518 2432 mandatis.
1562 2400 1651 2432 Talis
1675 2406 1725 2431 est
1748 2401 1779 2430 in
1803 2398 1876 2431 aula
1899 2407 2013 2431 nostra
2032 2411 2127 2442 prae-

1157 2441 1264 2472 lectus
1288 2449 1515 2483 quaestorum,
1539 2450 1571 2474 et
1593 2443 1701 2473 scriba
1725 2441 1955 2483 provincialis,
1978 2443 2126 2474 Rentmet-

1156 2488 1219 2513 ster
1242 2486 1305 2514 und
1325 2485 1579 2517 Lamlschrmber.
1624 2485 1754 2516 Tertius
1773 2486 1896 2527 gradus
1916 2492 1967 2517 cst
1985 2485 2132 2525 illorum,

1156 2527 1210 2568 qui
1228 2538 1334 2569 neque
1351 2530 1530 2569 sapientes,
1547 2538 1653 2569 neque
1672 2535 1822 2569 potentes
1837 2528 2008 2560 habentur.
2042 2530 2126 2561 Sunt

1155 2571 1294 2612 primum
1324 2572 1440 2602 adsciti
1469 2572 1510 2601 ad
1541 2569 1678 2602 consilia
1702 2571 1880 2613 Principis,
1914 2582 1980 2603 non
2004 2573 2126 2603 habent

1154 2615 1362 2645 autoritatem
1405 2624 1574 2655 magnam,
1608 2614 1688 2654 {ideo
1717 2614 1935 2646 rectissimum
1967 2621 2016 2646 est
2039 2614 2125 2647 tales

1869 2676 1900 2699 48
