2324 2958
152 174 216 211 789

155 269 293 312 petimus
316 267 522 304 suavitatem,
555 265 711 302 honores,
740 273 838 304 opes3
871 263 945 295 Non
969 262 1121 294 volumus

154 321 232 344 esse
265 310 404 342 subiecti
439 310 539 340 cruci.
605 307 854 347 interrogabam
884 316 989 348 nuper
1011 304 1121 337 adole—

154 358 311 390 scentem,
335 362 436 393 quare
458 352 620 382 disceret?
684 349 921 389 Respondebat
948 349 1040 379 mihi:
1080 348 1123 379 Ut

152 396 335 436 pem-eidam
357 395 402 426 ad
419 404 556 425 sumrnos
578 393 722 424 honores.
767 391 793 422 T
795 390 865 422 ales
890 398 966 422 sunt
989 397 1122 423 nostrae

153 437 412 479 imaginationes·
478 436 552 467 Non
581 437 731 467 volumus
754 444 830 465 esse
852 433 966 465 asssicti
988 440 1044 464 aut
1066 434 1122 465 mi-

152 480 229 511 seri.
254 479 405 520 Denique
427 478 595 520 multiplex
614 485 663 510 est
686 478 717 508 in
741 478 837 508 nobis
857 478 1007 508 omnibus
1031 477 1122 518 igno-

153 523 258 553 rantia
280 528 311 553 et
335 520 518 552 infirmitas.

238 563 273 594 ln
296 562 508 604 Philosophia
532 564 708 604 praecipua
731 562 880 603 quaestio
904 568 965 599 est,
989 571 1122 603 quomo-

151 607 195 638 do
218 605 316 637 homo
340 605 395 636 fiat
416 607 546 637 beatus:
571 611 603 636 et
615 604 814 636 Aristoteles
829 603 1042 642 concludens,
1066 605 1122 634 ad-

153 649 199 680 dit
220 649 306 680 lianc
328 649 580 685 restrictionem,
603 658 688 688 quae
711 653 763 678 est
785 657 903 687 magna
917 647 1122 678 extenuatio:

152 691 243 722 Dicit
266 691 490 723 beatitudinem
512 691 645 721 hominis
666 689 874 731 defim'cudmn
898 699 982 727 csse,
1012 693 1045 720 ut
1069 689 1123 719 Ῐιο-

151 735 263 770 υτίηιζςς
283 734 376 775 quasi
399 734 496 771 dicat,
520 733 619 763 homo
642 739 693 764 est
716 733 832 764 miser:
854 733 927 764 ideo
950 742 1016 763 non
1037 732 1123 764 cadit

151 777 184 808 in
208 786 281 808 eum
306 776 472 807 beatitudo
495 774 652 816 perfecta.

238 818 306 850 Sed
328 828 464 860 agamus
487 828 575 849 nunc
599 818 639 848 de
661 816 832 857 principali
847 817 980 848 materia
993 816 1122 847 hodier-

151 871 195 893 na
217 859 380 893 lectionis.
424 861 532 901 Saepe
545 861 674 897 auditis,
688 859 862 901 diligenter
881 859 1122 890 consideranda

150 913 229 936 mse
251 913 375 946 genera
397 904 619 934 doctrinarum
643 901 921 944 philosophicam,
951 907 981 933 et
1003 901 1121 932 doctri-

150 957 225 978 nam
247 947 410 987 propriam
434 945 606 978 Ecclesiae
628 945 699 976 Dei.

237 987 331 1020 Plato
365 989 483 1030 inquit,
518 988 758 1029 Philosophiam
795 998 863 1018 esse
889 986 1121 1018 meditationem

150 1032 273 1063 morta.
340 1030 417 1063 Vult
451 1031 639 1073 significare
673 1031 811 1071 proponi
845 1031 876 1060 in
910 1027 1120 1070 philosophia

151 1075 445 1105 considerationem
468 1074 672 1105 miseriarum
684 1073 914 1108 humanat-unu
936 1072 1034 1112 idque
1056 1071 1120 1101 hoc

151 1116 226 1154 fine,
261 1122 295 1147 ut
317 1117 415 1148 homo
440 1117 482 1147 sit
505 1116 696 1152 modestior,
730 1122 773 1152 et,
796 1122 951 1155 quantum
969 1113 1041 1143 fieri
1063 1122 1120 1152 po-

151 1165 226 1197 test,
249 1165 384 1200 quaerat
406 1159 639 1200 mitigationem
661 1158 797 1187 istarum
819 1157 1033 1186 miseriarum.

236 1201 395 1232 Mirantur
417 1202 514 1231 etiam
536 1198 590 1230 alii
613 1199 779 1239 sapientes
803 1208 917 1229 omnes
941 1204 1034 1229 extra
1057 1196 1118 1228 Ec-

149 1242 300 1281 clesiam,
332 1243 496 1283 quomodo
519 1241 592 1279 fiat,
616 1241 702 1282 quod
733 1241 815 1272 haec
839 1240 1119 1281 praestantissima

148 1292 265 1316 natura
293 1285 335 1315 sit
359 1285 389 1315 in
413 1285 559 1316 maximis
591 1283 842 1314 calamitatibus.
887 1283 1049 1314 Homerus
1073 1282 1118 1312 di-

149 1328 194 1361 cit
216 1338 283 1358 non
306 1337 382 1358 esse
403 1326 504 1359 ullum
528 1325 648 1358 animal
670 1327 775 1367 magis
799 1326 970 1362 miserum,
991 1323 1044 1356 vel
1067 1334 1119 1355 ae·

149 1370 336 1401 rumnosius
360 1370 502 1400 homine,
557 1369 645 1399 Idem
669 1374 798 1408 oportet
821 1378 882 1399 nos
906 1367 1000 1398 fateri
1023 1367 1119 1398 etiam

149 1413 182 1443 in
204 1410 374 1448 Ecclesia:
397 1412 473 1452 quia
496 1420 608 1442 omnes
632 1411 781 1441 homines
805 1418 880 1441 sunt
903 1410 1035 1441 obnoxii
1065 1419 1118 1440 ca-

149 1454 347 1485 lamitatibus
380 1452 683 1491 innumerabilibus,
716 1453 786 1483 sive
809 1453 874 1483 sint
897 1452 1015 1489 sancti,
1048 1452 1118 1482 sive

149 1495 246 1528 alieni
269 1507 287 1527 a
312 1495 396 1527 Deo.
443 1496 592 1531 Quantus
615 1496 666 1527 vir
688 1502 739 1527 est
761 1494 884 1527 lulius?
929 1495 1041 1526 Gessit
1062 1504 1117 1525 res

148 1548 303 1580 magnas:
328 1538 401 1569 Fuit
426 1545 606 1580 occupatus
620 1537 714 1569 hellis
737 1538 942 1579 asperrimis:
967 1537 1047 1568 Sunt
1072 1537 1118 1567 in-

148 1582 288 1613 terfecta
309 1581 465 1612 undecies
480 1589 617 1612 centena
636 1580 736 1612 millia
755 1581 920 1612 hominum
943 1580 1005 1611 sub
1028 1580 1117 1621 ipso:

148 1631 265 1665 postea
290 1624 342 1654 vix
366 1631 493 1663 septem
517 1631 567 1654 aut
596 1632 671 1654 octo
696 1633 827 1654 menses
852 1624 929 1654 vixit
954 1624 984 1654 in
1008 1621 1118 1663 aliqua

149 1664 398 1707 tranquillitate3
421 1666 589 1696 constituit
614 1666 802 1706 lmperiuuu
832 1672 863 1696 et
891 1663 1119 1696 miserabiliter

149 1708 341 1739 interfectus
364 1715 415 1739 est
438 1710 479 1739 ab
503 1707 568 1739 illis
592 1709 685 1748 ipsis,
704 1719 787 1749 quos
812 1714 1016 1740 servaverat.

235 1752 267 1782 ln
291 1749 443 1782 Ecclesia
466 1750 574 1782 nullus
597 1751 657 1782 fuit
681 1752 729 1781 vir
752 1749 939 1791 pulchrior,
962 1761 1024 1782 nec
1047 1749 1118 1791 glo·

150 1793 269 1823 riosior
303 1803 412 1823 coram
436 1795 566 1831 mundo,
586 1804 681 1835 quam
705 1792 829 1831 David,
853 1794 907 1834 qui
930 1792 1120 1824 antecelluit

152 1845 216 1866 non
241 1833 346 1865 solum
369 1837 524 1875 posteris,
549 1837 608 1866 sed
632 1837 727 1866 etiam
745 1835 855 1867 multis
878 1836 1056 1876 prioribus:
1088 1841 1119 1866 et

151 1885 258 1909 tamen
283 1876 465 1917 implicatur
487 1879 614 1919 magnis
639 1877 742 1912 malis,
767 1889 850 1919 quae
873 1878 1119 1909 eranthutuano

152 1920 290 1951 consilio
314 1919 560 1951 inextricabilia,
584 1919 734 1961 Denique
753 1921 1120 1962 inspicianturomnium

152 1969 334 2004 temporum
357 1962 516 2003 exempla.
563 1962 752 2005 Cogitemus
775 1963 895 2005 singuli
926 1964 966 1995 de
996 1964 1119 1995 nostris

151 2015 301 2036 miserus.

236 2047 319 2079 Hinc
352 2048 450 2088 igitur
483 2048 628 2079 nascitur
651 2048 799 2089 quaestio
822 2049 862 2080 de
885 2050 996 2080 causis
1023 2049 1120 2080 mise-

151 2091 272 2122 riarum
295 2089 521 2128 humanarum,
544 2091 584 2121 de
608 2091 725 2132 quibus
749 2090 848 2133 longe
878 2091 972 2123 aliter
996 2093 1119 2133 cogitat

152 2132 376 2173 Philosophia,
401 2143 496 2173 quarn
521 2134 607 2164 sicut
631 2133 784 2166 docemur
807 2135 914 2165 divina
938 2145 1032 2166 voce.

237 2174 470 2215 Philosophice
494 2174 673 2217 loquendo,
697 2176 760 2207 duo
784 2186 906 2218 genera
930 2185 1003 2209 sunt
1017 2176 1119 2208 malo-

151 2228 222 2249 rum
244 2219 470 2249 humanorum.
517 2217 613 2249 Aliud
638 2217 808 2259 physicum
831 2225 900 2257 est,
934 2227 968 2251 ut
1002 2221 1118 2258 morbi,

151 2268 183 2291 et
216 2271 326 2291 mors:
359 2260 448 2291 aliud
482 2267 531 2292 est
566 2262 765 2292 accersitum
799 2268 913 2292 nostra
937 2261 1117 2293 voluntate.

150 2302 203 2334 De
226 2314 289 2345 quo
314 2303 476 2334 Homerus
500 2304 617 2344 iuquit:
653 2305 725 2334 Irus
753 2305 869 2335 stultus
897 2305 989 2336 habet
1012 2310 1117 2337 nura-

151 2350 232 2376 ctum
255 2347 377 2377 malum.
443 2346 483 2376 Et
507 2345 700 2377 Menander:
733 2346 835 2378 Plura
863 2352 933 2378 simi
959 2350 1119 2379 neem-sita

151 2389 237 2419 mala
260 2390 420 2419 roltmtate
443 2393 572 2425 nostra,
607 2399 699 2429 qnam
729 2390 908 2421 naturalia.
954 2390 1014 2422 Hic
1037 2401 1117 2433 ergo

152 2431 411 2468 consideremus,
434 2433 509 2472 quid
523 2430 734 2471 Philosophia
759 2432 844 2463 dicat
864 2433 904 2463 de
928 2434 1037 2465 causis
1061 2435 1118 2465 bo-

151 2483 265 2505 norum
288 2479 320 2505 et
342 2473 512 2505 malorum.

821 169 1037 204 POSTILLA
1059 168 1452 201 MELANTHONlANA.

2075 168 2136 199 790

1175 264 1289 314 Quae
1321 272 1414 305 sunt
1445 280 1586 305 causae
1603 266 1800 305 bonorum
1815 264 1966 304 homini
1999 279 2140 305 secun—

1174 325 1271 365 dum
1303 324 1612 378 Philosophiam,
1645 339 1735 364 cum
1767 324 1965 377 loquimur
1997 324 2047 364 de
2080 325 2140 364 vi-

1173 390 1226 435 ta,
1259 391 1301 424 et.
1330 384 1437 424 bona
1476 384 1716 434 valetudine,
1755 390 1796 423 et
1837 383 1887 422 de
1927 384 2047 423 rebus
2077 399 2141 423 se-

1578 442 1742 484 cundjs?

1259 559 1468 601 Respondeo.
1531 557 1758 600 principaliter
1781 556 1995 599 Philosophia
2020 568 2140 589 causas

1174 603 1334 634 bonorum
1359 603 1448 643 ponit
1470 609 1631 638 naturam,
1655 600 1707 631 vel
1731 601 1916 638 materiam,
1938 607 1969 632 et
1994 600 2142 632 volunta-

1175 651 1239 676 tem
1261 644 1450 681 humananu
1472 650 1518 683 ut,
1542 645 1630 685 quod
1652 643 1750 674 homo
1775 643 1872 673 habet
1898 643 2011 680 vitam,
2036 642 2143 674 Philo·

1175 687 1292 729 sophia
1316 689 1393 719 dicit
1416 687 1485 718 fieri
1509 687 1624 718 ordine
1648 692 1801 722 naturae3
1825 686 1909 719 item,
1933 685 2019 726 quod
2044 685 2143 717 habet

1176 732 1294 762 bonam
1319 729 1550 768 valetudinem,
1584 729 1661 760 dicit
1684 738 1760 759 esse
1783 739 1824 759 ex
1848 728 2001 765 materia,
2025 738 2084 759 seu
2104 739 2142 759 em

1174 779 1431 814 temperamento
1455 773 1551 804 bono.
1619 770 1755 808 Postea,
1779 771 1866 811 quod
1889 769 2006 812 aliquis
2029 769 2144 801 fruitur

1174 814 1416 857 tranquillitate,
1439 816 1471 846 id
1496 816 1605 846 tribuit
1624 812 1838 854 Philosophia
1863 812 2031 845 voluntati.
2055 813 2144 844 Dicit

1175 858 1335 895 homines,
1370 859 1464 889 bonis
1498 858 1644 889 moribus
1679 866 1781 897 posse
1814 863 1980 897 utcunque
2003 855 2144 887 retinere

1174 900 1457 942 tranquillitatem:
1492 901 1578 932 sicut
1611 906 1661 931 est
1694 900 1727 930 in
1750 899 1816 930 vita
1841 898 2009 939 Pomponii
2043 898 2143 929 Attici

1173 943 1238 974 hoc
1262 944 1403 975 dictum:
1437 943 1499 974 Sui
1529 944 1640 984 cuique
1672 951 1775 973 mores
1803 939 1972 981 fortzmam
2004 940 2141 981 fingunt:

1172 986 1205 1017 id
1228 992 1290 1024 cst,
1313 985 1461 1017 homines
1474 986 1615 1017 modesti
1637 985 1759 1016 habent
1777 993 1909 1016 cursum
1922 982 2144 1025 placidiorem.

1173 1149 1340 1189 Rursus:
1385 1149 1500 1199 Quae
1547 1157 1639 1190 sunt:
1678 1164 1820 1190 causae
1853 1150 2048 1190 malorum
2081 1164 2143 1190 se—

1391 1209 1568 1249 cundum
1600 1209 1926 1263 Philosophiam?

1257 1324 1465 1365 Respondeo.
1511 1323 1670 1356 Eaedem:
1693 1324 1841 1362 Materia,
1865 1331 1896 1356 et
1915 1325 2066 1357 voluntas
2085 1325 2143 1357 hu-

1172 1377 1284 1398 mana:
1307 1374 1352 1405 ut,
1375 1367 1463 1408 quod
1485 1367 1584 1398 homo
1598 1374 1648 1399 est
1666 1367 1820 1399 imbecilli
1835 1367 2030 1406 valetudine,
2055 1368 2142 1409 quod

1170 1411 1327 1450 putrescit
1349 1416 1383 1440 ut
1406 1421 1548 1450 pomum,
1571 1420 1703 1442 causam
1716 1411 1827 1442 dicunt
1840 1420 1917 1442 esse
1939 1411 1970 1441 in
1989 1411 2142 1447 materia3

1171 1452 1259 1493 quod
1281 1452 1413 1494 inquieti
1436 1458 1612 1484 accersunt
1635 1453 1696 1483 sibi
1719 1453 1860 1491 exitium,
1884 1453 1993 1485 dicunt
2006 1463 2082 1484 esse
2101 1463 2141 1484 ex

1171 1493 1348 1526 voluntate.
1415 1494 1578 1526 Antonius
1611 1506 1678 1527 non
1707 1494 1777 1526 vult
1811 1496 2002 1537 quiescere,
2036 1496 2142 1528 donec

1171 1543 1255 1568 ruat.

1258 1595 1319 1627 Οἷα
1338 1597 1359 1627 τ’
1382 1597 1456 1639 ἅνὴρ
1475 1597 1566 1639 ἵρξει,
1585 1601 1661 1628 τοῖον
1683 1601 1761 1634 τέλος
1779 1597 1864 1628 αὐτὸν
1883 1599 1984 1629 ἱκάνει.

1257 1656 1377 1695 Qualja
1400 1658 1453 1687 rt‘r
1470 1655 1561 1696 fecit,
1581 1658 1657 1688 talis
1679 1662 1782 1689 mane!
1806 1659 1909 1689 exitus
1932 1659 2028 1689 illum.

1179 1706 1247 1738 Wie
1269 1718 1360 1739 mans
1383 1708 1489 1745 treibt,
1513 1719 1549 1739 so
1569 1708 1670 1749 yelzts.

1255 1750 1346 1781 Haec
1378 1761 1444 1781 non
1478 1749 1563 1782 falso
1597 1752 1709 1783 dicunt
1741 1750 1932 1792 Philosophi
1967 1752 2008 1783 (le
2039 1761 2140 1783 causa

1171 1793 1366 1834 propinqua.
1390 1793 1514 1824 Verum
1537 1800 1598 1831 est,
1622 1794 1711 1834 quod
1734 1795 1881 1831 materia,
1904 1805 1944 1825 ex
1969 1805 2032 1836 qua
2055 1805 2142 1826 nunc

1172 1836 1348 1873 nascimur,
1373 1841 1424 1867 est
1448 1846 1550 1867 causa
1574 1837 1687 1867 mortis
1711 1843 1743 1867 et
1760 1837 1959 1868 morborum.
2005 1836 2140 1868 Materia

1173 1884 1327 1918 corrupta
1350 1879 1382 1909 in
1407 1889 1559 1919 corpore,
1582 1885 1630 1910 est
1645 1881 1964 1916 causan101·borum;
1985 1886 2020 1911 ut
2043 1890 2141 1921 quan-

1173 1922 1214 1952 do
1239 1922 1400 1952 redundat
1422 1921 1540 1952 humor
1559 1920 1708 1960 biliosus,
1733 1922 1767 1952 fit
1791 1921 1905 1960 febris,
1939 1923 2069 1963 quando
2093 1932 2141 1953 re-

1173 1964 1295 1995 dundat
1330 1962 1493 2006 phlegma,
1528 1970 1558 1995 et
1587 1965 1691 1996 virtus
1728 1965 1899 2004 expulsiva
1936 1966 1967 1996 in
2003 1967 2140 1998 cerebro

1172 2016 1238 2037 non
1261 2013 1311 2037 est
1334 2007 1440 2045 tortis,
1476 2014 1509 2038 ut
1542 2007 1648 2048 possit
1682 2006 1864 2048 expellere,
1898 2007 1933 2038 fit
1957 2007 2140 2047 catarrhus,

1172 2048 1331 2080 delabens
1353 2050 1386 2080 in
1408 2056 1535 2090 pectus.

1257 2092 1456 2124 Aristoteles
1491 2091 1643 2124 subtilius
1678 2093 1838 2133 disputat,
1872 2103 1967 2133 quam
2002 2093 2137 2125 Medici:

1172 2133 1259 2166 Dicit
1293 2136 1459 2166 materiam
1494 2136 1642 2176 primam,
1677 2146 1772 2176 quam
1796 2136 1975 2167 substernit
2000 2135 2138 2167 elemen-

1172 2178 1226 2215 tis,
1248 2176 1370 2209 habere
1393 2178 1543 2209 assiduas
1568 2179 1669 2212 vices.
1694 2178 1805 2219 vagari
1829 2188 1869 2208 ex
1893 2177 1956 2209 alia
1979 2177 2084 2209 forma
2108 2179 2139 2210 ni

1171 2218 1283 2251 aliam:
1313 2221 1398 2251 unde
1433 2228 1464 2252 et
1492 2221 1705 2261 privationem
1730 2221 1838 2261 posuit
1862 2221 1946 2251 inter
1968 2222 2138 2262 principia,

1171 2270 1205 2293 ut
1228 2264 1415 2294 ostenderet
1450 2263 1560 2304 aliquo
1595 2265 1691 2294 modo
1726 2264 1845 2294 fluxum
1875 2261 1961 2294 illum
1985 2265 2140 2294 materiae

1171 2307 1334 2347 vagantis.
1370 2317 1430 2337 nec
1465 2307 1516 2337 (liu
1553 2307 1720 2337 retinentis
1743 2317 1839 2337 unam
1863 2311 1893 2336 et
1917 2307 2051 2337 eandem
2076 2305 2139 2337 sor-

1171 2358 1266 2379 mam.
1310 2348 1430 2380 Medici
1455 2349 1600 2379 crassius
1623 2348 1815 2389 loquuntur:
1840 2349 1949 2380 dicunt
1973 2359 2012 2379 av:
2034 2349 2138 2380 humo-

1170 2391 1260 2422 ribus
1280 2392 1400 2429 Μήνη»,
1425 2396 1453 2422 et
1477 2395 1648 2432 aeqroturc
1669 2391 1828 2421 hominem.

1258 2434 1394 2475 Semper
1416 2436 1446 2465 in
1472 2434 1665 2465 valetudinis
1689 2434 1927 2475 gubernatione
1950 2435 2139 2466 necessaria

1173 2483 1222 2507 est
1263 2475 1451 2517 diligentia,
1491 2476 1706 2507 considerans
1740 2477 1905 2507 materiam
1939 2478 2137 2508 morborum.

1174 2518 1304 2550 Crudus
1339 2520 1497 2549 abstineat
1532 2524 1667 2558 postero
1702 2519 1752 2549 (lie
1777 2529 1795 2549 a
1818 2519 1893 2550 ciho
1917 2526 1945 2550 et
1977 2526 2070 2560 potu,
2104 2527 2137 2551 ut

1175 2568 1289 2591 natura
1313 2562 1443 2591 vincere
1467 2561 1569 2601 possit
1596 2561 1804 2592 crudi‘atem:
1827 2562 1910 2592 sicut
1932 2561 2137 2593 utilissimum

1176 2611 1223 2634 est
1260 2603 1379 2633 dictum
1414 2602 1517 2633 vetsi:
1553 2603 1666 2640 Quiete
1699 2608 1726 2634 et
1761 2604 1954 2635 abstz'nevetin
1981 2609 2139 2636 rur-antur

1884 2664 1936 2688 50·
