2324 2958
79 210 143 244 457

82 300 275 338 risconsulti
297 299 425 332 dicunt:
456 297 597 339 Oportet
610 297 769 337 inteymm
786 295 882 336 legem
902 295 1060 335 aspicere,

83 357 147 381 non
169 345 355 379 tnutt'latam.
401 341 567 373 Haeretici
590 339 692 371 citant
715 337 992 378 Scriptura55sed
1012 335 1061 368 fa-

85 393 175 425 ciunt
196 385 361 421 lallaciam
385 382 633 425 compositionis
656 387 689 413 et
712 381 894 413 divisionis.

157 430 416 465 -Adolescentes
445 425 617 469 indulgent
640 425 710 457 suis
733 424 983 466 cupiditatibus,
1008 434 1062 455 va·-

88 482 207 523 gantur
234 478 351 510 noctu,
381 476 561 502 accersunt
586 469 648 500 sibi
678 467 827 510 pericula
856 478 922 498 non
946 477 1063 499 neces-

88 521 193 557 saria,
221 517 255 549 hi
283 515 380 547 etiam
410 511 497 545 falso
527 518 724 555 praetexunt
753 512 992 554 promissiones
1023 510 1063 541 de

87 561 237 598 custodia
269 556 474 600 angelorum.
531 557 630 595 Viae,
661 557 695 588 in
725 556 845 598 quibus
874 554 1064 588 custodiunt

87 617 150 641 nos
177 601 302 646 angeli,
332 608 408 633 sunt
439 611 542 643 opera
563 600 749 633 vocationis
772 597 927 641 legitima.
972 598 1064 641 Ergo

87 651 120 682 in
150 648 212 680 viis
241 646 366 678 nostris
397 645 587 677 custodiunt
617 654 679 676 nos
709 642 839 685 angeli,
870 643 903 674 id
934 649 1003 681 est,
1032 642 1066 673 in

50 710 53 713 ,
86 692 278 730 vocatione,
301 692 334 722 in
357 691 514 733 operibus
522 713 532 729 ,
554 699 638 733 quae
662 688 758 721 Deus
779 687 852 731 ipse
875 687 1046 731 praecipit.

171 734 314 767 Adulter
331 744 398 765 non
417 734 514 766 debet
533 733 659 766 habere
677 732 764 766 hanc
788 734 1066 776 imaginationem,

86 777 163 812 volo
193 778 356 810 accedere
385 777 427 808 ad
455 775 656 818 adulteram,
687 777 781 809 Deus
812 788 864 809 me
893 776 1064 809 desendet:

85 823 151 855 imo
183 832 262 853 vero
286 830 345 852 ora
370 819 495 859 Deum,
525 826 562 852 ut
584 826 617 852 te
640 819 796 852 defendat
818 821 850 852 in
872 819 937 852 illis
961 820 1066 862 operi-

85 867 167 905 bus,
190 865 245 898 ubi
269 864 377 896 servis
402 869 478 895 tuae
498 865 675 896 vocationi.

173 907 327 941 Deiicere
358 917 395 939 se
424 907 456 939 in
486 918 590 950 aquas
621 907 764 950 quadam
794 906 977 950 petulantia
998 916 1066 938 non

85 959 137 987 est
159 963 244 995 opus
268 952 467 989 vocationis,
491 961 557 982 non
580 952 716 993 prodest
739 952 901 992 proximo,
924 961 993 981 non
1017 955 1068 985 cst

85 996 209 1039 aliquid
239 995 484 1032 necessarium,
517 1000 567 1026 est
596 995 693 1026 ludus
724 995 765 1026 ad
796 994 1066 1025 ostentationem:

84 1041 139 1073 Ad
163 1039 241 1071 talia
264 1036 399 1080 impellit
422 1037 606 1077 Diabolus,
635 1043 666 1069 et
687 1037 753 1068 hoc
777 1043 828 1069 est
851 1035 892 1068 se'
912 1037 1066 1074 deiicere,

85 1085 162 1127 quia
183 1082 249 1115 hoe
271 1082 370 1113 etiam
392 1079 490 1112 valde
513 1079 580 1112 late
602 1086 706 1122 patet:
735 1081 797 1112 etsi
825 1080 966 1112 maxime
989 1089 1067 1110 con-

85 1128 217 1160 cinnum
251 1130 318 1162 est,
352 1124 558 1165 potissimum
592 1122 719 1156 referre
751 1123 794 1156 ad
829 1123 1001 1155 audaciam
1034 1122 1067 1153 in

82 1169 250 1213 fingendis
274 1168 370 1199 novis
394 1168 615 1209 dogmatibus.

173 1211 318 1253 Opponit
347 1216 456 1242 autem
480 1209 633 1241 Christus
656 1209 734 1241 huic
756 1209 928 1241 tentationi
952 1217 1068 1240 rursus

87 1256 209 1288 dictum
239 1255 445 1295 Scripturae:
490 1253 567 1285 Non
596 1253 735 1285 tentabis
764 1252 935 1284 Dominum
964 1251 1068 1283 Deam

87 1303 182 1331 mutn-
238 1297 299 1329 Est
329 1302 437 1328 autem
467 1302 597 1328 tentare
625 1295 733 1328 Deum
765 1295 883 1327 fiducia
913 1295 1069 1337 propriae

86 1342 286 1383 sapientiae,
319 1339 373 1372 vel
409 1340 542 1378 virium,
575 1339 609 1370 id
643 1345 714 1377 est,
747 1339 892 1371 iustitiae
926 1344 981 1370 aut
1012 1348 1069 1379 pc-

87 1385 227 1422 tentiae,
257 1383 430 1415 discedere
460 1383 501 1414 ab
533 1382 740 1414 ordinatione
770 1381 853 1420 Dei,
884 1380 940 1412 vel
969 1391 1069 1415 voca-

86 1429 195 1465 tione,
231 1432 262 1458 et
296 1426 468 1466 suscipere
500 1434 568 1455 rem
598 1434 667 1457 non
696 1424 939 1463 necessariam3
975 1424 1070 1466 quasi

87 1470 172 1503 velis
202 1475 259 1501 aut
286 1469 397 1510 possis
432 1466 554 1509 aliquid
587 1467 704 1499 melius
733 1467 864 1506 facere,
899 1477 996 1508 quam
1020 1472 1071 1498 est

87 1513 331 1556 praescriptum
357 1512 390 1542 in
414 1511 539 1550 verbo,
567 1517 624 1542 aut
646 1511 809 1542 sancitum
830 1511 863 1541 in
887 1510 1002 1541 ordine
1026 1509 1071 1541 di-

87 1557 209 1587 vinitus
232 1555 393 1586 instituto.

173 1596 338 1628 Diabolus
361 1596 556 1628 ostenderat
578 1595 732 1635 Christo,
756 1601 792 1628 ut
814 1595 957 1637 iaceret,
981 1595 1072 1637 quod

87 1650 200 1673 coram
229 1639 354 1682 populo
386 1645 477 1670 esset
531 1638 707 1677 loriosum,
742 1640 803 1670 sed
825 1650 893 1670 non
916 1648 1072 1670 necessa-

87 1684 182 1716 rium.
238 1683 274 1714 ld
308 1683 455 1714 nominat
488 1681 514 1714 C
542 1682 641 1714 ristus
678 1687 807 1714 tentare
839 1681 958 1713 Deum.
1016 1680 1072 1712 Sic

88 1724 332 1764 universaliter,
353 1726 407 1767 qui
425 1730 641 1767 currumpunt
659 1725 853 1762 doctrinam,
876 1730 933 1756 aut
951 1722 1073 1756 cultum

89 1780 110 1803 a
131 1769 207 1802 Deo
230 1769 402 1807 traditum,
435 1773 563 1800 tentant
591 1767 718 1806 Deum,
748 1768 824 1810 quia
855 1767 1031 1799 discedunt
1053 1777 1073 1798 a

91 1814 208 1846 verbo.

177 1855 343 1887 Haeretici
371 1854 494 1886 habent
522 1854 676 1887 fiduciam
705 1854 756 1886 sui
779 1853 919 1897 ingenii,
948 1852 1072 1885 callidi·

90 1900 189 1937 tatis,
213 1897 430 1930 volubilitatis
452 1896 600 1940 linguae,
620 1896 859 1940 magnifaciunt
876 1896 1074 1939 applausum

91 1942 223 1986 populi,
246 1942 322 1973 ideo
347 1947 509 1972 conantur
531 1939 654 1983 aliquid
677 1939 797 1973 melius
820 1939 951 1979 facere,
975 1950 1073 1982 quam

91 1992 143 2019 est
166 1987 198 2018 in
223 1985 374 2016 doctrina
397 1994 416 2015 a
439 1983 514 2015 Deo
537 1985 668 2016 tradita.

178 2028 334 2060 Monacbi
354 2027 565 2059 instituentes
589 2037 669 2059 suos
688 2025 810 2066 cultus,
830 2027 1014 2058 iudicarunt
1037 2035 1074 2057 se

92 2070 293 2114 perfectiora
327 2076 500 2112 praestare
533 2080 651 2111 posse,
685 2080 782 2113 quam
813 2070 1012 2111 praecipitur
1040 2069 1073 2100 iu

93 2116 208 2147 verbo.
254 2114 331 2146 ldeo
355 2114 587 2155 excogitarunt
609 2122 664 2145 res
687 2123 794 2145 novas
813 2113 885 2145 sine
905 2113 1022 2151 verbo,
1042 2119 1074 2144 et

93 2158 247 2190 mandato
270 2157 349 2195 Dei,
374 2157 438 2188 imo
463 2162 580 2188 contra
603 2157 793 2188 mandatum
816 2156 890 2188 Dei.

180 2200 307 2233 Scimus
340 2200 525 2242 coniugium
557 2209 634 2231 esse
656 2200 895 2231 ordinationem
918 2199 1072 2237 divinam,

93 2243 202 2277 Deum
229 2244 418 2275 condidisse
448 2248 615 2280 naturam,
644 2248 678 2274 ut
707 2243 749 2274 sit
771 2241 956 2281 foecunda,
987 2240 1074 2274 velle

94 2286 239 2331 legitime
262 2287 418 2329 coniungi
442 2296 565 2317 marem
589 2291 619 2317 et
644 2284 842 2325 foeminam,
871 2291 903 2318 et
932 2286 1074 2317 severis-

89 2332 177 2363 ‘sime
206 2330 384 2372 prohibere
415 2339 520 2372 vagas
549 2327 716 2360 libidines:
762 2328 803 2361 Et
831 2336 940 2361 tamen
963 2328 1075 2361 Ponti-

95 2374 179 2407 fices
199 2373 404 2405 confidentes
423 2382 504 2404 suae
522 2372 704 2413 sapientiae
721 2372 937 2404 condiderunt
954 2371 1075 2415 legem,

97 2428 162 2459 qua
189 2417 428 2458 prohibuerunt
458 2416 664 2457 coniugium:
693 2421 847 2456 putarunt
869 2416 911 2447 ad
935 2417 1075 2446 retinen—

97 2461 172 2492 dam
194 2470 288 2492 suam
311 2461 491 2501 potentiam
522 2459 678 2500 expedire
703 2456 912 2491 coelibatum.
959 2458 1074 2490 Susci—

95 2503 189 2544 piunt
211 2503 310 2544 igitur
333 2513 402 2534 rem
424 2513 489 2534 non
514 2501 757 2539 neeessariam,
781 2512 977 2544 quamquam
1000 2511 1075 2542 spe-

97 2547 233 2578 ciosam.
277 2545 318 2577 Et
349 2557 421 2577 cum
451 2544 659 2577 manifestum
689 2545 748 2582 sit,
781 2555 845 2576 non
871 2554 985 2576 omnes
1008 2545 1077 2575 ido-

95 2599 180 2621 neos
204 2598 280 2620 esse
303 2589 345 2620 ad
368 2588 579 2623 coelibatum,
603 2593 711 2619 tamen
735 2593 847 2629 spreta
870 2588 1076 2619 ordinatione

96 2633 225 2670 divina,
248 2637 374 2663 tentant
393 2630 511 2664 Deum.

184 2675 255 2707 Hoc
278 2681 329 2707 ost
348 2676 595 2707 crassissimum
614 2673 812 2715 exemplum,
832 2674 921 2716 quod
937 2674 1076 2715 agnosci

767 198 984 232 POSTILLA
1005 194 1407 230 MELANTHONIANA.

2025 190 2090 223 458

1111 293 1152 324 ab
1185 291 1335 329 omnibus
1364 294 1489 331 potest:
1534 288 1600 320 huo
1631 288 1709 319 Pius
1740 287 1906 319 secundus
1938 284 2091 317 Pontifex

1111 335 1199 367 ultro
1229 332 1343 365 sassus
1375 338 1441 371 est,
1478 330 1583 363 fuisse
1611 330 1741 373 aliquas
1771 340 1890 362 causas
1927 329 2092 360 adimendi

1112 378 1349 410 sacerdotibus
1379 376 1585 418 coniugium,
1617 375 1679 405 sed
1707 372 1810 406 multo
1840 373 1981 405 maiores
2014 381 2092 404 esse

1112 420 1323 455 restituendi:
1357 418 1399 451 Et
1421 425 1530 450 tamen
1552 424 1705 460 potentes
1728 424 1859 449 tuentur
1881 415 2093 453 coelibatum,

1113 472 1239 498 tantum
1260 475 1303 496 ne
1325 463 1405 495 fiant
1427 461 1682 494 dilacerationes
1703 461 1863 492 bonorum
1880 457 2095 490 Ecclesiasti-

1115 519 1247 547 corum,
1271 508 1358 539 siout
1379 506 1452 537 Rex
1477 504 1655 536 Polonicus
1679 503 1771 534 dixit:
1818 503 1957 543 Oportet
1979 512 2026 533 me
2049 502 2097 532 al-

1115 557 1271 585 terutrum
1293 549 1426 590 facere,
1456 548 1643 590 permittere
1665 550 1801 588 peccata
1824 550 1939 576 contra
1962 549 2095 582 sertum,

1114 597 1166 629 vel
1193 599 1310 627 σοφώ-α
1337 594 1504 634 septimum
1530 594 1749 632 praeceptum.
1802 588 1839 620 Si
1868 589 2018 629 permitto
2043 597 2098 618 sa-

1117 640 1310 672 cerdotibus
1342 636 1552 679 coniugium,
1594 633 1824 668 imminuentur
1862 632 1950 663 bona
1982 630 2084 663 Eccle

1115 683 1262 722 siastica.

1203 734 1304 765 Tales
1338 741 1415 766 sunt
1449 734 1669 778 cogitationes
1704 734 1887 776 sapientiae
1924 732 2097 773 humanae,

1117 779 1172 809 Sie
1193 779 1322 809 wollens
1345 778 1453 809 besser
1471 779 1612 810 macheu.
1660 778 1707 809 lta
1725 784 1853 810 tentant
1871 777 1991 816 Deum,
2012 778 2099 809 Ana·

1119 822 1300 862 baptistae,
1327 821 1388 852 Die
1410 822 1538 853 wollens
1556 821 1638 853 auch
1662 821 1770 853 besser
1791 821 1933 853 macheu.
1979 819 2099 852 Conse-

1118 874 1241 902 ramus,
1260 864 1421 906 inquiunt,
1441 866 1528 896 bona
1551 871 1679 903 nostra,
1702 865 1746 895 ita
1769 865 1890 896 erimus
1914 865 1992 896 boni
2007 864 2101 896 Chri-

1119 908 1227 939 stiani.
1273 908 1353 939 Item
1376 908 1536 939 debemus
1559 907 1684 939 habere
1702 908 1860 940 maiorem
1880 907 2101 945 dilectionem,

1119 951 1194 982 ideo
1219 951 1535 983 communicabimus
1559 961 1692 983 uxores.

1207 993 1241 1024 ln
1264 994 1418 1025 Numeris
1447 993 1646 1035 prohibebat
1675 993 1788 1032 Deus,
1815 1003 1858 1025 ne
1881 993 2102 1035 procederent

1121 1035 1307 1074 israelitae,
1331 1044 1362 1068 et
1386 1043 1495 1068 tamen
1519 1038 1653 1080 quidam
1675 1037 1920 1078 procedebant,
1944 1035 2101 1068 volebant

1117 1090 1197 1112 esse
1218 1081 1454 1118 animosiores,
1487 1086 1519 1111 et
1542 1081 1648 1123 magis
1672 1078 1792 1111 zelosi:
1817 1080 1878 1111 sed
1901 1085 2103 1121 acceperunt

1120 1133 1274 1166 magnam
1298 1122 1436 1155 cladem.
1482 1123 1518 1154 ld
1541 1124 1638 1155 etiam
1662 1129 1733 1154 erat
1755 1129 1883 1154 tentare
1906 1122 2025 1154 Deum.

1207 1165 1263 1198 Sic
1292 1165 1410 1198 Petrus
1440 1167 1543 1209 inquit
1574 1167 1703 1205 [Actor.
1732 1166 1813 1206 15.]:
1859 1166 1947 1204 Quid
1970 1167 2104 1198 tentatis

1120 1209 1225 1242 Deam
1247 1211 1443 1250 imponentes
1465 1211 1572 1251 iuyum
1589 1210 1755 1251 gentibus,
1791 1210 1877 1250 quod
1907 1219 2006 1251 neque
2034 1220 2104 1247 ros,

1119 1262 1220 1295 neque
1247 1257 1362 1294 patres
1391 1254 1495 1284 vestri
1521 1251 1617 1293 ferre
1643 1254 1840 1293 potueruut?
1895 1252 1997 1283 Erant
2025 1258 2104 1283 tunc

1121 1306 1162 1328 ex
1185 1294 1357 1338 discipulis
1376 1295 1615 1337 Apostolorum
1638 1294 1754 1337 aliqui,
1779 1296 1833 1337 qui
1856 1305 1923 1326 non
1947 1295 2105 1327 volebant

1118 1340 1240 1371 mutari
1263 1338 1408 1380 politiam
1432 1340 1580 1380 patriam.
1627 1338 1824 1381 Cogitarunt
1843 1337 1993 1380 pulcrum
2016 1349 2106 1376 esse,

1122 1383 1150 1414 si
1178 1381 1291 1424 politia
1315 1384 1378 1414 ista
1402 1389 1561 1414 maneret.
1618 1382 1686 1414 Sed
1717 1381 1836 1413 Petrus
1865 1381 1931 1413 hoc
1960 1382 2106 1413 nominat

1123 1432 1254 1457 tentare
1275 1425 1398 1465 Deum3
1421 1426 1498 1467 quia
1523 1426 1724 1467 cogitatione
1746 1426 1901 1466 propriae
1924 1425 2106 1466 sapientiae

1122 1469 1324 1510 peccabant:
1359 1475 1392 1500 et
1425 1468 1491 1500 hoc
1520 1470 1682 1510 agebant,
1717 1475 1751 1499 ut
1781 1467 2001 1510 illaquearent
2030 1478 2106 1499 con-

1123 1512 1291 1543 scientias.

1210 1553 1380 1586 Mahomet
1409 1554 1511 1587 multo
1534 1555 1641 1597 magis
1665 1554 1802 1586 tentavit
1824 1553 1948 1592 Deum,
1971 1554 2109 1586 mutavit

1125 1603 1228 1629 totum
1258 1606 1364 1639 genus
1393 1598 1584 1636 doctrinae,
1613 1598 1784 1629 innovavit
1810 1596 1938 1640 legem,
1967 1596 2108 1628 removit

1125 1639 1355 1682 Evangelium,
1369 1641 1572 1682 excogitavit
1589 1651 1709 1672 novam
1727 1641 1922 1672 doctrinam.
1962 1639 2108 1678 Putavit,

1125 1684 1154 1714 si
1178 1693 1293 1715 omnes
1316 1683 1467 1715 homines
1490 1690 1522 1715 et
1544 1682 1654 1726 angeli
1678 1684 1904 1721 convenirent,
1921 1693 1989 1714 non
2006 1692 2109 1724 posse

1126 1736 1186 1758 eos
1214 1725 1327 1758 facere
1357 1725 1526 1758 meliorem
1556 1726 1673 1769 legem.
1723 1726 1965 1758 Accomodavit
1987 1726 2108 1758 doctri-

1125 1780 1202 1801 nam
1226 1779 1320 1801 suam
1343 1770 1386 1801 ad
1408 1768 1547 1801 {ormam
1570 1769 1717 1811 Imperii,
1741 1770 1832 1811 quod
1855 1770 2036 1801 constituit.

1214 1811 1248 1844 In
1282 1823 1425 1851 summa,
1462 1818 1591 1844 tentare
1619 1812 1728 1845 Deum
1759 1823 1826 1844 non
1854 1818 1907 1844 est
1933 1818 2109 1854 peccatum

1126 1856 1340 1894 infirmitatis,
1375 1856 1435 1887 sed
1465 1862 1519 1887 est
1547 1857 1706 1887 scientem
1735 1862 1766 1887 et
1793 1855 1961 1887 volentem
1988 1855 2110 1887 fiducia

1126 1909 1208 1931 suae
1238 1899 1419 1940 sapientiae
1447 1899 1622 1931 discedere
1650 1910 1669 1930 a
1698 1900 1802 1931 verbo
1826 1898 1881 1931 vel
1904 1899 2111 1931 ordinatione

1125 1941 1202 1981 Dei,
1222 1942 1277 1974 vel
1296 1953 1315 1974 a
1334 1944 1520 1981 vocatione,
1539 1949 1570 1974 et
1595 1951 1725 1975 certare
1748 1943 1908 1983 sapientia
1931 1953 2005 1974 cum
2023 1941 2110 1980 Deo,

1127 1993 1160 2018 et
1182 1985 1248 2017 hoc
1270 1986 1360 2028 quod
1383 1987 1453 2018 scis
1477 1996 1554 2018 esse
1577 1987 1749 2024 iniustum,
1774 1984 1861 2018 velle
1884 1985 1969 2017 tueri
1991 1995 2032 2017 ac
2056 1986 2109 2016 de-

1125 2027 1273 2061 sendere.

1214 2072 1378 2114 Pleraque
1412 2074 1546 2115 negotia
1580 2073 1612 2104 in
1646 2071 1818 2110 Ecclesia,
1859 2069 2043 2113 Republica
2077 2078 2110 2103 et

1127 2116 1195 2147 vita
1237 2116 1369 2157 privata
1410 2122 1664 2157 corrumpuntur
1702 2116 1920 2157 persuasione
1956 2117 2111 2155 propriae

1127 2159 1325 2201 sapientiae,
1350 2159 1430 2191 dass
1452 2169 1544 2191 mans
1565 2160 1618 2190 wil
1634 2158 1703 2198 scin
1727 2158 1876 2196 macher,
1899 2158 1963 2189 ‘ciel
1983 2157 2111 2198 lrliiyeln

1126 2203 1193 2234 und
1211 2203 1318 2235 besser
1336 2203 1478 2234 macheu.
1518 2202 1688 2235 Habemus
1705 2202 1942 2233 ordinationem
1956 2201 2110 2240 divinam,

1126 2245 1288 2278 habemus
1311 2245 1434 2288 singuli
1459 2247 1666 2278 vocationem
1696 2251 1836 2280 certam3
1864 2244 2021 2275 debemus
2051 2244 2109 2285 igi-

1128 2296 1180 2320 tur
1209 2289 1376 2321 immorari
1404 2290 1528 2327 verbo,
1558 2289 1717 2320 debemus
1746 2289 1839 2329 sequi
1869 2287 2109 2319 ordinationem

1127 2331 1210 2370 Dei,
1244 2338 1277 2364 et
1303 2343 1438 2364 manere
1467 2333 1552 2364 intra
1586 2338 1689 2363 metas
1721 2331 1916 2363 vocationis.
1974 2330 2010 2362 ld
2035 2341 2109 2362 cum

1128 2386 1195 2407 non
1223 2373 1379 2414 facimus,
1418 2377 1622 2408 accersimus
1653 2375 1749 2406 nobis
1779 2379 1811 2405 et
1839 2372 1912 2405 aliis
1947 2373 2108 2415 pericula,

1151 2429 1212 2450 uae
1244 2420 1395 2451 videntur
1422 2417 1568 2457 leviora,
1602 2418 1734 2459 quando
1763 2417 1806 2448 ad
1834 2427 1935 2448 unum
1966 2415 2110 2459 aliquem

1129 2431 1185 2494 iila
1209 2463 1383 2503 pertinent.
1430 2462 1497 2495 Sed
1521 2461 1653 2503 publica
1676 2467 1753 2492 sunt
1776 2461 1942 2502 graviora.
