2324 2958
111 172 175 205 429

111 274 216 298 stum:
251 265 306 307 qui
334 265 408 296 ideo
438 263 560 294 missus
582 268 653 299 est,
687 271 753 292 non
787 267 822 292 ut
856 263 1007 303 oppressi
1040 263 1089 294 ira

111 308 176 342 Dei
198 318 332 340 ruamus
353 307 386 338 in
409 312 580 337 aeternum
603 304 754 342 exitium,
790 305 850 335 sed
876 310 913 336 ut
941 306 1090 337 reconci-

65 386 69 389 ,
111 352 182 384 liati
203 355 339 393 propter
360 350 478 390 ipsum,
501 354 533 379 et
555 347 682 379 liberati
705 347 747 377 ab
771 347 820 378 ira
842 345 905 378 Dei
929 353 961 379 et
984 354 1090 379 aeter-

114 395 163 427 nis
185 394 310 435 poenis,
333 401 448 422 rursus
472 391 632 422 donemur
654 389 774 421 iustitia
797 395 830 420 et
853 390 921 421 vita
942 396 1088 422 aeterna.

174 432 294 476 ‘Apud
332 433 519 465 monachos
552 435 585 465 in
619 432 770 464 doctrina
809 432 850 463 de
888 433 1089 473 poenitentia

110 488 248 523 prorsus
271 482 323 508 est
345 475 510 508 silentium
533 477 574 508 de
598 473 830 507 consolatione
849 482 881 506 et
900 475 976 506 fide.
1021 475 1088 508 lmo

111 530 268 563 expresse
287 519 399 550 iubent
419 520 581 556 dubitare,
601 528 643 549 an
662 518 858 559 recipiamur
877 518 910 548 in
935 519 1087 560 gratiam,

110 570 143 596 et
164 562 277 595 volunt
301 560 450 592 homines
480 572 612 593 manere
635 561 668 592 in
690 559 756 591 hac
780 561 994 592 dubitatione.
1040 560 1089 592 Re

109 607 181 648 ipsa
208 605 308 648 igitur
337 603 471 636 abolent
500 602 673 636 articulum
697 602 862 645 Symboli:
909 603 1016 647 Credo
1038 613 1089 635 re-

107 649 285 680 missionem
307 651 524 688 peccam-mu.
569 645 693 678 Delent
715 646 800 677 haec
823 646 925 678 dicta:
972 647 1090 678 Omnes

107 701 214 722 sunm-s·
233 694 439 731 pem-atmew
468 689 685 731 Instifi'camm·
708 693 812 720 autem
834 690 953 729 gyratis,
975 690 1089 731 yrutia

106 734 210 775 ipsius
231 743 292 774 per
314 734 579 773 redemptionem,
609 742 692 773 qnae
719 736 765 763 es!
796 732 829 762 1'n
852 732 983 764 Christo
1004 734 1088 769 lesu,

108 786 197 818 quem
213 776 298 807 Deus
317 777 490 817 Jn'oposm‘t
506 776 598 806 nobis
614 776 865 816 yffopitz'atorem
884 776 916 806 ἱη
934 776 1089 816 sanquine

106 829 164 851 suo
186 828 247 860 per
267 819 370 860 fidem.
417 818 510 850 ltem:
555 818 641 849 Huic
664 827 770 849 omnes
797 818 977 859 prophetae
1000 819 1087 849 testi·
1112 857 1115 866 ⁴

110 863 246 894 monium
268 861 448 903 perhibent,
472 862 688 892 remssm'onem
711 865 916 902 peccatorum
939 862 1089 901 accipere
1112 871 1115 904 g

105 915 166 946 per
189 914 298 936 nomen
322 906 400 945 eius,
419 914 526 935 omncs
544 905 601 945 qui
618 905 754 935 credunt
772 905 805 934 ιἰι
829 914 905 934 eam.
950 903 1088 945 Allegat
1112 914 1115 931 ι

106 947 224 979 Petrus
259 957 459 979 consensum
490 945 684 978 Catholicae
712 946 904 985 Ecclesiae,
940 952 973 978 et
1006 950 1115 979 tam-i

106 1000 204 1032 quam
235 997 427 1032 perpetuam
456 990 627 1032 Synodum
657 990 810 1030 proponit
839 989 1088 1030 prophetarum,

104 1043 246 1075 quorum
269 1035 344 1064 voci
364 1033 457 1064 Deus
475 1031 615 1064 illustria
634 1033 823 1064 testimonia
840 1032 978 1063 addidit:
1008 1031 1089 1063 Vult

105 1077 244 1116 agnosci
268 1076 355 1107 hanc
378 1086 455 1107 esse
479 1086 640 1107 summam
670 1075 841 1106 doctrinae
863 1075 1087 1116 propheticae,
1112 1074 1115 1111 .’

106 1120 194 1160 quod
213 1125 349 1159 propter
369 1118 536 1150 Christum
555 1118 619 1149 fide
637 1118 839 1159 accipiamus
858 1118 1088 1149 remissionem
1112 1119 1115 1154 ξ

97 1157 331 1204 peccatorum.
377 1161 473 1192 Hanc
496 1161 662 1203 propriam
681 1159 853 1202 Evangelii
876 1171 995 1192 vocem
1019 1159 1087 1192 vult
1113 1158 1115 1165 '

109 1204 250 1236 discerni
274 1206 316 1236 ab
341 1205 492 1235 omnibus
516 1204 621 1244 impiis
653 1203 791 1234 ethnicis
816 1208 849 1234 et
872 1203 1088 1244 phantasticis

109 1248 335 1289 opinionibus,
357 1254 388 1278 et
411 1246 578 1288 significat
597 1256 712 1277 vocem
730 1245 903 1288 Evangelii
926 1257 993 1278 non
1010 1256 1088 1278 esse

107 1287 244 1328 novam,
274 1291 334 1322 sed
357 1291 508 1322 omnibus
533 1290 734 1330 temporibus
763 1290 795 1320 in
824 1299 905 1321 vera
934 1288 1088 1322 Ecclesia

106 1339 323 1374 propagatam
357 1342 451 1371 esse,
485 1332 625 1364 subinde
654 1332 764 1363 missis
794 1332 983 1373 prophetis,
1009 1343 1089 1374 quo-

94 1372 178 1406 ‘rum
200 1374 260 1407 fuit
282 1386 349 1407 una
372 1381 405 1408 et
429 1375 638 1406 consentiens
663 1375 813 1406 doctrina
832 1375 873 1407 de
893 1373 1002 1406 officio
1022 1385 1087 1407 me·

107 1418 263 1455 diatoris,
286 1418 328 1448 de
351 1417 580 1449 consolatione
603 1417 844 1454 conscientiae,
869 1423 901 1448 et
924 1417 999 1449 fide.

194 1459 334 1495 Quoties
368 1465 476 1491 autem
512 1461 553 1491 de
588 1469 667 1491 vera
695 1458 760 1490 fide
784 1460 920 1498 dicitur,
948 1469 1089 1493 necesse

107 1508 158 1534 est
180 1513 313 1544 semper
336 1503 367 1533 in
391 1508 576 1544 conspectu
606 1512 684 1534 esse
712 1501 799 1543 hanc
821 1503 1089 1542 admonitionem,

106 1544 265 1586 Singulos
290 1551 419 1585 oportet
443 1546 599 1583 credere,
624 1546 686 1576 sibi
710 1546 829 1576 remitti
851 1552 990 1587 peccata
1012 1556 1088 1587 pro-

105 1592 179 1628 pter
213 1586 340 1618 Filium.
396 1587 471 1618 Non
505 1589 590 1619 enim
624 1594 674 1619 est
703 1598 783 1619 vera
817 1588 917 1627 fides,
951 1590 1088 1621 credere

105 1627 196 1667 aliis,
238 1639 304 1661 non
342 1630 405 1660 sibi
445 1629 558 1662 afferri
596 1631 825 1662 remissionem
862 1637 1086 1672 peccatorum.

105 1671 187 1704 Saul
211 1678 242 1703 et
264 1672 362 1703 ludas
387 1673 527 1704 credunt
549 1672 624 1704 aliis
648 1674 767 1704 remitti
789 1680 944 1714 peccata:
968 1680 1001 1705 et
1023 1675 1088 1706 scit

103 1713 281 1753 Diabolus,
303 1715 422 1747 remitti
444 1714 609 1757 aliquibus
633 1715 820 1747 hominibus
839 1722 987 1758 peccata.
1025 1716 1086 1755 Tu,

106 1769 180 1790 cum
204 1758 326 1790 recitas
349 1756 523 1790 articulum
543 1757 707 1800 Symboli:
745 1758 853 1790 Credo
870 1761 1088 1791 remissionem

104 1805 328 1842 peccatorum,
362 1800 529 1844 intelligas
564 1812 630 1832 non
659 1807 784 1833 tantum
807 1801 899 1840 aliis,
931 1803 991 1833 sed
1014 1803 1086 1834 Tibi

104 1854 236 1885 quoque
261 1854 332 1875 eam
358 1844 438 1875 dari.
487 1843 541 1882 De
562 1843 626 1875 hac
649 1844 714 1876 fide
739 1845 869 1876 dicitur:
916 1846 1089 1888 lzlstt‘ficati

103 1887 180 1929 fide,
213 1898 324 1928 pacem
358 1887 516 1919 habemns.
573 1887 644 1919 Nec
671 1888 865 1919 accenditur
893 1887 977 1919 haec
1002 1889 1085 1921 fides

104 1930 176 1960 sine
199 1929 299 1969 lucta,
322 1940 385 1961 nec
409 1931 531 1961 crescit
552 1932 584 1961 in
607 1929 738 1962 homine
756 1931 828 1962 sine
847 1942 969 1971 magna
987 1932 1086 1964 lucta.

105 1971 263 2013 Disputat
293 1974 378 2004 enim
407 1974 612 2004 conscientia
641 1974 682 2005 de
705 1984 766 2005 sua
787 1974 998 2016 indignitate,
1022 1982 1086 2006 ter-

105 2021 196 2047 retur
217 2016 366 2057 peccatis
391 2016 477 2047 suis:
501 2022 533 2048 et
554 2016 616 2047 nisi
640 2017 825 2059 erigeretur
844 2016 1085 2057 consolatione,

105 2065 310 2100 mergeretur
333 2060 364 2090 in
389 2065 536 2090 mortem.
582 2058 638 2090 Sic
660 2066 771 2091 autem
795 2061 988 2092 accenditur
1007 2071 1086 2093 con-

105 2100 242 2140 solatio,
282 2112 354 2134 cum
390 2103 564 2133 statuimus
601 2103 633 2133 in
669 2103 786 2141 corde,
825 2104 915 2145 quod
949 2110 1086 2145 pnopter

105 2142 206 2175 filium
241 2144 304 2176 Dei
338 2145 552 2185 recipiamur,
591 2150 623 2176 et
656 2146 745 2187 quod
777 2147 955 2187 imputetur
986 2148 1084 2179 nobis

104 2187 229 2218 iustitia
246 2187 447 2220 mediatoris.
481 2187 562 2219 Tum
577 2188 775 2221 testificatur
787 2189 928 2230 Spiritus
946 2197 1083 2222 sanctus

105 2230 137 2261 in
160 2231 334 2268 cordibus,
365 2232 453 2272 quod
483 2231 585 2261 simus
614 2231 647 2261 in
677 2232 798 2273 gratia:
830 2242 893 2265 nec
916 2234 979 2264 iam
1003 2232 1084 2275 sugi-

104 2283 177 2304 mus
199 2273 326 2311 Deum,
350 2273 410 2304 sed
433 2274 645 2312 invocamus,
668 2279 700 2306 et
721 2275 763 2306 ad
786 2284 859 2307 eum
882 2277 1082 2308 accidemus.

167 2403 286 2445 Unde
319 2404 590 2459 cognoscitur,
624 2406 733 2459 quod
765 2405 805 2446 in
838 2406 1021 2448 zachaeo

455 2481 574 2522 fuerit
604 2482 733 2524 fides?

794 163 1008 202 PosTtLLA
1041 168 1318 201 MELANTHON
1321 169 1396 201 lAN
1399 170 1439 200 Α.

1125 2492 1208 2525 Uei.

2059 176 2123 211 ω

1141 271 1246 304 genus
1277 261 1472 294 humanum:
1506 270 1539 294 et
1568 274 1627 304 per
1658 264 1745 297 hunc
1776 266 1838 297 sibi
1861 277 1994 308 quoque
2019 269 2122 299 credit

1140 305 1258 336 remitti
1288 310 1437 345 peccata.
1489 305 1641 348 Intelligit
1667 308 1851 339 doctrinam
1874 310 2122 350 prophetarum,

1141 347 1217 385 scit,
1241 348 1331 388 quod
1353 347 1496 378 Messias
1520 356 1679 381 venturus
1704 357 1807 389 esset,
1830 357 1865 382 ut
1889 359 2024 393 propter
2049 363 2123 384 eum

1141 389 1312 422 salventur
1334 396 1367 421 et
1389 390 1599 423 vivificentur
1620 391 1786 423 homines:
1821 394 1941 426 Statuit
1965 395 2123 427 Messiam

1140 431 1232 464 illum
1254 433 1320 464 iam
1343 443 1420 464 esse
1443 433 1634 465 exhibitum:
1665 435 1818 478 intelligit
1848 448 1886 468 se
1908 438 1949 468 ab
1974 437 2040 469 hoc
2065 449 2122 470 vo·

1142 476 1213 507 cari
1246 476 1289 507 ad
1322 485 1415 517 spem
1449 475 1567 507 salutis
1601 483 1772 509 aeternae:
1807 480 2016 521 amplectitur
2049 491 2123 513 eum

1141 517 1222 549 fide:
1247 518 1351 550 credit.
1373 529 1411 550 se
1435 529 1566 561 quoque
1588 527 1724 561 propter
1752 521 1838 553 hunc
1867 524 1968 564 recipi
1992 525 2024 554 in
2048 534 2123 566 gra-

1142 561 1220 591 tiam
1243 572 1263 592 a
1285 560 1375 592 Deo:
1406 562 1504 593 sentit
1527 563 1559 593 in
1584 564 1684 594 corde
1707 574 1768 595 suo
1793 565 2057 598 consolationem
2078 568 2123 598 vi-

1143 603 1288 635 vificam:
1333 604 1407 635 Non
1441 603 1523 647 sugit
1558 604 1743 644 Christum,
1778 608 1838 639 sed
1872 607 1978 640 laetus
2015 610 2047 640 in
2083 619 2123 641 eo

1142 647 1334 687 acquiescit.

1229 689 1277 720 lta
1307 695 1435 730 oportet
1466 690 1499 721 in
1522 691 1674 722 omnibus
1706 691 1878 724 salvandis
1902 703 1978 725 esse
2001 693 2125 725 scintil-

1142 729 1209 762 lam
1232 731 1325 770 fidei,
1355 743 1422 774 qua
1444 733 1631 766 vivificetur
1654 744 1730 773 cor,
1765 741 1796 766 et
1819 736 1976 776 eripiatur
1999 746 2039 767 ex
2062 743 2125 768 ter-

1142 775 1274 806 roribus
1308 775 1433 806 mortis.
1497 775 1574 808 Dixi
1608 778 1704 809 vobis
1739 777 1822 809 alias
1859 780 1899 809 de
1934 779 2125 811 lsenacensi

1142 815 1210 855 illo,
1231 818 1285 859 qui
1309 817 1518 850 interfecerat
1537 820 1700 861 hospitem
1719 831 1825 852 suum.
1871 821 1953 853 Cum
1971 822 2015 853 ibi
2033 832 2125 854 esse—

1141 870 1213 891 mus
1237 862 1271 891 in
1292 861 1498 902 visitatione,
1532 864 1674 905 rogabat
1696 873 1778 901 nos,
1814 869 1849 895 ut
1878 875 1938 905 pro
1968 865 2041 906 ipso
2071 866 2125 897 de·

1141 912 1365 944 precaremur,
1388 910 1423 935 ut
1442 904 1602 947 Princeps
1626 913 1782 947 parceret
1802 907 1906 948 ipsius
1927 908 2025 939 vitae.
2067 907 2125 939 Di-

1142 947 1320 984 cebamus,
1354 946 1419 978 hoc
1448 958 1516 978 non
1539 959 1642 989 posse
1666 950 1826 988 obtineri,
1861 957 1895 981 ut
1920 952 1986 982 vita
2011 951 2042 982 ei
2068 952 2125 982 do-

1142 994 1293 1027 naretur,
1317 990 1394 1030 quia
1416 990 1544 1022 facinus
1568 990 1684 1023 fuisset
1707 993 1803 1024 nimis
1826 999 1929 1024 atrox.
1974 993 2125 1025 Misimus

1142 1032 1184 1062 ad
1208 1041 1280 1062 eum
1304 1032 1506 1065 Fridericum
1528 1034 1721 1073 Micenium,
1755 1042 1790 1067 ut
1821 1046 1895 1067 eum
1924 1037 2067 1069 erudiret
2095 1042 2127 1067 et

1143 1073 1385 1106 consolaretur.
1442 1075 1503 1108 lue
1533 1078 1673 1109 sedebat
1702 1084 1772 1110 toto
1797 1080 1924 1118 triduo,
1959 1085 2126 1121 tamquam

1142 1117 1318 1155 attonitus,
1352 1128 1487 1150 mersus
1518 1120 1551 1151 in
1584 1128 1784 1159 moerotem,
1819 1128 1850 1153 et
1884 1121 2016 1154 luctans
2051 1132 2126 1154 cum

1142 1161 1277 1191 summis
1311 1159 1500 1193 doloribus:
1535 1164 1613 1204 quia
1647 1170 1717 1195 erat
1740 1165 1768 1195 ei
1798 1165 1937 1203 dictum,
1973 1171 2126 1206 oportere

1141 1203 1249 1243 ipsum
1283 1204 1380 1234 mon':
1433 1204 1640 1238 Luctabatur
1673 1208 1772 1249 igitur
1807 1218 1880 1238 cum
1913 1214 2032 1239 morte:
2072 1206 2125 1240 vel

1141 1246 1252 1287 potius
1287 1247 1450 1278 sentiebat
1484 1254 1630 1280 terrores
1660 1251 1793 1288 mortis,
1828 1252 1882 1292 qui
1906 1250 2008 1282 multo
2032 1261 2124 1282 acer-

1142 1290 1254 1320 biores
1273 1296 1362 1328 sunt,
1381 1300 1478 1331 quam
1502 1302 1592 1322 mors
1615 1293 1688 1333 ipsa
1710 1300 1765 1325 aut
1789 1293 1994 1335 supplicium.
2039 1292 2125 1325 Tan-

1142 1332 1216 1363 dem
1240 1332 1334 1363 dixit:
1382 1334 1410 1364 0
1436 1334 1567 1366 domine
1589 1335 1775 1374 Friderice,
1809 1347 1873 1378 ego
1904 1338 2028 1378 gratias
2059 1346 2124 1377 ago

1141 1374 1212 1406 Deo
1235 1385 1322 1413 meo,
1346 1376 1437 1417 quod
1459 1387 1511 1409 me
1534 1380 1735 1410 sustentavit
1758 1380 1822 1410 isto
1846 1380 1965 1412 triduo.
1994 1379 2071 1411 >Fui
2094 1380 2125 1410 in

1140 1418 1242 1449 tantis
1277 1417 1467 1458 doloribus,
1503 1427 1644 1462 quantos
1672 1432 1739 1453 non
1769 1431 1908 1464 possum
1931 1423 2044 1454 verbis
2069 1432 2125 1453 ex-

1141 1459 1274 1501 plicare.
1320 1460 1485 1493 Diabolus
1509 1464 1648 1495 tentavit
1669 1476 1721 1496 me
1740 1464 1955 1496 horribiliter:
1978 1465 2040 1496 sed
2060 1464 2126 1497 Dei

1143 1503 1306 1535 beneficio
1331 1505 1395 1535 iam
1418 1514 1491 1536 sum
1515 1505 1693 1546 eluctatus,
1718 1514 1751 1539 et
1772 1508 1929 1549 incipiunt
1952 1507 2029 1539 mihi
2053 1506 2125 1539 dul-

1142 1555 1281 1578 cescere
1304 1546 1566 1587 consolationes,
1585 1560 1670 1591 quas
1688 1551 1786 1582 audio
1804 1562 1823 1582 a
1843 1551 1950 1582 vobis.
1995 1550 2125 1583 Exinde

1142 1590 1250 1630 coepit
1274 1599 1351 1621 esse
1372 1591 1551 1633 tranquillo
1574 1594 1693 1625 animo.
1739 1593 1877 1625 Petebat
1900 1594 2030 1625 veniam
2048 1603 2125 1625 suo-

1138 1642 1211 1662 rum
1233 1631 1439 1664 delictorum.
1485 1635 1612 1666 Orabat
1630 1646 1668 1668 se
1687 1637 1794 1677 magis
1813 1638 1985 1678 magisque
2005 1636 2119 1668 doceri

1140 1684 1182 1705 ex
1204 1676 1308 1706 verbo
1333 1675 1408 1714 Dei,
1433 1682 1465 1708 et
1487 1676 1594 1709 laetus
1618 1679 1685 1710 ibat
1706 1680 1749 1711 ad
1771 1685 1931 1717 mortem,
1957 1679 2125 1720 superatis

1140 1717 1204 1748 iam
1226 1719 1411 1750 terroribus
1436 1721 1562 1751 mortis.

1228 1760 1335 1792 Venio
1369 1762 1412 1793 ad
1442 1763 1569 1794 tertiam
1599 1771 1726 1805 partem
1750 1765 1990 1806 poenitentiae,
2024 1774 2123 1805 quam

1140 1805 1346 1836 nominamus
1370 1804 1498 1837 Novam
1521 1807 1741 1839 obedientiam.

1311 1972 1421 2021 Quid
1453 1981 1514 2014 est
1546 1988 1653 2015 nova
1687 1975 1947 2015 obedientia?

1227 2062 1422 2095 Obedientia
1456 2070 1507 2095 est
1542 2075 1660 2097 nomen
1690 2065 1881 2105 relativum,
1915 2076 1995 2109 ergo
2015 2065 2118 2099 habet

1139 2115 1176 2137 se
1199 2106 1242 2137 ad
1264 2104 1352 2137 aliud
1382 2106 1591 2140 correlative.
1644 2110 1784 2150 Oportet
1806 2110 1891 2141 enim
1914 2119 1991 2140 esse
2014 2116 2118 2141 metas

1139 2155 1249 2180 certas
1273 2147 1361 2181 illius
1384 2150 1602 2182 obedientiae.
1644 2151 1705 2183 Est
1723 2153 1821 2194 igitui-
1839 2151 1996 2183 inchoare
2014 2162 2119 2194 opera

1137 2193 1291 2224 mandata
1320 2203 1339 2224 a
1362 2192 1454 2230 Deo,
1484 2193 1608 2225 habere
1635 2195 1822 2227 inchoatam
1851 2195 2047 2233 novitatem,
2071 2193 2118 2227 fa·

1137 2245 1215 2267 cere
1239 2246 1339 2276 opera
1363 2237 1457 2277 primi
1480 2239 1659 2279 praecepti,
1684 2238 1852 2270 confidere
1874 2238 1959 2276 Deo,
1974 2247 2118 2279 sperare

1136 2279 1237 2310 vitam
1259 2286 1440 2317 aeternam,
1463 2278 1602 2322 diligere
1624 2280 1743 2319 Deum,
1768 2282 1891 2312 habere
1913 2281 2117 2322 propositum

1137 2323 1386 2363 obtemperandi
1405 2321 1480 2354 Deo
1504 2333 1576 2354 cum
1597 2325 1737 2365 quadam
1756 2323 1894 2355 laetitia:
1931 2323 2022 2356 Haec
2039 2331 2117 2356 sunt

1135 2365 1168 2395 in
1192 2366 1310 2397 corde:
1341 2365 1417 2407 quia
1441 2376 1529 2397 nova
1552 2367 1738 2398 obedientia
1761 2377 1827 2398 non
1851 2365 1961 2399 solum
1983 2373 2035 2399 est
2058 2377 2115 2399 ex—

1136 2413 1230 2439 terna
1249 2408 1434 2450 disciplina,
1447 2419 1512 2450 qua
1529 2408 1728 2441 locomotiva
1744 2410 1881 2451 regitur,
1894 2410 1955 2441 sed
1971 2411 2116 2443 omnium

1134 2451 1274 2482 maxime
1297 2450 1528 2492 complectitur
1550 2462 1656 2484 novos
1675 2458 1783 2484 motus
1802 2458 2025 2494 congruentes
2039 2451 2113 2496 ,legi

1252 2493 1412 2526 Cumvhis
1435 2495 1578 2526 motibus
1601 2496 1698 2526 debet
1720 2505 1798 2527 esse
1820 2495 2112 2529 studium-tvitandi

1113 2542 1272 2578 *peccata
1294 2544 1413 2569 contra
1436 2538 1682 2570 conscientiam.

191 2568 351 2604 Laetatur
374 2569 412 2604 se
434 2572 560 2605 habere
581 2572 744 2615 hospitem
767 2572 950 2613 Christum3
980 2586 1080 2619 agno·

105 2614 169 2644 scit
192 2623 272 2656 ergo
295 2624 368 2646 eum
393 2625 470 2647 csse
494 2615 669 2654 Messian»,
698 2626 758 2658 per
785 2627 881 2659 quem
903 2619 1080 2661 recipiatur

1206 2579 1295 2611 >Non
1316 2586 1370 2612 est
1392 2579 1480 2612 facta
1503 2590 1583 2611 vera
1605 2580 1809 2621 vivificatio,·
1828 2582 1895 2614 nisi
1915 2581 2111 2614 simulem·

1132 2621 1197 2653 fide
1232 2623 1275 2653 sit·
1308 2623 1438 2655 novitas
1473 2623 1672 2664 spiritualis,
1706 2631 1737 2656 et
1773 2630 1953 2666 sequantur
1982 2623 2110 2658 finctus
