2324 2958
141 171 203 202 74⁷

140 274 212 306 spe,
236 272 360 300 amore,
391 261 533 298 tristitia,
564 266 663 298 metu,
697 259 758 297 ira,
792 264 856 291 etc.
901 259 974 292 Hoc
997 269 1114 290 rursus

140 306 236 339 valde
269 312 320 337 est
355 303 520 341 mirabile,
562 302 651 344 quod
684 312 758 334 cum
791 301 944 334 volumus
979 301 1114 343 aliquid,

139 360 215 381 mox
239 348 396 379 sentimus
415 353 536 378 motum
560 344 613 376 vel
635 351 888 387 prosequentem
911 343 964 376 vel
985 344 1114 386 fugien-
1138 354 1141 367 t

771 166 883 199 PHlL.
906 165 1008 199 MEL.
1030 166 1216 200 SCRIPTA
1238 166 1497 200 EXEGETlCA.

2075 170 2139 203 748

1166 269 1280 293 nostra
1304 271 1398 292 inens
1420 261 1526 303 gignit
1548 262 1708 303 imagines
1730 269 1981 294 evanescentes.
2023 263 2138 295 Aeter-

1165 315 1227 336 nus
1251 304 1349 336 Pater
1371 305 1475 346 gignit
1498 305 1669 346 imaginem
1691 304 1952 337 substantialem.

1251 345 1354 378 filius
1373 353 1426 378 est
1441 347 1549 389 imago
1566 348 1706 389 integra,
1729 353 1761 379 et
1772 345 1998 380 substantialis
2016 349 2139 380 aeterni

140 400 204 424 tem
228 392 391 422 obiectum
416 394 632 420 monstratum
661 398 681 419 a
703 393 811 419 mente
839 398 901 419 seu
926 385 1112 418 intellectu:
1138 379 1141 415 Ϊ
1165 388 1286 428 Patris,
1308 390 1366 420 sed
1391 390 1517 432 genita,
1545 396 1649 422 totum
1672 390 1706 421 jn
1735 400 1773 422 se
1790 390 1922 422 pan-em
1945 401 2139 432 few-nescu-

139 446 179 466 ac
197 440 305 465 motus
329 433 457 465 cerebri
492 433 524 463 in
557 431 688 462 homine
721 431 855 461 adiuvat
887 428 1113 461 formationem
1138 448 1140 457 ,

138 478 328 519 imaginum:
353 475 420 507 Cor
437 481 546 507 autem
565 473 667 505 servit
684 471 859 504 voluntati:
878 479 922 510 et,
947 472 975 502 si
997 477 1115 502 natura
1138 471 1140 506 ζ

1167 438 1253 462 tans.
1298 431 1339 462 Et
1361 439 1396 463 ιιι
1426 441 1536 464 sermo
1569 431 1710 473 explicat
1743 433 1973 475 cogitationem
2009 434 2140 472 mentis,

1166 474 1208 505 ita
1232 473 1352 513 Filius,
1386 475 1439 517 qui
1470 481 1522 506 est
1552 476 1661 517 imago
1690 474 1748 507 illa
1769 474 1996 508 substantialis
2020 475 2140 515 Patris,

139 527 230 552 esset
252 521 398 561 integra,
431 527 563 559 semper
596 521 688 547 esset
709 526 789 547 vera
816 513 980 556 copulatia
1003 514 1114 544 cordis
1138 513 1141 552 ξ
1166 522 1219 547 est
1241 517 1373 555 missus,
1399 524 1434 550 ut
1457 519 1609 549 ostendat
1631 518 1777 556 Pan-em,
1815 517 1992 560 patefaciat
2022 518 2140 550 volun-

140 570 172 595 et
204 562 410 597 voluntatis3
456 561 532 591 item
573 559 790 600 congruentia
834 557 1042 598 appetitionis
1082 560 1115 586 et

140 605 350 647 cognitionis.
393 604 490 634 Nunc
513 608 589 634 sunt
617 601 769 638 dissidia,
801 606 837 631 ut
860 599 992 631 dicitur:
1024 600 1115 631 Mens

139 649 228 681 allud
249 649 373 687 suadet,
396 647 543 685 aliudque
564 644 687 684 cupido.

228 691 262 722 ln
297 690 435 723 cerebro
463 695 540 719 sunt
569 687 702 728 spiritus
730 683 904 722 animales,
937 690 970 715 et
997 682 1115 714 horum

140 735 323 767 vibratione
347 732 380 764 fit
405 733 436 763 in
461 732 598 762 cerebro
622 728 777 771 cognitio.
823 727 857 758 ln
881 726 983 758 corde
1005 731 1115 757 autem

140 778 316 820 gignuntur
351 775 484 817 spiritus
519 771 656 810 vitales,
700 770 754 812 qui
787 775 864 801 sunt
898 769 1116 800 instrumenta

139 820 326 852 affectuum.
372 817 431 848 Est
453 823 562 848 autem
595 815 661 846 hoc
694 823 811 845 rursus
834 811 993 849 mirabile,
1027 810 1116 852 quod

140 873 208 897 cor,
233 873 305 894 curn
330 862 371 892 sit
394 860 547 902 quiddam
572 859 711 895 brutum,
737 861 887 886 movetur
911 854 1114 896 cognitione:

140 906 217 948 quia
249 906 335 938 idem
358 904 499 945 Spiritus
531 898 698 936 animalis,
735 909 799 940 quo
833 897 870 928 fit
903 897 1049 938 cognitio
1082 897 1115 927 in

140 950 289 986 cerebro,
314 948 419 978 vibrat
443 955 520 980 cor,
554 948 585 974 et
618 942 806 973 transmittit
827 941 1050 982 cognitionem
1073 939 1114 970 ad

140 1002 210 1023 cor.
256 991 290 1022 ln
315 1000 379 1032 quo
413 998 501 1025 mox,
534 983 730 1017 adminiculo
764 984 937 1025 spirituum
972 980 1115 1014 vitalium

139 1035 324 1067 excitantur
346 1032 482 1063 affectus
507 1034 727 1070 congruentes
751 1025 943 1068 cognitioni.

227 1076 299 1108 Hoc
323 1073 471 1106 mirabile
505 1071 668 1112 opificium
702 1070 861 1101 debemus
896 1078 996 1109 saepe
1026 1067 1114 1109 cogi-

140 1127 228 1152 tare:
251 1119 348 1155 Quod
378 1118 405 1148 si
434 1116 574 1157 penitius
606 1111 876 1154 intelligeremus,
897 1111 1003 1153 magis
1026 1120 1116 1142 esse-

140 1173 214 1195 mus
237 1160 426 1194 admiraturi
461 1167 562 1200 opcra
584 1155 646 1187 Dei
679 1156 711 1186 in
745 1160 864 1186 natura
885 1160 1016 1184 nostra:
1049 1153 1114 1184 imo

141 1205 231 1237 velut
262 1203 389 1235 attoniti
423 1202 615 1232 sederemus
647 1208 758 1230 coram
781 1197 873 1235 Deo,
904 1203 936 1227 et
969 1195 1116 1227 celebra-

141 1258 252 1280 remus
275 1257 360 1278 eum.
411 1242 567 1275 Profecto
595 1239 674 1272 nibil
705 1247 757 1272 est
786 1237 1011 1272 admirabilius
1041 1248 1116 1279 pro-

140 1291 334 1332 prietatibus
357 1288 484 1319 animae
508 1287 539 1316 in
562 1285 677 1322 nobis,
712 1283 754 1314 de
787 1283 905 1325 quibus
929 1292 1003 1312 cum
1026 1281 1116 1329 cogi-

140 1340 264 1370 tainus,
302 1330 400 1362 valde
435 1328 666 1359 confirmantur
699 1333 814 1357 contra
853 1323 991 1355 Atheos.
1046 1322 1118 1354 Etsi

141 1377 226 1408 enim
259 1374 366 1406 Deum
400 1382 466 1403 non
500 1371 612 1408 vides,
646 1375 755 1400 tamen
784 1368 878 1400 Deus
912 1372 986 1398 est:
1032 1367 1119 1397 sicut

139 1420 279 1451 animam
304 1426 379 1448 esse
403 1423 542 1446 necesse
565 1419 627 1450 est,
657 1412 785 1443 etiamsi
808 1421 880 1442 eam
902 1419 969 1440 non
992 1409 1118 1439 videas.

227 1460 448 1492 Confirmatur
461 1457 555 1487 etiam
574 1454 637 1486 hac
656 1453 931 1490 consideratione,
954 1451 1118 1482 sententia

139 1507 181 1537 de
204 1500 446 1535 immortalitate
469 1499 607 1535 animae,
637 1504 667 1528 et
692 1497 732 1528 de
759 1502 915 1527 secutura
949 1493 1012 1525 alia
1043 1494 1118 1525 vita.

138 1549 211 1581 Nos
234 1556 320 1577 nunc
344 1554 408 1575 non
427 1543 579 1574 novimus
594 1550 654 1571 nos
678 1541 783 1581 ipsos,
804 1549 869 1570 non
892 1536 1118 1579 intelligimus,

141 1589 307 1633 quomodo
336 1585 423 1618 oculi
459 1585 609 1621 videant,
651 1582 816 1624 quomodo
851 1580 964 1622 lingua
999 1580 1119 1611 formet

141 1631 348 1666 articulatam
374 1639 500 1665 vocem,
524 1627 689 1668 quomodo
714 1626 887 1657 cerebrum
903 1626 1019 1655 i'ormet
1042 1623 1118 1653 ima-

142 1678 247 1719 gines‚
272 1681 301 1705 et
328 1673 463 1704 retineat
477 1667 889 1710 memoriamplurimarum
907 1676 1030 1705 rerum,
1053 1676 1118 1708 quo

141 1721 239 1750 modo
264 1728 322 1749 cor
345 1717 428 1746 cicat
453 1720 561 1745 motus
584 1711 757 1744 affectuum
782 1709 972 1742 dissimiles.

230 1786 332 1821 llaec,
355 1792 384 1813 et
405 1781 504 1813 muita
528 1780 591 1812 alia
621 1779 779 1811 mirabilia
803 1789 869 1809 non
899 1779 980 1809 satis
1004 1776 1119 1808 iutelli-

144 1831 250 1872 gimus
273 1829 303 1859 in
323 1827 386 1857 hac
410 1827 485 1855 rsta.
524 1824 610 1865 Ergo
635 1829 765 1864 oportet
788 1831 865 1853 esse
886 1819 982 1852 aliam
1000 1821 1117 1852 vitam:

143 1874 218 1915 quia
241 1871 339 1902 homo
364 1880 428 1900 non
453 1875 499 1898 est
527 1866 649 1897 frustra
672 1866 837 1902 conditus,
860 1864 920 1895 sed
944 1865 985 1895 ad
1005 1863 1119 1905 cogni·

144 1918 263 1947 tionem
301 1913 349 1943 sni
384 1912 485 1952 ipsius
516 1918 545 1940 et
580 1909 651 1940 Dei.

143 1963 425 2001 argumentamur:
459 1956 525 1984 Laz-
547 1962 608 1983 mm
633 1956 681 1983 est
706 1954 836 1991 frustra
858 1951 951 1981 data:
990 1950 1121 1989 Oportet

144 2012 209 2032 rmn
234 2001 266 2031 ἰιι
290 2000 378 2029 uobis
401 1999 546 2036 impleri:
569 1996 628 2025 sm!
650 1999 682 2025 m
705 1996 766 2025 linc
785 1995 847 2024 rt'la
870 2003 933 2024 nou
953 1994 1119 2031 impletur:

147 2047 229 2084 Erqo
252 2050 382 2073 tiaras-se
405 2044 452 2070 est
483 2042 609 2069 restare
636 2039 733 2068 uliam
768 2039 873 2066 rilam.
931 2035 998 2065 Sed
1032 2043 1119 2065 nunc

144 2087 391 2119 consideremus
414 2082 616 2121 potissimum
642 2080 774 2110 umbras
798 2077 889 2113 illas,
923 2077 1042 2119 quibus
1065 2075 1119 2106 ali-

144 2141 208 2171 quo
244 2128 341 2159 modo
378 2125 567 2155 deducimur
599 2123 639 2153 ad
675 2121 969 2152 considerationem
1004 2119 1119 2150 discri-

145 2173 239 2203 minis·
274 2178 490 2211 personarum
525 2168 554 2196 in
581 2166 665 2201 Deo,
699 2172 729 2195 et
765 2165 921 2194 discimus
955 2169 1120 2203 utcunque

145 2213 328 2255 intelligere
363 2208 541 2245 vocabula,
575 2209 694 2249 quibus
717 2207 888 2248 Scriptura
911 2206 952 2237 de
980 2203 1119 2247 singulis

146 2258 295 2298 personis
319 2256 426 2286 utitur.

233 2317 288 2347 Sic
312 2315 409 2355 igitur
433 2313 520 2343 dit-0:
545 2311 578 2342 ln
602 2309 733 2341 bomine
756 2308 926 2340 suntliaec
944 2308 1004 2338 tria
1028 2317 1120 2348 prac-

148 2361 259 2401 cipua:
291 2357 403 2391 Metisz
442 2355 607 2395 (flagitatio
643 2352 694 2384 vel
720 2353 855 2387 Sermm
892 2358 922 2382 et
961 2350 1119 2382 All'cctus.

148 2404 213 2434 ista
238 2402 295 2431 tria
321 2397 453 2430 ‹·ontul'=t
481 2398 655 2438 antiquitas
680 2397 720 2426 :id
741 2395 961 2426 Divinitatem.
1008 2394 1121 2424 Aeter-

148 2457 209 2477 nns
236 2445 332 2475 l'atcr
355 2442 450 2472 bain-t
477 2452 525 2477 sc,
550 2441 633 2471 sicut
657 2450 760 2470 niens.
817 2437 875 2468 Est
906 2437 989 2467 enini
1020 2437 1121 2476 prima

151 2489 307 2521 Persona,
332 2496 393 2515 non
415 2491 500 2521 nata,
526 2494 589 2514 non
610 2481 741 2513 aliunde
765 2486 847 2512 orta.
883 2480 993 2521 (iignit
1014 2486 1122 2510 antem

150 2542 241 2562 niens
278 2529 508 2564 ‹rogitatum-tn
550 2533 578 2556 ot
621 2535 824 2555 seruitutem:
864 2530 895 2554 ct
929 2533 1038 2553 serino
1072 2528 1122 2552 cst

149 2576 220 2615 ils-:¹
251 2562 406 2611 cogitatio
437 2569 596 2609 rxplivatn
627 2578 726 2598 vot-‚ez
760 2567 804 2598 ltn
840 2572 994 2597 aeternus
1028 2564 1122 2595 l‘uwr

707 1907 881 1943 Quomodo
914 1913 947 1938 et
980 1916 1020 1936 ex
1043 1905 1118 1947 lege
1142 1930 1145 1942 ,

1138 556 1141 588 Ι
1166 564 1266 590 tatem
1295 559 1373 598 Dei,
1406 560 1553 601 proferat
1574 562 1742 593 decretum
1770 571 1927 593 arcanum
1957 562 1998 593 de
2026 559 2138 593 salva-

1167 603 1254 633 tione
1276 601 1453 635 bominum.

1253 643 1393 686 Spiritus
1429 652 1566 678 sanctus
1595 652 1646 678 est
1677 646 1781 678 instar
1803 653 1912 678 motus
1947 657 2008 678 seu
2036 647 2140 688 agita-

1167 687 1280 718 tionis:
1315 687 1375 719 Est
1398 688 1483 720 enim
1500 699 1593 720 amor
1615 695 1766 728 mutuus,
1788 699 1855 730 quo
1878 688 1975 721 Pater
1997 688 2140 730 comple-

1168 730 1264 762 ctitur
1286 727 1415 769 filium,
1438 736 1470 762 et
1491 730 1593 764 Filius
1616 731 1759 763 Patrem.
1814 731 1856 762 Et
1884 732 2016 773 quando
2045 732 2140 763 datur

1167 783 1226 804 seu
1251 771 1426 804 effunditur
1449 772 1591 814 Spiritus
1613 780 1749 806 sanctus
1771 774 1803 805 in
1833 775 1935 806 corda
1962 774 2140 814 hominum,

1167 821 1218 847 est
1248 815 1280 846 iu
1319 815 1366 846 eis
1400 820 1509 847 motor
1545 822 1577 847 et
1607 817 1768 858 agitator,
1802 817 1989 849 accendens
2032 816 2142 854 fidem,

1168 867 1296 899 pacem,
1315 856 1483 895 laetitiam,
1507 857 1726 898 dilectionem,
1754 866 1786 891 et
1809 867 1958 892 caeteras
1986 860 2140 891 virtutes:

1167 901 1208 933 Hi
1231 907 1308 932 sunt
1328 899 1464 932 effectus
1487 899 1629 942 Spiritus
1662 903 1768 934 sancti
1802 902 1834 934 in
1863 903 1977 941 nobis,
2012 909 2043 933 et
2066 913 2140 943 pro-

1168 951 1241 986 pter
1265 943 1326 974 bos
1350 942 1488 975 effectus
1511 945 1673 985 petendus
1695 951 1747 976 est
1768 944 1913 986 Spiritus
1934 951 2081 976 sanctus.

1254 986 1326 1017 Huc
1349 987 1514 1026 pertinent
1540 985 1705 1028 Epitheta‚
1732 996 1817 1028 quae
1836 988 1946 1019 tribuit
1969 988 2142 1028 Scriptura

1167 1029 1300 1071 Spiritui
1323 1034 1452 1060 sancto.
1496 1029 1691 1061 Nominatur
1720 1029 1862 1070 Spin’cm
1886 1034 2028 1070 yraetae,·
2067 1030 2142 1070 quia

1169 1072 1341 1104 confirmat
1376 1072 1605 1104 assensionem
1642 1078 1676 1103 et
1698 1072 1814 1111 fidem,
1850 1073 1938 1114 quod
1973 1073 2075 1103 simus
2110 1072 2142 1102 in

1168 1115 1287 1158 gratia,
1322 1120 1354 1145 et
1376 1115 1439 1145 hac
1463 1113 1526 1146 fide
1548 1114 1707 1146 laetificat
1735 1124 1808 1147 cor:
1843 1121 1895 1153 ut,
1929 1114 2038 1146 David
2069 1123 2143 1145 cum

1167 1158 1258 1189 audit
1287 1158 1479 1188 concionem
1512 1157 1657 1189 Nathan:
1691 1160 1761 1190 Non
1795 1161 1961 1190 morieris:
1994 1162 2144 1189 movetur

1168 1211 1188 1231 a
1211 1201 1331 1241 Spiritu
1355 1206 1490 1238 sancto,
1523 1207 1559 1231 ut
1589 1201 1791 1232 assentiatur
1818 1200 1895 1233 huic
1918 1201 2016 1231 dic:o.
2061 1200 2144 1231 Post

1169 1243 1255 1275 hanc
1279 1242 1430 1274 fiduciam
1453 1243 1601 1285 sequitur
1630 1242 1816 1275 consolatio
1844 1249 1876 1274 et
1899 1242 2039 1280 laetitia,
2070 1253 2143 1274 cnm

1169 1296 1234 1327 qua
1253 1292 1305 1317 est
1326 1286 1503 1323 invocatio,
1526 1284 1671 1323 dilectio,
1705 1296 1804 1326 spes,
1831 1292 1863 1316 et
1884 1285 1971 1317 aliae
1992 1286 2144 1316 virtutes.

1169 1329 1246 1359 ldeo
1269 1334 1408 1359 vocatur
1430 1328 1527 1359 etiam
1545 1329 1686 1368 Spiritus
1705 1338 1848 1368 precum.
1882 1327 1938 1360 Sic
1960 1329 1992 1359 in
2017 1328 2144 1359 latrone

1170 1379 1333 1402 converso
1357 1369 1531 1401 confirmat
1568 1370 1710 1411 Spiritus
1740 1377 1876 1402 sanctus
1904 1371 2144 1408 assensionem,

1170 1420 1203 1445 et
1227 1412 1328 1444 efficit
1351 1413 1383 1443 in
1406 1422 1446 1444 eo
1470 1411 1635 1450 fiduciam,
1657 1413 1690 1444 id
1712 1420 1776 1451 est,
1798 1419 1920 1445 motum
1943 1412 2054 1450 talem,
2080 1423 2146 1454 quo

1171 1467 1231 1489 cor
1254 1455 1436 1497 acquiescit
1472 1456 1503 1486 in
1531 1455 1624 1493 Deo,
1657 1462 1775 1497 postea
1808 1454 1964 1487 laetitiam
1997 1462 2029 1487 et
2059 1461 2145 1486 tran·

1171 1497 1361 1541 quillitatem
1396 1499 1644 1536 conscientiae,
1688 1508 1773 1540 quae
1813 1505 1863 1530 est
1896 1499 2021 1530 initium
2060 1498 2147 1530 vitae

1171 1548 1335 1573 aeternae.
1391 1541 1546 1582 Sequitur
1576 1542 1740 1573 invocatio
1775 1548 1806 1572 et
1835 1548 1966 1573 ceterae
1996 1542 2146 1579 virtutes,

1171 1595 1256 1627 quae
1291 1590 1323 1615 et
1357 1584 1449 1625 ipsae
1478 1591 1553 1615 sunt
1591 1590 1698 1615 motus
1732 1584 1874 1625 Spiritus
1907 1584 2031 1621 sancti,
2070 1584 2147 1624 quia

1172 1628 1314 1668 Spiritus
1338 1634 1486 1664 sanctus,
1510 1627 1594 1658 sicut
1613 1634 1664 1658 est
1687 1636 1795 1658 motus
1808 1625 2048 1664 substantialis,
2071 1636 2146 1667 pro-

1172 1671 1296 1702 cedens
1331 1680 1350 1700 a
1386 1670 1485 1701 Patre
1517 1675 1550 1702 et
1580 1668 1680 1707 Filio,
1717 1670 1764 1701 ita
1797 1679 1915 1701 revera
1955 1677 2004 1700 est
2041 1675 2147 1700 motor

1143 1721 1146 1727 ’
1171 1713 1371 1751 accendens,
1393 1718 1427 1744 et
1449 1710 1598 1744 efficiens
1619 1712 1651 1743 in
1674 1713 1770 1743 nobis
1795 1722 1909 1743 omnes
1933 1713 2081 1743 virtutes.

1258 1756 1322 1786 lam
1348 1755 1529 1797 cogitemus
1556 1755 1746 1786 immensam
1782 1755 1958 1786 bonitatem
1993 1754 2065 1785 Dci.
2112 1753 2146 1785 lu

1172 1805 1338 1831 creatione
1363 1798 1454 1829 Deus
1478 1796 1652 1829 transfudit
1678 1798 1708 1828 in
1732 1806 1795 1828 nos
1818 1807 1869 1835 ea,
1894 1807 1979 1839 quae
2002 1795 2146 1828 habebat

1171 1851 1297 1874 summa
1336 1846 1367 1871 et
1407 1840 1548 1881 optima:
1586 1845 1622 1872 ut
1660 1840 1837 1881 potentiam
1875 1847 2145 1882 cognoscentem,

1171 1895 1255 1927 quae
1278 1881 1439 1914 antecellit
1463 1880 1544 1920 Soli,
1570 1882 1695 1921 Lunae,
1718 1889 1748 1913 et
1762 1882 1913 1913 omnibus
1932 1884 2030 1914 rebus
2054 1892 2145 1923 prae-

1172 1927 1347 1963 stantibus,
1371 1936 1454 1966 qnae
1489 1926 1572 1956 inter
1605 1931 1775 1956 creaturas
1809 1923 1956 1956 visibiles
1987 1925 2146 1956 nominari

1171 1976 1327 2011 possunt:
1350 1966 1540 1999 'l'ranssndit
1573 1969 1604 1998 in
1638 1976 1764 1999 mentes
1788 1974 1918 1999 nostras
1954 1967 2146 2009 sapientiam

1172 2023 1277 2048 suani,
1300 2011 1444 2043 notitiam
1458 2009 1554 2051 legiS‚
1579 2016 1609 2041 et
1623 2011 1754 2042 notitias
1769 2021 1993 2042 numerorum:
2017 2010 2146 2042 Deinde

1172 2055 1347 2097 potentiam
1372 2053 1554 2090 ioli—ntem,
1589 2060 1621 2084 ct
1644 2054 1774 2094 quidem
1794 2053 1949 2090 liberam3
1984 2054 2070 2095 quod
2094 2059 2144 2084 est

1172 2109 1269 2129 unum
1292 2107 1332 2128 ex
1358 2097 1648 2137 pr.wstaittissiiiiis
1672 2097 1786 2133 ‹lonis;
1816 2095 2016 2127 voluntatem
2039 2097 2145 2137 ipsam

1173 2140 1249 2173 fecit
1284 2148 1418 2176 rectum,
1452 2146 1483 2170 et
1507 2146 1742 2179 congruentem
1773 2150 1847 2172 cum
1870 2150 1929 2171 sua
1954 2138 2047 2181 lege3
2081 2138 2146 2170 hoe

1171 2191 1234 2222 est,
1255 2181 1429 2214 transfudit
1455 2183 1486 2213 in
1509 2192 1572 2213 nos
1596 2183 1748 2214 iustitiam
1771 2193 1875 2214 suam.

1261 2226 1349 2256 llaec
1373 2227 1459 2256 buna
1483 2232 1557 2256 sunt
1581 2226 1766 2256 testimonia
1789 2226 1966 2257 immensae
1991 2225 2146 2255 bonitatis

1175 2269 1252 2307 Dei,
1292 2269 1344 2309 qni
1379 2267 1474 2299 simul
1509 2268 1691 2299 habitasset
1725 2269 1755 2299 in
1790 2269 1884 2299 nobis
1918 2276 2083 2309 tamquam
2113 2268 2145 2298 in

1174 2311 1294 2353 templu
1318 2323 1392 2345 ¹suo,
1420 2318 1450 2342 ct
1475 2310 1705 2342 confirmasset
1728 2309 1782 2342 illu
1818 2312 1915 2342 bona.
1971 2310 2036 2341 Sed
2062 2309 2145 2340 haec

1175 2363 1261 2386 tama
1288 2356 1373 2385 bona
1404 2355 1596 2386 abiecerunt
1631 2361 1663 2384 ct
1696 2353 1878 2385 effuderunt
1913 2352 2146 2395 ingratitudine

1174 2410 1246 2430 sna.
1270 2406 1297 2429 ct
1326 2396 1470 2428 horribili
1494 2396 1587 2437 lapsu
1611 2397 1703 2438 primi
1728 2395 1888 2427 homines.

1260 2442 1327 2471 Nec
1352 2448 1459 2471 tamen
1484 2441 1683 2481 extinguitur
1712 2440 1841 2470 bonitas
1866 2439 1937 2470 nei.
1989 2436 2087 2469 Filius
2110 2437 2145 2468 tit

1175 2485 1370 2524 tlt-,prccator
1394 2495 1452 2524 pro
1477 2493 1598 2522 genere
1629 2483 1782 2519 humano,
1814 2488 1845 2513 et
1875 2482 2013 2513 donatur
2037 2480 2145 2516 nobis,

1175 2535 1205 2559 ut
1234 2528 1285 2557 tint
1312 2527 1452 2557 rit-tima.
1489 2527 1609 2556 l‘ostca
1633 2536 1748 2556 rursus
1771 2525 1934 2556 adduntur
1957 2522 2012 2554 illa
2035 2524 2146 2564 priora

1175 2571 1281 2601 tiana:
1322 2570 1480 2609 snpientia
1520 2574 1549 2599 ct
1592 2569 1712 2599 iustitia
1751 2568 1829 2598 dato
1861 2567 1983 2608 Spiritu
2017 2571 2146 2597 sancto.

152 2617 252 2657 gignit
278 2614 406 2649 isitium,
438 2614 490 2653 qui
515 2619 563 2643 cst
588 2612 695 2652 itu-'¹30
725 2618 756 2641 ct
787 2609 867 2649 λόγος
891 2608 1009 2639 Patris.
1055 2607 1121 2638 5⁰⁴¹
1145 2613 1151 2643 ἕ
1175 2613 1237 2644 Per
1258 2612 1343 2644 butte
1367 2612 1460 2652 quasi
1484 2610 1650 2643 effundunt
1684 2620 1721 2642 se
1754 2610 1869 2642 iterum
1904 2611 1935 2641 iu
1964 2619 2024 2640 nos
2050 2607 2145 2639 Pater
