2324 2958
168 154 231 186 555
799 153 908 186 PmL.
934 154 1037 187 MEL.
1060 154 1246 187 SCRlPTA
1268 153 1530 188 EXEGETICA.
2097 160 2162 193 556

160 255 276 280 morte:
312 247 385 279 Non
420 247 620 290 immergitur
649 247 682 279 in
704 253 769 279 tam
791 247 967 279 horribiles
1001 247 1134 280 dolores

159 292 246 323 sicut
279 291 376 332 impii.
433 289 556 322 Paulus
589 290 692 333 inquit
732 291 774 322 ad
808 291 956 322 Corinth.
986 290 1135 322 Ace-uleus

159 335 267 363 mortis
295 336 460 373 peccatum
493 337 555 370 est;
588 334 620 364 id
639 339 702 372 est,
735 339 873 375 peccato
907 332 1134 374 perterrefiunt

159 376 319 414 homines,
344 381 376 407 et
398 375 604 414 occiduntur,
640 377 771 417 quando
799 377 943 407 sentiunt
967 376 1047 406 iram
1070 375 1134 407 Dei

159 419 319 450 adversus
342 425 493 460 peccata,
511 419 587 460 quia
609 426 726 450 natura
753 417 884 461 fugiens
907 417 1013 450 Deum
1037 427 1134 458 expe-

158 462 239 492 ritur
261 471 396 493 sensum
420 462 546 493 mortis.
579 461 729 491 Potentia
742 465 842 494 autem
861 462 987 500 peccati
1008 460 1060 490 lex
1078 464 1133 495 est,

159 503 188 534 id
213 510 274 542 est,
298 515 371 535 cum
394 502 447 535 lex
472 504 579 547 arguit
600 506 632 535 in
651 505 747 536 nobis
759 511 909 546 peccata,
931 509 998 534 tum
1013 513 1133 545 augen-

159 553 210 578 tur
233 545 366 578 dolores
389 548 514 585 mortis,
538 554 571 578 ει
589 550 623 585 fit
640 550 800 586 peccatum
818 545 1005 576 excellenter
1022 556 1133 585 pccca-

158 593 231 628 tum,
264 590 295 621 id
330 596 392 627 est,
426 591 565 621 sentitur
598 590 648 620 vis
681 589 819 630 peccati.
872 587 994 619 Postea
1026 589 1134 620 addit:

159 631 271 662 Gratia
294 634 336 662 sit
360 632 446 671 Deo,
478 634 532 672 qui
553 632 641 662 dedit
664 632 753 661 nobis
775 633 935 661 victoriam
953 641 1014 670 per
1035 631 1135 660 Iesum

159 674 322 705 Christian.
352 675 424 707 Hoc
447 675 523 717 quid
547 676 599 713 sit,
623 675 813 706 discendum
826 680 877 705 est
899 674 932 704 in
955 684 1035 704 vera
1057 684 1135 705 con-

159 719 322 749 versione.

244 760 399 792 Homines
433 759 522 792 effen·
551 766 581 791 et
605 758 776 800 Cyclopici
800 757 879 789 nihil
901 757 1017 789 horum
1040 757 1133 790 intel·

158 803 274 845 ligunt.
317 804 384 835 Sed
408 803 439 834 in
463 803 580 844 quibus
604 808 654 833 est
677 801 822 833 scintilla
846 802 1050 832 contritionis
1073 811 1133 832 seu

158 847 387 887 poenitentiae,
422 847 473 876 isti
508 845 629 887 aliquid
664 843 849 886 intelligere
883 844 1025 882 discunt,
1060 855 1133 876 cum

157 890 286 931 erigunt
319 899 358 920 se
382 886 606 919 consolatione
629 887 810 929 Evangelii.
856 886 896 917 Et
929 897 993 928 quo
1030 887 1134 918 maior

158 938 207 963 est
231 942 317 974 agon
341 931 467 969 mortis,
490 942 529 962 eo
553 931 657 973 magis
676 931 860 962 sentiuntur
882 930 955 960 ista.

207 1097 269 1137 De
303 1111 382 1151 qua
416 1104 544 1137 morte
576 1096 749 1151 loquitur
778 1096 842 1136 hic
874 1094 1080 1136 Christus?

244 1195 453 1237 Respondeo.
498 1196 571 1227 Non
595 1194 737 1238 loquitur
759 1195 799 1226 de
822 1193 1038 1226 dissolutione
1061 1205 1134 1225 cor—

157 1239 248 1281 poris
271 1245 302 1270 et
325 1239 464 1276 animae,
487 1240 547 1270 sed
572 1240 611 1270 de
634 1249 735 1269 sensu
757 1238 871 1269 mortis
895 1244 1063 1268 aeternae:
1093 1237 1133 1268 de

157 1292 222 1323 quo
257 1281 375 1313 dicitur
409 1282 440 1312 in
475 1280 621 1313 Psalmo:
664 1280 937 1310 Cirnundederunt
971 1291 1014 1310 me
1047 1281 1133 1310 dolo-

157 1335 206 1354 res
228 1326 347 1362 mortis,
371 1328 401 1353 et
425 1325 587 1362 anynstiae
608 1324 731 1361 inferni.
776 1323 973 1353 Ansietatem
996 1327 1026 1353 et
1049 1323 1134 1353 dolo-

157 1378 217 1397 rem
240 1369 350 1397 inveni.
385 1366 425 1397 Hi
448 1366 582 1398 dolores
606 1373 682 1398 sunt
704 1376 806 1404 mors,
829 1367 870 1397 de
892 1377 958 1408 qua
980 1365 1133 1398 Christus

156 1409 209 1441 hic
231 1409 390 1451 loquitur:
421 1420 461 1441 ex
483 1408 546 1440 hac
569 1414 673 1440 morte
694 1407 875 1441 liberantur
897 1409 1082 1447 credentes,
1101 1409 1133 1440 id

157 1460 219 1490 est,
246 1452 465 1489 vivificantur3
488 1452 563 1494 quia
576 1453 695 1483 habent
707 1461 828 1493 ¹pace-m
841 1462 913 1483 cum
926 1451 1019 1482 Deo:
1044 1451 1133 1492 impii

157 1496 217 1527 etsi
251 1502 326 1527 sunt
361 1494 560 1537 aliquamdiu
593 1495 720 1532 securi,
760 1500 867 1526 tamen
908 1495 1134 1536 opprimuntur

157 1539 286 1570 tandem
310 1537 479 1570 doloribus
504 1537 580 1576 illis,
616 1538 670 1579 qui
701 1543 778 1569 sunt
812 1539 842 1568 =n
877 1536 940 1568 hac
974 1538 1040 1569 vita
1075 1538 1132 1569 ini-

157 1582 235 1612 tium
258 1588 412 1613 aeternae
435 1581 663 1612 damnationis.

331 1729 500 1770 Collatio
533 1728 677 1770 Christi
716 1736 758 1769 et
786 1736 955 1784 patrum.

244 1828 352 1861 ludaei
375 1828 582 1860 offenduntur
604 1828 668 1861 hoc
703 1829 789 1860 dicto
813 1827 946 1867 Christi,
981 1829 1057 1870 quia
1080 1838 1133 1860 co-

158 1873 342 1915 gitaverunt
366 1882 442 1903 esse
465 1881 647 1903 sermonem
670 1871 860 1912 simpliciter
881 1873 1020 1904 inanem.
1059 1871 1132 1903 Non

158 1914 387 1947 intellexerunt
422 1915 597 1946 discrimen
621 1914 705 1956 legis
733 1921 765 1946 et
799 1913 978 1957 Evangelii.
1024 1914 1133 1955 Oppo-

157 1965 237 1989 nunt
261 1958 458 1994 instantiam,
483 1958 515 1988 id
527 1964 589 1994 est,
603 1956 785 1999 exemplum
799 1958 1011 1988 contrarium:
1036 1958 1134 1989 Abra-

155 2004 229 2033 Ιισηι
252 2005 394 2033 mortuus
416 2005 466 2032 est
497 2005 528 2031 el
555 2001 741 2040 Prophetae.

157 2044 300 2086 loquitur
323 2043 364 2074 de
387 2049 490 2074 [ποι-ιε
514 2042 694 2084 corporali,
723 2053 788 2084 qua
810 2044 905 2074 etiam
937 2043 1133 2074 sanctissimi

1187 247 1342 280 Abrahae
1365 259 1424 280 eos
1446 248 1510 282 boc
1533 250 1653 282 docere
1680 251 1856 292 potuisset·
1900 253 1938 284 In
1965 257 2087 286 emim
2108 259 2162 288 tuo

1185 291 1412 324 benedabentur
1443 303 1552 325 omnes
1581 298 1700 333 yences.
1744 293 1828 326 Nam
1856 294 1941 326 haec
1963 297 2065 328 verba
2087 308 2161 338 pro-

1186 333 1352 365 missionis
1380 342 1493 377 aperte
1517 336 1640 374 dicunt,
1672 334 1756 375 sore,
1789 342 1826 368 ut
1848 344 2021 370 serventur
2043 346 2160 381 gentes

1186 385 1245 416 per
1266 386 1380 408 semen
1403 378 1571 417 Abrahae,
1600 389 1666 410 non
1694 389 1754 420 per
1785 379 1889 420 ipsius
1910 380 2067 414 Abrahae
2089 393 2160 424 per-

1185 427 1312 450 sonam.
1356 419 1453 455 Quod
1486 422 1515 452 si
1548 428 1664 464 gentes
1699 422 1935 454 benedicuntur
1967 433 2027 465 per
2048 435 2161 457 semen

1185 459 1359 500 Abrahae,
1381 462 1473 505 Ergo
1495 470 1546 495 est
1568 464 1671 496 maior
1693 474 1789 506 quam
1811 464 1991 497 Abraham.

1271 503 1317 535 lta
1341 504 1426 537 Psal.
1453 506 1524 537 110.
1558 508 1653 539 DLz-it
1672 508 1826 539 Dominus
1846 507 1982 540 Domino
2008 519 2082 547 meo,
2112 519 2161 542 ro·

1186 543 1270 577 futat
1293 548 1446 579 tenebras
1469 549 1626 590 ipsorum,
1659 550 1692 581 in
1716 559 1781 591 quo
1804 551 1888 581 inter
1909 549 1974 582 alia
1996 551 2061 583 hoc
2083 563 2162 595 quo·

1186 598 1249 630 que
1272 589 1405 622 dicitur:
1432 592 1476 623 Tu
1498 602 1535 624 es
1556 593 1709 624 sacerdos
1729 594 1903 625 secundum
1924 595 2069 626 ordmem
2086 598 2161 628 Mel-

1186 632 1361 664 chisedech.
1394 633 1469 665 Non
1493 634 1586 666 dicit:
1609 636 1782 667 secundum
1804 637 1949 668 ordinem
1971 638 2056 669 Levi.
2102 637 2163 669 Est

1187 679 1295 705 autem
1319 673 1564 709 Melchisedech
1599 679 1714 715 maior,
1772 688 1845 709 uam
1869 677 2052 715 Abrahani;
2085 680 2161 722 quia

1187 716 1350 749 benedicit
1372 717 1536 751 Abrabae.
1571 720 1662 752 Sicut
1681 688 1906 761 hocqsspistola
1923 722 1965 753 ad
1988 721 2160 754 Hebraeos

1186 756 1324 800 pulchre
1346 766 1475 791 tractat.

1272 800 1360 833 Alibi
1394 803 1506 834 dicunt
1538 803 1724 845 Prophetae
1745 804 1900 837 Messinm
1934 816 2010 838 esse
2044 807 2160 847 Deum,

1186 849 1220 874 ut
1244 843 1398 876 ieremias
1421 846 1542 887 inquit:
1568 848 1704 879 Ger-men
1718 846 1854 881 Davidis
1876 854 1926 881 est
1935 849 2053 882 lebona
2075 854 2160 883 intefi-

1184 887 1230 937 tth
1251 892 1372 919 nostra.
1412 888 1561 930 Denique
1583 891 1707 930 passim
1729 891 1908 932 prophetae
1931 893 2050 924 docent
2075 893 2161 925 Mes-

1185 939 1266 961 siam
1290 931 1515 963 restituturum
1537 931 1692 963 iustitiam
1715 939 1747 964 et
1766 934 1864 965 vitam
1886 942 2065 967 aeternam.
2096 935 2161 968 Ho-

1186 983 1256 1004 rum
1279 971 1358 1004 nihil
1380 972 1610 1005 intellexerunt
1634 974 1696 1005 isti.

1270 1015 1462 1057 Respondet
1483 1023 1591 1048 autem
1605 1016 1774 1049 Christus:
1799 1019 1957 1051 Abraham
1980 1022 2058 1052 riam
2077 1021 2162 1053 diem

1184 1068 1296 1098 meum,
1319 1063 1352 1090 et
1371 1061 1508 1092 laetatus
1530 1064 1585 1092 est.
1610 1058 1763 1092 Affirmat
1780 1061 2004 1093 Abrahamum
2027 1073 2088 1104 pro
2113 1069 2162 1095 tat

1186 1101 1341 1132 Messiam
1363 1100 1525 1134 salvatum
1549 1112 1636 1140 esse,
1672 1103 1758 1135 unde
1779 1105 1938 1145 sequitur,
1962 1105 2052 1147 quod
2110 1115 2162 1137 e&

1185 1145 1254 1174 sias
1287 1145 1328 1175 sit
1363 1145 1477 1183 maior,
1511 1154 1608 1186 quam
1642 1146 1821 1178 Abraham.
1878 1147 1912 1178 ln
1947 1147 2078 1180 Graeco
2112 1153 2162 1180 ast

1186 1187 1320 1218 verbum
1339 1186 1548 1226 ἠγαλλιάσατο.
1596 1189 1754 1220 Abraham
1770 1194 1866 1229 pater
1889 1195 1993 1222 vestre
2014 1193 2167 1223 exultate

1186 1231 1293 1261 ridere
1325 1232 1409 1262 diem
1432 1240 1552 1268 meum,
1583 1230 1613 1261 id
1637 1238 1706 1268 est,
1736 1232 1968 1263 ardentissimo
1999 1233 2162 1265 desiderio

1186 1272 1344 1313 expetivit
1372 1273 1495 1311 videre,
1529 1275 1587 1304 Mi!
1607 1274 1811 1306 hertzlichem
1838 1276 1961 1306 selmen
1993 1277 2071 1308 vnde
2094 1285 2162 1308 ven

1184 1317 1310 1354 langen.
1356 1313 1452 1346 Diem
1475 1325 1594 1354 meum,
1617 1316 1649 1345 id
1672 1322 1735 1352 est,
1759 1326 1863 1347 meam
1886 1317 2087 1348 missionem.

1271 1355 1391 1398 Magna
1403 1365 1454 1388 est
1466 1356 1643 1396 Emphasis
1665 1358 1697 1388 in
1711 1357 1842 1389 Graeco
1862 1359 1977 1396 verbo,
1998 1359 2163 1398 ἀγαλλιαο,

1185 1405 1217 1431 et
1239 1398 1406 1439 ἆγάλλομαι
1425 1404 1455 1431 et
1467 1398 1675 1439 αγαλλιάομαι,
1694 1400 1782 1442 quod
1794 1400 1965 1433 deducitur
1983 1401 2026 1432 ab
2038 1400 2164 1441 ἄγαμαι,

1184 1442 1216 1473 id
1251 1450 1314 1479 est,
1350 1443 1513 1480 admiror,
1546 1443 1761 1474 admiratione
1794 1443 1958 1475 delector:
1991 1445 2078 1476 uude
2111 1451 2165 1476 est

1185 1486 1281 1516 ctiam
1305 1486 1440 1516 verbum
1464 1484 1584 1524 ἅγάπω,
1619 1484 1733 1527 diligo,
1757 1492 1791 1517 et
1823 1485 2012 1528 amplector.
2045 1486 2164 1526 ἄγαλμα

1185 1538 1239 1559 res
1263 1534 1417 1559 accurate
1440 1526 1611 1569 exculpto,
1643 1529 1785 1560 afferens
1816 1530 1987 1571 gaudium:
2022 1536 2053 1561 et
2087 1540 2163 1561 mox

1184 1571 1315 1602 additur
1376 1572 1440 1603 uod
1475 1574 1623 1610 laetatus,
1661 1582 1720 1603 seu
1739 1576 1870 1611 yart-ms
1904 1573 1948 1604 sie
1984 1573 2164 1604 Abraham.-

1184 1613 1310 1645 scilioet
1341 1581 1397 1644 iga
1425 1614 1548 1656 ingenti
1572 1613 1712 1651 laetitia,
1737 1625 1822 1655 quae
1844 1621 1896 1646 est
1924 1614 2047 1646 initium
2077 1615 2164 1646 vitae

1183 1663 1352 1689 aeternae.
1397 1655 1607 1695 ’.Ιγαλλιᾶσθαι
1632 1667 1696 1688 non
1721 1663 1771 1687 est
1794 1664 1918 1689 tantum
1942 1655 2076 1695 laetari,
2110 1656 2162 1689 vel

1185 1706 1314 1740 optare,
1338 1699 1396 1730 scd
1422 1700 1545 1741 gestire
1568 1697 1732 1735 laetando.

1272 1741 1410 1772 Laetitia
1440 1749 1489 1773 est
1514 1741 1650 1773 effeetus
1683 1742 1767 1773 fidei.
1815 1741 1897 1772 Cum
1931 1741 2012 1773 fides
2047 1749 2099 1774 est
2131 1743 2163 1774 ln

1185 1785 1298 1821 corde,
1317 1783 1457 1815 laetatur
1481 1796 1550 1815 cor.
1574 1784 1650 1815 ideo
1675 1786 1706 1815 in
1731 1786 1859 1815 cantico
1882 1783 2007 1816 Mariae
2030 1786 2162 1817 dicitur:

1183 1829 1366 1867 Maym'fica!
1386 1831 1494 1858 αηὶηια
1512 1837 1584 1859 men
1621 1829 1806 1859 Dominum:
1839 1832 1873 1858 et
1892 1829 2044 1859 exeatur-il
2108 1829 2164 1859 ἐπ’·

1185 1876 1236 1903 tus
1269 1881 1358 1901 meus
1388 1871 1419 1901 in
1446 1872 1510 1901 Deo
1540 1873 1675 1901 saluta-rt
1710 1881 1787 1901 meo.
1835 1869 1924 1903 ltem.
1959 1870 1989 1902 in
2014 1870 2079 1901 Psa
2094 1881 2161 1902 mo.

1187 1916 1363 1945 Laelammt'
1383 1914 1415 1943 ιή
1443 1915 1506 1943 Deo
1528 1923 1637 1944 omnes
1666 1915 1747 1944 rec-li
1778 1915 1880 1944 corde.
1928 1912 1988 1944 Ubi
2025 1924 2089 1944 nnn
2113 1921 2163 1944 est

1185 1955 1306 1987 laetitia
1331 1954 1454 1996 aliqua,
1479 1963 1542 1986 tum
1568 1967 1626 1985 vor
1651 1955 1754 1987 fremit
1780 1958 1941 1986 adver-*us
1956 1955 2076 1987 Deum:
2102 1955 2162 1987 Ubi

789 1999 855 2031 Sed
880 2000 1032 2031 Christus
1069 2010 1133 2030 non
1185 2006 1292 2030 autem
1316 2005 1365 2030 est
1391 1997 1549 2031 fremitus,
1574 1999 1615 2029 ibi
1640 2009 1704 2029 non
1729 2006 1778 2030 est
1803 1999 1895 2029 tides.

1273 2041 1352 2072 cum
1383 2040 1509 2072 Ductor
1539 2041 1646 2072 Tun-a
1682 2043 1857 2074 moriturus
1892 2048 1982 2072 esset
2016 2041 2160 2083 Lipsiae,

157 2089 324 2128 deponunt
354 2087 415 2117 lias
446 2086 584 2117 exuvias
619 2096 803 2126 corporum.
848 2084 937 2117 Dicit
960 2086 1134 2117 credentes
1186 2084 1367 2116 accersitus
1391 2092 1439 2114 est
1464 2085 1505 2114 ad
1531 2095 1602 2115 cum
1628 2085 1858 2121 concionator,
1893 2083 2003 2115 Morus
2022 2084 2163 2116 nomine-

157 2141 222 2161 non
246 2129 397 2172 superari
419 2129 602 2162 terroribus
625 2130 753 2166 mortis,
788 2136 819 2160 et
843 2139 901 2170 per
924 2129 1026 2170 ipsum
1050 2139 1133 2159 mor-

159 2180 223 2205 tem
247 2173 389 2204 transire
429 2172 469 2203 ad
505 2172 602 2203 vitam
637 2179 814 2203 aeternum.
860 2172 949 2202 Sicut
978 2172 1009 2202 in
1032 2172 1135 2212 prima

157 2216 375 2258 promissione
411 2224 541 2256 quoque
564 2215 697 2247 dicitur:
728 2216 842 2247 Semen
861 2215 1004 2245 nnde'eris
1032 2219 1135 2246 conte-

158 2264 208 2291 re!
227 2263 323 2299 caput
343 2262 515 2299 serpentis,
538 2258 570 2288 id
594 2264 657 2295 est,
680 2256 893 2289 labefactabit
906 2264 938 2288 et
961 2255 1054 2288 tollet
1079 2268 1135 2299 po-

158 2302 291 2334 tentiam
315 2301 430 2332 mortis
452 2307 482 2332 et
508 2299 696 2332 inferorum.

244 2344 310 2375 Sed
335 2349 476 2386 pergunt
499 2343 626 2375 ludaei:
659 2343 819 2383 ,itemqnid
838 2347 872 2374 tu
894 2346 996 2374 maior
1024 2353 1060 2374 es
1079 2353 1136 2383 pa-

158 2392 208 2419 tre
230 2391 338 2419 ποεῖν-ο
361 2388 542 2419 Abraham?
568 2388 664 2424 Quem
683 2389 770 2427 sacis
793 2390 823 2417 le
845 2387 970 2426 ipsum?
999 2385 1136 2416 Videtur

158 2431 207 2462 eis
229 2430 427 2467 absurdum,
455 2429 544 2471 quod
570 2440 635 2461 non
659 2435 781 2460 tantum
803 2427 915 2460 efferat
943 2429 1136 2463 doctrinam.

160 2472 219 2504 ned
248 2472 341 2504 etiarn
376 2481 552 2514 personam
577 2482 670 2504 suam
705 2482 744 2504 su
770 2481 806 2502 ra
831 2482 958 2509 omnes,
991 2472 1044 2512 qui
1080 2481 1135 2502 un-

160 2526 257 2557 quam
291 2514 422 2546 suerunt
457 2517 487 2546 in
523 2514 682 2546 Ecclesia.
773 2515 800 2546 ic
834 2521 980 2555 apparet.
1015 2521 1137 2555 quanta

160 2569 273 2590 eorum
307 2558 436 2590 inscitia
477 2557 584 2590 suerit.
639 2557 714 2590 Non
757 2555 944 2598 intelligunt
978 2557 1135 2588 Messinm

160 2612 235 2633 esse
260 2602 414 2633 maiorem
438 2600 646 2640 Abrahamo,
669 2611 742 2633 cum
766 2601 839 2642 ipsa
863 2601 1037 2642 promissio
1061 2600 1137 2631 datu

1188 2128 1247 2159 llic
1271 2128 1360 2158 stetit
1381 2127 1421 2157 ad
1447 2126 1577 2162 lectum,
1601 2127 1752 2158 hortatus
1775 2135 1825 2158 est
1849 2137 1935 2163 eum,
1958 2134 1992 2158 ut
2016 2139 2051 2158 se
2076 2136 2163 2159 com-

1187 2170 1355 2202 mendaret
1380 2168 1458 2201 lilio
1484 2169 1561 2208 Dei,
1591 2178 1620 2201 et
1653 2170 1799 2201 recitavit
1830 2171 1990 2212 quaedam
2014 2170 2100 2201 dicta
2122 2170 2162 2202 ad

1187 2224 1260 2245 eum
1294 2211 1543 2244 consolandum.
1600 2211 1658 2243 illc
1697 2211 1829 2244 sustulit
1863 2211 1997 2249 oculos,
2033 2213 2162 2244 dicens:

1187 2256 1304 2288 Credis
1328 2262 1361 2286 tu
1384 2254 1469 2286 huc?
1517 2256 1586 2287 uasi
1610 2256 1712 2288 dicat:
1741 2256 1819 2297 quid
1843 2255 1916 2286 milii
1943 2254 2102 2286 molestus
2125 2265 2163 2287 e·

1187 2300 1258 2331 istis
1293 2296 1433 2330 sabulis?
1478 2267 1630 2330 iciormus
1664 2305 1715 2330 est
1744 2305 1860 2340 postea
1890 2299 1921 2329 in
1951 2308 2070 2339 magno
2100 2296 2163 2329 fre

1188 2342 1275 2373 mitu.
1321 2341 1403 2372 Nam
1427 2342 1647 2374 dubitationes
1671 2341 1800 2382 pariunt
1824 2339 1994 2372 fremitum.
2029 2339 2163 2378 Contra,

1188 2386 1242 2416 ubi
1266 2391 1316 2416 est
1341 2385 1415 2416 fidei
1439 2382 1581 2416 scintilla
1605 2385 1634 2415 in
1659 2385 1777 2422 corde,
1801 2390 1851 2415 est
1875 2384 1917 2415 ibi
1941 2381 2051 2425 aliqua
2073 2382 2164 2415 laeti·

1188 2429 1242 2463 tin,
1277 2434 1306 2459 et
1342 2439 1408 2469 quo
1443 2427 1545 2458 maior
1579 2434 1630 2458 est
1664 2427 1766 2464 fides,
1799 2437 1839 2458 eo
1875 2425 1997 2458 laetitia
2031 2436 2162 2468 qaoque

1188 2471 1290 2502 maior
1312 2474 1374 2502 est.
1420 2471 1626 2501 Obserretur
1648 2470 1745 2511 igitur
1768 2469 1831 2501 hoc
1855 2469 1976 2501 dictum
1999 2476 2163 2510 tamquam

1189 2514 1407 2546 testimonium
1431 2514 1472 2546 de
1495 2512 1613 2545 effectu
1640 2513 1725 2544 iidci.
