2324 2958
110 182 174 215 941

110 277 212 308 credit
228 277 261 305 in
285 275 406 310 Mum,
429 276 492 304 iam
512 273 672 304 iudicatus
694 278 755 312 est,
778 278 808 303 et
829 275 881 305 ira
898 274 962 303 Dei
983 276 1083 302 manet

108 329 200 358 super
215 328 289 347 eum.
312 317 409 348 Nemo
422 319 503 346 venit
515 316 559 345 ad
570 316 707 349 Patrem,
726 318 787 345 uisi
801 327 860 356 per
871 316 1001 346 Filium.-
1021 316 1083 350 Qui

108 371 171 391 non
187 360 322 392 honorat
340 359 463 394 Filium,
481 370 542 389 non
561 358 695 388 honorat
707 358 841 389 Patrem.
886 359 980 391 quta
995 358 1082 390 hanc

107 414 145 436 re
172 401 258 434 ulam
278 408 407 443 oportet
430 412 492 433 nos
516 402 662 433 iudicare
685 402 726 432 de
743 400 924 440 salvandis,
943 408 998 433 aut
1016 411 1081 433 non

107 413 288 481 sffvandiS.
315 443 404 476 Nihil
415 444 676 479 immodestius,
691 445 838 486 graviuS‚
851 444 1037 487 diligentius
1050 444 1082 474 in

107 487 234 526 officio,
251 487 435 529 Pomponio
447 487 573 524 Attico,
593 488 645 528 qui
660 494 796 528 propter
810 487 947 518 virtutes
960 486 1081 519 charus

107 529 169 563 fuit
180 531 331 563 omnibus
349 530 510 571 patribus,
525 530 621 560 etiam
634 530 876 561 inimicissimis,
910 530 1083 572 Augustus

109 584 184 607 cum
206 583 246 605 eo
271 573 434 604 contraxit
452 570 655 603 affinitatem.
700 571 760 603 Est
777 573 922 603 insertus
941 571 1084 604 familiae

107 617 269 659 Augusti,
300 615 427 647 etiamsi
455 621 578 647 tantum
608 613 668 645 fuit
695 616 838 656 equestri
867 613 942 646 loco
973 621 1079 646 natus.

106 659 231 691 Mansit
255 659 289 690 in
312 658 379 689 vita
402 659 550 699 privata,
580 667 646 687 non
670 658 815 688 accessit
839 658 881 688 ad
905 656 992 688 ullos
1016 667 1081 688 ma·

108 702 278 745 gistratus.
336 700 425 732 {ntus
458 706 566 732 tamen
600 710 692 730 mens
726 701 796 731 eius
830 707 880 731 est
905 700 1080 742 Epicurea,

107 751 163 777 aut
181 750 271 776 certe
282 743 493 775 Academica.
529 742 654 780 Nescit,
670 743 746 784 quid
760 744 801 774 sit
814 743 922 779 Deus3
945 743 1081 780 dubitat,

107 797 151 819 an
173 788 216 818 sit
237 786 459 828 providentiam
487 793 561 822 aut,
591 786 619 816 si
643 786 685 816 sit
709 783 837 827 aliqua,
866 786 1007 827 disputat
1031 795 1083 816 se-

108 840 202 868 cum,
223 840 267 860 an
291 829 332 860 ad
354 829 459 870 ipsum
483 838 614 869 quoque
637 829 807 868 pertineat.
854 829 986 871 Cogitat
1010 838 1084 869 pro·

107 872 286 904 videntiam
316 881 394 902 esse
420 872 574 912 quiddam
603 881 778 908 arcanum,
802 872 887 912 quod
911 879 1003 913 regat
1028 872 1083 902 im-
1107 872 1110 880 '

107 915 216 956 peria:
239 924 306 945 non
329 920 438 945 autem
461 919 555 955 regat
583 912 745 955 singulos,
795 913 893 945 Tales
918 912 1084 945 confusio-

107 967 169 989 nes
192 957 448 998 disputationum
471 963 545 987 sunt
570 957 600 987 in
620 956 770 987 Ethnicis
795 957 891 987 etiam
914 957 1084 998 sapientis-

108 1000 201 1031 simis
219 1009 260 1030 ac
277 999 561 1030 moderatissimis·
596 997 683 1030 Nihil
699 1006 807 1030 autem
827 1010 965 1040 prorsus
978 1000 1085 1030 sciunt

109 1043 151 1075 de
172 1042 449 1083 promissionibus
476 1042 612 1079 divinis,
647 1051 733 1083 quae
767 1049 843 1073 sunt
876 1043 1016 1073 traditae
1045 1042 1086 1073 de

108 1085 299 1116 mediatore.
355 1085 429 1115 Non
459 1091 535 1115 sunt
565 1085 662 1126 igitur
691 1083 775 1115 tales
804 1085 948 1116 membra
972 1083 1086 1116 Eccle-

109 1128 199 1166 siae,
221 1134 253 1159 et
276 1137 342 1158 non
365 1133 442 1159 sunt
463 1125 625 1158 salvandi.

527 1186 664 1217 Contra:

194 1239 336 1279 Anqelus
356 1238 442 1268 venit
464 1238 510 1268 ad
528 1236 719 1275 Cornelium,
737 1241 765 1267 el
789 1238 884 1268 dicit.-
909 1237 1085 1269 Orationes

237 1285 312 1311 tuae
334 1281 508 1311 exauditae
530 1284 619 1311 sunm

191 1323 267 1355 Fuit
290 1327 394 1354 autem
417 1322 587 1354 Cornelius
605 1321 773 1353 Ethnicus:

193 1365 283 1406 Ergo
305 1366 399 1396 etiam
418 1365 547 1396 Ethm'ct'
565 1366 696 1406 placent
713 1364 795 1403 Deo,
813 1365 1004 1406 quanquam
1021 1373 1085 1396 ποπ

236 1412 354 1439 norunt
378 1407 549 1439 Christum.

193 1467 393 1509 Respondeo
416 1468 459 1498 ad
482 1466 659 1499 Minorem:
684 1466 870 1505 Cornelius,
888 1477 1083 1508 quamquam

109 1516 182 1543 erat
211 1510 389 1544 Etlmicus,
419 1516 528 1541 tamen
558 1517 653 1541 norat
684 1510 936 1551 promissionem
967 1516 999 1540 et
1028 1510 1084 1540 (lo-

109 1553 246 1585 ctrinam
269 1553 310 1584 de
333 1553 523 1584 mediatore.
558 1552 631 1583 Fuit
648 1562 690 1583 ex
707 1551 762 1584 illo
783 1562 905 1594 genere
923 1553 1083 1583 membro-

108 1606 179 1627 rum
202 1595 374 1627 Ecclesiae
398 1595 493 1626 istius
517 1596 691 1636 temporis,
720 1596 775 1636 qui
805 1596 997 1627 dicebantur
1024 1596 1083 1625 lie-

108 1639 234 1680 liyz'osi,
265 1648 326 1669 seu
358 1637 513 1669 Timmztes
544 1638 655 1669 Deum.
701 1637 804 1669 Erant
832 1639 917 1669 enim
944 1638 1004 1668 tria
1028 1648 1082 1678 ge-

107 1691 189 1713 nera
211 1681 379 1712 hominum
402 1681 434 1712 in
457 1679 612 1711 Ecclesia
635 1681 757 1711 veteris
773 1680 992 1712 Testamenti:
1020 1681 1083 1721 pri-

108 1733 195 1755 mum
230 1722 418 1761 Israelitae,
456 1733 518 1754 seu
558 1723 665 1754 ludaei
705 1724 772 1754 nati
811 1734 850 1754 ex
890 1724 1083 1764 posteritate

108 1764 283 1802 Abrahae3
306 1766 422 1797 deinde
448 1764 630 1807 Proselyti,
661 1767 716 1807 qui
741 1774 831 1797 erant
855 1767 918 1797 nati
943 1777 983 1797 ex
1007 1765 1084 1796 Eth-

109 1808 212 1846 nicis,
235 1808 295 1839 sed
317 1815 510 1849 receperant
533 1809 738 1840 ceremonias
761 1809 922 1847 Iudaicas,
945 1809 1084 1840 circum-

110 1852 268 1883 cisionem
287 1856 319 1882 et
341 1849 426 1882 alios
449 1852 542 1882 ritus.
593 1852 627 1882 ld
651 1862 716 1883 non
741 1860 808 1883 erat
833 1862 973 1883 necesse
997 1851 1082 1882 fieri:

109 1894 185 1936 quia
205 1894 409 1925 ceremoniae
433 1895 563 1934 proprie
589 1895 795 1935 pertinebant
823 1902 947 1925 tantum
972 1895 1014 1925 atl
1038 1894 1082 1924 ts-

109 1935 254 1968 raelitas.
311 1936 387 1967 ldeo
422 1935 631 1977 reprehendit
661 1936 812 1969 Christus
843 1937 999 1975 ludaeos,
1029 1937 1082 1978 qui

108 1978 215 2011 falsas
239 1980 474 2019 persuasiones
499 1981 687 2010 inserebant
712 1979 876 2017 Ethnicis3
900 1987 953 2019 ut,
977 1981 1004 2010 si
1028 1981 1082 2021 qui

107 2021 233 2054 vellent
258 2031 334 2053 esse
358 2023 503 2052 membra
528 2021 698 2053 Ecclesiae
723 2023 815 2054 istiu:-
839 2023 969 2065 populi,
993 2024 1082 2064 cogi-

107 2071 233 2102 tarent,
262 2075 299 2095 se
330 2065 404 2106 cogi
433 2065 474 2095 ad
498 2066 683 2096 sertandos
706 2066 787 2097 ritus
811 2067 976 2097 Iudaicos:
1019 2065 1084 2097 Vae

107 2108 212 2147 vobis,
238 2108 357 2148 inquit,
389 2108 445 2148 qui
466 2108 653 2145 circumitae,
676 2113 710 2139 ut
729 2108 868 2148 faciatis
889 2119 984 2140 mmm
1006 2119 1082 2149 pro-

108 2152 250 2192 selytum.

193 2192 303 2224 Tertio
339 2200 431 2224 erant
468 2193 534 2223 riri
566 2194 726 2234 relt'yiost‘5
767 2194 797 2224 id
832 2202 898 2232 est,
934 2195 1082 2226 homines

107 2235 256 2273 Ethnici‚
288 2236 440 2267 conversi
464 2237 505 2266 ad
530 2235 636 2267 Deum
660 2235 859 2277 patefactum
883 2238 914 2268 in
939 2238 1003 2269 isto
1027 2249 1083 2279 po-

107 2278 205 2320 pulo,
229 2285 261 2309 et
284 2279 466 2309 doctrinam
490 2279 529 2309 ‹le
551 2278 673 2310 Messia
695 2278 849 2320 amplexi,
872 2281 997 2311 etiamsi
1018 2291 1082 2311 non

107 2322 293 2362 reciperent
318 2323 619 2358 circumcisionem,
643 2332 705 2353 nec
728 2330 900 2354 servarent
923 2322 1006 2354 alias
1031 2335 1083 2354 ce-

108 2365 271 2396 remonias
295 2364 454 2395 Iudaicas-

194 2406 311 2438 Daniel
346 2406 466 2438 inultos
501 2406 583 2438 :aies
623 2408 784 2438 convertit
821 2408 851 2438 in
881 2408 1019 2449 Assyria
1051 2416 1081 2439 et

109 2448 235 2480 Persia.
281 2449 390 2481 Credo
410 2449 709 2487 Nabuclulonosor,
728 2449 991 2489 Evilmerodach,
1015 2451 1081 2482 Da-

107 2492 208 2530 rium,
237 2492 386 2529 Medum,
417 2500 448 2524 et
477 2494 599 2534 Cyrum
627 2500 761 2524 vocatos
786 2493 889 2525 fuisse
912 2495 952 2525 ad
977 2496 1081 2526 socie-

107 2540 207 2566 tatem
241 2534 427 2569 Ecclesiae,
470 2537 552 2567 sicut
590 2542 703 2576 postea
732 2535 900 2574 Elisaeus‚
934 2537 1080 2570 Naaman

107 2577 227 2619 Syrum
250 2579 421 2609 convertit.
475 2578 546 2609 Non
577 2579 722 2620 cogitate
745 2578 822 2610 iilos
846 2580 889 2610 ita
912 2579 1080 2624 negligen-

108 2625 160 2651 tes
183 2619 302 2658 fuisse,
327 2627 360 2652 ut
384 2619 464 2652 nihil
487 2622 712 2662 inquisiverint
735 2622 776 2653 de
800 2623 960 2654 doctrina.

784 179 1000 214 POSTILLA
1022 179 1416 212 MELANTHONIANA.

1135 2012 1147 2044 ι

2040 182 2104 214 942

1219 272 1361 308 Quando
1384 275 1481 315 igitur
1505 273 1672 317 Pelagiani
1695 274 1738 306 illi
1763 276 1934 307 obiiciunt:

1261 331 1326 360 Iste
1345 333 1408 370 fuit
1431 332 1597 364 Ethm‘cus:
1621 339 1651 364 et
1671 335 1749 372 fecit
1771 335 1851 365 bona
1875 346 1985 374 opera:

1260 373 1348 415 [ὗν-90
1371 376 1450 404 boun
1475 386 1568 414 opera
1593 381 1742 406 merentur
1763 379 1907 417 qratiam.

1220 432 1447 474 Respondete:
1483 434 1686 476 Quamquam
1714 435 1773 468 suit
1796 436 1972 475 Ethnicus,
1997 444 2106 469 tamen

1133 475 1193 507 fuit
1217 485 1413 514 conversus,
1437 475 1495 507 suit
1518 478 1635 516 tidelis,
1653 486 1749 510 norat
1772 480 1930 511 beneficia
1951 480 2104 512 Messiae.

1133 518 1214 550 Erat
1237 518 1344 550 cultor
1366 520 1436 550 veri
1460 518 1535 550 Dei:
1567 522 1693 552 sciebat
1716 532 1754 552 se
1778 529 1912 563 propter
1935 531 2105 554 venturum

1134 561 1308 592 Dominum
1332 562 1490 599 exaudiri,
1513 569 1545 593 et
1569 562 1701 603 placere
1725 564 1808 594 Deo.
1855 565 2026 599 Quomodo
2051 576 2106 606 po-

1135 605 1251 635 tuisset
1273 602 1396 645 alioqui
1418 605 1644 645 precationem
1668 606 1788 645 dicere,
1807 607 1834 637 si
1854 617 1918 637 non
1938 607 2106 639 habuisset

1135 646 1278 687 aliquam
1307 647 1454 677 notitiam
1485 649 1689 686 mediatoris,
1721 655 1751 679 et
1784 650 2012 690 promissionis
2036 661 2107 692 gra·

1136 690 1238 721 tuitae
1265 689 1305 720 de
1329 689 1536 721 Remi-ssione
1567 692 1802 731 peccatorum?
1854 691 1929 723 Non
1957 700 2007 724 est
2037 703 2107 734 pre-

1135 732 1238 770 catio,
1261 733 1395 773 quando
1419 743 1478 764 cor
1500 732 1675 765 reclamat:
1709 733 1841 768 Nescio,
1871 745 1911 764 an
1942 736 2107 769 exaudiar,

1135 785 1175 803 an
1196 784 1258 803 non
1281 775 1458 804 exaudiar?
1504 776 1666 810 Quomodo
1689 777 1883 811 invocabunt,
1903 778 2006 819 inquit
2026 779 2108 810 Pau-

1135 816 1204 855 lus,
1227 818 1289 846 nisi
1311 818 1462 850 credant?

1223 858 1364 891 Contra:
1410 861 1448 890 Si
1472 861 1535 899 fuit
1565 863 1598 890 in
1623 861 1767 891 Cornelio
1786 862 1865 901 fides
1887 864 1920 892 in
1944 863 2108 895 Christum,

1137 913 1191 931 eur
1213 903 1334 932 iubetur
1357 903 1400 932 acl
1423 913 1455 933 se
1478 914 1635 934 accersere
1657 904 1800 939 Petrum,
1825 906 1878 945 qui
1905 916 1969 935 eum
1997 906 2108 936 doceat

1137 945 1176 974 de
1201 944 1350 977 Christo?
1374 945 1591 988 Respondeo:
1615 947 1761 979 Fuerunt
1784 948 1816 979 in
1846 958 1885 978 eo
1909 949 1998 979 initia
2022 949 2109 987 fidei,

1137 998 1332 1029 quamquam
1355 988 1479 1030 aliquid
1502 989 1611 1021 adbuc
1640 996 1709 1021 erat
1738 991 1971 1029 obscuritatis,
2001 992 2109 1033 quoad

1138 1030 1286 1061 notitiam
1322 1030 1483 1065 Messiae.
1519 1043 1578 1064 seu
1611 1033 1722 1074 quoad
1757 1033 2020 1065 circumstantias
2054 1033 2110 1065 ali-

1138 1082 1220 1114 quas
1244 1074 1377 1104 exhibiti
1401 1075 1557 1106 Messiae.
1602 1075 1703 1106 Novit
1722 1076 1903 1107 doctrinam
1923 1078 2111 1117 promissio·

1138 1125 1232 1152 num,
1257 1116 1384 1147 etiamsi
1407 1118 1552 1149 nondum
1581 1117 1745 1158 explicate
1773 1118 1994 1161 intelligebat,
2023 1119 2110 1150 Mes-

1137 1158 1218 1188 siam
1242 1157 1332 1189 iuxta
1355 1161 1591 1199 promissiones
1615 1171 1690 1192 esse
1709 1160 1896 1193 exhibitum.
1943 1162 2110 1194 lnvocavit

1136 1209 1250 1231 verum
1272 1200 1400 1240 Deum,
1434 1204 1488 1244 qui
1520 1204 1549 1234 in
1580 1202 1635 1234 illo
1665 1203 1787 1245 populo
1811 1211 1908 1236 notus
1934 1211 1965 1236 et
1987 1204 2110 1247 patefa-

1138 1249 1212 1274 ctus
1235 1249 1316 1281 erat,
1337 1243 1456 1276 fiducia
1479 1247 1667 1277 mediatoris
1690 1247 1862 1287 promissi:
1885 1248 1944 1278 sed
1968 1249 2109 1279 nondum

1137 1292 1232 1316 norat
1266 1296 1441 1326 personam
1475 1288 1630 1320 Messiae.
1693 1289 1767 1320 Fuit
1804 1290 1836 1320 in
1879 1301 1918 1321 eo
1959 1289 2014 1322 illa
2056 1290 2111 1321 lux

1138 1327 1328 1370 Evangelii,
1362 1331 1451 1371 quod
1485 1332 1612 1363 sciebat
1644 1333 1846 1364 nasciturum
1878 1331 2045 1365 Christum
2080 1333 2111 1364 in

1137 1370 1256 1406 lsraeh
1290 1371 1351 1403 sed
1384 1375 1533 1414 quando,
1567 1372 1619 1405 vel
1654 1375 1742 1415 quod
1770 1375 1934 1413 venisset,
1968 1382 1999 1407 et
2027 1386 2111 1417 quae

1136 1423 1282 1455 persona
1315 1422 1424 1454 esset,
1457 1415 1522 1448 hoc
1555 1418 1735 1449 nesciebat.
1794 1418 1974 1460 Ignorabat
2004 1419 2112 1450 adhuc

1137 1454 1308 1488 articulum
1338 1458 1379 1489 de
1406 1459 1601 1500 praeterite,
1633 1460 1675 1491 de
1704 1471 1769 1502 quo
1792 1467 1910 1502 postea
1932 1461 2040 1493 audiet
2064 1468 2110 1492 te-

1135 1499 1322 1530 stimonium
1345 1499 1444 1532 Petri.

1221 1541 1326 1574 Etiam
1350 1543 1382 1574 in
1404 1543 1580 1585 Apostolis
1610 1543 1670 1577 fuit
1698 1546 1815 1577 notitia
1839 1546 1983 1578 obscura
2005 1546 2111 1577 initio:

1136 1583 1242 1615 Multa
1259 1595 1325 1616 non
1343 1586 1576 1618 intellexerunt
1594 1595 1670 1620 ante
1687 1590 1963 1620 resurrectionem
1976 1588 2110 1620 Christi.

1137 1627 1192 1658 Sic
1226 1626 1280 1658 alii
1313 1627 1404 1660 multi
1438 1631 1594 1661 tenebant
1627 1632 1880 1671 promissionem
1914 1633 1947 1662 in
1977 1642 2110 1674 genere,

1136 1670 1199 1701 etsi
1220 1671 1364 1702 nondum
1388 1673 1543 1704 tenebant
1566 1683 1703 1714 prorsus
1727 1673 1920 1715 explicatam
1939 1675 1971 1705 in
1989 1675 2112 1716 specie,

1136 1723 1197 1744 seu
1220 1713 1251 1744 in
1275 1715 1541 1747 circumstantiis,
1593 1715 1633 1747 Et
1657 1716 1689 1748 hi
1713 1723 1822 1748 tamen
1846 1728 1923 1748 vere
1946 1717 2110 1749 habebant

1136 1756 1223 1787 initia
1255 1756 1397 1798 Spiritus
1425 1759 1532 1790 sancti
1560 1765 1592 1790 et
1621 1759 1707 1790 fidei.
1763 1759 1846 1791 Illud
1869 1766 1978 1791 autem
2002 1768 2111 1791 monet

1135 1798 1319 1840 exemplum
1343 1800 1506 1832 Cornelii:
1537 1802 1626 1843 quod
1655 1803 1709 1834 ubi
1737 1808 1813 1834 sunt
1835 1803 1943 1841 initia,
1972 1804 2012 1833 iti
2037 1813 2111 1844 pro-

1135 1840 1235 1872 vehat
1257 1841 1350 1874 Deus
1373 1842 1585 1875 scintillulam
1609 1844 1700 1882 fidei3
1730 1846 1894 1877 accendat
1917 1847 2024 1886 magis
2046 1856 2111 1876 nta-

1136 1885 1267 1925 gisque‚
1290 1892 1321 1917 et
1344 1892 1464 1928 augeat
1486 1887 1572 1918 dona
1595 1888 1736 1929 Spiritus
1765 1889 1833 1926 sui,
1863 1889 1948 1920 sicut
1978 1889 2110 1919 dicitur:

1136 1927 1325 1957 Arundinem
1347 1933 1524 1969 quassatam
1547 1940 1607 1960 non
1627 1932 1802 1971 confrinyet
1821 1931 1981 1961 Dominus.
2017 1931 2110 1963 item:

1135 1969 1222 1999 Deus
1245 1973 1298 2010 qni
1320 1973 1414 2010 efficit
1440 1973 1471 2001 in
1492 1972 1576 2002 vobis
1605 1973 1693 2008 velle,
1724 1974 1813 2003 dabit
1843 1976 1933 2003 etiam
1955 1975 2108 2013 perficere-

1151 2020 1232 2051 tem,
1266 2013 1364 2044 Beati
1395 2017 1450 2055 qui
1482 2018 1618 2046 esuriunt
1651 2020 1681 2046 et
1710 2018 1819 2046 sitiunt
1842 2018 2007 2047 iustitium:
2037 2018 2111 2057 quia

1135 2056 1340 2095 replebuntur.

1222 2099 1280 2130 Sic
1312 2102 1410 2142 igitur
1443 2101 1560 2133 discite
1594 2100 1761 2142 explicare
1791 2109 2035 2144 argumentum,
2070 2103 2110 2133 de

1136 2152 1199 2183 quo
1225 2143 1303 2173 dixi:
1330 2144 1491 2173 Cornelius
1504 2143 1655 2174 Etlmirm·
1674 2146 1750 2182 feci!
1771 2146 1850 2175 bona
1875 2156 1980 2184 opera,
2005 2149 2033 2174 el
2053 2155 2110 2184 per

1134 2185 1211 2214 llaec
1234 2197 1329 2224 opera
1353 2191 1398 2216 est
1421 2189 1546 2216 meritus
1567 2190 1702 2225 *qratiam
1725 2193 1754 2217 ec
1777 2188 1929 2227 Spiritum
1954 2192 2108 2217 sanetum:

1135 2228 1222 2260 sicut
1244 2230 1348 2270 inquit
1370 2236 1496 2261 textus:
1520 2230 1731 2260 Ascendet-unt
1753 2231 1960 2271 eleemosynae
1984 2235 2054 2260 tuae
2077 2232 2109 2259 in

1135 2273 1306 2301 memoriam
1328 2274 1360 2301 in
1384 2277 1549 2312 conspectu
1567 2272 1644 2302 Dei:

1221 2314 1310 2354 Eryo
1339 2326 1433 2354 opera
1463 2315 1593 2344 moralia
1615 2315 1745 2345 hominis
1768 2315 1910 2350 Etlmici,
1946 2325 1998 2344 seu
2020 2315 2108 2345 homo

1135 2358 1236 2387 vivens
1265 2359 1428 2387 secundant
1452 2358 1546 2397 leyem
1573 2362 1718 2393 naturae,
1748 2362 1876 2387 meretur
1905 2359 2109 2387 remissionem

1132 2405 1346 2439 peccatorum,
1372 2405 1516 2438 meretur,
1541 2404 1573 2430 ut
1596 2402 1751 2430 inseratur
1774 2400 1952 2434 Ecclesiae,
1977 2405 2009 2430 ut
2029 2403 2108 2430 acci-

1130 2445 1203 2482 piat
1225 2445 1376 2483 Spiritum
1399 2447 1553 2477 sanctum,
1577 2448 1609 2472 ul
1628 2444 1685 2481 fiat
1707 2443 1813 2473 haeres
1834 2446 1916 2473 vitae
1938 2447 2088 2473 αείεηιαε.

1221 2495 1421 2535 Respondeo
1444 2495 1487 2525 ad
1511 2495 1728 2525 antecedens:
1754 2493 1927 2525 Cornelius
1952 2504 2017 2525 non
2042 2505 2107 2525 me-

1135 2539 1268 2569 rebatur
1291 2548 1360 2568 suis
1384 2538 1538 2577 operibus
1563 2538 1788 2568 remissionem
1808 2544 2031 2578 peccatorum,
2049 2538 2107 2568 sed

1133 2581 1252 2613 auditis
1276 2580 1549 2621 promissionibus
1573 2581 1755 2620 accipiebat
1778 2581 2005 2611 remissionem
2034 2589 2106 2621 pec·

1134 2631 1300 2659 catorum3
1324 2630 1354 2653 et
1379 2629 1449 2653 erat
1473 2621 1591 2660 tidelis,
1611 2623 1729 2660 iustus,
1749 2621 1886 2663 placens
1905 2621 1992 2659 Deo,
2010 2623 2106 2654 etiam
