2324 2958
277 215 341 248 315

275 307 534 341 misericordiam
562 306 626 338 Det
666 307 862 348 promissam
891 307 925 338 in
945 306 1096 345 Christo,
1122 313 1154 337 et
1174 316 1251 347 pro·

275 351 418 393 positum
440 350 622 381 desistendi
644 360 665 381 a
685 351 843 392 peccatis.

362 393 454 425 Haec
477 394 696 435 coniuguntur
719 393 749 424 in
762 393 1006 434 praedicatione
1018 391 1248 432 poenitentiae,

273 435 446 479 Evangelii
470 437 614 478 propria.
656 436 814 478 Arguitur
835 441 1007 477 peccatum
1031 435 1061 464 in
1086 434 1248 465 omnibus.

274 479 398 511 Postea
436 480 630 521 proponitur
671 477 855 511 consolatio
891 477 1112 509 credentibus.
1166 475 1248 511 Tum

272 521 401 554 fructus
424 523 585 554 bonorum
609 532 761 563 operum,
791 528 821 552 et
841 521 947 552 odium
971 519 1098 560 peccati
1120 520 1248 560 praeci-

272 566 370 606 pitur.
416 565 506 596 Haec
541 576 614 596 cum
638 565 804 601 audimus,
839 565 995 594 debemus
1023 572 1248 602 expavescere

272 608 439 650 agnitione
452 615 752 649 nostrorumpecca
790 617 872 643 rum,
896 612 927 636 et
940 604 1068 642 luctari,
1086 611 1247 636 utassen-

272 652 388 682 tiamur
416 651 624 693 promissioni
655 650 797 692 gratiae,
833 654 865 679 et
902 649 1068 688 deponere
1095 649 1246 689 proposi-

271 701 338 725 tum
364 694 601 736 perseverandi
635 694 667 724 iu
698 691 854 733 peccatis.
913 690 978 721 Ista
1012 696 1142 730 oportet
1176 691 1244 722 fieri

270 737 302 767 in
325 738 488 768 omnibus.
538 736 579 767 Et
612 745 796 778 quanquam
830 734 1040 774 praecipuum
1076 743 1159 774 opus
1195 740 1273 777 est·

271 779 411 821 Spiritus
434 780 553 816 sancti,
583 785 616 809 ut
640 779 701 809 ista
726 778 756 807 in
781 777 874 807 nobis
898 775 1103 814 efficiantur,
1136 782 1243 807 tamen
1271 780 1274 786 ¹

269 833 336 854 non
360 823 517 854 debemus
540 832 602 853 nos
627 820 798 861 refragari,
821 825 876 850 aut
899 829 1086 861 repugnare
1109 818 1244 860 Spiritui
1270 794 1274 847 i

269 872 398 903 sancto,
421 867 474 906 qui
499 864 567 896 vult
590 874 666 895 esse
679 862 797 894 efficax
822 872 880 903 per
893 863 1123 904 cogitationem
1139 863 1242 900 verbi,

271 913 304 939 et
326 909 458 939 adiuvat
483 918 543 939 nos
566 907 728 937 luctantes
752 915 825 936 cuni
850 905 1069 941 dubitatione,
1104 911 1135 935 et
1169 916 1243 936 cum

269 952 500 993 cupiditatibus
524 950 634 991 pravis
657 959 697 979 ae
721 949 857 979 vitiosis.

353 993 436 1025 Tota
460 993 634 1024 conversio
659 998 709 1022 est
733 990 924 1022 beneficium
941 990 1012 1028 Dei,
1035 991 1121 1022 sicut
1145 991 1240 1022 etiam

267 1036 340 1078 ipsa
362 1036 504 1067 vocatio.
550 1035 700 1067 Necesse
723 1040 774 1065 est
797 1033 897 1065 filium
918 1034 978 1065 Dei
1010 1034 1130 1064 docere
1154 1045 1242 1065 men-

267 1085 352 1117 tem,
382 1085 415 1110 et
437 1079 590 1120 Spiritum
625 1083 775 1108 sanctum
806 1086 940 1108 movere
977 1075 1174 1107 voluntatem
1210 1083 1240 1108 et

265 1121 399 1153 trahere
417 1132 484 1152 eor.
520 1120 584 1152 Sed
604 1127 711 1152 tamen
735 1120 800 1151 hoc
824 1121 938 1151 ordine
961 1121 1122 1151 convertit
1136 1118 1240 1158 Deus,

266 1171 312 1201 ut,
336 1165 468 1206 quando
502 1164 574 1205 ipse
603 1164 709 1195 estin
740 1163 836 1194 nobis
867 1161 1006 1199 efficax,
1042 1173 1240 1194 concurrere

265 1206 342 1238 velit
367 1208 599 1248 cogitationem
619 1213 765 1238 nostram
789 1206 821 1236 in
843 1206 1053 1237 meditatione
1075 1207 1185 1236 verbi:
1210 1212 1239 1237 et

265 1257 386 1281 motum
421 1249 600 1280 voluntatis
631 1256 664 1281 et
700 1250 827 1286 cordis,
862 1249 1115 1289 expavescentis
1150 1249 1240 1290 agni-

265 1293 352 1324 tione
375 1293 503 1333 peccati
538 1299 569 1323 et
604 1293 673 1323 irae
695 1291 774 1329 Dei,
809 1298 841 1322 et
870 1292 954 1322 inter
977 1292 1069 1331 ipsos
1094 1290 1240 1329 dolores,

265 1334 374 1377 aliquo
399 1335 496 1366 modo
521 1345 559 1366 se
581 1336 740 1377 erigentis
770 1335 907 1371 fiducia,
939 1335 1148 1374 quantumvis
1171 1333 1239 1364 lan-

264 1379 373 1421 guida,
408 1378 536 1410 divinae
567 1378 831 1415 misericordiae,
865 1383 897 1408 et
930 1378 1036 1418 tnagis
1068 1378 1240 1418 magisque

263 1421 413 1453 conantis
436 1431 621 1462 repugnare
645 1418 864 1458 diffidentiae,
899 1425 931 1451 et
961 1420 993 1450 in
1024 1420 1087 1450 hoe
1118 1427 1239 1451 conatu

262 1474 321 1496 seu
344 1463 433 1495 lucta
456 1462 581 1495 difticili
604 1463 808 1505 implorantis
822 1472 917 1502 opem
942 1468 972 1492 et
996 1461 1150 1493 auxilium
1165 1461 1238 1493 Dei.

262 1508 347 1538 sicut
370 1507 503 1538 dicitur:
527 1507 670 1547 Spiritus
691 1507 822 1537 adiurat
843 1507 1060 1544 infirmitatem
1083 1509 1238 1536 nostram.

262 1549 314 1588 Et,
341 1551 444 1582 Credo
465 1551 609 1588 Domine,
632 1550 692 1581 secl
712 1559 803 1589 opem
823 1551 880 1588 fer
902 1549 1118 1579 incredulitati
1139 1557 1238 1579 meae.

262 1591 418 1625 Similiter
447 1599 478 1624 et
506 1593 538 1624 in
563 1592 802 1624 emendatione,
821 1591 909 1622 vitae
936 1589 1005 1621 vult
1035 1588 1129 1621 Deus
1160 1600 1239 1622 con-

262 1646 396 1668 currere
426 1636 567 1667 studium
601 1641 634 1666 et
662 1633 864 1676 diligentiam
895 1638 1043 1664 nostram
1071 1633 1105 1664 in
1135 1633 1237 1674 repri-

261 1679 388 1710 mendis
406 1679 535 1710 vitiosis
558 1677 750 1715 affectibus,
774 1682 806 1708 et
829 1675 1027 1717 corrigenda
1049 1676 1237 1707 securitate.

349 1721 440 1754 Haec
463 1722 508 1752 ita
530 1731 619 1759 esse,
643 1720 802 1751 docemur
823 1718 888 1750 hoc
911 1720 984 1759 ipso
1009 1719 1238 1750 conversionis

262 1763 354 1796 Pauli
378 1763 546 1804 exemplo,
576 1764 631 1806 qui
659 1761 720 1794 fuit
741 1759 845 1793 antea'
859 1761 966 1793 hostis
990 1768 1022 1792 et
1044 1768 1239 1803 persecutor

263 1806 394 1839 Christi.
451 1808 523 1838 Fuit
546 1807 673 1838 iuvenis
697 1806 817 1837 ardens
840 1815 881 1836 ac
904 1803 1100 1842 vehemens,
1135 1804 1238 1836 voluit

262 1860 339 1882 esse
361 1848 518 1881 defensor
540 1849 636 1891 legis,
661 1854 691 1880 et
705 1847 837 1889 politiae
849 1848 1046 1879 constitutae
1071 1848 1236 1886 divinitus,

262 1894 348 1924 sicut
371 1893 462 1924 cives
487 1898 696 1930 constantes,
730 1892 762 1922 in
796 1891 1058 1922 dissensionibus
1082 1889 1235 1931 publicis,

264 1937 318 1977 qui
341 1934 456 1967 volunt
478 1945 556 1967 esse
579 1936 771 1977 optimarum
794 1934 945 1974 partium,
973 1934 1105 1964 student
1128 1932 1238 1965 desen-

262 1980 342 2010 dere
370 1985 576 2020 praesentem
609 1984 727 2008 statum
756 1976 980 2017 Reipublicae.
1036 1976 1117 2007 Cum
1141 1977 1240 2015 igitur

262 2021 450 2063 Stephanus
469 2022 593 2053 diceret
611 2019 694 2058 sore,
724 2025 757 2051 ut
782 2020 1006 2051 destrueretur
1036 2018 1092 2050 illa
1115 2012 1238 2060 politia,

262 2071 295 2097 et
317 2071 494 2106 propterea
526 2065 569 2095 ad
597 2074 712 2095 necem
744 2069 931 2104 raperetur,
967 2060 1150 2093 delectatus
1182 2061 1240 2093 suit

264 2106 388 2139 Paulus
413 2107 515 2139 caede
534 2106 702 2147 Stephani,
732 2111 765 2137 et
788 2107 932 2146 acceptis
961 2104 1064 2136 literis
1088 2116 1107 2136 a
1129 2115 1239 2136 saecr-

263 2151 412 2189 dotibus,
446 2160 506 2192 pro
529 2149 688 2182 ficiscitur
722 2150 784 2180 iani
807 2158 847 2179 ex
883 2147 1141 2181 llierosolvinis,
1173 2148 1239 2179 Da-

262 2203 410 2225 mascum
429 2203 560 2231 versuS,
583 2193 624 2224 ad
644 2191 891 2233 persequendos
911 2184 1091 2232 discipulos
1104 2191 1239 2222 Christi.

349 2236 410 2267 Hic
445 2237 562 2276 igitur,
597 2245 670 2266 eum
705 2235 735 2266 in
770 2235 929 2266 caecitate
953 2245 1031 2271 sua,
1066 2240 1097 2265 et
1120 2235 1152 2265 in
1176 2233 1238 2265 illis

263 2279 390 2321 maguis
421 2276 686 2310 ethorribilibus
710 2278 856 2318 peccatis
880 2278 950 2308 suis
982 2282 1149 2319 pergeret,
1184 2278 1239 2307 im—

263 2332 379 2353 mensa
399 2322 543 2353 bonitate
572 2328 670 2352 vocat
697 2331 770 2352 eum
794 2319 903 2356 Deus,
939 2327 969 2351 et
998 2327 1095 2352 vocat
1127 2321 1238 2361 siugu-

264 2363 324 2396 lari
346 2363 560 2406 spectaculo,
594 2365 626 2395 id
650 2370 718 2402 est,
749 2362 823 2394 loce
847 2362 1056 2395 miraculosa.
1092 2369 1123 2394 et
1157 2373 1239 2395 'xoce

264 2406 417 2445 caelesti,
447 2414 477 2439 ct
497 2409 590 2449 quasi
622 2405 756 2438 fulmine
786 2407 928 2447 quodam
957 2413 1118 2437 terrorum
1142 2417 1239 2448 pene-

263 2451 416 2482 trantium
441 2457 470 2482 et
507 2450 726 2493 frangentium
758 2460 816 2481 cor
846 2450 966 2491 ipsius.
1001 2450 1136 2480 retrahit
1166 2459 1239 2481 cum

263 2503 305 2525 ex
329 2494 435 2525 medio
459 2504 559 2525 eursu
582 2493 832 2535 persecutionis.

350 2535 421 2567 lloe
444 2537 586 2577 quidem,
620 2542 651 2567 ut
677 2537 754 2574 dixi,
790 2534 958 2577 singulare
994 2535 1146 2577 quiddam
1175 2541 1238 2567 est.

264 2579 332 2611 Sed
357 2579 388 2610 in
413 2579 483 2620 ipsa
503 2581 731 2613 conversione.
757 2588 815 2611 scu
839 2589 878 2610 co
899 2580 982 2620 ipso,
1006 2589 1078 2610 eum
1101 2589 1239 2610 conver-

266 2623 353 2660 titur,
377 2623 625 2663 conspiciuntur
656 2624 686 2654 in
710 2621 813 2654 l’aulo
849 2631 963 2653 omnes
993 2628 1105 2663 partes
1128 2622 1239 2663 poeui-

264 2667 395 2703 tenfiae,
417 2672 450 2697 et
473 2666 554 2697 ordo
579 2675 638 2697 seu
662 2666 791 2704 modus,
814 2676 878 2707 quo
897 2664 989 2696 Deus
1012 2665 1062 2696 sio
1085 2671 1240 2706 operatur

911 212 1023 246 PntL.
1047 213 1148 245 MEL.
1168 212 1357 246 SCRIPTA
1378 211 1643 246 EXEGE'HCA.

2208 218 2272 252 318

1302 307 1333 337 in
1357 317 1415 345 eo,
1443 313 1478 339 ut
1511 315 1688 341 concurrat
1708 308 1820 351 aliqua
1842 310 1929 342 aetio
1952 309 2143 348 voluntatis,
2165 318 2273 344 motoe

1301 349 1474 388 divinitus,
1508 361 1551 383 ne
1583 359 1762 394 repugnet,
1797 352 1858 384 sed
1889 354 2088 386 assentiatur
2109 353 2184 385 Deo
2216 365 2273 386 vo-

1301 393 1399 424 canti.

1386 435 1528 468 Primum
1561 437 1645 468 enim
1679 436 1747 468 filio
1783 436 1846 468 Dei
1881 448 1942 469 sua
1976 449 2060 470 voce
2094 445 2274 472 accusante

1300 485 1482 518 peccatum,
1500 485 1533 510 et
1556 478 1758 511 illuminante
1771 486 1922 519 mentem,
1945 486 1977 512 et
1989 487 2145 523 tangente
2157 488 2274 522 peetus

1299 521 1402 561 ipsius
1425 531 1527 553 sensu
1550 523 1618 553 irae
1641 522 1718 560 Dei,
1741 524 1895 565 agnoscit
1916 530 2089 564 peceatum
2111 534 2219 562 suum,
2242 531 2274 556 et

1300 564 1330 594 in
1355 565 1442 595 seria
1466 565 1661 596 contritione
1684 566 1780 597 discit
1798 575 1836 597 se
1866 567 1957 598 orius
1987 565 2092 598 fuisse
2121 565 2272 608 hypocri-

1299 611 1364 636 tam
1387 612 1565 638 tumentem
1587 610 1804 649 persuasione
1833 597 1918 639 saisa
1946 619 2027 640 suae
2056 609 2210 647 iustitiae,
2240 615 2272 641 et

1298 650 1465 689 agnoseit,
1499 656 1535 681 ut
1557 650 1628 691 ipse
1658 649 1818 692 loquitur,
1853 661 1890 682 se
1920 650 2080 683 hactenus
2103 653 2175 683 sine
2198 651 2274 695 lege

1299 691 1434 722 vixisse.
1480 692 1645 734 Agnoscit
1665 704 1703 725 se
1727 692 1928 725 horribiliter
1950 704 2131 735 peccasse,
2161 701 2193 726 et
2216 696 2273 726 do·

1299 733 1343 764 let
1366 739 1434 765 toto
1457 742 1610 775 pectore,
1639 737 1728 778 quod
1759 743 1850 768 tanta
1869 737 2049 768 acerbitate
2078 744 2273 778 persecutus

1299 777 1338 806 sit
1364 778 1508 808 membra
1531 777 1669 817 Christi,
1703 785 1735 811 et
1763 780 1849 820 quod
1881 778 1942 810 hac
1965 780 2196 819 persecutione
2219 790 2272 822 pe-

1298 820 1382 850 tierit
1406 819 1571 851 Christum
1594 821 1713 863 ipsum,
1750 823 1842 853 euius
1872 823 2115 853 severissimam
2140 823 2272 854 commi-
2320 858 2324 864 ⁴

1297 863 1460 894 nationem
1495 864 1600 895 audit:

1295 907 1474 937 calcitrare.

1382 949 1474 979 llaec
1508 949 1631 989 agnitio
1659 950 1786 990 peceati
1817 950 1913 981 etiam
1942 949 2060 991 postea
2080 951 2114 981 in
2137 959 2177 982 eo
2200 949 2271 990 fuit,

1296 992 1380 1022 sicut
1404 1001 1505 1032 saepe
1529 993 1754 1033 conqueritur,
1776 993 1864 1034 quod
1886 993 2044 1034 ignorans
2074 999 2271 1034 persecutus

1295 1032 1392 1065 sut-rit
1411 1033 1578 1065 Christum
1601 1040 1633 1065 et
1657 1041 1805 1072 sanctos,
1835 1043 1867 1066 et
1890 1036 2035 1067 nominat
2065 1046 2102 1066 se
2126 1037 2271 1076 ἔκτρωμα,

1294 1077 1326 1107 id
1346 1083 1407 1115 est,
1437 1079 1590 1110 abortum.
1642 1077 1724 1108 Nam
1757 1079 1895 1118 ἔκτρωμα
1929 1084 1981 1109 est
2015 1078 2123 1109 suetus
2153 1080 2271 1111 abortu

1295 1121 1411 1150 editus
1470 1119 1544 1155 Quo
1580 1119 1703 1152 nullum
1734 1127 1784 1152 est
1822 1119 2045 1162 spectaculum
2082 1119 2211 1154 foedius
2237 1128 2273 1153 et

1294 1161 1522 1194 miserabilius.

1379 1203 1458 1236 Tale
1474 1207 1618 1247 ,ἔκτρωμα
1649 1216 1685 1237 se
1708 1213 1805 1237 vocat
1830 1205 1955 1237 Paulus
1977 1217 2089 1237 corant
2114 1206 2204 1244 Deo,
2238 1207 2271 1238 id

1294 1243 1364 1286 est,
1395 1249 1610 1279 miserrimam
1641 1259 1804 1287 massam,
1837 1249 1978 1286 foedam,
2011 1248 2273 1289 abominabilem,

1294 1289 1424 1332 plenam
1447 1292 1735 1329 contaminatione,
1764 1297 1795 1322 et
1825 1291 1935 1323 multis
1960 1292 2088 1333 magnis
2112 1294 2271 1332 peccatis.

1379 1333 1509 1365 Deinde
1533 1345 1606 1365 eum
1629 1335 1748 1375 inquit:
1789 1334 1940 1373 Domine,
1974 1336 2050 1375 quid
2074 1338 2122 1367 ris
2146 1345 2196 1367 me
2217 1338 2272 1375 fa-

1293 1380 1390 1408 cere?
1447 1376 1487 1408 Et
1516 1387 1590 1408 eum
1623 1384 1740 1418 postea
1770 1377 1966 1408 describitur
1995 1387 2110 1416 orans,
2147 1377 2271 1420 signifi·

1294 1426 1388 1450 catur
1412 1418 1502 1450 lucta
1525 1429 1599 1450 cum
1623 1420 1817 1457 terroribus,
1844 1421 2051 1460 quantumvis
2075 1420 2183 1452 adhuc
2202 1419 2271 1451 lat>

1293 1461 1392 1502 guida
1420 1463 1462 1492 sit
1490 1460 1671 1493 scintillula
1699 1463 1785 1493 fidet.
1835 1462 1931 1503 ¹Nam
1959 1463 2035 1503 quia
2059 1462 2102 1493 ad
2130 1463 2272 1494 ministe-

1293 1505 1375 1535 rium
1405 1504 1554 1536 Ananiae
1576 1514 1597 1536 a
1619 1503 1752 1536 Christo
1786 1505 1946 1536 remissus
1979 1510 2072 1542 erat,
2103 1504 2167 1537 iam
2201 1510 2271 1538 tum

1293 1556 1372 1588 spes
1406 1547 1526 1578 veniae
1559 1547 1588 1578 ei
1611 1548 1868 1589 proponebatur.
1924 1546 2016 1579 Haec
2050 1546 2134 1579 fides
2167 1548 2273 1581 crevit

1292 1590 1325 1620 in
1345 1599 1384 1620 eo
1407 1595 1537 1631 postea,
1561 1591 1671 1622 audita
1683 1589 1914 1622 consolatione
1926 1590 2077 1622 Ananiae
2089 1596 2121 1622 et
2133 1596 2273 1633 accepto

1292 1632 1475 1673 Baptismo.
1531 1632 1641 1664 Antea
1675 1632 1828 1675 singulae
1862 1643 1963 1664 voces
1986 1633 2111 1665 Christi
2141 1631 2274 1666 fuerant

1292 1674 1426 1718 singula
1447 1673 1593 1714 fulmina,
1616 1676 1735 1717 quibus
1758 1685 1824 1707 non
1847 1676 1952 1718 potuit
1974 1686 2041 1707 non
2060 1675 2273 1709 vehementer

1291 1717 1526 1759 perterrefieri‚
1547 1719 1714 1760 prosterni
1737 1725 1769 1750 et
1793 1719 1994 1750 conturbari.
2034 1718 2069 1750 ln
2092 1717 2143 1750 his
2166 1725 2272 1752 terro-

1292 1761 1382 1792 ribus
1406 1771 1589 1802 oppressus
1615 1763 1886 1793 ceaster-natione
1909 1762 2080 1803 periisset,
2111 1762 2174 1794 nisi
2196 1772 2272 1804 pro-

1291 1805 1399 1845 posita
1421 1814 1481 1846 spe
1508 1804 1640 1843 veniae,
1670 1803 1814 1836 luctatus
1839 1810 1927 1835 esset
1959 1815 2031 1836 cum
2055 1805 2271 1843 dubitatione,

1293 1853 1325 1878 ct
1359 1847 1424 1878 fide
1459 1856 1496 1878 se
1529 1848 1711 1886 erexisset,
1745 1848 1954 1889 quantumvis
1988 1846 2098 1878 adhue
2130 1847 2270 1886 infirma,

1291 1890 1397 1922 donec
1420 1889 1602 1931 pleniorem
1625 1890 1890 1922 consolationem
1912 1892 2054 1931 accepit,
2085 1900 2159 1922 cum
2181 1891 2270 1922 Ana·

1292 1932 1364 1964 nias
1388 1933 1417 1964 ei
1445 1933 1649 1964 annuntiavit
1682 1934 1910 1965 remissionem
1943 1939 2157 1974 peccatorum
2182 1939 2215 1965 et
2236 1934 2270 1965 in

1292 1976 1511 2007 testimonium
1544 1977 1800 2017 acceptationis,
1837 1986 1897 2007 seu
1925 1976 2129 2007 remissionis
2151 1985 2270 2019 peeca-

1292 2025 1398 2050 torum
1422 2019 1451 2050 ei
1476 2019 1671 2059 baptismum
1690 2019 1874 2060 impertivit.

1378 2062 1552 2093 Postremo
1588 2069 1773 2103 sequuntur
1807 2069 1841 2093 et
1875 2059 2004 2093 fructus
2060 2061 2269 2101 cenitentiae,

1292 2103 1482 2142 consessio,
1516 2110 1548 2135 et
1581 2103 1790 2136 afflictiones.
1849 2103 1894 2136 lta
1924 2115 2039 2145 exemp
2055 2115 2106 2136 um
2131 2114 2270 2136 eonver-

1291 2148 1395 2178 sionis
1418 2148 1566 2187 integrae
1584 2153 1635 2179 est
1658 2149 1690 2179 in
1713 2147 1778 2179 hae
1801 2154 1894 2189 {marte
1916 2147 2075 2179 historiae
2098 2145 2206 2179 Pauli:
2229 2146 2270 2179 Et

1292 2191 1323 2221 in
1364 2189 1504 2231 singulis
1544 2191 1773 2222 conversionis
1813 2189 1900 2222 illius
1940 2191 2090 2232 partibus
2124 2190 2270 2222 cernitur

1291 2231 1402 2274 aliqua
1429 2234 1516 2264 actio
1547 2231 1737 2271 voluntatis,
1770 2240 1933 2275 quatenus
1967 2233 2079 2264 sanari
2114 2233 2269 2264 divinitus

1293 2277 1412 2316 coepit.
1467 2275 1579 2308 Manet
1611 2277 1697 2308 enini
1738 2275 1855 2319 regula
1886 2274 1941 2307 illa
1979 2286 2076 2307 verat
2108 2273 2185 2306 ssiu
2214 2278 2270 2314 μὴ

1292 2319 1307 2349 ὁ
1333 2319 1421 2355 θεὸς,
1443 2320 1617 2359 βουλόμενον
1639 2319 1671 2350 δὲ
1693 2319 1780 2351 ἕλκει.
1831 2321 1940 2350 Tralli!
1960 2318 2068 2355 Deus,
2090 2320 2151 2350 sed
2167 2321 2270 2350 volen-

1292 2367 1353 2394 tem
1388 2364 1496 2394 tralu't.
1559 2363 1632 2393 Non
1674 2363 1781 2404 pergit
1815 2372 2000 2403 repugnare
2034 2360 2174 2399 Paulus,
2209 2361 2268 2393 sed

1292 2407 1483 2437 assentitur.
1541 2406 1758 2446 Obtetnperat
1786 2406 1909 2438 verbo.
1948 2405 2097 2446 sequitur
2134 2405 2268 2436 ductum

1292 2449 1432 2489 Spiritus
1456 2449 1561 2479 sancti
1586 2448 1747 2480 trahentis
1771 2454 1802 2480 et
1825 2448 1987 2479 moventis
2017 2457 2089 2478 eum
2113 2457 2172 2489 per
2196 2456 2268 2478 veh·

1293 2492 1378 2523 bum.
1424 2493 1479 2523 Sic
1502 2493 1532 2522 in
1553 2492 1649 2523 nohis
1672 2501 1814 2533 quoque,
1849 2501 1921 2522 eum
1946 2491 2185 2528 convertimur,
2217 2495 2269 2521 est

1291 2533 1424 2576 aliquod
1449 2533 1545 2566 velle.
1591 2535 1750 2570 Quamdiu
1770 2534 1855 2565 euim
1883 2543 2022 2575 prorsus
2045 2541 2268 2575 repugnamus

1292 2579 1413 2610 verbo.
1449 2577 1601 2619 quamdiu
1631 2587 1696 2609 non
1722 2577 1911 2609 subiieimus
1946 2587 2008 2607 nos
2031 2575 2104 2608 Deo
2127 2575 2267 2607 trahenti

1292 2631 1350 2662 per
1372 2622 1521 2657 verbum,
1545 2621 1665 2651 tamdiu
1688 2618 1778 2651 nulla
1801 2626 1909 2661 potest
1933 2619 1995 2650 dici
2015 2625 2069 2650 nat
2094 2628 2170 2650 esse
2188 2627 2267 2649 eon·

1292 2665 1411 2695 versio.
1451 2665 1543 2699 Quae
1567 2673 1753 2705 quanquam
1774 2661 1836 2694 Dei
1858 2669 1909 2693 est
1933 2662 2138 2699 beneficium,
2156 2667 2265 2692 tamen

1635 866 1758 896 Durum
1791 870 1842 896 est
1871 866 1930 896 ciba·
1962 870 2075 897 contra
2109 868 2272 897 stimulum
2319 911 2324 922 1
