2324 2958
182 191 245 224 243

182 285 313 325 egitime
341 284 443 315 utenti
466 283 697 315 sacramentis
739 283 829 323 iuxta
855 282 1090 313 institutionem
1115 280 1158 310 di·

181 328 297 358 vinam.
342 326 416 357 Non
441 336 610 367 vagemur,
633 333 668 357 ut
691 325 782 357 multi
807 324 942 363 faciunt,
972 325 1090 365 quibus
1115 323 1160 353 ni-

181 369 227 400 hil
262 367 388 410 placet,
423 368 477 409 qui
501 378 581 399 suas
605 374 728 399 tantum
752 368 925 409 opiniones
949 367 1161 401 admirantur,

180 413 234 454 qui
259 410 337 442 nulli
363 418 472 442 certae
496 409 669 443 Ecclesiae
698 421 735 442 se
769 411 971 451 adiungunt:
1008 408 1161 438 ostenda-

179 463 253 486 mus
276 464 338 485 nos
362 464 439 485 esse
462 455 608 485 membra
631 453 806 485 Ecclesiae
836 454 867 484 in
892 450 1102 492 professione
1127 449 1161 479 fi-

181 498 245 534 dei,
265 503 296 528 et
321 497 352 527 in
376 497 539 528 communi
562 507 626 528 usu
655 497 952 527 Sacramentorum.
1021 493 1162 523 Studea-

179 550 252 571 mus
276 546 392 571 nostro
416 538 567 580 exemplo
592 540 675 570 tueri
699 539 980 571 consociationem
1004 546 1077 566 cum
1101 534 1162 565 Ec·

180 581 284 614 clesia
308 592 398 619 vera,
422 589 455 614 et
478 583 627 613 iuvemus
650 592 690 614 ac
704 592 860 613 ornenms
874 578 1161 612 conservationem

179 625 347 656 ministerii
370 625 401 655 in
426 624 591 656 Ecclesia.

265 667 377 699 Tertia
401 677 503 699 causa
527 668 660 709 propria
683 672 734 698 est
758 665 814 696 filii
836 664 918 702 Dei,
949 673 1010 695 seu
1028 662 1162 705 proprie

179 711 320 752 pertinet
343 711 384 741 ad
408 708 509 741 fllium
534 709 611 742 Dei:
631 716 665 741 ut
689 709 913 740 mediatorem.

265 753 341 785 Non
371 753 495 794 indiget
526 754 597 793 ipse
619 751 836 794 poenitentia,
868 759 933 780 non
957 748 1057 780 habet
1077 757 1160 789 opus

178 797 376 828 remissione
398 803 621 837 peccatorum.
667 794 709 825 Et
732 800 840 825 tamen
863 791 967 824 voluit
990 791 1162 832 baptizari,

177 845 213 871 ut
236 839 428 871 ostenderet
450 849 488 869 se
511 839 676 869 sustinere
700 843 815 868 nostra
826 840 980 877 peccata,
1003 840 1035 865 et
1055 844 1093 865 se
1105 834 1162 864 im-

177 882 393 925 mergendum
417 891 494 912 esse
513 881 544 911 in
568 886 716 917 mortem,
740 879 772 910 id
788 885 851 916 est,
874 878 1068 910 moriturum
1086 887 1162 917 pro-

177 931 252 967 pter
274 931 389 956 nostra
414 930 567 965 peccata,
603 921 746 954 futurum
776 922 941 952 victimam
966 931 1028 962 pro
1052 920 1161 958 nobis,

178 966 426 999 satisfacturum
450 977 510 1007 pro
534 975 656 1007 genere
679 963 838 996 humano:
872 964 944 995 Nec
977 970 1086 995 tamen
1114 963 1163 993 in-

178 1011 349 1042 teritumm
373 1020 410 1040 se
432 1019 583 1050 prorsus,
606 1008 667 1039 sed
679 1008 881 1039 revicturum
895 1016 984 1038 esse.
1015 1006 1051 1037 ln
1075 1005 1162 1037 hanc

177 1060 316 1085 monem
341 1052 463 1084 Christi
489 1051 673 1093 cogitemus
696 1060 760 1081 nos
783 1051 880 1082 etiam
903 1050 1007 1091 mergi
1021 1059 1082 1091 per
1104 1059 1163 1080 no-

176 1102 281 1128 strum
304 1096 524 1136 Baptismum:
555 1093 737 1125 Credamus
771 1091 860 1124 ablui
884 1098 1022 1133 peccata
1043 1097 1163 1123 nostra

176 1139 340 1181 sanguine
363 1136 418 1168 filii
442 1136 524 1175 Dei,
558 1143 592 1168 ut
616 1137 750 1168 dicitur:
785 1136 925 1175 Sanquts
942 1137 1016 1167 Iesu
1042 1136 1165 1167 Christi

174 1183 234 1221 filit
257 1183 320 1213 Dei
338 1182 492 1221 purificat
513 1190 572 1211 nos
594 1181 634 1211 ab
653 1182 741 1211 omni
757 1183 900 1219 peccato.
968 1178 1160 1209 Statuamus

177 1224 397 1256 obedientiam
421 1229 452 1254 et
475 1223 626 1253 meritum
651 1221 786 1260 Christi,
811 1222 963 1263 imputari
993 1221 1102 1258 nobis,
1125 1218 1162 1250 li-

177 1267 286 1299 berari
310 1276 373 1297 nos
395 1275 416 1297 u
440 1270 533 1296 reatu
556 1265 625 1296 irae
636 1264 713 1303 Dei,
737 1264 883 1295 Tandem
908 1264 1006 1295 etiam
1028 1274 1064 1295 re
1087 1264 1162 1304 ipsa

176 1311 207 1341 in
231 1309 328 1341 nobis
362 1307 489 1340 aboleri
511 1314 699 1349 peccatum,
730 1306 882 1338 efficacia
906 1306 1029 1339 Christi
1052 1315 1162 1338 resur-

176 1352 289 1395 gentis
312 1362 353 1383 ex
377 1357 501 1389 morte,
535 1351 625 1392 quod
647 1350 682 1381 fit
704 1350 738 1381 in
760 1349 825 1382 hac
847 1350 915 1381 vita
937 1349 1163 1387 inchoatione,

175 1402 293 1437 postea
317 1394 603 1426 consummatione
625 1393 658 1424 in
681 1393 748 1424 vita
771 1399 938 1424 secutura.

262 1437 354 1469 Haec
377 1443 427 1468 est
451 1435 657 1478 amplissima
670 1436 833 1474 doctrina,
855 1434 1006 1467 involuta
1029 1435 1061 1466 in
1081 1440 1161 1476 typo

174 1481 352 1512 mersionis
377 1479 500 1511 Christi
525 1480 557 1510 in
581 1489 701 1520 aquam
729 1478 890 1510 Iordanis.
947 1477 1162 1520 Significatur

174 1525 259 1556 enim
290 1529 360 1554 tota
387 1523 501 1564 passio
532 1522 621 1559 eius,
655 1527 687 1553 et
710 1531 819 1559 mors,
853 1530 939 1563 quae
962 1527 1070 1551 tamen
1094 1530 1161 1551 non

174 1574 225 1598 est
248 1566 412 1603 interitus,
435 1566 495 1596 sed
521 1565 680 1596 transitus
713 1565 756 1596 ad
788 1565 890 1595 vitam
924 1570 1104 1601 aeternam,
1129 1568 1161 1594 et

173 1610 269 1641 nobis
295 1615 346 1640 est
369 1608 534 1640 restitutio
558 1607 703 1639 iustitiae
725 1613 758 1639 et
781 1607 870 1638 vitae
891 1616 1001 1638 novae
1023 1616 1064 1642 ac
1087 1615 1161 1647 per-

173 1660 300 1694 petuae.

261 1694 402 1730 Quoties
437 1700 546 1725 autem
583 1693 625 1724 de
646 1693 810 1724 Passione
844 1698 876 1724 et
907 1698 1014 1724 morte
1037 1689 1161 1723 Christi

173 1737 350 1779 loquimur,
386 1735 655 1777 complectamur
683 1742 784 1767 totam
812 1734 1072 1767 humiliationem
1102 1732 1160 1765 filii

172 1780 250 1819 Dei,
286 1786 319 1811 et
348 1780 533 1811 intueamur
563 1778 709 1820 inprimis
733 1777 926 1810 horribilem
947 1787 1089 1820 agonem
1112 1775 1161 1808 lu-

174 1824 295 1856 ctantis
319 1833 394 1854 cum
416 1823 466 1854 ira
487 1821 564 1860 Dei,
589 1822 740 1853 derivata
762 1821 794 1852 in
816 1822 924 1862 ipsum
946 1831 1074 1862 poena,
1105 1819 1161 1852 ad-

173 1876 294 1899 versus
318 1875 403 1904 mea,
427 1872 458 1896 et
482 1872 549 1901 tua,
573 1871 605 1896 et
629 1865 771 1896 omnium
794 1871 945 1906 peccata.
976 1863 1065 1895 lacet
1088 1863 1160 1904 ipse

173 1914 366 1951 prostratus
390 1919 502 1939 eoram
526 1907 620 1945 Deo,
655 1908 781 1939 sudans
805 1907 1016 1949 sanguinem:
1053 1906 1160 1937 Sentit

173 1954 254 1984 iram
279 1951 343 1983 Dei
366 1951 492 1994 magis,
523 1961 619 1992 quam
647 1949 715 1981 ulla
739 1956 893 1981 creatura
922 1950 1010 1981 serre
1033 1954 1158 1990 posset.

173 1995 247 2027 Huc
266 1995 407 2036 pertinet
432 1994 552 2026 dictum
577 1991 678 2024 illud:
714 1994 794 2024 Eum
817 1997 871 2032 qui
893 2003 956 2025 non
980 1996 1067 2024 norit
1084 2002 1159 2032 pec-

172 2043 290 2075 catum,
311 2041 395 2078 fecit
407 2041 572 2078 peccalum
592 2046 655 2077 pro
677 2036 779 2074 nobis,
802 2036 834 2066 id
858 2042 921 2073 est,
944 2035 980 2066 ln
1004 2046 1070 2076 quo
1094 2045 1160 2065 non

173 2088 243 2114 erat
267 2079 389 2122 aliquid
414 2089 567 2122 pugnans
589 2085 644 2110 aut
669 2079 836 2110 dissidens
860 2089 879 2109 a
902 2077 1072 2110 voluntate
1086 2077 1161 2115 Dei,

173 2125 263 2156 hunc
286 2122 363 2155 fecit
388 2123 542 2165 quiddam
566 2132 658 2154 reum
677 2128 709 2153 et
733 2122 939 2159 damnatum,
968 2121 1063 2163 quasi
1088 2121 1160 2161 ipse

174 2167 313 2199 fecisset
337 2173 452 2198 nostra
475 2171 626 2208 peccata.
693 2164 813 2196 Esaias
845 2164 1076 2206 significanter
1095 2163 1160 2195 hoc

174 2210 363 2251 descripsit,
399 2221 472 2241 cum
498 2208 617 2250 in'quit:
652 2210 741 2240 Feci!
762 2212 794 2239 1'11
818 2218 889 2239 eum
913 2211 1083 2239 incurrere
1106 2217 1160 2238 no-

173 2259 245 2286 stra
264 2257 408 2294 peccam.
465 2252 557 2283 Sicut
581 2249 707 2283 diluvio
730 2249 840 2282 valido
864 2249 982 2291 aliquis
1007 2250 1160 2291 opprimi·

175 2304 243 2328 tur:
281 2296 328 2327 lta
358 2302 495 2337 peccata
518 2301 634 2326 nostra
658 2292 805 2325 fecerunt
831 2295 985 2334 impetum
1011 2294 1041 2324 in
1066 2292 1159 2324 shri-

175 2348 279 2377 stum,
299 2346 331 2371 et
355 2345 549 2380 presserunt
572 2347 661 2369 eumz
685 2338 803 2368 Obruit
826 2337 932 2378 ipsum
956 2337 1003 2368 ira
1017 2336 1079 2367 Dei
1103 2336 1159 2367 ad-

176 2392 294 2415 versus
314 2388 429 2413 nostra
452 2387 604 2424 peccata,
627 2391 667 2412 ac
690 2381 718 2411 si
742 2381 813 2422 ipse
826 2382 1085 2411 contaminasset
1110 2389 1160 2417 se,

177 2434 231 2457 aut
257 2423 390 2457 fecisset
412 2436 460 2456 ea.
528 2424 603 2466 lpse
627 2424 731 2455 sensit
750 2421 926 2454 horribiles
951 2421 1105 2460 dolores,
1128 2427 1159 2453 et

181 2468 269 2500 illam
293 2469 553 2511 magnitudinem
575 2468 654 2506 irae,
689 2477 786 2509 quam
810 2464 901 2497 nulla
925 2473 1078 2497 creatura
1101 2476 1158 2507 po·

180 2513 297 2544 tuisset
323 2512 496 2543 sustinere.

264 2553 397 2596 Aliquid
422 2554 584 2585 interdum
608 2554 784 2596 degustant
809 2551 971 2590 homines,
994 2549 1048 2582 alii
1072 2549 1158 2592 plus,

178 2596 230 2628 alii
255 2597 373 2629 minua.
441 2598 508 2629 Sed
532 2595 654 2628 nullius
679 2602 850 2627 creaturae
872 2601 962 2626 tanta
984 2601 1036 2626 est
1060 2604 1160 2635 enpa-

179 2641 272 2681 citas,
306 2647 341 2673 ut
376 2640 429 2672 vel
464 2639 645 2682 intelligere
679 2639 785 2681 possit
811 2638 1068 2681 magnitudinem
1091 2637 1158 2668 irae

832 188 945 220 PHlL.
968 187 1072 220 MEL.
1097 185 1283 219 SCRIPTA
1305 183 1568 216 EXEGETteA.

2133 186 2196 218 244

1214 278 1276 310 Dei
1300 279 1464 309 adversus
1488 285 1637 320 peccata.
1694 277 1828 320 Aliquid
1852 286 1962 310 tamen
1985 278 2198 320 cogitandum

1214 327 1276 359 est,
1299 328 1332 352 et
1355 321 1502 352 orandus
1525 326 1576 353 est
1598 320 1704 359 Deus,
1728 328 1761 354 ut
1785 321 1945 352 accendat
1967 319 2078 362 aliquo
2098 322 2197 353 modo

1213 370 1349 404 pectora
1371 369 1498 402 nostra,
1523 374 1564 396 ne
1588 370 1836 396 contemnamus
1858 364 1940 394 iram
1958 362 2033 401 Dei,
2058 373 2120 395 nee
2143 374 2197 395 ex-

1215 413 1386 438 tenuemus
1410 413 1561 448 peccata,
1585 408 1645 438 sed
1668 416 1806 448 agamus
1821 407 2062 446 poenitentiam,
2087 405 2198 438 dolea—

1214 459 1299 488 mus,
1324 449 1411 490 quod
1433 449 1541 481 Deum
1564 450 1710 491 peccatis
1735 450 1857 480 nostris
1877 448 2089 480 offendimus:
2114 449 2198 481 Rur-

1215 501 1273 523 sus
1294 493 1390 524 etiam
1412 498 1447 523 ut
1470 493 1636 533 erigamus
1661 502 1723 523 nos
1746 491 1822 530 fide,
1852 493 2017 523 intuentes
2040 491 2072 522 in
2096 490 2199 523 filium

1214 533 1289 573 Dei,
1324 536 1389 576 qui,
1426 545 1499 566 cnm
1522 536 1735 567 iustissimum
1766 542 1856 566 esset
1887 544 1949 565 nos
1972 535 2091 575 perire,
2126 535 2199 576 ipse

1215 579 1247 608 in
1270 588 1310 609 se
1327 579 1477 619 suscepit
1506 589 1647 620 poenam
1680 584 1872 609 nostrorum
1901 583 2135 619 peccatorum,
2168 582 2200 609 et

1215 627 1353 662 propter
1375 619 1464 652 hunc
1487 627 1672 652 statuentes
1699 631 1761 652 nos
1786 620 1890 661 recipi
1912 630 1932 651 a
1955 619 2042 658 Deo,
2065 621 2199 652 invoce-

1215 673 1287 694 mus
1310 673 1395 701 eum,
1431 665 1682 704 acquiescamus
1706 664 1736 694 in
1761 662 1847 701 Deo,
1878 662 2058 694 habeamus
2079 672 2199 694 conso-

1214 705 1371 737 lationem
1402 712 1434 736 et
1457 705 1612 738 laetitiam
1636 707 1667 737 in
1692 706 1776 737 Deo.
1845 705 1937 737 Haec
1960 706 1988 736 si
2012 715 2078 737 non
2102 716 2197 737 acce-

1215 749 1308 787 dunt,
1331 747 1410 779 nihil
1434 749 1529 780 nobis
1552 749 1691 789 prodest
1709 749 1832 780 mersio
1845 747 1969 780 Christi
1991 749 2025 778 in
2049 753 2199 787 mortem,

1214 793 1300 823 sicut
1322 789 1467 822 Diabolo
1491 790 1571 822 nihil
1594 792 1742 833 prodest.
1787 791 1880 823 Bene
1904 791 1996 822 novit
2020 789 2199 829 Diabolus,

1215 840 1373 876 quantum
1397 844 1481 865 onus
1499 835 1692 865 sustinuerit
1714 832 1801 865 filius
1818 834 1894 872 Dei,
1917 840 1949 865 et
1973 832 2049 875 plus
2072 834 2135 865 scit
2159 834 2200 865 de

1214 879 1265 909 ira
1288 877 1363 915 Dei,
1387 887 1484 918 quam
1507 887 1586 915 neS,
1616 888 1803 919 quanquam
1827 876 1917 909 illam
1940 877 2199 919 magnitudinem

1214 921 1312 952 etiam
1347 930 1412 951 non
1447 920 1610 957 exhaurit,
1643 919 1780 952 multum
1810 926 1920 951 tamen
1943 920 2019 957 scit,
2049 920 2110 950 sed
2133 929 2202 951 non

1214 963 1283 1006 agit
1306 963 1551 1003 poenitentiam,
1573 973 1641 993 non
1665 963 1753 994 addit
1775 962 1874 994 fidem
1896 969 1927 994 et
1945 963 2199 994 invocationem.

1302 1006 1377 1037 Non
1401 1006 1501 1047 igitur
1524 1006 1682 1037 debemus
1705 1005 1770 1037 ista
1792 1007 1953 1047 cogitare,
1979 1012 2013 1036 ut
2033 1004 2200 1037 Diabolus

1216 1050 1351 1091 cogitat:
1386 1049 1446 1079 sed
1482 1049 1671 1080 exuscitare
1699 1058 1762 1079 nos
1786 1048 1946 1080 debemus
1969 1048 2012 1079 ad
2030 1049 2201 1089 poeniten-

1216 1093 1305 1129 tiam,
1329 1092 1371 1123 ad
1395 1091 1505 1130 fidem,
1525 1092 1566 1122 ad
1591 1091 1846 1123 invocationem.

1301 1137 1348 1167 lta
1371 1135 1477 1176 magis
1501 1135 1565 1165 ista
1587 1133 1830 1176 intelligemuS,
1861 1139 1892 1165 et
1920 1133 2069 1174 proderit
2101 1133 2201 1165 nobis

1213 1178 1277 1209 ista
1301 1179 1458 1219 cogitatio
1492 1178 1535 1209 ad
1569 1176 1848 1209 consolationem:
1879 1176 2076 1218 praesertim
2098 1176 2128 1207 si
2150 1186 2202 1208 re-

1214 1221 1424 1253 cordabimur
1447 1221 1543 1252 etiam
1566 1220 1670 1251 nostri
1694 1220 1867 1260 Baptismi,
1898 1220 1930 1250 in
1954 1229 2019 1261 quo
2043 1219 2201 1262 obsigna-

1214 1265 1260 1295 tio
1295 1263 1385 1296 facta
1416 1270 1466 1295 est
1495 1262 1727 1304 applicationis
1752 1262 1988 1294 beneficiorum
2012 1260 2135 1293 Christi
2158 1262 2202 1293 ad

1215 1317 1295 1345 nos,
1329 1317 1392 1339 nec
1424 1305 1532 1337 solum
1555 1306 1690 1344 mortis,
1720 1306 1781 1336 sed
1812 1305 1910 1336 etiam
1945 1305 2202 1336 resurrectionis

1213 1350 1329 1391 ipsius,
1353 1350 1441 1381 sicut
1461 1349 1580 1380 Petrus
1603 1349 1723 1390 inquit:
1748 1351 1951 1389 Baptismnm
1972 1358 2045 1379 esse
2067 1348 2202 1388 stipula-

1212 1395 1331 1425 tionem
1353 1394 1454 1424 bmtae
1477 1395 1691 1423 conscientiae
1719 1401 1798 1430 erya
1831 1392 1935 1422 Deum
1962 1400 2024 1430 per
2051 1400 2201 1426 resurre-

1212 1437 1349 1468 ctionem
1377 1436 1505 1467 Christi.

1299 1478 1406 1509 Vetus
1430 1478 1594 1517 interpres
1616 1475 1759 1507 reddidit
1781 1473 1948 1507 vocabulo
1972 1475 2190 1517 interrogatio

1338 1521 1406 1552 Sed
1430 1520 1461 1551 in
1489 1519 1623 1550 Graeco
1652 1525 1703 1550 est
1732 1517 1922 1558 ἐπερώτημα.
1956 1517 2093 1558 ἐρώτημα
2116 1517 2204 1550 idem

1213 1570 1276 1601 est,
1299 1563 1388 1605 quod
1417 1562 1645 1604 interrogatio.
1713 1561 1778 1593 Sed
1805 1560 1986 1601 ἐπερώτημα
2021 1566 2073 1592 est
2108 1569 2202 1592 asse·

1213 1607 1339 1638 veratio
1363 1611 1439 1646 post
1468 1605 1771 1647 interrogationem.
1823 1601 2052 1634 Iurisconsulti
2078 1608 2203 1635 vocant

1213 1648 1472 1690 stipulationem,
1509 1657 1595 1689 quae
1618 1653 1671 1679 est
1693 1647 1900 1678 asseveratio
1924 1645 2014 1677 facta
2035 1646 2078 1677 ad
2101 1646 2201 1677 inter·

1213 1693 1420 1734 rogationem
1442 1690 1595 1728 alicuius,
1623 1700 1685 1722 seu
1715 1689 1904 1731 promissio,
1936 1689 1968 1719 in
1992 1699 2056 1730 qua
2079 1687 2200 1731 aliquis

1213 1737 1438 1777 interrogatus
1462 1734 1504 1765 de
1528 1739 1618 1765 certa
1637 1743 1685 1771 re,
1708 1733 1859 1764 daturum
1882 1738 1939 1763 aut
1974 1730 2141 1764 facturum
2161 1740 2200 1764 se

1213 1788 1290 1811 esse
1312 1777 1454 1819 spondet
1477 1777 1521 1815 id,
1545 1776 1634 1818 quod
1658 1777 1891 1817 interrogatur.

1299 1820 1375 1852 lura
1406 1820 1534 1851 dicunt:
1567 1820 1662 1851 Nuda
1687 1821 1862 1859 promissio
1885 1827 1948 1849 non
1968 1820 2061 1858 parit
2080 1818 2200 1857 obliqu-

1212 1869 1347 1899 Iz'onem:
1381 1868 1415 1895 ut
1438 1863 1466 1893 si
1489 1863 1563 1904 quis
1588 1862 1690 1893 dicat:
1725 1860 1823 1892 Dabo
1848 1861 1904 1892 tibi
1928 1862 2044 1892 decem
2063 1870 2199 1899 ειη-θος,

1212 1908 1358 1938 nondum
1391 1905 1496 1937 habes
1530 1904 1710 1941 actionem,
1744 1905 1804 1935 sed
1829 1910 1971 1945 possunt
1994 1913 2071 1935 esse
2094 1904 2201 1935 verba

1212 1949 1362 1988 honoris,
1385 1955 1420 1980 ut
1444 1949 1580 1979 dicitur:
1604 1948 1699 1979 Bono
1723 1949 1818 1979 rerba
1841 1957 1904 1979 non
1927 1951 2082 1987 rtunpune
2100 1947 2201 1978 cistae

1211 1995 1353 2025 dit-ilum.
1422 1991 1491 2023 Sed
1515 1992 1542 2022 si
1566 1991 1658 2022 dicas
1682 1990 1723 2021 ad
1747 1989 1906 2032 aliquem:
1930 1989 1991 2021 Vis
2013 1988 2092 2021 mihi
2117 1990 2198 2021 dare

1213 2037 1327 2067 decem
1351 2035 1496 2066 aureos?
1520 2040 1551 2066 et
1575 2032 1629 2065 ille
1653 2033 1871 2075 respondeat:
1910 2031 2008 2071 Volo,
2042 2039 2110 2064 tum
2140 2029 2198 2064 ha·

1214 2080 1274 2110 bes
1296 2079 1470 2109 actionem.

1212 1522 1276 1553 nis.

1299 2147 1376 2178 ldeo
1399 2152 1510 2177 autem
1533 2145 1677 2176 nominat
1692 2143 1811 2176 Petrus
1824 2143 2029 2185 Baptismum
2047 2150 2198 2175 nostrum

1212 2189 1473 2231 stipulationem:
1499 2188 1583 2223 Quia
1607 2195 1657 2219 est
1681 2195 1790 2220 mutua
1812 2186 1984 2229 obligatio.
2029 2186 2197 2218 Aeternus

1212 2239 1317 2275 pater,
1343 2231 1441 2269 fitius,
1465 2238 1497 2263 et
1521 2231 1663 2273 Spiritus
1686 2231 1717 2261 S.
1742 2229 1889 2272 obligant
1913 2241 1950 2263 se
1973 2230 2083 2267 nobis,
2106 2229 2197 2272 quod

1213 2275 1314 2308 velint
1337 2285 1399 2307 nos
1424 2275 1583 2315 recipcre.
1653 2275 1751 2305 Pater
1775 2280 1924 2306 testatur.
1960 2273 2049 2315 quod
2072 2273 2198 2304 miserit

1212 2318 1324 2353 filium,
1348 2325 1381 2350 ut
1406 2324 1495 2349 esset
1520 2318 1663 2348 victima.
1696 2316 1797 2349 titius
1821 2315 1965 2358 applicat
1984 2316 2082 2348 nobis
2101 2325 2197 2347 suum

1212 2363 1360 2393 meritum
1385 2368 1415 2393 et
1439 2371 1533 2391 suam
1557 2359 1752 2393 efficaciam.
1815 2360 1958 2402 Spiritus
1978 2365 2116 2391 sanctus
2139 2359 2197 2390 im-

1212 2405 1307 2447 pertit
1328 2415 1366 2436 se
1396 2405 1511 2437 nohis.
1547 2411 1581 2435 ut
1605 2403 1790 2435 sanctificet
1814 2413 1888 2434 noS.
1955 2402 2111 2434 Vicissim
2134 2411 2197 2433 nos

1212 2447 1398 2489 obligamus
1434 2447 1509 2484 fide,
1541 2447 1630 2489 quod
1665 2445 1804 2478 velimus
1826 2445 1982 2488 amplecti
2006 2444 2071 2477 hoc
2095 2445 2195 2476 bene·

1213 2491 1332 2523 ficium.

1298 2550 1440 2582 Veteres
1474 2550 1765 2582 accommodarunt
1795 2550 1837 2580 ad
1872 2549 2090 2591 baptismum,
2123 2545 2194 2589 pul-

1212 2594 1410 2626 cherrimum
1445 2592 1524 2625 illud
1554 2594 1675 2625 dictum
1699 2592 1863 2624 Micheae:
1891 2594 2045 2625 Proficies
2065 2594 2099 2623 tn
2117 2599 2195 2632 pro-

1208 2639 1347 2677 limdmn
1376 2641 1477 2669 maris
1502 2641 1609 2669 munia
1625 2641 1757 2678 met-ata
1778 2641 1899 2669 nostra.
1966 2634 2037 2666 Etsi
2066 2633 2196 2666 videtur
