2324 2958
100 159 144 194 93

102 253 190 295 apud
211 251 361 289 Plinium,
383 251 440 292 qui
463 249 669 292 Babylonem
693 255 793 290 caput
823 248 1076 280 chaldaicarum.

104 297 260 339 gentium,
281 295 365 326 sicut
386 292 541 335 loquitur,
566 298 599 324 et
621 292 793 335 Assyriam
811 302 942 333 quoque
965 291 1076 323 tribuit

102 338 364 381 Mesopotamiae
397 342 532 378 propter
565 345 677 367 amnes
706 333 783 365 illos
807 335 934 365 vicinos
959 341 989 365 et
1014 334 1076 366 cir-

103 381 276 415 cumfluos.
342 379 438 415 Quod
471 379 545 410 ideo
579 378 825 409 observandum
848 383 911 415 est,
937 387 980 408 ne
1002 378 1076 418 quis

102 425 322 458 narrationem
355 421 513 463 Stephani
546 427 639 461 putet
672 430 822 462 pugnare
849 429 923 451 cum
956 419 1076 457 Moise,

103 469 157 510 qui
192 477 232 499 ex
265 464 431 498 Chaldaea
466 474 526 496 seu
549 464 596 494 Ur
619 462 864 495 Chaldaeorum
886 463 931 494 ait
955 463 1076 493 exiisse

100 509 282 547 Abraham,
306 514 337 540 et
360 508 552 549 pervenisse
573 507 606 537 in
630 505 790 537 Charran.
837 504 916 536 Item
940 514 982 536 ne
1005 506 1076 536 Ste-

101 553 230 595 phanus
253 553 324 593 ipse
347 551 550 582 existimetur
582 559 696 581 secum
728 558 890 590 pugnare,
925 549 979 590 qui
1012 548 1076 589 pri-

100 606 187 628 mum
207 595 282 626 dicit
304 591 473 625 Abraham
496 598 651 624 vocatum
674 601 750 622 esse
773 593 805 622 in
824 590 1074 632 Mesopotamia.

100 638 143 670 Et
176 644 284 669 tamen
306 647 382 668 mox
417 636 524 667 addit:
559 635 681 666 exiisse
705 644 778 666 eum
802 635 843 665 de
866 640 954 665 terra
977 631 1076 665 Chal-

101 682 259 713 daeorum
278 686 309 711 et
331 679 501 714 habitasse
523 678 556 709 in
579 677 737 709 Charran.
784 676 875 708 Haec
898 678 943 708 ita
967 677 1076 708 conci-

99 723 210 755 lianda
231 729 319 760 sunt,
342 728 378 754 ut
389 721 544 760 sciamus,
567 720 827 762 Mesopotamiae
846 729 977 758 nomen,
995 730 1075 750 non·

100 776 267 807 nunquam
302 765 470 796 continere
511 773 571 795 seu
613 761 895 805 comprehendere
934 763 1075 794 vicinam

101 807 299 841 chaldaeam
323 813 356 838 et
377 807 562 849 Assyriam.
923 818 925 820 v

188 851 337 883 charran
360 859 441 882 vero
463 848 524 881 suit
547 850 699 891 oppidum
712 848 976 889 Mesopotamiae
999 857 1074 888 pro-

99 895 169 935 prie
192 894 241 925 sic
263 893 380 924 dictae.
424 892 553 924 Nomen
576 892 676 924 habet
698 892 739 923 ab
763 897 877 928 aestu,
911 890 996 929 Quia
1018 889 1074 922 illa

99 937 175 969 loca
193 941 270 968 sunt
290 942 460 974 aestuosa,
484 945 637 973 arenosa,
660 940 693 966 et
715 932 954 976 pulverulenta.

185 979 305 1011 Audivi
327 978 578 1020 'Norimbcrgae‚
597 977 712 1009 laetari
723 976 884 1008 Turcicos
896 977 1074 1013 exercitus,

99 1023 232 1065 quando
256 1022 336 1062 ipsis
360 1027 410 1052 est
433 1020 634 1053 militandum
657 1021 689 1051 in
712 1019 869 1062 Ungaria,
902 1019 956 1050 ubi
985 1025 1073 1050 terra

99 1067 206 1097 minus
236 1070 288 1096 est
320 1063 562 1104 pulverulenta.
629 1063 712 1094 Nam
746 1063 778 1093 in
801 1061 886 1093 locis
909 1063 1074 1093 aestuosis

99 1114 264 1149 coguntur
287 1105 403 1138 milites
417 1117 535 1149 magna
549 1117 620 1138 cum
634 1104 785 1137 molestia
798 1110 932 1146 gestare
943 1115 1073 1146 aquam,
1100 1136 1102 1147 Ι

99 1157 131 1182 et
167 1149 254 1182 ferre
282 1155 409 1187 aestus,
445 1156 476 1180 et
505 1148 672 1190 pulveres,
707 1149 761 1189 qui
791 1158 863 1179 cum
886 1149 974 1178 venti
997 1153 1075 1178 sunt
1099 1174 1102 1180 ,

99 1193 245 1231 adversi,
267 1193 412 1224 excitant
434 1190 619 1234 caliginem,
643 1197 675 1222 et
697 1190 832 1222 laedunt
855 1189 984 1221 oculos.
1023 1190 1075 1221 Fit

95 1235 217 1266 mentio
241 1235 351 1275 oppidi
375 1233 522 1266 Charrae
545 1235 577 1265 in
600 1233 740 1265 historia
763 1233 894 1271 Crassi,
929 1233 984 1275 qui
1007 1243 1073 1265 non

95 1276 215 1319 procul
237 1278 312 1308 inde
336 1275 528 1309 interfectus
551 1283 614 1308 est.
680 1277 725 1308 Ibi
760 1277 856 1307 etiam
891 1277 1073 1308 trucidatus

96 1327 146 1352 est
181 1320 364 1351 Bassianus
395 1318 581 1352 Caracalla.
648 1319 689 1350 Et
713 1317 771 1350 fuit
796 1319 839 1350 ibi
857 1317 1073 1361 plaerumque

93 1362 189 1395 limes
207 1364 334 1404 Imperii
355 1361 507 1394 Romani.

182 1405 243 1437 Est
269 1404 333 1437 hoc
360 1404 436 1436 loco
471 1414 673 1446 progressus
708 1410 759 1436 est
789 1404 962 1436 Abraham
996 1410 1073 1446 post

94 1454 234 1481 mortem
256 1448 362 1490 patris
386 1448 449 1486 sui,
472 1449 505 1479 in
523 1447 788 1479 amoenissimum
810 1446 939 1478 hortum
964 1452 1072 1479 terrae

97 1490 243 1523 Canaan.
268 1490 329 1522 Est
351 1496 459 1522 autem
482 1489 670 1531 Empbasis‚
693 1490 782 1531 quod
803 1490 848 1520 ait
871 1489 1071 1531 Stephanus,

95 1535 198 1566 Deum
216 1543 279 1565 mm
298 1535 427 1565 dedisse
448 1534 596 1564 Abrahae
603 1536 841 1573 possessionem
863 1533 897 1564 in
920 1542 959 1564 ea
972 1537 1071 1572 terra,

95 1586 139 1608 ne
161 1577 287 1616 quidem
305 1576 472 1614 cestiyz'um
498 1577 610 1616 pedis,
643 1577 709 1607 nisi
734 1583 885 1615 quantum
913 1579 993 1607 emit
1014 1585 1071 1616 pe-

93 1622 191 1651 cunia
211 1628 273 1650 sua
295 1622 329 1650 z'n
350 1621 453 1650 locum
475 1621 667 1658 sepultarae.
691 1618 846 1659 Sequitur
870 1619 955 1649 enim
978 1617 1070 1650 hinc:

95 1661 356 1693 Promissionem
389 1659 603 1701 principalem
637 1660 757 1691 factam
791 1660 981 1691 Abrahamo
1005 1670 1071 1692 non

94 1704 258 1746 pertinere
281 1704 415 1746 proprie
437 1703 478 1735 ad
502 1704 589 1735 bona
613 1701 817 1743 corporalia:
849 1702 889 1734 Et
921 1704 996 1744 quia
1019 1713 1071 1734 se-

96 1753 236 1789 quentes
259 1747 357 1778 etiam
379 1752 502 1787 patres,
538 1745 642 1781 lsaac,
677 1746 789 1784 Iacob,
820 1751 852 1777 et
880 1744 978 1777 huius
1001 1745 1070 1784 filii,

94 1799 202 1831 usque
234 1790 277 1821 ad
311 1789 439 1821 Moisen
472 1799 539 1820 non
571 1789 682 1830 adepti
717 1794 792 1820 sunt
821 1789 1070 1829 possessionem

95 1838 205 1864 terrae
239 1831 391 1863 Canaan:
425 1841 630 1874 nequaquam
660 1830 830 1873 alligatam
853 1841 930 1863 esse
955 1830 1069 1864 Eccle-

94 1876 177 1907 siam
201 1875 277 1907 huic
298 1873 434 1916 politiae
455 1879 511 1906 aut
533 1884 650 1917 regno.

181 1917 340 1949 Numerat
374 1923 492 1959 postea
525 1917 713 1959 Stephanus
735 1927 838 1949 annos
857 1918 1069 1957 quadringen—

95 1965 145 1992 tos
178 1962 218 1991 ab
251 1962 412 1992 Abraham
444 1970 543 2000 usque
571 1962 617 1991 acl
642 1961 840 1992 eductionem
863 1970 906 1991 ez·
924 1961 1070 2001 Aeyypto.

96 2001 219 2034 Paulus
247 2001 356 2034 Galat.
380 2005 411 2035 3.
441 2003 534 2044 ponit
561 2013 731 2035 numerum
754 2004 1070 2043 quadringentorum,

96 2050 130 2077 et
146 2046 278 2085 crz'yinla
299 2055 464 2077 annorum.

181 2087 290 2130 Aliqui
308 2098 414 2123 annos
433 2088 694 2130 quadringentos
714 2088 873 2130 Stephani
896 2094 1071 2120 numerant

94 2141 114 2162 a
137 2137 215 2162 nato
239 2131 350 2162 lsaac:
371 2130 639 2172 Quadi-ingentes
661 2141 741 2163 vero
764 2137 796 2162 et
812 2131 945 2173 triginta
963 2141 1070 2162 annos

93 2174 136 2205 ab
161 2183 200 2205 eo
224 2179 384 2215 tempore,
403 2184 467 2214 quo
481 2172 648 2205 Abraham
667 2185 731 2206 una
755 2184 829 2206 cum
851 2180 946 2215 patre
970 2174 1068 2205 em’vit

94 2225 135 2247 ex
159 2215 207 2247 Ur
230 2215 484 2248 Chaldaeorum.
529 2217 592 2248 Sed
611 2226 713 2258 saepe
736 2217 783 2255 fit,
805 2223 841 2249 ut
863 2218 895 2248 in
918 2216 1069 2259 populari

94 2268 248 2290 sermone
271 2261 438 2290 omittatur
459 2259 634 2300 praecisio,
657 2266 689 2291 et
711 2270 785 2292 cum
804 2260 948 2291 minores
970 2259 1070 2301 aliqui

93 2302 221 2333 numeri
255 2302 355 2333 additi
388 2308 465 2333 sunt
489 2302 602 2333 maiori
624 2312 779 2340 numero,
814 2308 941 2334 tantum
965 2303 1070 2334 maior

93 2354 250 2376 numerus
274 2345 487 2385 exprimatur,
509 2343 626 2376 relicto
649 2354 710 2377 seu
732 2355 914 2387 suppresso
938 2356 979 2378 ac
1003 2345 1069 2377 dis·

93 2385 247 2419 simulato
269 2397 406 2419 numero
428 2386 554 2418 minori.

181 2429 262 2462 Cum
296 2436 405 2462 autem
429 2436 494 2461 tam
517 2427 619 2471 longo
641 2435 790 2472 tempore
811 2431 938 2473 posteri
962 2431 1071 2462 Abra—

94 2472 158 2503 hae
178 2473 343 2504 caruerint
366 2473 581 2514 possessione
604 2478 714 2504 terrae
727 2472 880 2506 Canaan:
903 2472 983 2505 Vult
1005 2473 1071 2504 hoc

93 2514 284 2556 Stephanus
306 2514 472 2547 inculcare
494 2516 564 2547 suis
588 2515 799 2555 adversariis,
820 2517 1070 2558 promissionem

94 2558 166 2589 eius
200 2565 325 2597 terrae,
359 2564 391 2590 et
413 2563 514 2590 totam
534 2557 678 2600 politiam
700 2557 883 2591 Mosaicam
905 2570 972 2591 non
995 2569 1071 2591 esse

94 2599 276 2642 principale
299 2601 433 2639 bonum,
455 2602 497 2633 de
519 2611 586 2643 quo
609 2601 759 2642 patribus
781 2600 889 2634 iactae
911 2603 978 2635 sint
995 2612 1071 2644 pro-

782 154 999 187 POSTILLA
1026 152 1422 185 MELANTHONIANA.

1094 1846 1099 1905 Ι.

2060 155 2103 186 94

1126 246 1313 279 missiones.
1339 246 1381 277 Et
1392 255 1578 288 quanquam
1591 246 1863 283 circumcisioni&
1888 256 1972 288 quae
1995 247 2102 279 Abra-

1127 289 1190 321 hae
1220 290 1294 320 data
1328 289 1381 326 sit,
1417 289 1574 319 meminit:
1608 294 1717 321 tamen
1749 290 1871 321 diserte
1898 296 1993 321 antea
2013 291 2102 329 dixit,

1128 333 1297 363 Abraham
1331 331 1473 373 gratuita
1503 331 1729 363 misericordia
1762 338 1916 364 vocatum
1950 339 1983 364 et
2012 343 2102 364 rece-

1128 382 1219 417 ptum
1242 385 1318 406 esse
1341 385 1361 406 a
1383 373 1474 411 Deo,
1509 380 1539 404 et
1573 372 1739 415 placuisse
1763 376 1791 406 ei
1815 376 1909 406 etiam
1933 382 2010 406 ante.
2034 376 2102 406 Cir-

1129 419 1343 450 cumsionem:
1368 416 1462 448 Unde
1475 417 1935 458 sequiturCircumcisioncm,
1959 428 1998 449 ac
2021 417 2102 449 mul-

1128 468 1162 492 to
1186 462 1291 503 magis
1315 459 1461 502 reliquas
1481 460 1699 498 ceremonias,
1733 471 1816 501 quae
1840 460 1965 502 aliquot
1987 471 2102 492 saecu-

1127 503 1169 536 lis
1192 510 1271 546 post
1303 503 1529 545 praescriptae
1563 507 1639 533 sunt
1672 513 1730 544 per
1753 503 1895 541 Moisen,
1926 514 1990 534 non
2027 513 2103 535 esse

1129 546 1254 579 cultum
1275 544 1498 588 principalem.

1214 590 1310 625 Quod
1329 599 1409 620 vero
1432 589 1465 619 in
1488 593 1579 619 textu
1608 586 1745 629 legitur:
1779 590 1897 620 Patres
1925 590 2103 621 translatos

1128 643 1200 665 esse
1224 636 1257 664 in
1280 633 1415 673 Siclzem,
1439 636 1472 663 et
1489 634 1612 671 positas
1635 641 1707 663 esse
1730 634 1763 662 m
1785 637 1997 669 monumento,
2021 634 2106 671 quod

1128 681 1254 708 emerat
1274 675 1433 707 Abraham
1451 674 1561 715 predo
1583 677 1713 713 arqenci
1733 684 1754 705 a
1774 675 1851 713 filiis
1879 675 1977 706 Emor
1995 678 2104 715 patris

1129 720 1274 750 Sicleem:
1314 728 1380 748 non
1414 718 1528 749 dubito
1564 726 1641 747 esse
1675 716 1814 757 σφάλμα,
1849 726 1909 748 seu
1944 717 2103 758 ἁμάρτημα

1128 761 1285 803 γραφικόν,
1307 761 1339 792 id
1363 766 1425 798 est,
1448 765 1593 791 erratum
1610 758 1790 797 librarium,
1813 769 1871 791 seu
1892 761 2103 792 commissum

1128 815 1147 835 a
1170 804 1315 835 librario.
1345 801 1456 834 Facile
1481 803 1565 834 enim
1589 808 1621 833 et
1643 811 1745 843 saepe
1768 801 1832 833 hoc
1856 802 1902 840 fit,
1925 808 1960 834 ut
1984 803 2104 834 vitiose

1127 846 1249 888 aliquid
1273 846 1447 883 scribatur,
1470 851 1504 876 ut
1517 855 1578 886 pro
1595 845 1715 877 everrit
1733 847 1872 883 domum,
1896 846 2102 886 scripserunt

1126 889 1239 932 aliqui,
1272 889 1390 921 evertit
1418 888 1555 920 domum.
1623 887 1689 918 Pro
1728 889 1875 921 Clam-ran
1898 889 2104 929 scripserunt

1125 935 1228 971 Aran,
1251 943 1325 964 cum
1347 931 1431 963 haec
1453 930 1627 972 plurimum
1650 929 1810 962 differant.
1881 930 1968 962 Aran
1997 936 2048 962 est
2072 930 2104 961 fi·

1125 974 1191 1007 lius
1215 974 1340 1013 Thai-e,
1374 973 1480 1005 frater
1501 972 1666 1005 Abrahae.
1735 972 1885 1005 Charran
1905 979 1956 1004 est
1980 973 2104 1005 Civitas

1126 1018 1401 1059 Mesopotamiae.
1466 1016 1536 1047 Nos
1561 1017 1643 1056 ipsi,
1680 1027 1753 1048 cum
1777 1023 1890 1047 nostra
1914 1017 2103 1055 scribimus,

1126 1071 1227 1102 saepe
1249 1071 1315 1091 non
1339 1060 1656 1097 animadvertentes,
1686 1069 1836 1091 erramus
1859 1059 1891 1090 in
1915 1060 2104 1097 scribendo,

1126 1104 1213 1136 sicut
1245 1104 1375 1135 dicitur:
1411 1103 1457 1135 δ’ὁ
1492 1103 1602 1138 schreibt
1635 1102 1768 1134 nit-mani*
1802 1103 1921 1140 rntctbt,
1953 1103 2025 1134 retm
2059 1102 2103 1133 bic

1127 1147 1263 1186 idnribcr.
1309 1148 1408 1178 Nemo
1430 1148 1542 1177 viciose
1559 1145 1680 1185 scabit,
1703 1146 1770 1177 nisi
1790 1146 1846 1185 qm·
1865 1146 2029 1176 scribendi
2049 1147 2104 1176 lm-

1126 1192 1177 1221 ὑεῖ
1190 1190 1356 1230 perillam.
1402 1189 1486 1219 Nam
1509 1188 1636 1226 rustici,
1659 1188 1715 1229 qui
1738 1198 1804 1219 non
1829 1188 2012 1219 didicerunt
2035 1186 2104 1219 lite—

1126 1243 1194 1271 ras,
1219 1243 1285 1264 non
1308 1236 1451 1273 possunt
1475 1231 1633 1262 scribere.
1682 1230 1758 1262 ldeo
1781 1241 1843 1262 nec
1866 1236 1956 1262 recte
1979 1240 2040 1262 nec
2059 1231 2104 1261 vi-

1125 1277 1211 1308 tiose
1234 1276 1394 1306 scribunt.

1211 1318 1259 1349 Ita
1281 1318 1346 1349 hoc
1368 1316 1456 1356 loco,
1479 1317 1624 1357 scriptus
1648 1322 1699 1348 est
1711 1315 1894 1353 Abraham,
1917 1326 1977 1357 pro
1990 1315 2101 1348 Iacob.

1125 1361 1210 1393 Nam
1243 1361 1414 1392 Abraham
1448 1370 1514 1391 non
1550 1360 1624 1391 emit
1649 1358 1760 1390 locum
1783 1357 1975 1400 sepulturae
1998 1359 2029 1389 in
2054 1358 2103 1390 Si-

1125 1404 1229 1440 chem,
1253 1405 1312 1435 sed
1335 1402 1529 1445 speluncam
1552 1401 1727 1443 duplicem,
1749 1412 1817 1432 non
1839 1400 1955 1442 procul
1978 1403 2019 1432 ab
2040 1401 2103 1432 He—

1125 1448 1208 1478 bron
1231 1446 1285 1478 vel
1308 1446 1477 1478 Mambre:
1501 1445 1565 1476 Ubi
1588 1444 1737 1486 sepultus
1760 1450 1811 1475 est
1839 1445 1925 1484 ipsc,
1947 1450 1979 1475 et
2003 1444 2102 1475 Sara:

1123 1489 1166 1521 Et
1188 1496 1306 1531 postea
1329 1498 1460 1530 quoque
1483 1488 1577 1519 Isaac
1601 1494 1632 1518 et
1654 1487 1760 1519 Iacob.
1805 1486 1878 1518 Fuit
1907 1493 2015 1518 autem
2039 1486 2102 1518 He-

1124 1533 1208 1564 bron
1238 1533 1271 1563 in
1300 1533 1388 1563 tribu
1421 1531 1510 1563 Iuda.
1578 1529 1710 1561 Sichem
1745 1535 1797 1561 est
1831 1528 1914 1561 alius
1942 1528 2039 1561 locus
2069 1530 2102 1560 in

1122 1574 1289 1617 Ephraim.
1357 1574 1403 1606 lbi
1426 1579 1480 1605 est
1501 1571 1652 1614 sepultus
1675 1573 1808 1613 Ioseph,
1836 1579 1869 1604 et
1893 1572 2015 1604 caeteri
2038 1571 2102 1604 sra-

1123 1624 1192 1649 trcs
1216 1620 1303 1655 εὶιιε,
1338 1622 1373 1648 ut
1395 1616 1552 1648 scribitur
1573 1616 1606 1646 in
1629 1614 1713 1647 libro
1738 1615 1855 1646 losuae
1879 1625 1950 1656 cap.
1974 1613 2100 1647 ultimo.

1122 1660 1183 1691 Est
1206 1660 1367 1702 quaedam
1391 1658 1555 1700 diligentia
1590 1659 1689 1699 digna
1718 1658 1878 1689 studiosis
1901 1657 2101 1695 hominibus,

1123 1704 1338 1734 considerare
1350 1701 1436 1740 loca,
1455 1707 1486 1732 et
1499 1702 1593 1742 quasi
1612 1701 1726 1732 venire
1748 1701 1781 1731 in
1793 1711 1862 1731 rem
1881 1707 2100 1741 praesentem.
2143 1726 2146 1731 .

1122 1746 1195 1777 Fuit
1219 1745 1352 1777 Sichem
1375 1745 1470 1787 quasi
1492 1744 1716 1782 suburbanum
1746 1744 1923 1775 Samariae.
1991 1742 2022 1773 V
2025 1753 2101 1774 oca-

1122 1788 1235 1820 bulum
1258 1790 1365 1829 ipsum
1388 1786 1554 1830 significat
1575 1783 1760 1817 humerum:
1784 1785 1868 1821 Quia
1881 1784 1939 1817 fuit
1953 1786 1985 1816 in
2004 1784 2100 1823 colle,

1123 1838 1277 1873 tanquam
1310 1832 1342 1862 in
1376 1831 1524 1862 humero.
1593 1829 1628 1860 ln
1657 1828 1817 1860 hocloco
1840 1828 1925 1860 sedit
1949 1827 2100 1859 Christus

1122 1875 1209 1915 apud
1242 1872 1331 1905 illam
1365 1871 1533 1905 mulierem
1564 1872 1815 1909 Samaritanam,
1840 1878 1870 1902 et
1894 1878 1944 1901 est
1968 1872 1996 1902 ei
2021 1881 2101 1902 con-

1123 1919 1287 1956 cionatus,
1310 1916 1400 1948 loan.
1424 1916 1455 1947 4.
1500 1915 1546 1947 Ibi
1568 1915 1649 1946 vidit
1671 1915 1770 1946 Iacob
1794 1912 1928 1952 scalam,
1952 1914 1982 1944 in
2007 1914 2100 1945 cuius

1124 1961 1231 2002 capite
1264 1959 1416 2002 apparuit
1440 1959 1469 1989 ei
1492 1957 1581 1989 filius
1604 1957 1678 1989 Dei.
1715 1957 1808 1993 Quae
1833 1963 1884 1988 est
1907 1955 2100 1988 dulcissima

1123 2004 1232 2045 imago
1250 2001 1441 2034 Ecclesiae:
1466 2000 1502 2032 ln
1526 2011 1590 2042 qua
1613 1999 1771 2042 patefacit
1794 2009 1831 2031 se
1855 1999 1942 2031 filius
1962 1998 2045 2038 Dei,
2068 2004 2101 2030 et

1124 2047 1179 2078 dat
1201 2045 1441 2087 promissiones
1475 2053 1567 2075 suas.

1210 2089 1243 2120 ln
1268 2088 1460 2119 narratione
1483 2087 1524 2117 de
1547 2085 1653 2127 Moise
1677 2095 1838 2126 expresse
1860 2085 1936 2116 citat
1959 2083 2097 2125 Stepha-

1122 2142 1185 2163 nus
1209 2131 1399 2162 vaticinium
1422 2129 1539 2161 Moisis
1563 2129 1677 2167 [Deut.
1703 2128 1767 2167 184
1791 2128 1831 2159 de
1856 2126 2011 2158 Christo:
2041 2128 2100 2159 Su·

1122 2176 1251 2207 witarit
1274 2175 1361 2205 robis
1392 2175 1546 2204 Dominus
1573 2174 1662 2204 Deus
1695 2175 1798 2203 vester
1820 2181 1838 2202 e
1857 2170 2020 2210 fratribus
2050 2180 2099 2201 re-

1122 2221 1202 2250 stris
1223 2218 1428 2257 Prophetam,
1450 2216 1535 2247 sicut
1554 2225 1626 2246 me:
1647 2216 1758 2255 Ipsum
1780 2214 1896 2245 audile.
1929 2212 2000 2244 Hoc
2024 2212 2098 2244 ideo

1123 2261 1212 2299 citat,
1245 2265 1281 2291 ut
1303 2257 1441 2300 intelligi
1465 2263 1581 2300 posset
1602 2256 1732 2288 Moisen
1763 2257 1869 2297 ipsum
1892 2255 2100 2296 praedixisse

1122 2304 1163 2335 de
1185 2308 1326 2335 venturo
1350 2301 1497 2338 Christo,
1521 2310 1617 2342 quem
1640 2301 1811 2341 ipsenunc
1828 2298 2008 2339 praedicet,
2028 2297 2100 2329 Nec

1122 2345 1270 2378 voluisse
1297 2344 1441 2382 Moisen,
1475 2349 1511 2376 ut
1544 2344 1575 2374 in
1609 2342 1701 2384 Lege
1735 2348 1767 2373 et
1804 2340 2006 2372 Cei-emoniis
2039 2350 2099 2381 per

1122 2390 1230 2431 ipsum
1263 2388 1392 2420 traditis
1427 2385 1597 2418 Israelitae
1627 2385 1888 2426 acquiescerent,
1923 2383 1983 2415 sed
2007 2389 2041 2414 ut
2065 2384 2098 2415 in

1122 2437 1295 2465 venturum
1317 2429 1409 2462 illum
1420 2429 1597 2461 Dominum
1620 2427 1836 2467 respicerent,
1861 2426 1915 2468 qui
1937 2424 2099 2458 allaturus

1122 2480 1212 2507 esset
1234 2475 1370 2506 verbum
1393 2473 1576 2504 immediate
1599 2471 1750 2501 traditum
1773 2469 1891 2501 aDeo:
1910 2469 1997 2501 sicut
2020 2474 2099 2500 tunc

1122 2517 1249 2550 Moises
1272 2517 1426 2548 mandata
1445 2526 1464 2547 a
1487 2515 1560 2546 Deo
1583 2519 1721 2554 accepta
1742 2511 1886 2544 attulerit
1910 2522 1971 2543 suo
2000 2512 2097 2543 modo

1123 2562 1156 2593 in
1180 2559 1414 2593 constitutione
1437 2559 1531 2589 istius
1563 2555 1706 2598 politiae.
1751 2553 1831 2586 Vult
1855 2555 1950 2586 etlam
1974 2554 2097 2586 discer—

1123 2614 1203 2636 nere
1226 2602 1391 2635 Christum
1415 2607 1447 2633 et
1470 2598 1652 2641 Prophetas
1675 2597 1770 2637 alios,
1794 2597 1878 2633 Quia
1891 2606 2005 2629 omnes
2018 2596 2097 2628 Pro-
