2324 2958
221 200 281 232 ‘251

220 295 282 326 mis
306 300 338 326 et
361 295 562 337 cogitatione
584 295 626 326 ad
648 295 752 337 ripam
770 294 860 328 illam
879 295 1039 334 iordanis,
1061 296 1117 328 ubi
1141 305 1197 327 ex-

219 337 321 369 hibita
343 347 394 368 est
418 344 485 369 tam
504 336 595 370 clara
617 344 648 369 et
670 339 847 381 perspicua
866 338 1024 371 revelatio
1049 339 1197 370 difinita-

219 381 271 411 tis.
300 379 513 412 Assuesacite
533 381 630 412 etiam
654 391 727 420 vos,
751 382 793 413 ad
818 388 942 413 certam
961 380 1099 413 sormam
1123 392 1196 421 pre-

221 424 379 461 cationis,
403 434 487 465 quae
511 424 692 467 distinguat
719 431 865 456 vestram
887 425 1130 456 invocationem
1153 425 1195 455 ab

217 465 370 503 Ethnica,
395 473 429 498 ut
453 465 608 498 Ecclesia
630 468 663 498 in
685 468 828 509 antiquis
852 466 1004 499 collectis
1027 465 1125 497 solita
1144 473 1196 498 est

218 507 392 550 complecti
410 507 535 541 formas
559 511 796 542 convenientes
815 511 1054 552 precationum,
1079 509 1111 540 in
1130 519 1195 551 qua

217 551 312 583 fieret
356 552 477 584 mentio
512 553 608 584 trium
641 562 860 595 personarum
893 559 924 584 et
960 552 1194 583 beneficiorum

216 593 291 633 Dei,
314 601 349 627 ut
373 595 505 636 quando
530 596 665 628 dicitur:
711 596 798 626 Dens
823 597 876 635 qui
905 597 951 624 vis
972 604 1033 626 non
1057 596 1195 634 recipere

210 642 346 678 propter
364 638 470 677 filium.
485 638 618 670 Remitte
640 639 728 668 uobis
747 643 881 678 per-cata
900 642 930 667 et
952 639 1115 676 sanctifica
1137 648 1195 667 nos

214 682 338 721 Spiritu
360 685 480 712 sancto.
508 681 551 713 Et
572 681 751 723 pleraeque
775 680 937 713 collectae
961 681 1118 712 finiuntur
1130 680 1195 712 hac

217 722 386 756 clausula:
426 724 501 759 Per,
527 724 574 754 vel
589 729 723 764 propter
746 724 911 754 Dominum
934 727 1071 754 nostrum
1094 723 1194 753 Iesum

215 767 380 799 Christum.

301 810 397 842 Unde
420 810 539 841 dicitur
562 808 734 841 Collecta?
756 809 898 845 Quidam
920 809 1050 848 dicunt,
1073 818 1193 840 nomen

214 853 291 885 inde
313 863 399 891 esse,
423 853 512 894 quod
536 858 624 890 tunc,
649 863 722 885 cum
736 853 884 894 precatio
902 853 967 884 ista
979 851 1092 890 fiebat,
1114 862 1193 883 con-

214 895 387 928 serebatur
409 905 470 927 seu
492 894 712 937 colligebatur
736 895 959 937 eleemosyua.
1004 894 1121 926 Potest
1144 900 1192 926 ta-

213 949 288 971 men
312 937 455 971 collecta
478 937 670 979 simpliciter
691 939 812 980 exponi
835 939 877 970 de
900 939 1050 970 oratione
1074 943 1191 969 coetus

213 991 275 1014 seu
298 980 482 1014 Ecclesiae.
528 980 692 1019 Collecta,
714 983 746 1014 id
771 987 832 1020 est,
856 980 1011 1013 Ecclesia
1034 991 1094 1013 seu
1117 990 1192 1013 coe-

214 1031 268 1057 tus
293 1023 456 1057 collectus
480 1025 530 1056 sic
554 1030 639 1063 orat,
663 1024 713 1058 sic
736 1025 880 1056 invocat.

299 1068 335 1099 In
359 1066 557 1099 Psalmodiis
580 1066 690 1099 adhuc
718 1068 876 1101 afflatum
905 1073 974 1105 est,
1005 1077 1045 1098 ex
1069 1067 1191 1098 veteris

211 1110 386 1143 Ecclesiae
410 1111 651 1143 consuetudine
673 1111 798 1142 addere
825 1109 1084 1150 huncsversum:
1120 1109 1191 1139 Glo-

211 1156 261 1184 ria
281 1155 372 1193 patri
390 1157 419 1183 et
441 1153 507 1195 filio
537 1157 566 1183 et
588 1153 726 1192 Spiritui
748 1157 866 1183 sancto.
924 1153 1022 1189 Quod
1046 1153 1143 1184 etiam
1155 1153 1190 1183 fit

211 1198 254 1229 ad
278 1197 520 1239 segregandam
543 1197 785 1229 invocationem
814 1197 980 1238 propriam
1004 1194 1191 1234 Ecclesiae,

211 1241 254 1272 ab
277 1240 488 1271 invocatione
510 1239 669 1279 Ethnica,
700 1240 762 1271 etsi
781 1245 919 1280 apparet
942 1239 1033 1270 initio
1058 1239 1191 1280 opposi-

211 1289 279 1315 tum
301 1281 407 1314 fuisse
429 1282 518 1314 hunc
541 1293 674 1315 versum
695 1282 886 1320 haereticis,
921 1281 1120 1324 negantibus
1145 1282 1191 1313 di-

210 1326 381 1357 vinitatem
404 1325 462 1357 filii
486 1331 518 1357 et
537 1325 681 1366 Spiritus
705 1325 822 1357 sancti.

296 1369 398 1410 Apud
432 1368 612 1400 Eusebium
645 1370 805 1401 recitatur
839 1366 1062 1410 pulcherrima
1085 1365 1192 1398 forma

212 1412 431 1453 precationis,
465 1421 530 1453 qua
552 1411 762 1454 Pclycarpus
785 1421 868 1444 usus
892 1416 943 1442 est
965 1411 998 1442 in
1021 1416 1191 1452 postremo

210 1465 320 1497 agone
342 1465 417 1493 suo,
435 1465 519 1494 rogo
543 1456 608 1486 iam
627 1455 822 1496 impositus:
857 1453 944 1483 Dens
965 1457 1058 1493 pater
1082 1453 1193 1482 dilecti

207 1499 268 1538 filii
290 1499 337 1527 tm·
358 1498 428 1527 Iesu
450 1498 577 1533 Christi,
597 1508 657 1537 per
679 1508 765 1537 quem
792 1499 980 1536 aynih'onem
1004 1498 1050 1525 tui
1072 1497 1192 1534 accepi-

208 1552 283 1575 mus,
309 1541 465 1571 Conditor
488 1541 647 1571 universae
670 1544 848 1575 creaturae,
879 1544 909 1570 te
931 1541 1053 1576 invoco,
1073 1542 1103 1567 te
1122 1549 1192 1567 con-

206 1585 298 1623 fiteor
316 1594 380 1613 esse
401 1594 502 1613 verum
520 1584 632 1622 Deum,
656 1587 686 1613 te
706 1583 847 1622 ylore'fico
864 1593 922 1621 per
946 1582 1127 1620 Pontificem
1145 1581 1192 1610 ‹Ii-

211 1627 323 1658 lectum
337 1627 434 1667 filium
458 1631 556 1661 tuurn,
584 1638 649 1656 ιίιηι
670 1626 795 1666 Spiritu
821 1630 949 1656 sancto:
983 1626 1114 1664 :Suscipe
1136 1634 1192 1662 me,

210 1674 240 1701 εἰ
260 1671 316 1708 fac
339 1681 383 1699 me
405 1672 521 1700 socium
541 1671 777 1700 resurrectionis
799 1673 978 1699 sanctorum
1001 1672 1131 1698 tuorum.

296 1712 419 1745 Similis
437 1719 487 1745 est
506 1713 563 1745 illa
580 1712 698 1751 forma,
718 1723 816 1754 quam
835 1713 955 1743 crebro
972 1717 1122 1753 repetere
1139 1720 1192 1741 so-

209 1755 275 1788 leo.
297 1758 502 1797 Omnipotens
509 1758 604 1796 Deus,
617 1761 749 1788 aeterne
756 1760 854 1796 pater
863 1755 997 1787 Domini
1007 1757 1114 1787 nostri
1119 1756 1193 1786 Iesu

212 1801 337 1832 Christi
342 1826 350 1839 ,
373 1801 526 1832 Conditor
544 1803 684 1832 omnium
701 1809 826 1837 rerum,
842 1803 875 1830 et
891 1802 1110 1833 com-errator,
1128 1807 1193 1828 una

208 1853 280 1875 cum
300 1845 368 1882 filio
390 1847 423 1874 et
442 1844 567 1881 Spiritu
588 1846 700 1875 sancto
722 1846 784 1880 tuo,
806 1844 947 1882 stipiens,
969 1842 1058 1882 boue,
1080 1849 1192 1878 vera-2¹,

209 1890 301 1925 iuste,
323 1890 420 1925 caste,
443 1889 637 1924 misericors,
657 1887 764 1925 iudex,
787 1887 959 1923 liberrime,
983 1888 1037 1924 qui
1058 1888 1089 1915 te
1103 1888 1192 1923 pole-

206 1932 320 1969 fecisti
346 1930 437 1961 nobis
463 1934 552 1961 cerlo
580 1931 689 1961 rerba.
719 1933 751 1960 ec
779 1929 970 1960 testimoniis
997 1928 1131 1964 ‹liz-inis,
1162 1931 1195 1957 et

208 1974 342 2004 deitati:
378 1973 446 2003 Viro
469 1982 542 2012 eqo,
575 1974 654 2004 Nolo
682 1976 816 2003 mortem
840 1974 1038 2012 peccatoris,
1072 1970 1133 2001 sed
1160 1973 1194 2000 ut

207 2019 413 2047 concertatur
435 2020 466 2047 el
487 2019 578 2047 rin-at.
602 2018 757 2048 Miserere
779 2019 850 2053 mei,
878 2016 1018 2053 Iusrifica
1047 2023 1097 2044 me
1116 2022 1192 2052 pro-

205 2063 281 2099 pter
311 2060 413 2097 filium
446 2063 548 2097 tumn,
583 2064 616 2090 et
641 2060 807 2097 sanctifica
837 2059 960 2099 Spiritu
990 2060 1102 2088 sancto
1131 2060 1193 2095 tuo,

209 2104 296 2140 Reae
324 2103 515 2139 Ecclesiam,
543 2111 607 2133 me.
638 2106 670 2133 et
693 2103 855 2141 sentillam
883 2110 995 2132 meam.
1043 2100 1193 2131 Guberna

208 2150 364 2183 mentem,
394 2147 550 2184 linquam,
580 2149 707 2184 negantia
729 2154 808 2176 mea.
857 2145 988 2175 Custodi
1017 2153 1134 2182 corpus
1162 2147 1194 2174 ee

208 2191 349 2219 animam
383 2198 497 2219 meam.
544 2187 599 2219 Da
631 2189 715 2220 bona
753 2192 785 2218 e!
820 2190 978 2219 salutaria
1017 2189 1193 2225 reainn'na:

208 2234 331 2269 Iaraire
354 2234 475 2262 rictum.
499 2241 668 2263 successus
687 2234 719 2262 in
739 2235 908 2262 vocatione.
941 2231 1052 2269 Effice,
1076 2234 1109 2260 ul
1126 2234 1191 2261 slu-

208 2276 280 2310 (Ιιίι,
311 2279 343 2306 et
369 2279 464 2305 totum
488 2277 679 2306 currit-ulum
703 2277 784 2304 ritae
807 2284 894 2304 mem
916 2276 959 2304 si!
978 2275 1065 2313 selis
1087 2277 1120 2303 et
1140 2283 1190 2304 sa-

209 2320 313 2349 lutare
337 2318 415 2349 mila·
436 2321 466 2348 e!
490 2317 574 2355 aliie,
597 2322 655 2349 etc.
692 2315 782 2347 Talis
807 2315 915 2358 aliqua
939 2314 1045 2347 sorum
1068 2316 1109 2346 sit
1134 2326 1192 2346 vo-

210 2361 260 2391 bis
285 2361 316 2391 in
341 2367 536 2401 conspectu,
560 2366 592 2391 et
611 2360 687 2402 quia
703 2358 795 2391 Deus
815 2369 946 2400 semper
965 2357 1069 2390 voluit
1089 2369 1191 2399 agno-

209 2405 275 2441 sci,
304 2414 363 2444 per
386 2402 530 2445 aliquam
554 2409 722 2435 externam
747 2413 833 2441 rem,
863 2413 927 2444 qua
956 2413 993 2433 sc
1024 2401 1192 2442 patefecit,

210 2447 352 2486 cogitate
375 2447 460 2477 banc
487 2453 519 2477 et
543 2445 624 2478 alias
649 2445 891 2488 patefactiones
916 2445 997 2481 Dei,
1018 2451 1061 2476 -et
1090 2446 1191 2476 nomi-

209 2490 310 2521 natim
335 2488 586 2531 complectimini
616 2490 855 2530 promissiones
886 2489 1023 2519 traditas
1053 2489 1094 2519 de
1123 2487 1191 2518 tilio

209 2533 408 2570 mediatore,
437 2540 572 2574 propter
600 2543 699 2575 quem
721 2532 793 2565 vult
821 2542 883 2564 nos
907 2531 1000 2563 Deus
1023 2531 1191 2568 exaudire,

210 2583 240 2608 et
265 2577 388 2607 iuvare.

296 2619 425 2654 Quibus
448 2620 554 2650 modis
578 2619 685 2651 ‹liil‘crt
707 2617 860 2656 Etlinica,
883 2616 1114 2650 mahometica.
1142 2616 1190 2649 lu-

213 2662 320 2699 «laica,
355 2661 520 2704 Papistica
549 2663 715 2695 invocatio
738 2672 759 2694 a
781 2671 881 2694 verae
904 2659 1077 2693 Ecclesiae
1099 2661 1190 2692 invo-

853 201 966 234 Pffll..
989 201 1091 234 MEL.
1114 202 1301 236 SCRIPTA
1323 202 1585 236 EXEGETlCA.

2166 208 2232 242 252

2135 300 2232 334 Prior

2169 343 2229 377 Al-

1250 297 1405 329 catione?
1438 297 1645 340 Principales
1669 297 1874 330 differentiae
1896 299 1981 331 duae
2003 306 2089 332 sunt.

1249 346 1301 371 est
1324 341 1461 382 Agnitio
1495 342 1662 373 essentiae
1685 346 1718 372 et
1741 351 1959 383 personarum
1982 343 2014 373 in
2038 342 2124 376 Deo.

1249 387 1321 414 tera
1343 384 1480 425 Agnitio
1503 382 1684 415 voluntatis
1708 383 1771 415 Dei
1795 391 1827 415 et
1849 385 2053 417 mediatoris.

1334 425 1466 458 Ethnici
1485 427 1680 459 invocantes
1704 428 1878 465 nesciant,
1912 428 1968 469 qui
1985 428 2160 468 invocent,
2193 435 2230 462 ut

1247 467 1385 500 Hecuba
1405 469 1483 500 dicit
1505 470 1594 511 apud
1611 469 1822 510 Euripidem:
1862 469 1980 500 Invoco
2000 474 2030 500 te
2053 482 2072 501 ο
2094 471 2230 511 Iupiter,

1245 512 1402 553 quidquid
1424 522 1465 547 es,
1488 514 1552 542 sive
1562 512 1621 542 Ιιοε
1644 512 1770 550 coelum,
1793 513 1858 541 sive
1879 522 1962 542 mens
1979 514 2011 542 in
2035 513 2131 546 coelo.
2160 515 2230 548 Alii

1246 554 1403 586 invocant
1425 561 1564 594 statuas,
1587 554 1672 587 alius
1685 554 1773 586 aliud
1787 564 1920 594 numen,
1938 555 2128 596 Herculem,
2151 557 2230 594 Qui-

1246 596 1364 636 rinum,
1378 597 1558 637 Palladem,
1577 597 1745 629 lunonem.
1791 598 1978 630 Simonides
2003 597 2106 631 coluit
2119 599 2227 632 Deum

1245 638 1386 681 ὕστερον,
1409 641 1443 672 id
1465 647 1536 679 est,
1560 641 1646 672 diem
1668 641 1886 683 posteriorem
1909 647 2067 682 precatus
2090 648 2161 681 est,
2194 648 2230 675 ut

1246 682 1316 713 dies
1340 693 1485 724 sequens
1509 684 1573 715 sibi
1596 683 1727 715 faustus
1752 690 1854 715 esset.

1332 725 1441 758 ludaei
1453 733 1617 765 recenteS,
1629 725 1894 764 Mahometistae,
1906 725 2037 758 Turcae
2048 732 2126 759 sunt
2138 726 2227 759 blas-

1244 766 1353 809 phemi
1377 775 1495 800 contra
1516 767 1618 801 filium
1639 769 1730 811 Dei-ff
1771 768 1923 811 'Fingunt
1944 768 2054 801 Deum
2077 770 2227 802 condito·

1245 820 1326 849 rem,
1347 813 1402 853 qui
1432 822 1498 844 non
1521 812 1565 843 sit
1608 819 1680 843 ater
1703 811 1835 844 Domini
1860 811 2066 844 nostri-lesu
2089 812 2224 846 Christi.

1244 853 1316 885 Nos
1340 855 1371 885 in
1395 853 1551 887 Ecclesia
1572 865 1593 886 a
1621 856 1771 897 oquimur
1793 854 1903 886 Deum
1925 853 2126 895 patefactum
2149 857 2226 888 mis-

1244 897 1341 928 sione
1363 896 1438 936 filii,
1462 904 1493 929 et
1516 896 1676 929 effusione
1698 898 1841 939 Spiritus
1864 903 1992 936 sancti,
2015 904 2048 929 et
2070 897 2145 929 aliis
2168 899 2225 930 mi-

1243 940 1357 990 randis
1381 941 1592 980 testimoniis,
1612 941 1690 972 inde
1712 950 1819 982 usque
1841 941 1884 973 ab
1907 941 1998 972 initio
2012 941 2146 983 generis
2169 941 2229 974 hu-

1244 992 1341 1014 mani.

1329 1025 1383 1057 Ad
1413 1026 1498 1058 haec
1531 1026 1720 1058 testimonia
1755 1025 1886 1057 deducit
1918 1035 1980 1057 nos
2009 1025 2104 1059 Deus
2137 1026 2222 1068 ipse,

1242 1067 1329 1100 sicut
1361 1069 1474 1100 statim
1507 1070 1540 1101 in
1562 1070 1668 1110 primo
1687 1074 1865 1110 praecepto
1888 1069 2021 1100 dicitur:
2066 1068 2138 1109 Eyo
2160 1079 2226 1100 nan

1243 1110 1396 1141 Dominus
1418 1111 1523 1147 Dens,
1548 1114 1603 1153 qui
1625 1112 1736 1142 edznit
1760 1116 1790 1141 te
1819 1120 1861 1140 ea:
1889 1111 2036 1151 Aeyypto
2058 1121 2099 1141 ex
2133 1112 2225 1142 domo

1242 1155 1408 1184 servitutis.
1455 1155 1614 1196 Proponit
1636 1155 1860 1186 testimonium
1882 1153 2131 1195 patefactionis,
2153 1165 2220 1197 quo

1243 1195 1313 1229 vult
1325 1198 1468 1230 discerni
1481 1208 1596 1230 verum
1608 1198 1714 1230 Deum
1726 1208 1748 1229 a
1760 1197 1998 1230 commenticiis
2020 1197 2221 1231 numinibus.

1328 1256 1370 1288 Et
1393 1256 1547 1290 Christus
1580 1258 1714 1290 adducit
1746 1266 1809 1288 nos
1843 1257 1885 1288 ad
1908 1267 1964 1295 se,
1998 1256 2083 1292 Quia
2105 1266 2226 1289 omnes

1243 1298 1328 1331 aliae
1362 1301 1603 1341 patefactiones
1634 1307 1711 1332 sunt
1734 1298 1930 1332 referendae
1952 1300 1994 1330 ad
2017 1299 2104 1332 hanc
2130 1309 2220 1332 sum-

1243 1353 1329 1374 mam
1364 1343 1641 1383 patefactionem,
1652 1343 1819 1381 videlicet,
1852 1343 1895 1374 ad
1930 1343 2123 1374 missionem
2150 1341 2224 1375 filii.

1244 1384 1327 1417 Cum
1340 1385 1513 1428 Philippus
1537 1387 1626 1418 dicit:
1651 1386 1799 1418 Ostende
1818 1386 1915 1417 nobis
1927 1392 2066 1426 patrem,
2084 1395 2224 1426 respou-

1243 1428 1298 1460 det
1321 1427 1496 1461 Christus:
1518 1430 1582 1464 Qui
1601 1429 1686 1458 videt
1711 1439 1757 1457 me
1771 1451 1778 1463 ,
1808 1429 1893 1457 videt
1912 1431 2045 1466 patrem.
2067 1426 2226 1469 Apostoli

1242 1471 1276 1502 in
1299 1471 1396 1503 Actis
1419 1472 1547 1503 dicunt:
1579 1472 1666 1501 Dens
1684 1475 1808 1513 patrum
1838 1474 2029 1507 nostrorum,
2058 1470 2225 1505 Abi-altam,

1243 1514 1354 1548 Isaac,
1385 1514 1494 1545 Iacob.
1538 1514 1651 1550 Quare
1682 1515 1732 1545 sic
1762 1512 1964 1555 loquuntur‘.²
2008 1511 2227 1555 Distinguunt

1244 1567 1359 1588 verum
1381 1557 1489 1589 Deum
1514 1568 1534 1589 a
1558 1557 1796 1590 commenticiis
1816 1556 2012 1588 numinibus,
2059 1555 2095 1586 ld
2117 1561 2227 1587 autem

1244 1599 1279 1631 fit
1303 1609 1363 1641 per
1390 1599 1634 1641 patefactiones
1657 1601 1808 1642 patribus
1831 1598 2006 1631 exhibitas.
2027 1598 2115 1628 Deus
2127 1598 2225 1627 Abra-

1243 1642 1331 1678 lmm,
1359 1643 1392 1674 id
1417 1650 1490 1682 est,
1518 1645 1573 1686 qui
1597 1644 1685 1675 dedit
1708 1643 1846 1675 verbum
1865 1640 2041 1679 Abrahae,
2071 1648 2102 1672 et
2126 1651 2225 1683 quem

1243 1686 1413 1717 invocavit
1425 1686 1607 1718 Abraham.
1631 1687 1719 1716 Dens
1732 1687 1834 1715 lsmir.
1859 1685 1891 1716 id
1903 1691 1967 1721 est,
1981 1685 2035 1726 qui
2049 1684 2138 1715 dedit
2151 1694 2224 1716 ver—

1244 1729 1322 1760 bum
1345 1731 1459 1768 Isaac,
1483 1736 1515 1761 et
1539 1740 1635 1771 quem
1658 1729 1825 1760 invocavit
1849 1728 1956 1759 isaac.
2004 1727 2091 1758 Deus
2113 1727 2222 1763 Iacob,

1244 1773 1300 1813 qui
1322 1772 1410 1803 dedit
1432 1773 1570 1804 verbum
1589 1773 1723 1811 iacebo,
1747 1778 1778 1804 et
1802 1782 1901 1813 quem
1924 1771 2094 1802 invocavit
2112 1771 2225 1809 Iacob,

1245 1820 1277 1846 et
1298 1815 1519 1857 praedicavit,
1543 1816 1630 1847 sicut
1648 1821 1728 1847 nota
1751 1821 1801 1847 est
1824 1815 1930 1855 ipsius
1948 1813 2119 1854 precatio:
2163 1813 2225 1843 Be-

1244 1858 1371 1888 nedicat
1386 1860 1494 1898 pueris
1516 1860 1588 1888 istis
1601 1859 1687 1889 Deus
1703 1863 1829 1898 patrum
1848 1867 1989 1887 novor-mu.
2014 1856 2169 1886 Abraham
2191 1860 2222 1886 et

1243 1901 1350 1939 Itane,
1374 1905 1404 1931 et
1423 1901 1574 1941 Anyelus,
1594 1904 1648 1942 qm'
1665 1913 1710 1932 me
1728 1902 1870 1931 liberavit
1895 1900 1933 1929 ab
1956 1899 2094 1929 omnibus
2116 1899 2223 1935 malin

1244 1944 1296 1974 ube·
1309 1944 1406 1984 filium
1418 1947 1556 1975 uomina!
1570 1945 1728 1984 Anqelum.
1753 1949 1898 1985 tanquam
1911 1953 2076 1982 personam
2088 1944 2220 1972 missam.

1308 2004 1401 2038 Haec
1424 2012 1499 2037 sunt
1514 2007 1623 2048 magni
1636 2005 1802 2043 momenti,
1820 2011 1852 2036 et
1872 2003 2008 2035 assidue
2026 2001 2227 2035 inculcanda

1244 2048 1419 2080 iuventuti:
1455 2048 1540 2084 Quia
1571 2055 1725 2080 crescunt
1761 2047 1920 2089 prostinae
1964 2046 2148 2088 opiniones,
2191 2051 2224 2078 et

1246 2097 1399 2123 crescent
1432 2092 1550 2134 magis
1583 2091 1713 2123 Recens
1736 2091 1900 2123 Servetus
1933 2089 2115 2131 disputavit
2147 2099 2226 2121 con·

1245 2141 1296 2166 tm
1319 2135 1500 2166 doctrinam
1524 2136 1564 2166 de
1583 2135 1750 2166 Trinitatc-
1796 2131 2025 2166 Transformat
2050 2132 2226 2166 Ecclesiae

1245 2178 1430 2209 doctrinam
1460 2179 1491 2209 in
1515 2179 1766 2221 imaginationes
1790 2177 2029 2214 Mahometicas
2058 2183 2089 2208 et
2119 2174 2225 2219 philo·

1244 2220 1411 2263 sophicas.

1331 2272 1482 2304 Alterum
1527 2273 1705 2305 discrimen
1751 2273 1815 2304 dixi
1856 2280 1934 2305 esse
1968 2271 2010 2302 de
2043 2271 2226 2307 voluntatis

1244 2316 1422 2357 agnitione.
1468 2315 1608 2354 Ethnici,
1633 2316 1758 2353 iudaei,
1783 2315 2053 2352 Maliometistae,
2077 2323 2110 2349 et
2132 2314 2227 2348 multi

1244 2369 1284 2390 ex
1310 2358 1470 2400 Papistis,
1504 2360 1558 2401 qui
1582 2371 1647 2391 non
1677 2358 1863 2401 intelligunt
1886 2356 2125 2401 Evangelium,
2157 2369 2226 2391 non

1243 2409 1386 2443 possunt
1410 2409 1556 2434 statuere
1580 2414 1618 2435 sc
1641 2402 1775 2444 placere
1798 2401 1884 2440 Deo,
1908 2409 1941 2434 et
1956 2403 2115 2435 exaudiri.
2150 2402 2225 2444 Epi-

1244 2455 1344 2476 curus
1368 2445 1443 2477 dicit
1470 2445 1576 2477 Deum
1601 2445 1679 2478 nihil
1703 2455 1795 2485 esse,
1821 2456 1928 2488 neque
1956 2447 2073 2486 irasci,
2108 2455 2220 2489 neque

1245 2488 1403 2519 misereri.
1449 2487 1513 2520 Atii
1538 2490 1704 2531 perterriti
1726 2496 1916 2530 agnoscunt
1945 2489 2027 2527 iam,
2061 2491 2122 2522 sed
2155 2498 2225 2522 non

1244 2532 1503 2563 misericordiam
1527 2532 1608 2571 Dei,
1643 2539 1676 2565 ut
1699 2532 1787 2565 Saul.
1839 2532 1885 2565 Pa
1911 2533 1994 2565 istae
2023 2533 2135 2566 iubent
2157 2542 2224 2565 mu-

1243 2583 1322 2606 nere
1356 2575 1387 2606 in
1417 2575 1632 2608 dubitatione.
1678 2575 1775 2611 Quod
1808 2578 1893 2620 simp
1920 2578 2002 2610 citer
2036 2584 2087 2609 est
2111 2575 2225 2609 Ethni-

1243 2626 1326 2649 cum.
1619 2647 1624 2652 ,

1328 2660 1400 2693 Nos
1421 2662 1454 2693 in
1466 2660 1619 2695 Ecclesia
1641 2662 1799 2695 debemus
1828 2663 1947 2696 intueri
1970 2663 2222 2705 promissionem
