2324 2958
81 190 146 223 229

168 279 374 315 Describitur
396 277 517 320 duplex
541 277 713 309 veneratio
736 275 873 307 Christi.
908 275 1054 307 Genera-

85 329 131 360 tio
152 327 184 358 in
206 333 304 356 carne
327 328 378 354 est
400 332 442 353 ex
464 302 676 355 Betffiehem,
694 320 726 350 id
750 324 822 356 est,
845 329 885 349 ex
908 318 1054 359 posteris

84 366 238 402 Davidis',
260 371 292 394 et
319 375 360 394 cx
387 375 426 394 eo
457 362 554 399 loeo,
582 363 638 402 qui
667 361 728 392 fuit
752 361 853 391 sedes
882 365 1054 400 parentum

84 407 229 444 DavidiS.
269 404 386 437 Altera
409 405 579 446 generatio
603 409 654 435 est
676 403 708 433 in
720 402 912 439 Divinitate‚
934 403 966 433 id
990 408 1053 440 est,

84 452 168 486 filius
189 454 266 481 ante
288 449 359 479 dies
382 447 493 479 mundi
520 447 668 477 nascitur
701 456 720 477 a
743 451 855 486 patre,
887 452 938 476 est
971 445 1055 483 λόγος

84 501 116 528 et
136 492 222 525 εἰκών
243 491 368 523 aeterni
391 490 514 531 patris,
537 499 596 530 per
620 499 716 530 quem
740 488 828 527 λόγον
850 494 901 518 est
924 488 1055 518 condita

83 541 230 570 creatura
251 540 284 566 et
306 534 361 575 qui
386 532 570 564 immediate
590 533 712 563 missus
735 536 787 562 est
810 531 852 561 ad
871 529 1055 561 Ecclesiam

81 590 122 612 ex
142 587 264 621 genere
285 576 427 608 humano
451 574 673 617 colligendam
696 580 729 605 et
750 572 957 604 salvandam.

164 619 225 651 Est
246 620 345 662 igitur
367 619 483 650 eadem
496 618 661 649 sententia
683 617 737 648 hic
760 616 891 654 tradita,
915 626 1002 657 quae
1023 616 1055 646 in

80 661 262 705 Evangelio
293 662 438 692 loannis:
482 662 521 693 In
546 661 712 701 principio
739 664 814 691 erat
838 660 967 690 ret-Imm
991 669 1057 698 per

79 707 163 747 quod
183 709 290 737 onmia
307 708 400 745 facta
421 708 508 744 sunt,
527 708 561 734 ec
580 705 708 735 rerbum
731 712 807 734 caro
827 705 952 742 factum
975 706 1033 732 est.

164 747 313 779 Micheas
344 745 404 778 fnit
437 745 535 788 paulo
564 752 641 777 ante
669 745 856 776 Ieremiam:
900 744 972 775 Nec
1001 744 1057 775 diu

78 797 154 834 post
183 792 256 823 eius
280 795 439 826 aetatem,
468 799 607 830 regnum
629 786 733 819 lsrael
762 797 903 828 prorsus
928 787 1056 818 destru-

81 840 166 866 ctum
189 839 251 865 est·
275 831 357 864 Vult
378 832 478 874 igitur
496 833 606 862 dicere
619 830 781 868 Micheas,
804 840 842 861 se
863 839 930 860 non
954 828 1056 871 loqui,

80 876 134 909 vel
155 877 197 908 de
219 875 349 907 Davide
371 876 424 916 qui
449 880 597 905 mortuus
620 874 681 911 sit,
714 872 769 904 vel
801 873 842 904 de
876 871 942 903 alio
966 882 1054 903 novo

79 929 174 961 rege,
197 919 252 960 qui
274 918 447 950 habiturus
470 918 513 948 sit
535 927 673 960 regnum
696 914 865 956 politicum
887 915 919 946 in
938 913 1054 945 Israel.

79 962 171 995 Sicut
193 962 290 993 etiam
313 966 389 1002 post
401 959 614 992 Salomonem
636 957 747 990 nulius
770 957 842 996 fuit,
864 958 919 999 qui
939 967 1054 988 omnes

79 1003 248 1036 Israelitas
275 1005 339 1036 sub
373 1013 411 1034 se
444 1002 613 1039 habuerit,
644 1007 677 1033 et
709 1011 850 1043 regnum
871 1000 1054 1038 Samariae,

79 1048 168 1090 quod
191 1047 422 1079 nominabatur
444 1055 582 1087 regnum
594 1042 713 1082 lsrael,
735 1049 812 1085 post
822 1043 1054 1075 abductionem

79 1092 194 1123 decem
216 1091 359 1121 tribuum
381 1098 548 1130 nunquam
574 1086 635 1119 fuit
653 1087 848 1118 restitutum.
892 1085 1055 1127 Loquitur

80 1139 188 1165 autem
210 1132 362 1164 Micheas
385 1132 426 1163 de
449 1129 504 1162 tali
528 1130 745 1167 dominatore,
767 1129 823 1171 qui
845 1129 889 1160 sit
911 1127 1054 1159 Messias

78 1176 284 1218 promissus,
314 1175 370 1216 qui
392 1180 496 1206 totum
525 1171 700 1214 populum,
730 1182 791 1203 seu
813 1177 917 1202 totam
938 1169 1057 1202 Eccle-

79 1219 163 1250 siam
186 1229 228 1250 ex
246 1227 370 1260 genere
391 1216 537 1248 humano
560 1225 690 1247 rursum
721 1213 865 1256 colliget.
912 1213 961 1244 Ita
989 1223 1057 1244 non

79 1260 188 1294 solum
211 1270 407 1303 personam,
435 1260 495 1291 sed
527 1259 625 1291 etiam
647 1256 811 1295 officium,
840 1263 873 1288 et
894 1255 1058 1288 beneficia

78 1304 226 1337 Messiae
247 1303 417 1335 describit.

167 1345 248 1378 Vult
280 1346 359 1377 sciri
402 1344 492 1376 hunc
525 1342 702 1374 Dominum
737 1352 815 1374 esse
845 1348 1056 1374 coaeternum

81 1389 184 1430 patri,
213 1395 246 1420 et
270 1387 376 1420 fuisse
397 1393 475 1418 ante
498 1385 720 1418 conditionem
743 1395 870 1423 rerum,
897 1394 958 1415 seu
979 1391 1056 1416 ante

82 1441 198 1462 omnes
222 1437 412 1467 creaturas,
443 1428 498 1470 qui
526 1434 636 1459 tamen
664 1428 798 1459 tandem
826 1433 985 1459 venturus
1014 1427 1058 1458 sit

81 1483 124 1505 ex
146 1472 361 1510 Bethlehem,
392 1478 490 1502 natus
519 1481 561 1502 ex
589 1471 718 1512 virgine
741 1470 866 1508 Maria,
893 1480 978 1510 quae
1005 1475 1057 1501 est

82 1526 124 1547 ex
145 1516 285 1547 Davidis
308 1515 511 1555 posteritate.
557 1513 636 1544 Item
665 1512 754 1544 hunc
776 1512 952 1544 Dominum
980 1522 1057 1543 esse

81 1568 176 1595 eum,
204 1568 265 1599 per
286 1567 383 1598 quem
406 1556 572 1596 promissa
602 1556 645 1586 sit
673 1556 876 1593 benedictio,
905 1555 1057 1586 remissio

80 1607 316 1642 pcccatorum,
346 1604 379 1629 et
412 1599 576 1629 restitutio
609 1598 697 1628 vitae
725 1605 899 1635 aeternae,
932 1608 992 1638 per
1025 1604 1058 1628 et

81 1648 219 1684 propter
237 1652 334 1683 quem
356 1641 460 1672 simus
490 1641 582 1677 iusti,
612 1641 666 1681 qui
697 1641 738 1671 sit
767 1639 904 1677 efficax,
931 1632 1059 1671 hab'ntet

80 1686 114 1717 in
135 1685 250 1723 nobis,
278 1688 443 1716 sustentet
469 1688 503 1714 et
525 1688 633 1724 gestet
657 1682 843 1714 Ecclesiam
866 1693 925 1714 sua
948 1693 1058 1721 manu,

83 1729 244 1770 gubernet
267 1734 299 1758 et
321 1726 505 1757 sanctificet
528 1735 590 1756 nos
603 1726 725 1766 Spiritu
745 1732 862 1756 sancto
886 1735 960 1756 suo.
983 1725 1058 1756 Non

83 1771 168 1802 enim
191 1770 336 1812 loquitur
355 1770 396 1800 de
419 1773 648 1800 momentaneo
671 1767 908 1806 Dominatore,
937 1773 994 1799 aut
1017 1769 1058 1799 de

81 1812 196 1855 politia
230 1813 342 1844 brevis
375 1812 549 1853 temporis,
581 1817 617 1842 ut
639 1810 750 1843 ludaei
784 1811 1058 1853 imaginabantur,

81 1856 142 1887 sed
164 1856 205 1887 de
227 1856 461 1893 Dominatore,
484 1855 539 1896 qui
561 1853 732 1885 habiturus
751 1855 791 1885 sit
815 1860 985 1885 aeternum
1008 1864 1058 1885 re-

82 1909 182 1941 gnum
196 1922 205 1937 ,
234 1899 288 1940 qui
312 1896 405 1929 tollet
428 1903 600 1938 peccatum
622 1903 655 1928 et
677 1903 835 1935 mortem,
853 1903 885 1928 et
908 1897 1060 1928 restituet

81 1942 238 1973 iustitiam
260 1947 293 1972 et
316 1942 415 1972 vitam
434 1946 614 1971 aeternam.

168 1984 241 2015 fiat
262 1990 370 2015 autem
394 1981 570 2024 applicatio
599 1981 696 2014 huius
725 1983 898 2014 doctrinae
921 1982 964 2013 ad
986 1992 1059 2013 nos.

85 2026 236 2059 Sciamus
250 2027 347 2058 nobis
360 2026 471 2057 clatum
494 2035 572 2057 esse
594 2024 681 2057 hunc
694 2024 807 2064 filium,
832 2032 865 2056 et
887 2035 963 2056 esse
985 2036 1060 2056 eum

83 2070 357 2111 omnipotentem,
381 2075 413 2100 et
434 2069 531 2100 nobis
555 2078 687 2110 quoque
710 2067 797 2100 velle
820 2069 1059 2117 dominatorem

83 2122 171 2144 esse.
358 2128 366 2133 ,

168 2154 204 2186 lu
218 2154 418 2186 Germanico
442 2153 602 2185 redditum
624 2158 676 2185 est
697 2163 817 2185 nomen
835 2152 1062 2185 Dominatoris

83 2208 144 2239 per
178 2207 292 2229 vocem
323 2197 454 2239 spctssog.
500 2196 549 2227 Ea
582 2206 648 2227 vox
681 2196 846 2239 significat
878 2196 1061 2229 Ductorem

85 2242 270 2278 exercitus,
294 2251 353 2272 seu
377 2250 469 2277 eum,
494 2239 548 2280 qui
573 2245 623 2270 est
644 2240 677 2270 in
695 2240 979 2271 administratione
1001 2239 1058 2271 mi-

84 2282 183 2315 litiae.
228 2284 325 2325 fffinig
343 2293 363 2314 a
387 2282 542 2320 sciendo,
566 2282 660 2324 quasi
685 2282 777 2314 dicas
800 2283 911 2313 sciens
933 2281 987 2314 vel
1011 2293 1059 2314 sa-

84 2327 195 2368 piens,
215 2327 328 2367 tsmrig.
373 2324 436 2356 Vel
460 2331 511 2356 est
535 2335 555 2356 a
578 2324 776 2357 Germanico
800 2325 853 2357 itin
877 2325 1059 2357 confidens.

85 2368 236 2400 Latinum
259 2375 311 2400 est
333 2379 354 2400 a
375 2369 523 2410 regendo
533 2390 543 2405 ,
573 2368 662 2409 quod
697 2367 732 2399 fit
764 2368 986 2400 discernendo
1014 2370 1060 2400 iu-

84 2416 137 2443 sta
159 2419 191 2443 et
214 2412 350 2449 iniusta,
375 2411 582 2443 defendendo
596 2411 711 2451 iustos,
730 2416 763 2442 et
774 2410 980 2452 prohihendo
992 2412 1060 2443 vio-

84 2452 218 2486 lentiam
240 2460 271 2486 et
294 2453 433 2501 scelera.

756 181 972 215 POSTILLA
1003 179 1360 213 MELANTHONIAN
1362 178 1403 210 A.

1453 198 1458 212 .
1860 159 1866 163 ⁰
2023 176 2089 208 230

1426 275 1490 315 De
1522 275 1640 315 tertio
1672 275 1771 314 loco.

1194 365 1304 397 Tertia
1327 365 1478 396 doctrina
1500 370 1552 396 est
1574 365 1616 396 de
1637 365 1814 396 vocatione
1830 366 1975 406 gentium
1990 364 2082 395 Deus

1108 409 1260 441 omnibus
1283 408 1485 449 temporibus
1499 407 1631 438 vocavit
1654 405 1785 447 aliquos
1808 418 1849 438 ex
1864 408 2018 449 gentibus
2042 407 2085 438 ad

1108 452 1302 483 societatem
1324 449 1509 483 Ecclesiae.
1553 450 1626 480 Nec
1648 450 1782 480 dubium
1805 456 1876 481 est:
1906 450 2085 491 dispersio-

1107 505 1182 526 nem
1205 495 1319 525 decem
1342 494 1484 525 tribuum
1507 491 1624 531 lsrael,
1647 498 1677 523 et
1701 491 1832 523 exilium
1855 493 1959 524 tribus
1972 492 2084 530 iudae,

1107 536 1262 569 attulisse
1287 536 1442 578 gentibus
1466 535 1553 567 hanc
1576 534 1765 572 utilitatem,
1796 542 1829 566 ut
1853 534 1943 566 multi
1976 546 2017 566 ex
2037 536 2085 566 eis

1108 584 1381 612 converterentur
1403 578 1446 610 ad
1468 588 1583 609 verum
1605 577 1731 615 Deum,
1753 583 1786 607 ct
1807 577 2087 618 amplecterentur

1108 622 1349 664 promissiones
1371 622 1412 653 de
1430 620 1565 652 Messia.
1611 621 1669 652 Sic
1698 620 1783 651 enim
1814 622 1967 651 conversi
1998 627 2086 659 sunt,

1108 664 1439 701 Nabuchodonosor,
1462 662 1549 695 filius
1573 664 1644 694 eius
1667 661 1939 700 Evilmerodach,
1962 663 2086 695 Darius

1108 707 1244 746 Medus,
1269 707 1402 749 Cyrus,
1429 706 1541 748 Reges
1566 712 1707 747 quatuor
1730 706 2022 746 praestantissimi,
2054 715 2087 740 et

1109 751 1358 791 praedicatione
1388 749 1558 787 Danielis,
1589 749 1640 780 cui
1670 748 1763 779 Deus
1792 749 1917 779 addidit
1946 750 2086 783 illustria

1108 793 1294 824 testimonia
1316 793 1503 829 doctrinae,
1528 797 1563 823 ut
1586 802 1660 823 cum
1687 798 1755 821 tres
1778 792 1839 822 viri
1858 794 1982 824 servati
2010 801 2087 825 sunt

1107 837 1142 873 iu
1165 836 1294 867 camino
1317 835 1441 876 igneo,
1464 841 1497 865 et
1519 833 1640 865 Daniel
1662 834 1747 865 inter
1768 833 1896 867 leones.
1942 835 1981 866 Et
1993 842 2085 867 ‘con-

1108 885 1304 910 sentaneum
1327 883 1379 908 est
1402 876 1504 908 multa
1534 876 1615 908 talia
1647 877 1813 908 accidisse
1841 879 1873 909 iu
1897 878 2084 920 Babylone,

1107 922 1170 952 etsi
1192 931 1259 952 non
1283 921 1393 951 omnia
1416 926 1491 951 sunt
1515 920 1650 960 scripta.

1192 963 1258 994 Iam
1277 963 1433 1005 cogitate,
1456 963 1533 1004 quid
1556 963 1598 993 sit
1620 963 1752 993 vocatio
1766 963 1923 1004 gentium,
1947 970 1978 995 et
1990 975 2089 1006 quam

1107 1007 1290 1048 doctrinam
1317 1006 1494 1037 contineat.
1544 1005 1629 1040 Quid
1653 1014 1772 1036 norant
1798 1006 1882 1037 enim
1903 1005 1949 1037 illi
1979 1010 2096 1039 vocati

1106 1060 1147 1081 ex
1171 1049 1348 1090 gentibus?
1389 1048 1443 1079 An
1467 1049 1643 1089 oportebat
1667 1057 1726 1079 eos
1750 1059 1827 1080 esse
1857 1050 2097 1089 circumcisos,

1106 1098 1140 1124 et
1161 1101 1298 1123 servare
1321 1092 1525 1123 ceremonias
1547 1089 1737 1123 Mosaicas‘?

1194 1134 1405 1176 Respontleo.
1459 1134 1546 1165 Non.
1576 1134 1736 1165 Sciebant
1769 1135 1853 1165 enim
1885 1133 2087 1175 Prophetae,

1108 1177 1294 1209 Ecclesiam
1317 1183 1484 1208 aeternam
1515 1175 1607 1214 fore,
1637 1177 1688 1206 cui
1711 1176 1805 1208 Deus
1833 1179 2090 1209 communicatu-

1109 1231 1166 1253 rus
1179 1226 1269 1252 esset
1282 1229 1375 1250 suam
1388 1220 1569 1251 bonitatem
1592 1220 1625 1250 in
1644 1225 1712 1250 tota
1725 1220 1930 1257 aeternitate,
1954 1227 1985 1251 et
2000 1222 2089 1262 quod

1108 1270 1246 1306 propter
1267 1261 1370 1294 filium
1382 1261 1543 1293 Messian]
1567 1271 1683 1293 omnes
1706 1262 1803 1294 electi
1821 1262 1961 1294 habituri
1976 1272 2089 1295 essent

1109 1307 1338 1338 remissionem
1350 1311 1574 1346 peccatorum,
1587 1305 1797 1336 donationem
1811 1305 1953 1346 Spiritus
1970 1309 2089 1345 sancti,

1109 1357 1142 1381 et
1164 1350 1266 1380 vitam
1289 1353 1474 1386 aeternam,
1497 1354 1528 1379 et
1548 1349 1698 1379 sciebant
1720 1348 1775 1378 hic
1798 1348 1946 1380 inchoari
1969 1360 2091 1381 novam

1109 1391 1342 1428 obedientiam.
1364 1392 1455 1422 iuxta
1477 1389 1584 1432 legem
1607 1396 1786 1428 aeternam,
1809 1402 1894 1432 quae
1917 1398 1969 1423 est
1982 1392 2090 1423 Deca-

1107 1433 1220 1476 loguS,
1250 1439 1283 1464 et
1305 1433 1392 1464 hanc
1419 1432 1664 1465 inchoationem
1690 1432 1827 1474 placere
1849 1433 1934 1471 Deo.
1961 1434 2091 1476 praelu-

1110 1483 1206 1509 cente
1227 1475 1304 1507 fide.
1351 1476 1442 1507 Haec
1466 1477 1629 1507 docebant
1653 1477 1739 1507 inter
1762 1483 1889 1518 gentes.
1914 1478 1988 1509 Non
2013 1489 2090 1509 one·

1109 1521 1226 1551 rabant
1247 1528 1305 1550 eas
1330 1520 1525 1550 ceremoniis
1549 1518 1725 1557 mosaicis,
1755 1530 1821 1549 non
1853 1521 2021 1561 cogebant
2047 1521 2089 1551 ad

1111 1562 1413 1599 circumcisionem,
1437 1572 1534 1603 quam
1560 1562 1712 1592 sciebant
1735 1563 1888 1602 propriae
1922 1564 2090 1603 pertinere

1109 1605 1153 1636 ad
1179 1614 1292 1635 semen
1306 1603 1474 1641 Abrahae,
1498 1611 1533 1635 ut
1557 1604 1801 1635 discerneretur
1823 1616 1843 1635 a
1867 1607 2033 1647 gentibus,
2056 1612 2089 1638 et

1112 1655 1201 1678 esset
1225 1647 1462 1684 testimonium,
1493 1648 1583 1688 quod
1606 1657 1646 1678 ex
1676 1648 1801 1678 semine
1825 1648 1982 1679 Alrirahae
2012 1660 2089 1680 ven-

1110 1696 1204 1722 turus
1229 1696 1319 1720 esset
1343 1688 1498 1721 Messias.

1196 1732 1391 1773 Quicunque
1414 1742 1495 1774 ergo
1518 1742 1559 1764 ex
1583 1733 1736 1775 gentibus
1759 1734 1958 1765 invocabant
1982 1733 2090 1766 Deum

1109 1775 1313 1817 patefactum
1337 1776 1369 1806 in
1393 1775 1516 1816 populo
1541 1775 1663 1813 lsrael,
1687 1776 1720 1806 id
1745 1782 1807 1813 est,
1832 1786 1944 1807 verum
1969 1775 2088 1815 Deum,

1111 1819 1166 1860 qui
1177 1819 1339 1849 missurus
1351 1824 1441 1849 esset
1454 1817 1555 1849 filium
1567 1817 1779 1856 salvatorem,
1802 1819 1823 1849 ii
1836 1820 1982 1850 membra
1995 1826 2089 1851 erant

1110 1860 1286 1892 Ecclesiae
1320 1861 1394 1899 Dei,
1423 1861 1548 1892 etiamsi
1583 1871 1650 1892 non
1677 1862 1855 1892 servabant
1885 1864 2090 1894 ceremonias

1112 1903 1241 1935 Moisis.
1287 1903 1375 1935 Satis
1407 1905 1456 1935 eis
1480 1910 1569 1941 erat,
1599 1905 1689 1945 quod
1718 1905 1875 1935 tenebant
1905 1905 2089 1937 doctrinam

1112 1947 1188 1978 fidei
1211 1947 1252 1978 de
1274 1947 1476 1985 Mediatore,
1500 1953 1532 1977 et
1556 1946 1773 1988 Decalogum.
1820 1947 2015 1979 statuebant
2052 1959 2090 1980 se

1112 1990 1215 2031 gratis
1251 1995 1386 2031 propter
1418 1989 1635 2029 Mediatorem
1664 1989 1806 2027 salvari,
1847 1997 1877 2022 et
1913 1992 2090 2023 studebant

1111 2038 1285 2074 praestare
1297 2031 1371 2064 Deo
1394 2033 1627 2074 gratitudinem
1650 2033 1682 2064 in
1697 2032 1840 2065 cultibus
1852 2033 2088 2075 spiritualibus,

1112 2082 1145 2107 et
1168 2075 1357 2107 obedientia
1375 2074 1504 2107 morali.

1197 2117 1296 2150 Tales·
1319 2117 1452 2150 fuerunt
1474 2129 1495 2149 a
1519 2118 1693 2160 Prophetis
1717 2120 1855 2161 recepti,
1868 2119 2089 2151 Nabuchodo-

1112 2171 1232 2200 nosor,
1256 2161 1380 2193 Darius
1402 2160 1535 2199 Medus,
1558 2163 1704 2193 Naeman
1729 2165 1849 2204 SyruS,
1883 2162 1924 2193 Et
1949 2164 1980 2193 in
1999 2173 2088 2194 novo

1111 2204 1337 2241 Testamento,
1361 2203 1548 2243 Cornelius,
1573 2212 1605 2236 et
1629 2205 1784 2237 Centurio
1815 2204 1871 2237 ille
1893 2206 1982 2247 apud
2004 2205 2088 2237 Mat-

1112 2247 1255 2278 thaeum.
1300 2245 1400 2278 Tales
1422 2246 1555 2279 fuerunt
1578 2248 1674 2279 etiam
1697 2249 1728 2279 hi
1752 2247 1854 2290 Magi,
1877 2259 1917 2279 ex
1940 2247 2088 2290 reliquiis

1111 2289 1248 2321 scholae
1270 2288 1441 2328 Danielis,
1464 2291 1519 2332 qui
1543 2289 1729 2323 memoriam
1754 2292 1924 2322 doctrinae
1947 2291 2088 2332 prophe-

1111 2333 1196 2364 ticae
1229 2339 1494 2371 conservarunt,
1528 2340 1561 2365 et
1594 2334 1844 2365 commonesacti
1879 2335 1941 2365 ista
1975 2333 2086 2372 stella,

1112 2375 1279 2415 (fortassis
1311 2376 1407 2407 etiam
1442 2375 1516 2407 aliis
1550 2375 1805 2407 revelationibus
1842 2378 1965 2415 ornati,
2001 2378 2088 2408 sicut

1111 2429 1213 2460 saepe
1240 2417 1362 2450 multae
1389 2419 1649 2461 significationes
1680 2426 1896 2457 concur-tunt,
1927 2417 2021 2451 etiam
2054 2421 2086 2451 in

1110 2463 1212 2493 rebus
1244 2462 1379 2493 minoris
1409 2463 1577 2499 momenti)
1607 2468 1769 2492 testantur
1797 2462 1860 2493 hac
1888 2461 1988 2505 longa
2011 2473 2087 2503 pro-

1112 2504 1256 2536 iectione
1278 2514 1351 2542 sua,
1373 2505 1462 2546 qnod
1486 2505 1659 2536 crederent
1680 2505 1712 2535 in
1726 2504 1896 2544 Messinm,
1921 2512 1953 2537 et
1971 2512 2086 2537 essent

1112 2548 1260 2579 membra
1284 2545 1456 2578 Ecclesiae
1480 2546 1553 2578 Dei.

1198 2589 1234 2620 ln
1262 2590 1357 2622 Actis
1386 2588 1624 2630 Apostolorum
1662 2590 1872 2622 nominantur
1904 2591 1964 2622 viri
1999 2589 2086 2622 Reli-

1113 2633 1215 2674 giosi,
1249 2633 1304 2674 qui
1337 2643 1378 2664 ex
1411 2631 1560 2664 Ethnicis
1594 2633 1747 2665 conversi
1780 2641 1874 2665 erant
1907 2634 1950 2666 ad
1978 2633 2085 2666 Deum

1801 2693 1860 2725 ⁴,15-
