2324 2958
89 167 154 199 91⁷

91 261 253 295 terribilis
286 259 371 292 haec
404 260 525 292 oratio:
560 259 743 288 Libationes
776 268 881 288 eorum
908 267 969 287 non
993 257 1074 286 acci-

89 307 196 345 piam:
241 304 296 333 Jhr
326 303 425 342 Opfer
456 302 508 332 wil
534 302 585 331 ιὀΙι
614 301 701 331 nieht
729 311 881 330 annemen.
935 299 1074 331 Videtur

95 348 193 389 quasi
212 347 313 388 digito
329 352 515 378 monstrare
534 344 658 376 cultum
676 343 877 380 Missarunu
899 343 960 374 sed
977 341 1075 373 simul

94 391 230 422 damnat
253 398 459 430 synagogam
483 387 748 428 persecutricem.

182 431 335 461 Dominus
359 441 440 469 pars
469 430 674 459 haereditatis
693 431 801 467 meaa]
825 428 858 459 id
881 433 951 467 est,
980 427 1074 459 dabis

95 473 174 506 mihi
185 473 386 511 Ecclesiam,
402 473 648 510 haereditatem,
664 472 864 512 portionem:
887 471 1076 511 promiscue

96 522 233 549 utuntur
256 516 398 548 Hebraei
419 516 494 547 istis
518 513 706 547 vocabulis:
736 513 928 547 haereditas,
955 514 1075 552 portio,

95 570 175 590 cors.
229 558 327 589 Calin:
361 558 529 600 significat
562 558 774 593 demensum3
809 557 857 585 ein
890 555 1076 594 aeorduetes

95 612 179 640 mas,
213 603 262 631 eiu
285 600 465 631 beschez'den
488 600 572 635 theil,
595 610 628 629 es
649 610 703 639 seg]
725 600 757 628 in
780 597 976 636 afflictione,
1000 598 1077 627 oder

96 645 130 677 in
152 644 254 675 rebus
277 643 386 675 laetis.
438 642 590 675 Ecclesia
614 641 796 684 colligitur,
828 648 998 676 servatur,
1022 650 1077 671 su-

95 693 263 719 stentatur
281 687 454 724 divinitus,
478 696 544 717 non
575 683 742 726 colligitur
764 685 915 715 humanis
939 685 1074 715 viribus

94 729 217 764 funes,
247 730 279 760 id
304 735 372 767 est,
399 734 528 766 sorteS,
557 728 617 756 (Ios
640 738 707 756 mun
730 727 785 756 leat
808 727 999 765 {ibgleiiiessetl
1022 728 1077 755 mit

96 773 158 803 den
190 771 344 809 funibus3
376 781 456 812 pars
490 771 600 802 divina
633 769 806 807 tuniculis,
840 769 996 801 limitibus
1030 770 1076 799 di-

97 816 236 847 stincta:
259 814 476 855 Metaphorae
498 819 575 844 sunt
594 819 626 844 et
642 812 879 854 Metonymiae:
904 819 946 851 ut,
965 811 1076 843 fasces
1100 806 1104 850 l

96 868 159 900 pro
181 858 318 900 imperio
338 857 488 888 dicimus,
523 856 715 884 Ham-editas
731 855 898 894 praeclara
917 859 961 884 est
980 855 1076 893 milax]

96 901 130 932 id
153 906 220 935 est,
249 910 313 942 ego
344 898 451 930 habeo
483 898 689 939 praeclaram
712 904 855 939 partem,
884 896 938 928 vel
962 897 1078 929 haere-

97 944 233 975 ditatem
255 943 289 973 in
313 951 438 984 genere
460 941 614 972 humano.

184 985 390 1024 Castiyaraeuzt
413 994 458 1013 me
480 994 566 1013 renes
588 985 668 1022 111e1'.]
711 982 872 1014 Paulatim
890 983 1019 1014 accedit
1035 983 1078 1014 ad

96 1028 289 1060 vaticinium
308 1028 349 1059 de
367 1027 627 1058 resurrectione:
651 1026 843 1055 Benedicam
860 1026 1007 1061 Domino,
1025 1027 1079 1065 qni

96 1072 131 1100 in
153 1070 212 1100 illa
235 1072 407 1101 tentatione
430 1070 517 1108 assitit
540 1069 631 1098 mihi.-
655 1069 924 1106 docuitserexit,
948 1074 1078 1099 susten·
1102 1039 1105 1107 Ι

96 1113 199 1151 tavit,
229 1119 262 1145 et
292 1112 499 1144 confirmavit
522 1123 584 1143 me.
636 1112 729 1143 Sicut
751 1111 848 1142 etiam
871 1111 965 1143 Deus
989 1112 1078 1142 misit

96 1155 252 1197 angelum
271 1156 315 1187 ad
335 1166 408 1187 eum
428 1155 602 1186 sudantem
620 1154 827 1195 sanguinem,
849 1159 884 1185 ut
907 1153 1077 1184 confirma-

95 1204 148 1230 ret
171 1208 260 1236 eum,
289 1204 322 1229 et
351 1198 498 1239 potentia
528 1197 638 1227 divina
667 1201 873 1228 sustentatus
904 1201 956 1227 est
979 1195 1075 1226 Chri-

97 1246 181 1272 stus.
225 1239 326 1272 Nulla
346 1246 498 1271 creatura
520 1240 685 1280 potuisset
708 1239 875 1270 sustinere
902 1237 995 1269 illum
1020 1239 1077 1269 (lo-

95 1282 219 1321 lorem,
241 1283 327 1313 sicut
350 1292 451 1323 saepe
474 1282 612 1314 dicimus
637 1282 678 1312 de
703 1281 826 1319 causis,
850 1291 953 1323 quare
972 1280 1075 1312 Filius

93 1325 159 1357 Dei
187 1326 230 1356 sit
258 1325 441 1361 Mediator3
471 1325 548 1366 quia
576 1323 668 1356 nulla
696 1329 848 1356 creatura
874 1322 993 1356 fuisset
1015 1335 1077 1365 par

93 1367 254 1400 ferendae
277 1369 346 1399 irae
366 1367 443 1398 Dei.

181 1410 283 1440 Posui
309 1410 476 1440 Dominum
503 1411 537 1440 2⁸7⁸
565 1413 732 1448 conspectu
759 1411 849 1448 mea]
880 1409 913 1440 id
942 1414 1009 1447 est,
1043 1410 1077 1442 in

94 1451 155 1486 illa
176 1453 353 1495 passione,
384 1453 418 1484 iu
444 1451 502 1484 illo
535 1453 659 1494 ingenti
690 1450 807 1483 dolore
829 1457 863 1484 et
886 1452 1076 1490 tentatione,

95 1496 229 1538 quando
257 1495 363 1527 effusa
393 1501 445 1527 est
473 1496 523 1526 ira
555 1501 629 1532 tua3
662 1494 819 1527 invocavi
852 1500 902 1534 te,
935 1495 1077 1527 sustinui

94 1538 186 1571 illam
209 1539 428 1571 obedientiam
452 1538 664 1569 invocatione
685 1537 743 1570 tui.

181 1581 255 1612 Non
277 1583 464 1619 concutiar-1
510 1581 584 1612 Non
608 1581 742 1619 cadam,
764 1580 805 1619 μή
828 1581 981 1612 σαλευθῶ.

184 1624 269 1654 caro
290 1626 460 1664 requiescet
482 1625 515 1653 in
537 1627 615 1662 spa]
639 1624 672 1655 id
695 1629 758 1661 est,
782 1624 904 1654 moriar
926 1624 1076 1665 quidem3
1100 1636 1103 1671 Ι

95 1667 159 1699 sed
181 1677 261 1699 caro
283 1677 357 1699 mea
379 1677 447 1698 non
470 1667 593 1698 videbit
617 1666 872 1708 corruptionem.
921 1667 1076 1698 Nomina·

95 1710 155 1741 tim
183 1709 261 1741 dicit
289 1710 331 1741 de
359 1719 420 1741 sua
448 1719 564 1741 carne:
594 1715 711 1740 nostra
739 1719 819 1741 caro
846 1709 935 1740 videt
962 1720 1076 1741 corru-

96 1752 257 1794 ptionem,
285 1753 377 1793 prius
405 1753 644 1792 corrumpitur,
675 1757 708 1783 et
736 1758 854 1793 postea
883 1753 1076 1791 restituitur,

96 1795 160 1826 sed
181 1793 270 1826 illius
290 1805 369 1826 caro
386 1805 429 1826 ne
446 1795 577 1837 quidem
595 1795 745 1836 pervenit
759 1795 802 1825 ad
819 1797 1076 1836 corruptionem.

185 1837 338 1872 Quoniam
368 1848 431 1867 non
463 1837 656 1877 derelinques
689 1839 821 1867 animam
848 1849 942 1867 ineam
970 1841 1003 1868 in
1032 1840 1076 1868 ἰη-

94 1880 213 1919 [ω-ηο.]
258 1880 333 1911 Νοη
355 1889 536 1920 possumus
559 1880 625 1912 hoc
652 1881 735 1912 satis
759 1879 937 1922 explicare.
983 1880 1077 1913 Chri-

96 1929 171 1955 stus
195 1923 384 1954 descendit:
412 1933 475 1954 nec
498 1924 630 1954 dubium
653 1929 721 1961 est,
754 1925 831 1965 quin
854 1923 1007 1956 Diabolis
1030 1926 1077 1956 in-

98 1966 242 1999 cusserit
264 1972 439 2004 terrorem,
457 1972 489 1996 et
512 1966 722 1997 resuscitatis
745 1966 855 1998 multis
878 1969 1017 1999 mortuis
1039 1977 1078 1999 se

98 2009 281 2040 ostenderit
310 2010 341 2040 in
370 2007 426 2039 illa
459 2009 620 2040 immensa
652 2011 816 2049 potentia,
840 2015 872 2041 et
895 2012 1079 2044 ostenderit

97 2052 147 2084 eis
168 2062 326 2094 regnum,
349 2052 437 2092 quod
460 2051 524 2082 iam
546 2058 660 2083 essent
681 2052 833 2086 habituri.

184 2095 288 2126 Notas
316 2094 390 2124 mihi
414 2095 523 2132 fecisti
549 2097 618 2123 vias
641 2097 745 2135 vilae]
774 2097 806 2128 id
837 2104 908 2137 est,
939 2108 1003 2140 ego
1028 2098 1075 2129 vi-

95 2148 190 2175 vam;
224 2138 344 2169 deinde
378 2136 509 2169 habebo
539 2143 706 2170 aeternam
734 2139 874 2182 gloriam
904 2147 937 2172 et
959 2142 1075 2173 vitam:

97 2181 184 2212 sicut
207 2186 315 2212 autem
339 2181 410 2222 ipse
432 2180 525 2211 vivit:
549 2181 595 2211 ita
618 2186 688 2212 tota
705 2181 858 2215 Ecclesia
875 2183 1073 2216 vivificatur.

96 2223 146 2255 Ita
167 2224 305 2264 videtis,
334 2233 432 2265 quam
462 2221 602 2264 pulchra
632 2223 810 2266 descriptio
839 2227 881 2258 sit
903 2226 957 2258 hic
982 2226 1075 2258 Psal-

96 2276 171 2298 mus
198 2267 365 2308 passionis
393 2265 517 2297 Christi
545 2272 578 2297 et
606 2269 869 2300 resurrectionis.
926 2268 1075 2311 Relegite

96 2308 197 2341 hodie
219 2308 386 2341 Psalmum
410 2309 596 2351 diligenter,
620 2315 652 2340 et
675 2311 884 2343 considerate
907 2312 1076 2344 Gramma-

96 2351 207 2384 ticam.
252 2352 382 2383 Addam
404 2352 516 2383 adhuc
537 2362 636 2383 unam
660 2354 1021 2387 commonefactionem.

183 2394 246 2426 Est
266 2396 453 2427 mandatum
477 2395 638 2434 divinum,
665 2401 701 2428 ut
729 2397 940 2429 concordiam
963 2397 1075 2430 fovea-

96 2447 186 2478 mus,
209 2444 242 2469 et
264 2437 419 2470 Christus
443 2445 519 2469 ante
543 2448 683 2480 agonem
706 2440 801 2481 petit:
824 2444 859 2470 ut
875 2442 969 2470 simus
985 2452 1074 2471 ιιηιιηι

96 2482 131 2510 in
153 2482 234 2520 ipso.
280 2481 375 2513 ltem:
409 2481 496 2511 Deus
524 2485 569 2510 est
597 2481 744 2517 dilen-tim
772 2486 803 2513 et
831 2485 885 2523 qui
905 2488 1005 2514 vianet
1027 2484 1074 2514 cli-

97 2522 240 2558 Iectione,
259 2525 293 2554 in
311 2524 381 2554 Deo
399 2528 508 2554 manet.
553 2523 683 2562 Videte,
702 2535 800 2567 quam
821 2527 865 2557 sit
887 2526 941 2558 hic
962 2537 1073 2560 sermo

97 2565 268 2605 sublimis,
301 2577 400 2608 quam
433 2573 586 2599 sanctum
620 2568 661 2598 sit
694 2567 761 2600 hoc
790 2575 1002 2611 praeceptum
1033 2571 1073 2602 de

97 2610 220 2642 tuenda
243 2610 441 2648 concordia,
471 2620 513 2642 nc
543 2621 741 2652 quaeramus
769 2610 955 2653 petulanter
977 2623 1073 2646 oeca-
1096 2609 1101 2641 i

776 163 994 197 POSTILLA
1022 162 1419 196 MELANTHONIANA.

2037 162 2102 195 918

1124 256 1237 287 siones
1267 257 1310 287 ad
1338 257 1544 288 turbationes
1566 256 1747 289 faciendas.
1805 257 1873 288 Sed
1896 257 1951 289 hic
1973 257 2104 296 dicitur,

1125 299 1213 341 quod
1236 299 1332 329 etiam
1355 299 1530 330 habuerint
1553 301 1640 331 bona
1663 301 1859 338 communia,
1883 301 1970 341 quod
1995 301 2103 332 omnia

1125 341 1333 373 vendiderint
1355 347 1388 372 et
1412 342 1637 373 distribuerint
1660 349 1777 383 postea
1801 343 1833 373 in
1857 349 2006 385 egentes.

1460 384 1517 416 Sic
1539 391 1768 426 argumentor:

1255 442 1410 482 Exempla
1433 441 1652 482 Apostolorum
1675 449 1744 474 sunt
1767 446 1936 474 imitanda:

1257 485 1435 515 Communia
1459 496 1557 515 rernm
1576 487 1640 524 fuit
1663 487 1728 516 illis
1751 489 1783 516 ἰιι
1806 499 1875 517 nsit:

1255 527 1343 568 Eryo
1366 528 1455 557 nobis
1476 539 1594 568 qnoque
1617 529 1705 558 debet
1728 540 1792 559 esse
1814 532 1847 559 ἰιι
1869 541 1932 559 usn.

1212 595 1413 638 Respondeo
1431 596 1473 627 ad
1492 596 1669 628 Maiorem:
1691 596 1853 637 Exempla
1866 597 2103 639 Apostolorum

1129 645 1206 671 sunt
1234 640 1404 674 imitanda,
1439 645 1471 670 et
1501 641 1631 681 quidem
1658 641 1691 670 in
1716 639 1773 671 illo
1797 639 1983 678 intellectu,
2019 641 2104 673 sicut

1127 683 1190 724 ipsi
1213 681 1376 721 fecerunt,
1401 688 1434 713 et
1456 689 1685 714 servaverunt.
1731 683 1797 723 ipsi
1821 684 1998 715 servabant
2018 694 2105 715 com-

1127 726 1332 764 munionem,
1367 735 1433 756 non
1467 727 1543 767 quia
1577 731 1668 756 esset
1701 736 1755 757 res
1791 727 2002 764 necessaria,
2045 728 2105 758 sed

1128 769 1204 810 quia
1227 775 1298 799 erat
1321 769 1536 800 commoditas
1560 769 1630 799 eius
1653 770 1828 810 temporis:
1852 769 1927 810 quia
1947 770 2034 800 bona
2058 771 2104 801 eis

1129 812 1367 851 eripiebantur,
1391 811 1466 842 ideo
1490 809 1659 843 malebant
1682 812 1844 849 vendere,
1868 818 1900 841 et
1924 813 2035 852 partiri
2059 813 2104 843 in-

1129 860 1179 885 ter
1208 864 1294 885 sese.
1350 854 1425 885 Fuit
1453 854 1604 895 signum,
1638 855 1727 895 quod
1757 865 1823 885 nou
1853 855 1907 886 diu
1929 854 2106 887 habitaturi

1129 903 1242 928 essent
1264 895 1517 939 Hierosolymis.
1562 897 1637 928 Non
1660 896 1827 928 faciebant
1851 903 2015 939 tamquam
2040 897 2106 929 cul-

1129 946 1215 977 tum,
1237 945 1403 981 tamquam
1426 950 1495 970 rem
1518 941 1756 979 necessariam,
1779 941 1837 971 sed
1860 947 1996 981 propter
2020 952 2106 972 com-

1128 983 1317 1013 moditatem
1340 981 1426 1013 illius
1451 983 1618 1024 temporis.
1671 983 1745 1014 Non
1776 984 1858 1014 satis
1881 982 1983 1014 multa
2006 983 2106 1015 habc-

1129 1035 1220 1063 mus,
1251 1035 1334 1066 quae
1356 1026 1519 1057 imitemur
1540 1026 1574 1056 in
1596 1025 1785 1066 Apostolis:
1819 1026 1931 1066 fidem,
1961 1025 2107 1059 dilectio-

1128 1077 1221 1105 nem,
1256 1068 1461 1108 patientiam‚
1496 1074 1527 1099 et
1557 1075 1667 1100 cetera
1701 1079 1804 1109 opera
1833 1070 1994 1110 ipsorum,
2023 1080 2107 1111 quae

1129 1109 1252 1141 habeut
1275 1111 1478 1141 mandatum:
1513 1110 1592 1142 Item
1621 1122 1790 1143 sumamus
1814 1113 1856 1143 ab
1880 1112 1961 1154 ipsis
1986 1113 2107 1144 doctri-

1129 1162 1221 1183 nam:
1246 1161 1322 1184 nam
1345 1159 1377 1184 et
1401 1153 1572 1185 doctrinae
1599 1155 1726 1195 puritas
1756 1161 1808 1186 est
1831 1155 1995 1186 mandata.
2048 1155 2107 1187 Est

1128 1195 1335 1233 mandatum,
1358 1202 1392 1226 ut
1417 1197 1608 1235 credamus,
1638 1196 1831 1238 diligamus,
1860 1199 1946 1229 sicut
1964 1199 2109 1230 severis·

1129 1238 1210 1268 sime
1233 1239 1392 1280 praecipit
1411 1249 1476 1270 vox
1497 1239 1617 1271 divina.
1654 1241 1725 1269 Huc
1744 1245 1789 1270 est
1809 1241 1985 1270 mandatum
2003 1252 2107 1276 meum,

1128 1284 1161 1309 nt
1186 1280 1332 1320 ‹lile‘yatae'e
1354 1292 1408 1311 vos
1430 1283 1566 1311 invicem.
1619 1282 1687 1314 Ista
1710 1293 1791 1325 ergo
1815 1289 1893 1315 sunt
1916 1282 2068 1316 facienda
2089 1295 2109 1316 a

1128 1323 1238 1354 nobis.

1214 1365 1282 1397 Sed
1310 1367 1360 1398 sie
1388 1377 1473 1408 quae
1501 1366 1566 1398 alia
1588 1377 1644 1399 res
1667 1366 1800 1400 suerunt
1823 1374 1915 1400 extra
1939 1368 1995 1401 illa
2019 1380 2107 1401 man·

1128 1408 1221 1443 data,
1251 1414 1287 1440 ut
1309 1411 1397 1451 quod
1421 1411 1482 1451 ipsi
1506 1410 1654 1442 fecerunt
1681 1422 1802 1453 magna
1824 1411 1996 1450 miracula,
2020 1413 2108 1454 quod

1127 1451 1247 1482 Petrus
1267 1453 1387 1484 occidit
1409 1452 1571 1484 Ananiam
1595 1454 1716 1492 verbo,
1747 1453 1803 1486 illa
1827 1461 1902 1486 suut
1925 1455 2108 1496 peculiaria

1128 1504 1247 1535 opera;
1269 1501 1345 1526 sunt
1367 1506 1469 1537 opera
1493 1497 1614 1535 divina,
1637 1507 1723 1538 quae
1745 1507 1813 1528 non
1831 1503 1909 1529 sunt
1928 1498 2106 1531 imitabilia.

1127 1537 1177 1568 Ea
1199 1547 1283 1579 quae
1305 1545 1383 1569 sunt
1404 1540 1570 1577 mandata,
1585 1540 1754 1572 imitabilia
1772 1538 1883 1582 aliquo
1902 1542 2000 1573 modo
2019 1547 2107 1574 sunt.

1127 1580 1203 1611 Non
1238 1581 1525 1614 comminiscamur
1554 1581 1612 1614 illa
1642 1580 1733 1615 fatua
1755 1584 1899 1623 somnia,
1933 1583 2031 1620 quale
2055 1591 2107 1617 est

1127 1623 1193 1654 hoc
1216 1623 1248 1654 in
1272 1624 1341 1655 iure
1365 1623 1549 1657 Canonico:
1574 1625 1700 1665 Optima
1724 1630 1769 1657 ese
1788 1627 1907 1666 politia
1925 1627 2104 1658 Platonica.

1128 1665 1196 1697 Imo
1227 1667 1369 1698 maxima
1401 1668 1576 1708 phantasia
1606 1674 1668 1700 est.
1723 1669 1882 1711 Apostoli
1905 1681 1971 1702 non
1994 1670 2107 1702 volue-

1128 1715 1204 1740 runt
1227 1719 1302 1740 esse
1320 1709 1525 1742 Platonicam
1548 1712 1818 1745 communionem.
1853 1713 1928 1745 Non
1947 1713 2106 1745 faciamus

1128 1757 1194 1783 tam
1216 1751 1364 1784 insulsas
1387 1753 1626 1786 cavillationes.
1671 1755 1738 1787 Sed
1758 1754 1836 1787 talia
1856 1755 1935 1787 fiunt
1956 1757 2106 1790 extinctis

1129 1795 1258 1834 studiis,
1280 1796 1355 1828 ideo
1379 1803 1487 1829 amate
1510 1798 1630 1836 studia,
1652 1808 1694 1829 ue
1717 1798 1850 1840 fingatis
1873 1800 2032 1831 eiusmodi
2051 1800 2107 1831 ab·

1129 1838 1318 1870 surditates.
1362 1838 1404 1870 Et
1432 1851 1630 1882 quamquam
1658 1852 1726 1872 non
1754 1840 1890 1874 multum
1920 1849 1988 1881 est,
2018 1843 2106 1884 quod

1129 1882 1352 1922 assequimur,
1386 1889 1495 1914 tamen
1529 1889 1581 1914 est
1613 1884 1756 1923 initium,
1788 1884 1903 1921 ianua,
1937 1892 1969 1916 et
1997 1886 2106 1917 aditus

1129 1924 1173 1954 ad
1196 1930 1363 1956 aeternam
1385 1926 1595 1967 sapientiam,
1625 1937 1723 1968 quam
1746 1928 1778 1958 in
1802 1929 1889 1959 omni
1911 1930 2106 1960 aeternitate

1130 1967 1311 1999 discemus:
1334 1969 1410 2009 quia
1429 1975 1558 2010 oportet
1570 1969 1624 2002 hic
1642 1969 1790 2001 inchoari
1811 1971 2006 2010 doctrinam,
2019 1972 2106 2004 sicut

1129 2019 1231 2051 Saepe
1254 2011 1390 2042 auditis:
1414 2011 1513 2042 Beati
1535 2014 1663 2047 morsui,
1687 2015 1741 2053 qni
1763 2015 1794 2043 ίιι
1817 2014 1952 2044 Domino
1976 2017 2106 2045 moriun-

1129 2056 1189 2082 tur.
1236 2053 1272 2084 Si
1300 2055 1422 2086 debent
1451 2057 1533 2087 mori
1556 2056 1588 2087 in
1618 2055 1781 2095 Domino,
1809 2064 1939 2099 oportet
1968 2068 2029 2090 eos
2052 2059 2106 2090 hic

1128 2095 1283 2128 inchoate
1306 2098 1500 2129 doctrinam.

1201 2233 1262 2266 EX
1284 2234 1551 2268 RHAPSODHS
1573 2235 1778 2267 AL10RUM
1801 2235 2030 2269 ANNORUM.

1212 2311 1314 2343 Scitis
1343 2313 1385 2344 ad
1409 2312 1688 2344 confirmationem
1719 2311 1792 2344 fidei
1818 2319 1970 2354 spectare
1994 2316 2103 2347 omnia

1125 2355 1311 2386 testimonia
1333 2354 1586 2396 patefactionum
1611 2356 1809 2394 divinarum,
1833 2357 1907 2388 inde
1931 2367 2037 2398 usque
2060 2359 2102 2390 ab

1125 2398 1216 2429 initio
1246 2399 1378 2439 generis
1408 2398 1550 2429 humani.
1600 2399 1736 2439 Semper
1765 2405 1873 2430 autem
1905 2401 2102 2442 cogitandae

1126 2446 1203 2472 sunt
1236 2440 1314 2473 illae
1347 2440 1609 2482 patefactioneS,
1643 2447 1676 2472 et
1709 2441 1805 2473 simul
1838 2441 1993 2474 voluntas
2026 2443 2103 2483 Dei,

1126 2494 1228 2525 quare
1250 2482 1324 2515 illas
1348 2484 1527 2515 tradiderit.
1563 2483 1669 2519 Quam
1692 2483 1843 2516 mirabile
1867 2492 1931 2524 est,
1951 2488 2039 2528 quod
2057 2486 2102 2519 le-

1127 2538 1200 2568 gem
1224 2527 1357 2558 tradidit
1379 2532 1427 2558 tot
1449 2525 1617 2557 miraculis
1641 2532 1672 2558 et
1695 2528 1815 2570 signis!
1861 2528 1930 2560 Sed
1953 2529 2028 2561 Deo
2051 2530 2102 2562 sic

1125 2568 1266 2611 placuit,
1295 2569 1470 2601 ostendere
1499 2570 1611 2611 generi
1641 2569 1784 2602 humano
1813 2577 1845 2602 et
1874 2582 1913 2603 se
1935 2577 1968 2604 ct
1990 2571 2100 2615 legem

1125 2622 1228 2644 suam.
1273 2612 1356 2644 Nam
1379 2610 1435 2643 illa
1458 2611 1511 2643 lex
1535 2618 1585 2644 est
1602 2613 1674 2655 ipsa
1691 2614 1851 2655 sapientia
1868 2614 1941 2647 Dei.
1976 2614 2100 2648 Postea

1841 2674 1896 2700 ὁδ’
