2324 2958
209 163 271 196 367

209 255 324 294 clesia,
346 255 423 294 fide,
445 253 671 294 consessione,
693 256 902 287 invocatione
919 254 995 294 Dei,
1018 261 1050 286 et
1074 253 1188 286 voluu-

208 306 274 331 tate
297 309 363 330 nou
385 299 560 330 deserendi
583 299 776 330 societatem
798 297 982 330 Ecclesiae.

517 463 641 519 Signa
672 464 883 505 Ecclesiae.

293 571 357 603 lam
392 573 420 603 si
462 578 515 604 est
548 571 702 604 Ecclesia
742 579 858 603 coetus
901 570 1060 603 visibilis:
1096 571 1188 606 Quas

205 614 305 646 habet
338 621 453 654 notas,
487 617 606 657 quibus
636 616 912 657 agnoscitur,let
946 614 1146 653 discernitur
1168 624 1187 644 a

204 656 342 700 reliquis
355 659 517 697 coetibus,
541 660 594 701 qui
619 669 684 689 non
704 664 780 689 sunt
799 669 878 689 vera
895 657 1070 689 Ecclesia?
1093 654 1187 688 Deus

204 700 382 742 Prophetis
407 709 437 733 ct
462 700 655 744 Apostolis,
691 707 723 732 et
745 701 857 732 multis
881 701 1006 732 sanctis
1031 699 1107 732 olim
1131 701 1186 731 de-

204 744 249 775 dit
272 745 380 776 divina
406 745 611 783 testimonia,
641 745 727 776 unde
750 745 890 786 agnosci
914 750 1062 785 poterat,
1098 743 1185 784 qnod

204 793 319 818 essent
337 790 500 826 membra,
536 789 600 819 imo
624 794 656 818 et
685 787 827 829 insignia
857 786 979 818 lumina
1002 785 1187 824 Ecclesiae,

204 836 239 861 ut
264 830 386 862 Paulus
411 830 523 862 habuit
558 830 778 861 testimonium
814 830 1077 862 resuscitationis
1101 839 1186 860 mor-

202 879 342 905 tuorum.
389 875 451 906 Sed
475 874 692 905 communiter
714 871 894 915 loquendo,
917 871 1069 904 Ecclesia
1086 871 1185 904 hahet

202 915 287 948 haec
318 918 414 958 signa
449 915 669 948 universalia:
706 926 818 948 veram
852 917 1054 954 doctrinam,
1090 916 1185 947 cuius

203 969 332 991 summa
367 959 609 1001 comprehensa
655 966 705 991 est
745 960 776 990 in
829 958 1013 1002 Symbolis:
1056 958 1186 990 Deinde

202 1001 382 1045 legitimum
418 1014 513 1034 usum
548 1003 849 1034 Sacramentorum.
907 1002 980 1044 Ego
1011 1000 1105 1033 soleo
1129 1002 1186 1033 ad-

202 1047 282 1078 dere
305 1047 454 1077 tertium:
479 1046 710 1077 Reverentiam
735 1046 916 1084 ministerii,
946 1057 1006 1077 seu
1030 1046 1186 1077 obedien-

201 1090 278 1121 tiam
293 1089 434 1120 debitam
452 1090 645 1127 ministerio,
670 1087 835 1127 videlicet,
858 1089 890 1120 in
913 1089 977 1127 his,
1001 1099 1086 1130 quae
1109 1094 1186 1119 sunt

200 1133 335 1174 propria
359 1133 527 1163 ministerii
552 1131 737 1174 Evangelii.
785 1132 848 1168 Qui
880 1143 945 1163 non
975 1132 1186 1163 consentiunt

198 1176 231 1207 in
256 1174 478 1217 professione,
503 1176 544 1206 de
567 1175 733 1207 doctrina:
763 1186 829 1207 non
853 1182 929 1207 sunt
952 1176 1100 1206 membra
1123 1174 1186 1206 Ec-

201 1217 342 1251 clesiae:
369 1229 409 1250 ne
434 1219 565 1260 quidem
589 1226 729 1250 mortua.

287 1261 374 1293 Viva
410 1263 557 1293 membra
591 1263 825 1299 nominantur,
871 1262 925 1303 qui
960 1267 1036 1293 sunt
1068 1261 1185 1292 sancti.

199 1303 333 1336 Mortua
367 1306 514 1336 membra
549 1305 724 1343 dicuntur,
760 1305 813 1346 qui
848 1306 978 1336 etiamsi
1012 1314 1079 1335 non
1109 1310 1186 1335 sunt

199 1348 326 1386 sancti,
362 1354 470 1379 tamen
500 1349 540 1379 de
570 1348 719 1379 doctrina
743 1348 964 1379 consentiunt.
1009 1347 1084 1378 Non
1109 1353 1186 1378 sunt

199 1401 279 1422 vere
302 1392 408 1422 renati
445 1397 475 1422 et
510 1390 730 1429 sanctificati,
765 1392 825 1422 sed
860 1397 968 1422 tamen
993 1390 1025 1422 in
1050 1395 1186 1421 externa

199 1435 363 1466 societate
398 1441 475 1465 sunt
510 1435 623 1465 inserti
658 1434 734 1465 huic
767 1435 891 1472 coetui,
925 1434 980 1475 qui
1013 1432 1186 1474 profitetur

200 1477 385 1508 doctrinam
409 1488 543 1519 puram,
572 1483 601 1508 et
627 1478 745 1508 retinet
773 1488 870 1508 usum
894 1476 1185 1508 sacramentorum

198 1530 218 1551 a
238 1519 373 1551 Christo
394 1521 555 1552 traditum.
594 1519 641 1551 lta
665 1521 845 1563 pinguntur
867 1519 1013 1561 duplicia
1037 1520 1186 1550 membra

198 1561 372 1595 Ecclesiae
408 1565 438 1595 in
475 1562 638 1604 parabola
672 1564 714 1595 de
738 1563 889 1605 Sagena,
922 1564 953 1594 in
989 1573 1074 1605 quae
1108 1567 1187 1593 sunt

197 1607 275 1638 boni
300 1614 332 1638 et
355 1606 431 1639 mali
457 1609 578 1648 pisces,
647 1608 776 1647 Sayena
798 1606 963 1649 significat
982 1612 1055 1637 rete
1078 1606 1186 1647 pisca-

197 1651 331 1689 torium,
355 1650 414 1683 (Sin
437 1650 595 1690 fiv'fflerucss.
651 1650 777 1682 Hostes
807 1657 839 1681 et
870 1655 1104 1691 persecu-tores
1129 1649 1186 1679 do-

198 1694 325 1725 ctrinae
347 1704 459 1732 verae,
484 1700 648 1735 quatenus
674 1693 758 1725 tales
783 1699 859 1725 sunt
890 1700 920 1724 et
944 1699 1097 1730 manent,
1119 1702 1186 1723 non

198 1744 274 1767 sunt
299 1738 446 1768 membra
469 1736 643 1769 Ecclesiae
666 1734 784 1775 verae,
818 1747 927 1779 neque
948 1737 1044 1775 viva,
1078 1746 1186 1778 neque

199 1786 338 1812 mortua.

286 1823 377 1854 llaec
413 1822 583 1865 generalia
617 1823 755 1865 primum
796 1824 925 1855 debetis
960 1823 1186 1861 considerare,

199 1877 272 1899 curn
297 1867 419 1897 auditis
443 1865 495 1897 vet
521 1866 631 1908 legitis
666 1866 847 1908 parabolas
882 1867 922 1897 de
946 1876 1051 1909 regno
1075 1864 1186 1897 coelo-

198 1919 282 1948 rum,
307 1910 339 1941 id
365 1916 428 1947 cst,
452 1910 492 1941 de
517 1909 680 1941 Ecclesia.
727 1910 792 1941 lam
816 1911 879 1941 iste
903 1916 1012 1941 textus
1036 1910 1078 1940 de
1101 1910 1186 1940 ziza-

198 1953 262 1984 niis
285 1959 338 1984 est
362 1953 537 1984 admodum
562 1954 666 1984 tristis
690 1954 819 1995 pictura
845 1952 1035 1984 Eat-testae:
1072 1951 1111 1983 Et
1140 1960 1186 1983 ta-

198 2006 273 2027 men
299 1997 421 2027 inserta
444 2003 497 2027 est
521 1995 720 2028 consolatio.
767 1995 867 2034 Dicit,
891 1995 1025 2027 multum
1046 1996 1187 2026 zizanio-

198 2050 270 2070 rum
294 2040 408 2082 spargi
442 2040 474 2070 in
513 2038 677 2077 Ecclesia,
713 2040 951 2071 dormientibus
987 2039 1186 2076 hominibus,

198 2081 240 2113 Et
277 2089 385 2114 tamen
424 2093 604 2124 superesse
646 2084 766 2114 bonum
791 2083 949 2119 triticum,
985 2089 1016 2114 et
1046 2081 1186 2113 suturam

199 2135 277 2157 esse
308 2136 470 2165 messem,
503 2127 533 2158 in
569 2137 635 2169 qua
668 2127 710 2158 sit
734 2127 909 2158 discrimen
933 2124 1078 2158 saturum
1101 2126 1187 2157 inter

199 2169 328 2201 zizania
353 2176 385 2201 et
409 2171 562 2203 triticum.

306 2345 532 2386 Discrimen
564 2345 839 2386 membrorum
874 2345 1084 2385 Ecclesiae.

290 2454 382 2486 llaec
405 2455 535 2496 pictura
558 2455 674 2495 docet,
705 2454 792 2497 quod
817 2455 848 2485 in
872 2452 1026 2485 Ecclesia
1054 2452 1186 2491 visibili,

202 2508 334 2540 semper
359 2499 424 2529 sint
448 2498 539 2530 multi
564 2497 639 2529 mali
662 2508 722 2530 seu
757 2497 952 2549 hypocritae
986 2499 1028 2528 ita
1051 2497 1186 2529 admixti

202 2542 347 2580 sanctis,
376 2548 410 2573 ut
434 2548 509 2573 ante
539 2548 666 2584 tempus
690 2552 810 2573 messis
835 2551 894 2572 seu
919 2541 1026 2572 iudicii
1051 2541 1187 2573 extremi

202 2592 370 2627 nequeant
408 2586 586 2627 extirpari,
621 2586 693 2617 sine
727 2585 951 2616 eradicatione
984 2585 1088 2625 ipsius
1122 2583 1187 2616 sru-

848 161 960 193 Pau..
985 160 1088 193 MEL.
1112 160 1299 193 sthPTA
1323 160 1588 192 EXEGETICA.

1239 262 1293 286 tur
1315 256 1504 287 consentire
1528 266 1601 287 cum
1625 265 1703 287 vere
1726 256 1865 294 sanctis,
1889 266 1953 288 nec
1972 255 2117 288 humano
2139 257 2221 289 iudi·

1241 299 1292 329 cio
1315 297 1413 329 facile
1435 299 1478 330 ab
1501 297 1553 330 his
1575 299 1718 330 discerni
1743 300 1882 339 possint.

1306 340 1397 372 Haec
1420 341 1571 373 doctrina
1595 342 1748 383 congruit
1771 342 1813 373 ad
1836 341 1917 373 illud
1939 343 2119 373 membrum
2143 341 2221 374 defi-

1239 384 1373 415 nitionis
1397 385 1488 425 prius
1512 385 1667 416 traditae:
1694 385 1785 422 Quod
1804 389 1866 417 etsi
1884 387 1973 424 filius
1996 387 2064 425 Dei,
2088 389 2133 417 si!
2153 388 2221 427 effi-

1239 437 1303 458 ca-z·
1325 430 1358 458 in
1381 428 1540 468 Ecclesia,
1574 433 1608 459 ec
1637 430 1754 459 multos
1779 433 1952 467 reqeneret
1974 438 2036 468 per
2065 430 2222 468 Spiritum

1239 475 1386 502 sanctum
1418 475 1525 502 tamen
1559 474 1592 502 in
1626 475 1717 502 coetu
1750 475 1886 503 est-terno
1920 476 1954 503 et
1983 473 2100 503 visibili
2132 475 2225 504 mulli

1239 517 1306 545 sine
1327 514 1467 545 admixti
1487 524 1550 545 non
1573 524 1648 545 vere
1670 517 1794 545 sancti:
1823 524 1956 554 quorum
1980 517 2038 546 alii
2055 517 2141 555 plus,
2164 517 2224 547 alii

1239 559 1346 587 minus
1381 559 1525 588 rete'nent
1559 558 1600 588 de
1633 558 1782 588 doctrina
1814 555 1987 589 Ecclesiae.
2049 557 2122 588 Non
2158 559 2222 590 iam

1241 599 1346 629 dicam
1370 599 1411 630 de
1434 599 1690 636 infirmitatibus,
1715 607 1745 631 et
1770 601 2011 631 turbationibus
2035 599 2222 640 Ecclesiae,

1239 648 1275 673 ut
1309 640 1407 672 hodie
1430 643 1565 680 videtis,
1599 650 1720 684 quanta
1756 643 1799 673 sit
1830 643 1863 674 in
1895 644 2090 675 doctoribus
2124 650 2156 675 et
2188 645 2221 676 in

1240 683 1341 726 vulgo
1375 686 1555 723 securitas,
1591 696 1688 727 quam
1722 685 1833 717 stolidi
1868 685 2043 717 multorum
2067 687 2220 728 impetuS,

1240 738 1336 769 quam
1357 728 1470 759 tristes
1484 727 1690 759 divulsiones
1709 740 1750 760 ac
1763 728 2018 761 dilacerationes
2031 736 2222 762 nostrorum

1240 777 1404 808 coetuum,
1439 771 1470 801 in
1506 771 1625 812 quibus
1649 778 1699 803 est
1723 771 1893 805 Ecclesia:
1929 772 1981 804 De
2014 773 2135 814 quibus
2163 783 2218 805 au·

1240 814 1314 844 ditis
1349 814 1560 855 quotidianos
1585 815 1725 856 gemitus
1748 822 1920 857 parentum
1951 823 2155 855 vestrorum,
2188 822 2221 848 et

1239 856 1377 888 aliorum
1401 857 1529 898 piorum
1557 868 1597 889 ac
1621 857 1836 890 honestorum
1869 858 2048 890 hominum.
2105 858 2221 891 lmmo-

1239 910 1349 931 remur
1372 907 1481 931 autem
1507 901 1707 942 cogitatione
1731 901 1763 933 in
1795 903 2103 934 accommodatione
2126 912 2221 943 para-

1240 941 1337 974 bolae
1381 943 1422 974 ad
1464 943 1720 984 descriptionem
1759 945 1966 977 diversorum
2001 947 2222 978 membrorum

1239 985 1426 1017 Ecclesiae.

1325 1029 1474 1060 Manebit
1493 1036 1610 1061 coetus
1624 1028 1743 1072 aliqnis
1756 1029 1895 1062 visibilis
1908 1030 2093 1069 Ecclesiae,
2115 1041 2223 1074 usque

1238 1073 1280 1104 ad
1303 1078 1432 1113 tempus
1456 1074 1593 1111 messis,
1628 1072 1693 1104 hoc
1717 1081 1780 1112 est,
1809 1084 1916 1116 usque
1938 1075 1980 1105 ad
2005 1076 2222 1107 resurrectio-

1239 1125 1312 1147 nem
1337 1123 1552 1147 mortuorum.
1610 1116 1645 1147 ln
1681 1117 1746 1148 hoc
1781 1124 1877 1148 coetu
1908 1118 2016 1149 bonus
2037 1117 2136 1149 homo
2160 1128 2220 1150 seu

1238 1157 1490 1200 paterfamilias,
1524 1160 1653 1201 spargit
1690 1162 1809 1191 bonum
1834 1170 1964 1198 semen,
1999 1161 2031 1192 id
2056 1168 2119 1199 est,
2148 1163 2222 1203 lpse

1239 1201 1324 1233 filius
1359 1201 1421 1233 Dei
1455 1213 1515 1243 per
1548 1203 1763 1234 ministerium
1793 1203 1966 1245 Evangelii
2002 1210 2054 1236 est
2088 1203 2222 1244 efficax,

1239 1252 1271 1276 et
1294 1255 1378 1276 voce
1402 1244 1574 1286 Evangelii
1605 1256 1644 1277 ac
1669 1246 1793 1287 Spiritu
1828 1255 1947 1278 sancto
1978 1246 2099 1279 multos
2129 1258 2222 1291 rege·

1238 1295 1346 1326 nerat,
1380 1295 1413 1320 et
1448 1288 1610 1320 haeredes
1645 1288 1722 1320 facit
1758 1290 1842 1320 w'tae
1867 1296 2033 1322 aeternae.
2082 1290 2120 1323 Hi
2145 1296 2222 1323 sunt

1239 1332 1381 1363 triticum
1405 1339 1536 1363 enatum
1573 1343 1613 1363 ex
1637 1333 1726 1363 bono
1751 1333 1888 1370 semine,
1923 1340 1954 1364 et
1988 1340 2097 1365 tamen
2121 1345 2222 1376 appa-

1239 1382 1312 1406 rent
1341 1373 1438 1405 simul
1468 1376 1499 1405 in
1524 1375 1640 1406 eodem
1663 1386 1746 1417 agro
1770 1376 1913 1407 admixta
1949 1377 2056 1407 tritico
2082 1378 2221 1416 zizania,

1238 1418 1304 1449 hoc
1327 1423 1395 1455 est,
1429 1424 1505 1449 sunt
1530 1418 1562 1448 in
1587 1419 1703 1449 eodem
1729 1424 1826 1450 coetu
1851 1418 1971 1450 visibili
1995 1419 2086 1451 multi
2111 1419 2222 1459 electi,

1238 1467 1270 1492 et
1292 1458 1346 1491 alii
1371 1470 1437 1491 non
1462 1461 1582 1498 sancti,
1606 1462 1678 1492 sive
1701 1460 1908 1503 hypocritae,
1939 1462 2011 1494 sive
2034 1461 2223 1503 Epicuraei,

1239 1514 1301 1535 nec
1324 1510 1431 1534 tamen
1455 1513 1595 1545 prorsus
1618 1505 1814 1536 abiicientes
1838 1505 2023 1536 doctrinam
2037 1504 2223 1538 Ecclesiae.

1325 1546 1404 1578 lnde
1428 1547 1475 1585 iit,
1500 1553 1534 1579 nt
1556 1554 1633 1579 ante
1656 1549 1740 1579 diem
1755 1549 1887 1586 messis,
1911 1547 1964 1580 vel
1982 1555 2059 1580 ante
2072 1559 2225 1582 consum·

1239 1590 1414 1621 mationem
1438 1589 1576 1628 saeculi,
1600 1602 1666 1622 non
1690 1592 1819 1633 possint
1850 1592 1978 1623 zizania
2000 1590 2118 1631 evelli,
2151 1594 2224 1625 sine

1238 1634 1343 1675 ipsius
1367 1634 1463 1664 tritici
1488 1634 1718 1676 extirpationc,
1743 1635 1840 1673 Quia,
1869 1635 1976 1666 donec
2000 1635 2141 1667 retinent
2164 1635 2224 1679 hy·

1239 1677 1387 1718 pocritae
1410 1676 1549 1710 similem
1580 1677 1824 1709 consessionem
1854 1678 2043 1717 doctrinae,
2076 1686 2107 1711 et
2136 1680 2224 1711 simi-

1238 1720 1303 1751 lem
1338 1731 1434 1752 usum
1469 1720 1772 1760 Sacramentorum,
1808 1732 1870 1752 nec
1905 1722 2020 1753 vivunt
2055 1722 2087 1753 in
2122 1723 2222 1754 mani-

1240 1762 1335 1794 festis
1370 1762 1570 1802 sceleribus,
1607 1775 1671 1795 non
1706 1771 1847 1805 possunt
1883 1766 2225 1798 excommunicatione

1240 1807 1357 1848 puniri.
1410 1806 1539 1838 Deinde
1569 1814 1603 1838 ut
1639 1808 1777 1839 maxime
1812 1807 1940 1848 profani
1975 1814 2007 1839 et
2037 1808 2223 1850 Epicuraei,

1240 1850 1383 1881 convicti
1418 1851 1459 1881 de
1494 1851 1639 1882 externis
1663 1857 1693 1881 et
1718 1852 1887 1882 atrocibus
1911 1850 2058 1890 delictis,
2093 1862 2225 1884 excom·

1240 1893 1410 1931 manicati,
1434 1894 1467 1924 id
1491 1900 1554 1932 est,
1578 1893 1735 1936 legitimis
1771 1895 1900 1925 iudiciis
1935 1895 2007 1926 eiici
2041 1905 2081 1926 ex
2105 1894 2221 1928 Eccle-

1239 1937 1289 1967 sia
1313 1942 1467 1978 possunt:
1502 1943 1610 1968 tamen
1646 1938 1803 1969 ministris
1838 1936 2009 1981 Evangelii
2046 1948 2111 1970 non
2147 1938 2224 1971 licet

1240 1989 1300 2011 eos
1339 1980 1507 2013 occidere.
1543 1987 1598 2011 aut
1637 1981 1820 2012 cohercere
1854 1982 1885 2012 vi
1920 1980 2105 2024 corporali,
2139 1981 2224 2017 Quia

1240 2023 1454 2054 ministerium
1492 2022 1768 2056 Ecclesiasticum
1802 2030 1926 2056 tanturn
1963 2026 2067 2057 verbo
2102 2031 2135 2056 et
2167 2035 2223 2057 ex·

1240 2067 1538 2098 communicatione
1562 2068 1666 2108 punit,
1692 2074 1726 2099 ut
1748 2066 1834 2109 lapsi
1858 2067 2069 2100 retrahantur
2085 2068 2128 2100 ad
2145 2078 2223 2110 poe-

1240 2110 1420 2148 nitentiam,
1443 2117 1475 2141 et
1499 2117 1669 2142 sanentur.

1414 2277 1647 2318 Consolatio
1679 2286 1818 2319 contra
1850 2278 2049 2319 scandala.

1328 2368 1426 2404 Quod
1460 2370 1487 2401 si
1524 2371 1620 2401 etiam
1657 2371 1687 2401 in
1723 2380 1846 2412 genere
1874 2371 2002 2401 zizania
2037 2380 2223 2403 accommo-

1240 2411 1322 2443 dare
1357 2411 1509 2444 volumus
1545 2414 1586 2444 ad
1621 2415 1729 2444 omnis
1763 2414 1897 2455 generis
1927 2412 2102 2450 scandala,
2136 2414 2223 2445 sicut

1241 2454 1394 2487 Christus
1419 2464 1593 2498 utrumque
1616 2458 1784 2499 coniungit
1815 2457 1846 2488 in
1882 2457 2091 2488 enarratione
2124 2455 2223 2489 haino

1241 2498 1433 2540 parabolae.
1458 2511 1532 2531 cnm
1566 2501 1658 2531 dicit:
1694 2503 1806 2541 Anyele'
1837 2503 1947 2533 tollen!
1975 2511 2016 2532 ex·
2039 2510 2138 2540 reyno
2164 2502 2226 2540 filu

1240 2543 1378 2574 homenis
1400 2547 1508 2575 omnia
1529 2545 1698 2584 scandala,
1731 2549 1764 2576 e!
1795 2554 1850 2576 eos
1873 2547 1927 2584 qm·
1948 2548 2067 2576 ineunte
2086 2546 2223 2584 sudant,

1241 2590 1273 2617 et
1293 2591 1464 2618 connotent
1484 2591 1518 2619 in
1547 2591 1662 2627 eynem,
1694 2589 1748 2619 ubi
1776 2592 1840 2619 erce
1861 2590 2016 2629 ydor-aton,
2044 2592 2077 2618 et
2100 2587 2223 2619 serator

202 2629 302 2660 metiti
315 2639 375 2660 seu
389 2629 499 2666 tritici,
524 2629 555 2660 id
578 2635 642 2667 est,
666 2635 702 2660 ut
724 2628 766 2660 de
790 2639 868 2661 vera
887 2628 1038 2660 doctrina
1057 2628 1188 2659 videan-
1240 2629 1402 2662 demtum:
1447 2630 1571 2662 Tamen
1606 2629 1689 2663 haec
1731 2641 1864 2673 quoquc
1897 2628 2057 2662 scandala
2097 2628 2222 2672 (qn-tt·
