<?xml version="1.0" encoding="UTF-8"?>
<!DOCTYPE html PUBLIC "-//W3C//DTD XHTML 1.0 Transitional//EN"
    "http://www.w3.org/TR/xhtml1/DTD/xhtml1-transitional.dtd">
<html xmlns="http://www.w3.org/1999/xhtml" xml:lang="en" lang="en">
 <head>
  <title>
</title>
<meta http-equiv="Content-Type" content="text/html;charset=utf-8" />
  <meta name='ocr-system' content='tesseract 3.04.00' />
  <meta name='ocr-capabilities' content='ocr_page ocr_carea ocr_par ocr_line ocrx_word'/>
</head>
<body>
  <div class='ocr_page' id='page_1' title='image "./operaquaesupersu24melauoft_0197.png"; bbox 0 0 2324 2958; ppageno 0'>
   <div class='ocr_carea' id='block_1_1' title="bbox 79 167 140 200">
    <p class='ocr_par' dir='ltr' id='par_1_1' title="bbox 79 167 140 200">
     <span class='ocr_line' id='line_1_1' title="bbox 79 167 140 200; baseline -0.049 0"><span class='ocrx_word' id='word_1_1' title='bbox 79 167 140 200; x_wconf 85' lang='lat'>341</span> 
     </span>
    </p>
   </div>
   <div class='ocr_carea' id='block_1_2' title="bbox 54 254 1078 2647">
    <p class='ocr_par' dir='ltr' id='par_1_2' title="bbox 84 254 1052 510">
     <span class='ocr_line' id='line_1_2' title="bbox 84 254 1050 297; baseline -0.007 -3"><span class='ocrx_word' id='word_1_2' title='bbox 84 261 290 294; x_wconf 87' lang='lat' dir='ltr'>constitutum</span> <span class='ocrx_word' id='word_1_3' title='bbox 323 263 373 287; x_wconf 86' lang='lat' dir='ltr'>est</span> <span class='ocrx_word' id='word_1_4' title='bbox 407 263 534 297; x_wconf 83' lang='lat' dir='ltr'>tempus</span> <span class='ocrx_word' id='word_1_5' title='bbox 568 254 648 287; x_wconf 85' lang='lat' dir='ltr'>illud</span> <span class='ocrx_word' id='word_1_6' title='bbox 683 265 744 286; x_wconf 82' lang='lat' dir='ltr'>sex</span> <span class='ocrx_word' id='word_1_7' title='bbox 767 256 1007 287; x_wconf 79' lang='lat' dir='ltr'>hebdomadum</span> <span class='ocrx_word' id='word_1_8' title='bbox 1031 267 1050 287; x_wconf 82' lang='lat' dir='ltr'>a</span> 
     </span>
     <span class='ocr_line' id='line_1_3' title="bbox 84 297 1050 346; baseline -0.007 -10"><span class='ocrx_word' id='word_1_9' title='bbox 84 300 322 346; x_wconf 81' lang='lat' dir='ltr'>sapientissimo</span> <span class='ocrx_word' id='word_1_10' title='bbox 356 297 572 340; x_wconf 73' lang='lat' dir='ltr'>legislatore,</span> <span class='ocrx_word' id='word_1_11' title='bbox 615 298 705 339; x_wconf 88' lang='lat' dir='ltr'>quod</span> <span class='ocrx_word' id='word_1_12' title='bbox 739 305 788 329; x_wconf 78' lang='lat' dir='ltr'>est</span> <span class='ocrx_word' id='word_1_13' title='bbox 828 299 1050 330; x_wconf 79' lang='lat' dir='ltr'>mediocribus</span> 
     </span>
     <span class='ocr_line' id='line_1_4' title="bbox 84 340 1050 382; baseline -0.007 -3"><span class='ocrx_word' id='word_1_14' title='bbox 84 345 206 378; x_wconf 80' lang='lat' dir='ltr'>naturis</span> <span class='ocrx_word' id='word_1_15' title='bbox 226 342 443 379; x_wconf 85' lang='lat' dir='ltr'>commodum,</span> <span class='ocrx_word' id='word_1_16' title='bbox 463 347 493 372; x_wconf 91' lang='lat' dir='ltr'>et</span> <span class='ocrx_word' id='word_1_17' title='bbox 516 340 709 382; x_wconf 88' lang='lat' dir='ltr'>plerumque</span> <span class='ocrx_word' id='word_1_18' title='bbox 733 341 904 379; x_wconf 76' lang='lat' dir='ltr'>convenit,</span> <span class='ocrx_word' id='word_1_19' title='bbox 933 343 961 372; x_wconf 76' lang='lat' dir='ltr'>si</span> <span class='ocrx_word' id='word_1_20' title='bbox 986 351 1050 372; x_wconf 92' lang='lat' dir='ltr'>non</span> 
     </span>
     <span class='ocr_line' id='line_1_5' title="bbox 84 382 1050 425; baseline -0.007 -4"><span class='ocrx_word' id='word_1_21' title='bbox 84 390 149 421; x_wconf 85' lang='lat' dir='ltr'>sint</span> <span class='ocrx_word' id='word_1_22' title='bbox 178 383 414 417; x_wconf 81' lang='lat' dir='ltr'>afflictissimae</span> <span class='ocrx_word' id='word_1_23' title='bbox 454 382 661 414; x_wconf 59' lang='lat' dir='ltr'>valetudini&amp;</span> <span class='ocrx_word' id='word_1_24' title='bbox 717 382 788 414; x_wconf 89' lang='lat' dir='ltr'>Fuit</span> <span class='ocrx_word' id='word_1_25' title='bbox 824 393 904 425; x_wconf 86' lang='lat' dir='ltr'>ergo</span> <span class='ocrx_word' id='word_1_26' title='bbox 931 394 1050 425; x_wconf 88' lang='lat' dir='ltr'>magna</span> 
     </span>
     <span class='ocr_line' id='line_1_6' title="bbox 84 424 1052 468; baseline -0.007 -4"><span class='ocrx_word' id='word_1_27' title='bbox 84 428 249 464; x_wconf 78' lang='lat' dir='ltr'>barbaries</span> <span class='ocrx_word' id='word_1_28' title='bbox 257 449 267 464; x_wconf 96' lang='lat'>,</span> <span class='ocrx_word' id='word_1_29' title='bbox 295 427 384 468; x_wconf 88' lang='lat' dir='ltr'>quod</span> <span class='ocrx_word' id='word_1_30' title='bbox 413 425 470 457; x_wconf 89' lang='lat' dir='ltr'>ille</span> <span class='ocrx_word' id='word_1_31' title='bbox 492 432 607 467; x_wconf 89' lang='lat' dir='ltr'>pastor</span> <span class='ocrx_word' id='word_1_32' title='bbox 630 424 791 457; x_wconf 80' lang='lat' dir='ltr'>clamabat</span> <span class='ocrx_word' id='word_1_33' title='bbox 815 425 881 457; x_wconf 84' lang='lat' dir='ltr'>hoc</span> <span class='ocrx_word' id='word_1_34' title='bbox 904 436 980 457; x_wconf 84' lang='lat' dir='ltr'>esse</span> <span class='ocrx_word' id='word_1_35' title='bbox 1003 426 1052 457; x_wconf 94' lang='lat' dir='ltr'>lu-</span> 
     </span>
     <span class='ocr_line' id='line_1_7' title="bbox 85 469 486 510; baseline -0.017 -4"><span class='ocrx_word' id='word_1_36' title='bbox 85 473 208 506; x_wconf 75' lang='lat' dir='ltr'>daicum</span> <span class='ocrx_word' id='word_1_37' title='bbox 231 475 263 500; x_wconf 86' lang='lat' dir='ltr'>et</span> <span class='ocrx_word' id='word_1_38' title='bbox 282 469 486 510; x_wconf 85' lang='lat' dir='ltr'>papisticum.</span> 
     </span>
    </p>

    <p class='ocr_par' dir='ltr' id='par_1_3' title="bbox 54 511 1051 592">
     <span class='ocr_line' id='line_1_8' title="bbox 162 511 1051 554; baseline -0.002 -11"><span class='ocrx_word' id='word_1_39' title='bbox 162 512 300 554; x_wconf 85' lang='lat' dir='ltr'>Oportet</span> <span class='ocrx_word' id='word_1_40' title='bbox 327 521 391 543; x_wconf 93' lang='lat' dir='ltr'>nos</span> <span class='ocrx_word' id='word_1_41' title='bbox 417 512 622 553; x_wconf 74' lang='lat' dir='ltr'>distinguere</span> <span class='ocrx_word' id='word_1_42' title='bbox 647 511 732 542; x_wconf 93' lang='lat' dir='ltr'>inter</span> <span class='ocrx_word' id='word_1_43' title='bbox 753 520 855 552; x_wconf 82' lang='lat' dir='ltr'>opera</span> <span class='ocrx_word' id='word_1_44' title='bbox 879 511 941 542; x_wconf 90' lang='lat' dir='ltr'>Dei</span> <span class='ocrx_word' id='word_1_45' title='bbox 965 512 1051 542; x_wconf 87' lang='lat' dir='ltr'>ordi-</span> 
     </span>
     <span class='ocr_line' id='line_1_9' title="bbox 54 552 1051 592; baseline -0.004 -3"><span class='ocrx_word' id='word_1_46' title='bbox 54 570 58 573; x_wconf 97' lang='lat'>·</span> <span class='ocrx_word' id='word_1_47' title='bbox 80 562 153 589; x_wconf 77' lang='lat' dir='ltr'>nata</span> <span class='ocrx_word' id='word_1_48' title='bbox 174 555 206 586; x_wconf 91' lang='lat' dir='ltr'>in</span> <span class='ocrx_word' id='word_1_49' title='bbox 229 561 358 592; x_wconf 77' lang='lat' dir='ltr'>natura,</span> <span class='ocrx_word' id='word_1_50' title='bbox 387 555 658 585; x_wconf 74' lang='lat' dir='ltr'>et&#39;ceremonias.</span> <span class='ocrx_word' id='word_1_51' title='bbox 702 552 991 585; x_wconf 78' lang='lat' dir='ltr'>Excellentissima</span> <span class='ocrx_word' id='word_1_52' title='bbox 1019 560 1051 585; x_wconf 87' lang='lat' dir='ltr'>et</span> 
     </span>
    </p>

    <p class='ocr_par' dir='ltr' id='par_1_4' title="bbox 75 596 1078 811">
     <span class='ocr_line' id='line_1_10' title="bbox 78 596 1050 639; baseline -0.003 -9"><span class='ocrx_word' id='word_1_53' title='bbox 78 596 233 631; x_wconf 79' lang='lat' dir='ltr'>mirabilis</span> <span class='ocrx_word' id='word_1_54' title='bbox 257 607 310 628; x_wconf 90' lang='lat' dir='ltr'>res</span> <span class='ocrx_word' id='word_1_55' title='bbox 335 603 387 628; x_wconf 85' lang='lat' dir='ltr'>est</span> <span class='ocrx_word' id='word_1_56' title='bbox 416 598 586 639; x_wconf 84' lang='lat' dir='ltr'>generatio</span> <span class='ocrx_word' id='word_1_57' title='bbox 609 597 747 627; x_wconf 87' lang='lat' dir='ltr'>hominis</span> <span class='ocrx_word' id='word_1_58' title='bbox 779 602 809 627; x_wconf 90' lang='lat' dir='ltr'>et</span> <span class='ocrx_word' id='word_1_59' title='bbox 839 603 964 637; x_wconf 70' lang='lat' dir='ltr'>partuS.</span> <span class='ocrx_word' id='word_1_60' title='bbox 1009 596 1050 627; x_wconf 85' lang='lat' dir='ltr'>Et</span> 
     </span>
     <span class='ocr_line' id='line_1_11' title="bbox 77 634 1078 680; baseline -0.003 -8"><span class='ocrx_word' id='word_1_61' title='bbox 77 641 130 672; x_wconf 87' lang='lat' dir='ltr'>lon</span> <span class='ocrx_word' id='word_1_62' title='bbox 157 651 176 671; x_wconf 89' lang='lat' dir='ltr'>a</span> <span class='ocrx_word' id='word_1_63' title='bbox 199 640 348 671; x_wconf 87' lang='lat' dir='ltr'>oratione</span> <span class='ocrx_word' id='word_1_64' title='bbox 367 649 451 680; x_wconf 81' lang='lat' dir='ltr'>opus</span> <span class='ocrx_word' id='word_1_65' title='bbox 473 647 581 677; x_wconf 81' lang='lat' dir='ltr'>esset,</span> <span class='ocrx_word' id='word_1_66' title='bbox 617 640 643 669; x_wconf 90' lang='lat' dir='ltr'>si</span> <span class='ocrx_word' id='word_1_67' title='bbox 678 638 838 670; x_wconf 73' lang='lat' dir='ltr'>vellemus</span> <span class='ocrx_word' id='word_1_68' title='bbox 868 638 921 670; x_wconf 77' lang='lat' dir='ltr'>vel</span> <span class='ocrx_word' id='word_1_69' title='bbox 945 640 1052 670; x_wconf 88' lang='lat' dir='ltr'>obiter</span> <span class='ocrx_word' id='word_1_70' title='bbox 1073 634 1078 673; x_wconf 81' lang='lat' dir='ltr'>i</span> 
     </span>
     <span class='ocr_line' id='line_1_12' title="bbox 75 681 1051 724; baseline -0.002 -10"><span class='ocrx_word' id='word_1_71' title='bbox 75 693 138 724; x_wconf 83' lang='lat' dir='ltr'>exp</span> <span class='ocrx_word' id='word_1_72' title='bbox 153 684 241 714; x_wconf 87' lang='lat' dir='ltr'>icare</span> <span class='ocrx_word' id='word_1_73' title='bbox 259 683 452 723; x_wconf 77' lang='lat' dir='ltr'>sapientiam</span> <span class='ocrx_word' id='word_1_74' title='bbox 481 681 569 712; x_wconf 89' lang='lat' dir='ltr'>illam</span> <span class='ocrx_word' id='word_1_75' title='bbox 594 683 752 720; x_wconf 79' lang='lat' dir='ltr'>divinam,</span> <span class='ocrx_word' id='word_1_76' title='bbox 785 683 950 723; x_wconf 87' lang='lat' dir='ltr'>quomodo</span> <span class='ocrx_word' id='word_1_77' title='bbox 975 692 1051 713; x_wconf 83' lang='lat' dir='ltr'>coa-</span> 
     </span>
     <span class='ocr_line' id='line_1_13' title="bbox 75 723 1050 766; baseline -0.002 -9"><span class='ocrx_word' id='word_1_78' title='bbox 75 725 206 758; x_wconf 83' lang='lat' dir='ltr'>lescant</span> <span class='ocrx_word' id='word_1_79' title='bbox 238 726 404 763; x_wconf 70' lang='lat' dir='ltr'>membra,</span> <span class='ocrx_word' id='word_1_80' title='bbox 439 725 604 766; x_wconf 86' lang='lat' dir='ltr'>quomodo</span> <span class='ocrx_word' id='word_1_81' title='bbox 639 723 745 756; x_wconf 89' lang='lat' dir='ltr'>alatur</span> <span class='ocrx_word' id='word_1_82' title='bbox 767 724 877 756; x_wconf 79' lang='lat' dir='ltr'>infans</span> <span class='ocrx_word' id='word_1_83' title='bbox 905 735 965 766; x_wconf 89' lang='lat' dir='ltr'>per</span> <span class='ocrx_word' id='word_1_84' title='bbox 988 724 1050 755; x_wconf 83' lang='lat' dir='ltr'>Co-</span> 
     </span>
     <span class='ocr_line' id='line_1_14' title="bbox 75 767 555 811; baseline -0.006 -11"><span class='ocrx_word' id='word_1_85' title='bbox 75 767 238 811; x_wconf 83' lang='lat' dir='ltr'>tylidones</span> <span class='ocrx_word' id='word_1_86' title='bbox 262 769 293 799; x_wconf 92' lang='lat' dir='ltr'>in</span> <span class='ocrx_word' id='word_1_87' title='bbox 311 774 406 799; x_wconf 90' lang='lat' dir='ltr'>utero</span> <span class='ocrx_word' id='word_1_88' title='bbox 429 768 555 798; x_wconf 86' lang='lat' dir='ltr'>matris.</span> 
     </span>
    </p>

    <p class='ocr_par' dir='ltr' id='par_1_5' title="bbox 73 809 1078 1149">
     <span class='ocr_line' id='line_1_15' title="bbox 159 809 1050 853; baseline -0.002 -11"><span class='ocrx_word' id='word_1_89' title='bbox 159 809 278 853; x_wconf 79' lang='lat' dir='ltr'>Cotyla</span> <span class='ocrx_word' id='word_1_90' title='bbox 302 809 356 841; x_wconf 76' lang='lat' dir='ltr'>vel</span> <span class='ocrx_word' id='word_1_91' title='bbox 378 809 555 852; x_wconf 78' lang='lat' dir='ltr'>Cotylidon</span> <span class='ocrx_word' id='word_1_92' title='bbox 584 811 718 851; x_wconf 83' lang='lat' dir='ltr'>proprie</span> <span class='ocrx_word' id='word_1_93' title='bbox 749 810 912 852; x_wconf 77' lang='lat' dir='ltr'>significat</span> <span class='ocrx_word' id='word_1_94' title='bbox 940 816 1050 841; x_wconf 86' lang='lat' dir='ltr'>aceta-</span> 
     </span>
     <span class='ocr_line' id='line_1_16' title="bbox 73 852 1049 891; baseline -0.003 -5"><span class='ocrx_word' id='word_1_95' title='bbox 73 852 198 886; x_wconf 80' lang='lat' dir='ltr'><strong>bulum.</strong></span> <span class='ocrx_word' id='word_1_96' title='bbox 234 854 281 884; x_wconf 89' lang='lat' dir='ltr'>lta</span> <span class='ocrx_word' id='word_1_97' title='bbox 299 854 385 884; x_wconf 85' lang='lat' dir='ltr'>enim</span> <span class='ocrx_word' id='word_1_98' title='bbox 408 859 575 884; x_wconf 75' lang='lat' dir='ltr'>verterunt</span> <span class='ocrx_word' id='word_1_99' title='bbox 598 854 630 884; x_wconf 85' lang='lat' dir='ltr'>in</span> <span class='ocrx_word' id='word_1_100' title='bbox 655 853 761 891; x_wconf 80' lang='lat' dir='ltr'>Mose,</span> <span class='ocrx_word' id='word_1_101' title='bbox 787 855 830 885; x_wconf 80' lang='lat' dir='ltr'>citt</span> <span class='ocrx_word' id='word_1_102' title='bbox 854 854 921 885; x_wconf 67' lang='lat' dir='ltr'>tuin</span> <span class='ocrx_word' id='word_1_103' title='bbox 944 852 1049 890; x_wconf 43' lang='lat' dir='ltr'>&amp;duih</span> 
     </span>
     <span class='ocr_line' id='line_1_17' title="bbox 74 895 1051 937; baseline -0.003 -9"><span class='ocrx_word' id='word_1_104' title='bbox 74 896 186 936; x_wconf 65' lang='lat' dir='ltr'>frichen.</span> <span class='ocrx_word' id='word_1_105' title='bbox 230 896 395 927; x_wconf 85' lang='lat' dir='ltr'>Hebraice</span> <span class='ocrx_word' id='word_1_106' title='bbox 418 895 512 937; x_wconf 82' lang='lat' dir='ltr'><strong>Caph</strong></span> <span class='ocrx_word' id='word_1_107' title='bbox 545 901 597 927; x_wconf 87' lang='lat' dir='ltr'>est</span> <span class='ocrx_word' id='word_1_108' title='bbox 620 906 738 927; x_wconf 79' lang='lat' dir='ltr'>cavum</span> <span class='ocrx_word' id='word_1_109' title='bbox 761 896 930 937; x_wconf 83' lang='lat' dir='ltr'>quiddam,</span> <span class='ocrx_word' id='word_1_110' title='bbox 964 896 1051 926; x_wconf 88' lang='lat' dir='ltr'>sicut</span> 
     </span>
     <span class='ocr_line' id='line_1_18' title="bbox 74 937 1051 982; baseline -0.002 -12"><span class='ocrx_word' id='word_1_111' title='bbox 74 937 220 982; x_wconf 84' lang='lat' dir='ltr'>pugillus</span> <span class='ocrx_word' id='word_1_112' title='bbox 243 944 275 970; x_wconf 86' lang='lat' dir='ltr'>et</span> <span class='ocrx_word' id='word_1_113' title='bbox 296 937 374 970; x_wconf 71' lang='lat' dir='ltr'>vola</span> <span class='ocrx_word' id='word_1_114' title='bbox 397 948 524 970; x_wconf 84' lang='lat' dir='ltr'>manus.</span> <span class='ocrx_word' id='word_1_115' title='bbox 577 938 611 969; x_wconf 92' lang='lat' dir='ltr'>ln</span> <span class='ocrx_word' id='word_1_116' title='bbox 636 948 720 969; x_wconf 77' lang='lat' dir='ltr'>coxa</span> <span class='ocrx_word' id='word_1_117' title='bbox 739 946 771 970; x_wconf 91' lang='lat' dir='ltr'>et</span> <span class='ocrx_word' id='word_1_118' title='bbox 802 940 856 970; x_wconf 83' lang='lat' dir='ltr'>ubi</span> <span class='ocrx_word' id='word_1_119' title='bbox 878 944 1051 978; x_wconf 84' lang='lat' dir='ltr'>praeterea</span> 
     </span>
     <span class='ocr_line' id='line_1_19' title="bbox 74 980 1051 1021; baseline -0.003 -7"><span class='ocrx_word' id='word_1_120' title='bbox 74 983 224 1014; x_wconf 75' lang='lat' dir='ltr'>iunctura</span> <span class='ocrx_word' id='word_1_121' title='bbox 247 987 300 1013; x_wconf 85' lang='lat' dir='ltr'>est</span> <span class='ocrx_word' id='word_1_122' title='bbox 322 982 460 1019; x_wconf 88' lang='lat' dir='ltr'>ossium,</span> <span class='ocrx_word' id='word_1_123' title='bbox 486 980 609 1012; x_wconf 79' lang='lat' dir='ltr'>habent</span> <span class='ocrx_word' id='word_1_124' title='bbox 629 991 666 1012; x_wconf 82' lang='lat' dir='ltr'>se</span> <span class='ocrx_word' id='word_1_125' title='bbox 698 980 894 1012; x_wconf 78' lang='lat' dir='ltr'>correlative</span> <span class='ocrx_word' id='word_1_126' title='bbox 918 980 1051 1021; x_wconf 74' lang='lat' dir='ltr'>Condy-</span> 
     </span>
     <span class='ocr_line' id='line_1_20' title="bbox 75 1023 1049 1066; baseline -0.003 -10"><span class='ocrx_word' id='word_1_127' title='bbox 75 1024 129 1056; x_wconf 91' lang='lat' dir='ltr'>lus</span> <span class='ocrx_word' id='word_1_128' title='bbox 152 1030 185 1056; x_wconf 89' lang='lat' dir='ltr'>et</span> <span class='ocrx_word' id='word_1_129' title='bbox 207 1023 338 1066; x_wconf 72' lang='lat' dir='ltr'>Cotyla,</span> <span class='ocrx_word' id='word_1_130' title='bbox 361 1025 446 1055; x_wconf 91' lang='lat' dir='ltr'>sieut</span> <span class='ocrx_word' id='word_1_131' title='bbox 470 1034 652 1055; x_wconf 72' lang='lat' dir='ltr'>convexum</span> <span class='ocrx_word' id='word_1_132' title='bbox 684 1030 716 1054; x_wconf 88' lang='lat' dir='ltr'>et</span> <span class='ocrx_word' id='word_1_133' title='bbox 740 1034 936 1061; x_wconf 76' lang='lat' dir='ltr'>concavum,</span> <span class='ocrx_word' id='word_1_134' title='bbox 959 1030 994 1054; x_wconf 88' lang='lat' dir='ltr'>ut</span> <span class='ocrx_word' id='word_1_135' title='bbox 1017 1024 1049 1053; x_wconf 91' lang='lat' dir='ltr'>in</span> 
     </span>
     <span class='ocr_line' id='line_1_21' title="bbox 74 1067 1050 1105; baseline -0.003 -7"><span class='ocrx_word' id='word_1_136' title='bbox 74 1077 173 1099; x_wconf 87' lang='lat' dir='ltr'>manu</span> <span class='ocrx_word' id='word_1_137' title='bbox 206 1068 350 1098; x_wconf 74' lang='lat' dir='ltr'>exterior</span> <span class='ocrx_word' id='word_1_138' title='bbox 382 1076 482 1098; x_wconf 70' lang='lat' dir='ltr'>arcus·</span> <span class='ocrx_word' id='word_1_139' title='bbox 524 1067 642 1098; x_wconf 88' lang='lat' dir='ltr'>dicitur</span> <span class='ocrx_word' id='word_1_140' title='bbox 676 1076 879 1105; x_wconf 75' lang='lat' dir='ltr'>convexum,</span> <span class='ocrx_word' id='word_1_141' title='bbox 915 1067 1050 1097; x_wconf 87' lang='lat' dir='ltr'>interior</span> 
     </span>
     <span class='ocr_line' id='line_1_22' title="bbox 74 1078 1078 1149; baseline -0.003 -7"><span class='ocrx_word' id='word_1_142' title='bbox 74 1111 193 1142; x_wconf 84' lang='lat' dir='ltr'>dieitur</span> <span class='ocrx_word' id='word_1_143' title='bbox 216 1120 411 1141; x_wconf 63' lang='lat' dir='ltr'>cont-axum.</span> <span class='ocrx_word' id='word_1_144' title='bbox 1073 1078 1078 1149; x_wconf 68' lang='lat' dir='ltr'>i</span> 
     </span>
    </p>

    <p class='ocr_par' dir='ltr' id='par_1_6' title="bbox 72 1150 1050 1483">
     <span class='ocr_line' id='line_1_23' title="bbox 161 1150 1050 1193; baseline -0.003 -9"><span class='ocrx_word' id='word_1_145' title='bbox 161 1152 218 1184; x_wconf 89' lang='lat' dir='ltr'>Sic</span> <span class='ocrx_word' id='word_1_146' title='bbox 251 1153 459 1184; x_wconf 84' lang='lat' dir='ltr'>nominantur</span> <span class='ocrx_word' id='word_1_147' title='bbox 491 1153 523 1183; x_wconf 87' lang='lat' dir='ltr'>in</span> <span class='ocrx_word' id='word_1_148' title='bbox 559 1151 634 1183; x_wconf 83' lang='lat' dir='ltr'>alvo</span> <span class='ocrx_word' id='word_1_149' title='bbox 667 1153 781 1182; x_wconf 86' lang='lat' dir='ltr'>matris</span> <span class='ocrx_word' id='word_1_150' title='bbox 805 1150 956 1193; x_wconf 67' lang='lat' dir='ltr'>Cotylae,</span> <span class='ocrx_word' id='word_1_151' title='bbox 991 1161 1050 1182; x_wconf 87' lang='lat' dir='ltr'>seu</span> 
     </span>
     <span class='ocr_line' id='line_1_24' title="bbox 75 1193 1049 1237; baseline -0.002 -10"><span class='ocrx_word' id='word_1_152' title='bbox 75 1193 304 1237; x_wconf 81' lang='lat' dir='ltr'>Cotylidones,</span> <span class='ocrx_word' id='word_1_153' title='bbox 328 1194 461 1236; x_wconf 87' lang='lat' dir='ltr'>fastigia</span> <span class='ocrx_word' id='word_1_154' title='bbox 473 1194 527 1225; x_wconf 76' lang='lat' dir='ltr'>vel</span> <span class='ocrx_word' id='word_1_155' title='bbox 546 1195 717 1225; x_wconf 83' lang='lat' dir='ltr'>cacumina</span> <span class='ocrx_word' id='word_1_156' title='bbox 736 1204 906 1232; x_wconf 73' lang='lat' dir='ltr'>venarum,</span> <span class='ocrx_word' id='word_1_157' title='bbox 931 1195 1049 1236; x_wconf 85' lang='lat' dir='ltr'>quibus</span> 
     </span>
     <span class='ocr_line' id='line_1_25' title="bbox 73 1236 1048 1279; baseline -0.004 -10"><span class='ocrx_word' id='word_1_158' title='bbox 73 1238 195 1270; x_wconf 78' lang='lat' dir='ltr'>affixus</span> <span class='ocrx_word' id='word_1_159' title='bbox 219 1244 270 1270; x_wconf 84' lang='lat' dir='ltr'>est</span> <span class='ocrx_word' id='word_1_160' title='bbox 292 1237 414 1275; x_wconf 78' lang='lat' dir='ltr'>foetus,</span> <span class='ocrx_word' id='word_1_161' title='bbox 439 1238 516 1279; x_wconf 86' lang='lat' dir='ltr'>quia</span> <span class='ocrx_word' id='word_1_162' title='bbox 538 1237 589 1268; x_wconf 89' lang='lat' dir='ltr'>his</span> <span class='ocrx_word' id='word_1_163' title='bbox 620 1238 808 1268; x_wconf 82' lang='lat' dir='ltr'>inseruntur</span> <span class='ocrx_word' id='word_1_164' title='bbox 831 1236 974 1268; x_wconf 72' lang='lat' dir='ltr'>venulae</span> <span class='ocrx_word' id='word_1_165' title='bbox 1007 1238 1048 1267; x_wconf 88' lang='lat' dir='ltr'>ah</span> 
     </span>
     <span class='ocr_line' id='line_1_26' title="bbox 72 1278 1050 1321; baseline -0.002 -9"><span class='ocrx_word' id='word_1_166' title='bbox 72 1279 228 1313; x_wconf 86' lang='lat' dir='ltr'>umbilico</span> <span class='ocrx_word' id='word_1_167' title='bbox 251 1279 396 1318; x_wconf 77' lang='lat' dir='ltr'>infantis,</span> <span class='ocrx_word' id='word_1_168' title='bbox 421 1281 540 1321; x_wconf 86' lang='lat' dir='ltr'>quibus</span> <span class='ocrx_word' id='word_1_169' title='bbox 563 1281 721 1312; x_wconf 87' lang='lat' dir='ltr'>retinetur</span> <span class='ocrx_word' id='word_1_170' title='bbox 746 1278 867 1311; x_wconf 80' lang='lat' dir='ltr'>infans.</span> <span class='ocrx_word' id='word_1_171' title='bbox 912 1279 963 1310; x_wconf 75' lang='lat' dir='ltr'>Ex</span> <span class='ocrx_word' id='word_1_172' title='bbox 986 1278 1050 1310; x_wconf 88' lang='lat' dir='ltr'>Co·</span> 
     </span>
     <span class='ocr_line' id='line_1_27' title="bbox 72 1322 1048 1366; baseline -0.002 -11"><span class='ocrx_word' id='word_1_173' title='bbox 72 1322 287 1366; x_wconf 84' lang='lat' dir='ltr'>tylidonibus,</span> <span class='ocrx_word' id='word_1_174' title='bbox 310 1333 394 1365; x_wconf 87' lang='lat' dir='ltr'>quae</span> <span class='ocrx_word' id='word_1_175' title='bbox 418 1329 494 1354; x_wconf 84' lang='lat' dir='ltr'>sunt</span> <span class='ocrx_word' id='word_1_176' title='bbox 515 1324 548 1354; x_wconf 94' lang='lat' dir='ltr'>in</span> <span class='ocrx_word' id='word_1_177' title='bbox 569 1333 717 1354; x_wconf 78' lang='lat' dir='ltr'>concavo</span> <span class='ocrx_word' id='word_1_178' title='bbox 736 1328 842 1360; x_wconf 72' lang='lat' dir='ltr'>utero,</span> <span class='ocrx_word' id='word_1_179' title='bbox 865 1323 1048 1363; x_wconf 88' lang='lat' dir='ltr'>procedunt</span> 
     </span>
     <span class='ocr_line' id='line_1_28' title="bbox 73 1366 1049 1403; baseline -0.002 -5"><span class='ocrx_word' id='word_1_180' title='bbox 73 1376 180 1398; x_wconf 79' lang='lat' dir='ltr'>venae</span> <span class='ocrx_word' id='word_1_181' title='bbox 202 1366 245 1397; x_wconf 86' lang='lat' dir='ltr'>ad</span> <span class='ocrx_word' id='word_1_182' title='bbox 266 1367 371 1398; x_wconf 87' lang='lat' dir='ltr'>ubera</span> <span class='ocrx_word' id='word_1_183' title='bbox 393 1367 519 1403; x_wconf 84' lang='lat' dir='ltr'>matris,</span> <span class='ocrx_word' id='word_1_184' title='bbox 542 1366 747 1397; x_wconf 83' lang='lat' dir='ltr'>advehentes</span> <span class='ocrx_word' id='word_1_185' title='bbox 770 1366 977 1402; x_wconf 65' lang='lat' dir='ltr'>sanouinem,</span> <span class='ocrx_word' id='word_1_186' title='bbox 1008 1375 1049 1396; x_wconf 86' lang='lat' dir='ltr'>ex</span> 
     </span>
     <span class='ocr_line' id='line_1_29' title="bbox 74 1391 1049 1451; baseline -0.001 -11"><span class='ocrx_word' id='word_1_187' title='bbox 74 1419 140 1451; x_wconf 92' lang='lat' dir='ltr'>quo</span> <span class='ocrx_word' id='word_1_188' title='bbox 162 1415 281 1450; x_wconf 87' lang='lat' dir='ltr'>postea</span> <span class='ocrx_word' id='word_1_189' title='bbox 304 1409 450 1450; x_wconf 81' lang='lat' dir='ltr'>gignitur</span> <span class='ocrx_word' id='word_1_190' title='bbox 472 1407 542 1447; x_wconf 83' lang='lat' dir='ltr'>lac,</span> <span class='ocrx_word' id='word_1_191' title='bbox 577 1409 671 1440; x_wconf 86' lang='lat' dir='ltr'>cuius</span> <span class='ocrx_word' id='word_1_192' title='bbox 694 1418 798 1440; x_wconf 87' lang='lat' dir='ltr'>succo</span> <span class='ocrx_word' id='word_1_193' title='bbox 821 1391 918 1439; x_wconf 50' lang='lat' dir='ltr'>alitur</span> <span class='ocrx_word' id='word_1_194' title='bbox 939 1406 1049 1439; x_wconf 86' lang='lat' dir='ltr'>infans</span> 
     </span>
     <span class='ocr_line' id='line_1_30' title="bbox 73 1450 374 1483; baseline 0 0"><span class='ocrx_word' id='word_1_195' title='bbox 73 1452 107 1483; x_wconf 90' lang='lat' dir='ltr'>in</span> <span class='ocrx_word' id='word_1_196' title='bbox 128 1450 237 1483; x_wconf 84' lang='lat' dir='ltr'>lucem</span> <span class='ocrx_word' id='word_1_197' title='bbox 259 1452 374 1483; x_wconf 82' lang='lat' dir='ltr'>editus.</span> 
     </span>
    </p>

    <p class='ocr_par' dir='ltr' id='par_1_7' title="bbox 71 1491 1075 2305">
     <span class='ocr_line' id='line_1_31' title="bbox 162 1491 1048 1535; baseline -0.002 -10"><span class='ocrx_word' id='word_1_198' title='bbox 162 1493 236 1526; x_wconf 84' lang='lat' dir='ltr'>Hoc</span> <span class='ocrx_word' id='word_1_199' title='bbox 255 1501 345 1525; x_wconf 88' lang='lat' dir='ltr'>certe</span> <span class='ocrx_word' id='word_1_200' title='bbox 368 1499 419 1525; x_wconf 81' lang='lat' dir='ltr'>est</span> <span class='ocrx_word' id='word_1_201' title='bbox 441 1492 591 1525; x_wconf 88' lang='lat' dir='ltr'>mirabile</span> <span class='ocrx_word' id='word_1_202' title='bbox 613 1491 754 1535; x_wconf 85' lang='lat' dir='ltr'>aliquid,</span> <span class='ocrx_word' id='word_1_203' title='bbox 784 1498 819 1524; x_wconf 93' lang='lat' dir='ltr'>ut</span> <span class='ocrx_word' id='word_1_204' title='bbox 837 1491 919 1523; x_wconf 90' lang='lat' dir='ltr'>nihil</span> <span class='ocrx_word' id='word_1_205' title='bbox 942 1493 1048 1524; x_wconf 88' lang='lat' dir='ltr'>dicam</span> 
     </span>
     <span class='ocr_line' id='line_1_32' title="bbox 74 1535 1049 1577; baseline 0 -10"><span class='ocrx_word' id='word_1_206' title='bbox 74 1538 116 1568; x_wconf 87' lang='lat' dir='ltr'>de</span> <span class='ocrx_word' id='word_1_207' title='bbox 138 1535 211 1567; x_wconf 82' lang='lat' dir='ltr'>aliis</span> <span class='ocrx_word' id='word_1_208' title='bbox 234 1537 391 1567; x_wconf 85' lang='lat' dir='ltr'>mirandis</span> <span class='ocrx_word' id='word_1_209' title='bbox 403 1536 467 1567; x_wconf 91' lang='lat' dir='ltr'>Dei</span> <span class='ocrx_word' id='word_1_210' title='bbox 492 1536 661 1577; x_wconf 88' lang='lat' dir='ltr'>operibus,</span> <span class='ocrx_word' id='word_1_211' title='bbox 686 1537 773 1577; x_wconf 92' lang='lat' dir='ltr'>quod</span> <span class='ocrx_word' id='word_1_212' title='bbox 786 1536 894 1573; x_wconf 76' lang='lat' dir='ltr'>Deus,</span> <span class='ocrx_word' id='word_1_213' title='bbox 917 1536 1049 1577; x_wconf 88' lang='lat' dir='ltr'>quando</span> 
     </span>
     <span class='ocr_line' id='line_1_33' title="bbox 73 1577 1048 1619; baseline -0.002 -8"><span class='ocrx_word' id='word_1_214' title='bbox 73 1585 165 1611; x_wconf 83' lang='lat' dir='ltr'>creat</span> <span class='ocrx_word' id='word_1_215' title='bbox 188 1578 369 1617; x_wconf 87' lang='lat' dir='ltr'>hominem,</span> <span class='ocrx_word' id='word_1_216' title='bbox 405 1579 516 1610; x_wconf 88' lang='lat' dir='ltr'>statim</span> <span class='ocrx_word' id='word_1_217' title='bbox 550 1586 641 1619; x_wconf 70' lang='lat' dir='ltr'>curat</span> <span class='ocrx_word' id='word_1_218' title='bbox 678 1579 774 1610; x_wconf 90' lang='lat' dir='ltr'>etiam</span> <span class='ocrx_word' id='word_1_219' title='bbox 798 1580 827 1609; x_wconf 88' lang='lat' dir='ltr'>ei</span> <span class='ocrx_word' id='word_1_220' title='bbox 853 1577 1048 1610; x_wconf 81' lang='lat' dir='ltr'>alimentum.</span> 
     </span>
     <span class='ocr_line' id='line_1_34' title="bbox 71 1619 1049 1663; baseline -0.001 -10"><span class='ocrx_word' id='word_1_221' title='bbox 71 1621 193 1654; x_wconf 89' lang='lat' dir='ltr'>Foetus</span> <span class='ocrx_word' id='word_1_222' title='bbox 216 1622 249 1653; x_wconf 92' lang='lat' dir='ltr'>in</span> <span class='ocrx_word' id='word_1_223' title='bbox 271 1628 367 1652; x_wconf 87' lang='lat' dir='ltr'>utero</span> <span class='ocrx_word' id='word_1_224' title='bbox 390 1623 504 1653; x_wconf 83' lang='lat' dir='ltr'>matris</span> <span class='ocrx_word' id='word_1_225' title='bbox 527 1620 625 1652; x_wconf 81' lang='lat' dir='ltr'>alitur</span> <span class='ocrx_word' id='word_1_226' title='bbox 648 1631 706 1663; x_wconf 89' lang='lat' dir='ltr'>per</span> <span class='ocrx_word' id='word_1_227' title='bbox 728 1619 964 1663; x_wconf 67' lang='lat' dir='ltr'>Cotylidones,</span> <span class='ocrx_word' id='word_1_228' title='bbox 994 1632 1049 1663; x_wconf 83' lang='lat' dir='ltr'>ge-</span> 
     </span>
     <span class='ocr_line' id='line_1_35' title="bbox 72 1663 1049 1697; baseline -0.001 -1"><span class='ocrx_word' id='word_1_229' title='bbox 72 1666 161 1697; x_wconf 87' lang='lat' dir='ltr'>nitus</span> <span class='ocrx_word' id='word_1_230' title='bbox 194 1664 228 1695; x_wconf 91' lang='lat' dir='ltr'>in</span> <span class='ocrx_word' id='word_1_231' title='bbox 261 1664 348 1696; x_wconf 89' lang='lat' dir='ltr'>hanc</span> <span class='ocrx_word' id='word_1_232' title='bbox 382 1663 491 1696; x_wconf 88' lang='lat' dir='ltr'>lucem</span> <span class='ocrx_word' id='word_1_233' title='bbox 523 1663 623 1695; x_wconf 84' lang='lat' dir='ltr'>alitur</span> <span class='ocrx_word' id='word_1_234' title='bbox 657 1675 697 1695; x_wconf 81' lang='lat' dir='ltr'>ex</span> <span class='ocrx_word' id='word_1_235' title='bbox 731 1664 890 1695; x_wconf 85' lang='lat' dir='ltr'>uberibus</span> <span class='ocrx_word' id='word_1_236' title='bbox 922 1665 1049 1695; x_wconf 83' lang='lat' dir='ltr'>matris.</span> 
     </span>
     <span class='ocr_line' id='line_1_36' title="bbox 71 1705 1075 1749; baseline -0.003 -9"><span class='ocrx_word' id='word_1_237' title='bbox 71 1707 228 1740; x_wconf 82' lang='lat' dir='ltr'>Testatur</span> <span class='ocrx_word' id='word_1_238' title='bbox 250 1708 359 1749; x_wconf 70' lang='lat' dir='ltr'>igitur,</span> <span class='ocrx_word' id='word_1_239' title='bbox 381 1708 468 1748; x_wconf 87' lang='lat' dir='ltr'>quod</span> <span class='ocrx_word' id='word_1_240' title='bbox 481 1705 559 1737; x_wconf 85' lang='lat' dir='ltr'>velit</span> <span class='ocrx_word' id='word_1_241' title='bbox 583 1717 645 1738; x_wconf 88' lang='lat' dir='ltr'>nos</span> <span class='ocrx_word' id='word_1_242' title='bbox 664 1708 790 1738; x_wconf 91' lang='lat' dir='ltr'>nutrire</span> <span class='ocrx_word' id='word_1_243' title='bbox 809 1707 904 1738; x_wconf 87' lang='lat' dir='ltr'>etiam</span> <span class='ocrx_word' id='word_1_244' title='bbox 921 1714 1047 1748; x_wconf 86' lang='lat' dir='ltr'>postea.</span> <span class='ocrx_word' id='word_1_245' title='bbox 1072 1708 1075 1709; x_wconf 49' lang='lat'><em>⁷</em></span> 
     </span>
     <span class='ocr_line' id='line_1_37' title="bbox 71 1749 1048 1787; baseline -0.004 -4"><span class='ocrx_word' id='word_1_246' title='bbox 71 1751 126 1783; x_wconf 79' lang='lat' dir='ltr'>Ac</span> <span class='ocrx_word' id='word_1_247' title='bbox 147 1750 307 1782; x_wconf 88' lang='lat' dir='ltr'>matribus</span> <span class='ocrx_word' id='word_1_248' title='bbox 324 1751 426 1781; x_wconf 89' lang='lat' dir='ltr'>ubera</span> <span class='ocrx_word' id='word_1_249' title='bbox 450 1756 526 1780; x_wconf 91' lang='lat' dir='ltr'>sunt</span> <span class='ocrx_word' id='word_1_250' title='bbox 549 1750 582 1780; x_wconf 90' lang='lat' dir='ltr'>in</span> <span class='ocrx_word' id='word_1_251' title='bbox 604 1749 752 1787; x_wconf 81' lang='lat' dir='ltr'>thorace,</span> <span class='ocrx_word' id='word_1_252' title='bbox 778 1751 918 1781; x_wconf 85' lang='lat' dir='ltr'>caeteris</span> <span class='ocrx_word' id='word_1_253' title='bbox 933 1750 1048 1781; x_wconf 83' lang='lat' dir='ltr'>bestiis</span> 
     </span>
     <span class='ocr_line' id='line_1_38' title="bbox 71 1793 1048 1834; baseline -0.003 -8"><span class='ocrx_word' id='word_1_254' title='bbox 71 1794 117 1826; x_wconf 78' lang='lat' dir='ltr'>ad</span> <span class='ocrx_word' id='word_1_255' title='bbox 138 1799 298 1824; x_wconf 81' lang='lat' dir='ltr'>ventrem.</span> <span class='ocrx_word' id='word_1_256' title='bbox 333 1793 438 1824; x_wconf 84' lang='lat' dir='ltr'>Huius</span> <span class='ocrx_word' id='word_1_257' title='bbox 453 1793 501 1824; x_wconf 86' lang='lat' dir='ltr'>rei</span> <span class='ocrx_word' id='word_1_258' title='bbox 513 1802 615 1823; x_wconf 87' lang='lat' dir='ltr'>causa</span> <span class='ocrx_word' id='word_1_259' title='bbox 633 1793 773 1834; x_wconf 79' lang='lat' dir='ltr'>physica</span> <span class='ocrx_word' id='word_1_260' title='bbox 795 1799 859 1830; x_wconf 79' lang='lat' dir='ltr'>est,</span> <span class='ocrx_word' id='word_1_261' title='bbox 882 1799 915 1824; x_wconf 94' lang='lat' dir='ltr'>ut</span> <span class='ocrx_word' id='word_1_262' title='bbox 941 1793 1048 1823; x_wconf 84' lang='lat' dir='ltr'>coctio</span> 
     </span>
     <span class='ocr_line' id='line_1_39' title="bbox 72 1834 1049 1877; baseline -0.002 -9"><span class='ocrx_word' id='word_1_263' title='bbox 72 1835 169 1868; x_wconf 81' lang='lat' dir='ltr'>lactis</span> <span class='ocrx_word' id='word_1_264' title='bbox 191 1836 235 1867; x_wconf 90' lang='lat' dir='ltr'>sit</span> <span class='ocrx_word' id='word_1_265' title='bbox 256 1834 371 1867; x_wconf 88' lang='lat' dir='ltr'>melior</span> <span class='ocrx_word' id='word_1_266' title='bbox 394 1841 529 1877; x_wconf 85' lang='lat' dir='ltr'>propter</span> <span class='ocrx_word' id='word_1_267' title='bbox 544 1836 746 1867; x_wconf 83' lang='lat' dir='ltr'>vicinitatem</span> <span class='ocrx_word' id='word_1_268' title='bbox 770 1835 892 1873; x_wconf 75' lang='lat' dir='ltr'>cordis,</span> <span class='ocrx_word' id='word_1_269' title='bbox 915 1836 991 1866; x_wconf 89' lang='lat' dir='ltr'>item</span> <span class='ocrx_word' id='word_1_270' title='bbox 1013 1841 1049 1866; x_wconf 91' lang='lat' dir='ltr'>ut</span> 
     </span>
     <span class='ocr_line' id='line_1_40' title="bbox 71 1877 1048 1916; baseline -0.003 -5"><span class='ocrx_word' id='word_1_271' title='bbox 71 1880 175 1911; x_wconf 86' lang='lat' dir='ltr'>ubera</span> <span class='ocrx_word' id='word_1_272' title='bbox 197 1879 353 1910; x_wconf 80' lang='lat' dir='ltr'>adiuvent</span> <span class='ocrx_word' id='word_1_273' title='bbox 377 1877 523 1909; x_wconf 84' lang='lat' dir='ltr'>calorem</span> <span class='ocrx_word' id='word_1_274' title='bbox 547 1879 676 1916; x_wconf 86' lang='lat' dir='ltr'>cordis,</span> <span class='ocrx_word' id='word_1_275' title='bbox 710 1884 743 1909; x_wconf 92' lang='lat' dir='ltr'>et</span> <span class='ocrx_word' id='word_1_276' title='bbox 765 1879 830 1908; x_wconf 87' lang='lat' dir='ltr'>sint</span> <span class='ocrx_word' id='word_1_277' title='bbox 853 1879 922 1909; x_wconf 87' lang='lat' dir='ltr'>eius</span> <span class='ocrx_word' id='word_1_278' title='bbox 947 1879 1048 1909; x_wconf 90' lang='lat' dir='ltr'>muni-</span> 
     </span>
     <span class='ocr_line' id='line_1_41' title="bbox 72 1919 1047 1962; baseline -0.002 -8"><span class='ocrx_word' id='word_1_279' title='bbox 72 1928 228 1954; x_wconf 87' lang='lat' dir='ltr'>mentum.</span> <span class='ocrx_word' id='word_1_280' title='bbox 273 1922 369 1953; x_wconf 85' lang='lat' dir='ltr'>Adeo</span> <span class='ocrx_word' id='word_1_281' title='bbox 381 1921 474 1952; x_wconf 86' lang='lat' dir='ltr'>Deus</span> <span class='ocrx_word' id='word_1_282' title='bbox 491 1922 599 1952; x_wconf 85' lang='lat' dir='ltr'>omnia</span> <span class='ocrx_word' id='word_1_283' title='bbox 621 1921 699 1952; x_wconf 72' lang='lat' dir='ltr'>iecit</span> <span class='ocrx_word' id='word_1_284' title='bbox 715 1919 852 1952; x_wconf 87' lang='lat' dir='ltr'>mirabili</span> <span class='ocrx_word' id='word_1_285' title='bbox 876 1921 1047 1962; x_wconf 83' lang='lat' dir='ltr'>sapientia.</span> 
     </span>
     <span class='ocr_line' id='line_1_42' title="bbox 72 1962 1048 2005; baseline -0.002 -8"><span class='ocrx_word' id='word_1_286' title='bbox 72 1965 142 1997; x_wconf 87' lang='lat' dir='ltr'>Sed</span> <span class='ocrx_word' id='word_1_287' title='bbox 174 1965 303 1996; x_wconf 85' lang='lat' dir='ltr'>accedit.</span> <span class='ocrx_word' id='word_1_288' title='bbox 335 1965 378 1995; x_wconf 87' lang='lat' dir='ltr'>ad</span> <span class='ocrx_word' id='word_1_289' title='bbox 410 1962 598 2001; x_wconf 84' lang='lat' dir='ltr'>utilitatem,</span> <span class='ocrx_word' id='word_1_290' title='bbox 637 1974 734 2005; x_wconf 88' lang='lat' dir='ltr'>quam</span> <span class='ocrx_word' id='word_1_291' title='bbox 766 1970 929 1995; x_wconf 81' lang='lat' dir='ltr'>monstrat</span> <span class='ocrx_word' id='word_1_292' title='bbox 964 1964 1048 1995; x_wconf 87' lang='lat' dir='ltr'>haec</span> 
     </span>
     <span class='ocr_line' id='line_1_43' title="bbox 73 2006 1047 2050; baseline -0.004 -10"><span class='ocrx_word' id='word_1_293' title='bbox 73 2017 175 2040; x_wconf 86' lang='lat' dir='ltr'>causa</span> <span class='ocrx_word' id='word_1_294' title='bbox 197 2008 350 2050; x_wconf 76' lang='lat' dir='ltr'>physica,</span> <span class='ocrx_word' id='word_1_295' title='bbox 369 2007 465 2038; x_wconf 88' lang='lat' dir='ltr'>etiam</span> <span class='ocrx_word' id='word_1_296' title='bbox 489 2006 698 2047; x_wconf 84' lang='lat' dir='ltr'>significatio,</span> <span class='ocrx_word' id='word_1_297' title='bbox 722 2007 807 2038; x_wconf 82' lang='lat' dir='ltr'>sicut</span> <span class='ocrx_word' id='word_1_298' title='bbox 837 2007 867 2037; x_wconf 92' lang='lat' dir='ltr'>in</span> <span class='ocrx_word' id='word_1_299' title='bbox 892 2008 1047 2047; x_wconf 84' lang='lat' dir='ltr'>operibus</span> 
     </span>
     <span class='ocr_line' id='line_1_44' title="bbox 72 2049 1048 2092; baseline -0.003 -9"><span class='ocrx_word' id='word_1_300' title='bbox 72 2051 191 2083; x_wconf 86' lang='lat' dir='ltr'>divinis</span> <span class='ocrx_word' id='word_1_301' title='bbox 213 2057 388 2092; x_wconf 68' lang='lat' dir='ltr'>utrumque</span> <span class='ocrx_word' id='word_1_302' title='bbox 422 2050 696 2081; x_wconf 82' lang='lat' dir='ltr'>considerandum</span> <span class='ocrx_word' id='word_1_303' title='bbox 714 2055 776 2088; x_wconf 71' lang='lat' dir='ltr'>est,</span> <span class='ocrx_word' id='word_1_304' title='bbox 812 2049 964 2081; x_wconf 77' lang='lat' dir='ltr'>videlicet</span> <span class='ocrx_word' id='word_1_305' title='bbox 988 2050 1048 2080; x_wconf 82' lang='lat' dir='ltr'>uti-</span> 
     </span>
     <span class='ocr_line' id='line_1_45' title="bbox 71 2091 1047 2135; baseline -0.002 -10"><span class='ocrx_word' id='word_1_306' title='bbox 71 2093 149 2125; x_wconf 82' lang='lat' dir='ltr'>litas</span> <span class='ocrx_word' id='word_1_307' title='bbox 183 2099 215 2125; x_wconf 79' lang='lat' dir='ltr'>et</span> <span class='ocrx_word' id='word_1_308' title='bbox 246 2093 454 2135; x_wconf 76' lang='lat' dir='ltr'>significatio.</span> <span class='ocrx_word' id='word_1_309' title='bbox 510 2091 571 2123; x_wconf 73' lang='lat' dir='ltr'>Est</span> <span class='ocrx_word' id='word_1_310' title='bbox 603 2093 702 2134; x_wconf 84' lang='lat' dir='ltr'>igitur</span> <span class='ocrx_word' id='word_1_311' title='bbox 734 2092 931 2134; x_wconf 82' lang='lat' dir='ltr'>significatio</span> <span class='ocrx_word' id='word_1_312' title='bbox 964 2093 1047 2124; x_wconf 85' lang='lat' dir='ltr'>situs</span> 
     </span>
     <span class='ocr_line' id='line_1_46' title="bbox 71 2134 1046 2178; baseline -0.002 -10"><span class='ocrx_word' id='word_1_313' title='bbox 71 2137 230 2175; x_wconf 85' lang='lat' dir='ltr'>uberum,</span> <span class='ocrx_word' id='word_1_314' title='bbox 264 2136 352 2178; x_wconf 83' lang='lat' dir='ltr'>quod</span> <span class='ocrx_word' id='word_1_315' title='bbox 375 2141 499 2166; x_wconf 87' lang='lat' dir='ltr'>matres</span> <span class='ocrx_word' id='word_1_316' title='bbox 522 2135 663 2166; x_wconf 81' lang='lat' dir='ltr'>debeant</span> <span class='ocrx_word' id='word_1_317' title='bbox 696 2134 808 2167; x_wconf 84' lang='lat' dir='ltr'>liberis</span> <span class='ocrx_word' id='word_1_318' title='bbox 831 2145 899 2166; x_wconf 91' lang='lat' dir='ltr'>non</span> <span class='ocrx_word' id='word_1_319' title='bbox 922 2142 1046 2167; x_wconf 90' lang='lat' dir='ltr'>tantum</span> 
     </span>
     <span class='ocr_line' id='line_1_47' title="bbox 74 2177 1047 2219; baseline -0.001 -8"><span class='ocrx_word' id='word_1_320' title='bbox 74 2177 240 2217; x_wconf 81' lang='lat' dir='ltr'>alimenta,</span> <span class='ocrx_word' id='word_1_321' title='bbox 273 2185 308 2211; x_wconf 91' lang='lat' dir='ltr'>ut</span> <span class='ocrx_word' id='word_1_322' title='bbox 330 2180 484 2215; x_wconf 79' lang='lat' dir='ltr'>iumenta,</span> <span class='ocrx_word' id='word_1_323' title='bbox 519 2177 579 2208; x_wconf 82' lang='lat' dir='ltr'>sed</span> <span class='ocrx_word' id='word_1_324' title='bbox 602 2178 698 2209; x_wconf 89' lang='lat' dir='ltr'>etiam</span> <span class='ocrx_word' id='word_1_325' title='bbox 721 2177 845 2219; x_wconf 72' lang='grc' dir='ltr'><em>στοργήν</em></span> <span class='ocrx_word' id='word_1_326' title='bbox 867 2184 899 2210; x_wconf 89' lang='lat' dir='ltr'>et</span> <span class='ocrx_word' id='word_1_327' title='bbox 920 2179 1047 2210; x_wconf 88' lang='lat' dir='ltr'>institu—</span> 
     </span>
     <span class='ocr_line' id='line_1_48' title="bbox 75 2219 1046 2264; baseline -0.003 -10"><span class='ocrx_word' id='word_1_328' title='bbox 75 2223 208 2260; x_wconf 77' lang='lat' dir='ltr'>tionem,</span> <span class='ocrx_word' id='word_1_329' title='bbox 232 2231 295 2264; x_wconf 86' lang='lat' dir='ltr'>qua</span> <span class='ocrx_word' id='word_1_330' title='bbox 317 2227 434 2263; x_wconf 80' lang='lat' dir='ltr'>pectus</span> <span class='ocrx_word' id='word_1_331' title='bbox 457 2219 663 2251; x_wconf 85' lang='lat' dir='ltr'>formandum</span> <span class='ocrx_word' id='word_1_332' title='bbox 682 2226 744 2258; x_wconf 85' lang='lat' dir='ltr'>est,</span> <span class='ocrx_word' id='word_1_333' title='bbox 763 2222 851 2262; x_wconf 83' lang='lat' dir='ltr'>quod</span> <span class='ocrx_word' id='word_1_334' title='bbox 874 2227 926 2252; x_wconf 87' lang='lat' dir='ltr'>est</span> <span class='ocrx_word' id='word_1_335' title='bbox 948 2222 1046 2253; x_wconf 87' lang='lat' dir='ltr'>sedes</span> 
     </span>
     <span class='ocr_line' id='line_1_49' title="bbox 75 2262 826 2305; baseline -0.004 -8"><span class='ocrx_word' id='word_1_336' title='bbox 75 2265 186 2297; x_wconf 85' lang='lat' dir='ltr'>cordis</span> <span class='ocrx_word' id='word_1_337' title='bbox 209 2271 241 2296; x_wconf 89' lang='lat' dir='ltr'>et</span> <span class='ocrx_word' id='word_1_338' title='bbox 265 2265 406 2301; x_wconf 75' lang='lat' dir='ltr'>animae,</span> <span class='ocrx_word' id='word_1_339' title='bbox 429 2270 463 2294; x_wconf 93' lang='lat' dir='ltr'>ut</span> <span class='ocrx_word' id='word_1_340' title='bbox 487 2264 651 2303; x_wconf 86' lang='lat' dir='ltr'>scriptura</span> <span class='ocrx_word' id='word_1_341' title='bbox 673 2262 826 2305; x_wconf 83' lang='lat' dir='ltr'>loquitur.</span> 
     </span>
    </p>

    <p class='ocr_par' dir='ltr' id='par_1_8' title="bbox 73 2305 1047 2647">
     <span class='ocr_line' id='line_1_50' title="bbox 160 2305 1047 2349; baseline -0.002 -10"><span class='ocrx_word' id='word_1_342' title='bbox 160 2307 229 2339; x_wconf 80' lang='lat' dir='ltr'>Ista</span> <span class='ocrx_word' id='word_1_343' title='bbox 251 2308 336 2345; x_wconf 79' lang='lat' dir='ltr'>duo,</span> <span class='ocrx_word' id='word_1_344' title='bbox 368 2305 494 2338; x_wconf 88' lang='lat' dir='ltr'>scilicet</span> <span class='ocrx_word' id='word_1_345' title='bbox 528 2305 699 2337; x_wconf 84' lang='lat' dir='ltr'>utilitatem</span> <span class='ocrx_word' id='word_1_346' title='bbox 722 2312 755 2337; x_wconf 88' lang='lat' dir='ltr'>et</span> <span class='ocrx_word' id='word_1_347' title='bbox 776 2306 1047 2349; x_wconf 79' lang='lat' dir='ltr'>significationem</span> 
     </span>
     <span class='ocr_line' id='line_1_51' title="bbox 75 2347 1047 2392; baseline -0.002 -10"><span class='ocrx_word' id='word_1_348' title='bbox 75 2359 273 2392; x_wconf 79' lang='lat' dir='ltr'>quaeramus</span> <span class='ocrx_word' id='word_1_349' title='bbox 297 2351 395 2381; x_wconf 89' lang='lat' dir='ltr'>etiam</span> <span class='ocrx_word' id='word_1_350' title='bbox 418 2350 449 2380; x_wconf 93' lang='lat' dir='ltr'>in</span> <span class='ocrx_word' id='word_1_351' title='bbox 474 2347 548 2389; x_wconf 87' lang='lat' dir='ltr'>lege</span> <span class='ocrx_word' id='word_1_352' title='bbox 572 2349 611 2379; x_wconf 89' lang='lat' dir='ltr'>de</span> <span class='ocrx_word' id='word_1_353' title='bbox 634 2350 815 2390; x_wconf 88' lang='lat' dir='ltr'>puerperis.</span> <span class='ocrx_word' id='word_1_354' title='bbox 868 2348 927 2380; x_wconf 87' lang='lat' dir='ltr'>Est</span> <span class='ocrx_word' id='word_1_355' title='bbox 949 2350 1047 2391; x_wconf 85' lang='lat' dir='ltr'>igitur</span> 
     </span>
     <span class='ocr_line' id='line_1_52' title="bbox 73 2390 1046 2434; baseline 0 -11"><span class='ocrx_word' id='word_1_356' title='bbox 73 2393 177 2434; x_wconf 85' lang='lat' dir='ltr'>prima</span> <span class='ocrx_word' id='word_1_357' title='bbox 211 2403 315 2425; x_wconf 77' lang='lat' dir='ltr'>causa</span> <span class='ocrx_word' id='word_1_358' title='bbox 347 2391 444 2423; x_wconf 88' lang='lat' dir='ltr'>huius</span> <span class='ocrx_word' id='word_1_359' title='bbox 478 2390 566 2433; x_wconf 80' lang='lat' dir='ltr'>legis</span> <span class='ocrx_word' id='word_1_360' title='bbox 589 2401 608 2421; x_wconf 84' lang='lat' dir='ltr'>a</span> <span class='ocrx_word' id='word_1_361' title='bbox 630 2390 704 2422; x_wconf 88' lang='lat' dir='ltr'>Deo</span> <span class='ocrx_word' id='word_1_362' title='bbox 733 2390 836 2430; x_wconf 86' lang='lat' dir='ltr'>latae,</span> <span class='ocrx_word' id='word_1_363' title='bbox 865 2398 901 2423; x_wconf 91' lang='lat' dir='ltr'>ut</span> <span class='ocrx_word' id='word_1_364' title='bbox 923 2393 1046 2424; x_wconf 74' lang='lat' dir='ltr'>serviat</span> 
     </span>
     <span class='ocr_line' id='line_1_53' title="bbox 73 2433 1047 2476; baseline -0.001 -9"><span class='ocrx_word' id='word_1_365' title='bbox 73 2434 213 2467; x_wconf 87' lang='lat' dir='ltr'>utilitati.</span> <span class='ocrx_word' id='word_1_366' title='bbox 257 2434 339 2467; x_wconf 89' lang='lat' dir='ltr'>Vult</span> <span class='ocrx_word' id='word_1_367' title='bbox 356 2434 450 2466; x_wconf 92' lang='lat' dir='ltr'>Deus</span> <span class='ocrx_word' id='word_1_368' title='bbox 473 2444 610 2474; x_wconf 73' lang='lat' dir='ltr'>parcere</span> <span class='ocrx_word' id='word_1_369' title='bbox 634 2433 801 2465; x_wconf 77' lang='lat' dir='ltr'>infirmiori</span> <span class='ocrx_word' id='word_1_370' title='bbox 823 2435 929 2473; x_wconf 83' lang='lat' dir='ltr'>sexui,</span> <span class='ocrx_word' id='word_1_371' title='bbox 952 2444 1047 2476; x_wconf 88' lang='lat' dir='ltr'>prae-</span> 
     </span>
     <span class='ocr_line' id='line_1_54' title="bbox 74 2476 1046 2518; baseline 0 -10"><span class='ocrx_word' id='word_1_372' title='bbox 74 2478 186 2510; x_wconf 81' lang='lat' dir='ltr'>sertim</span> <span class='ocrx_word' id='word_1_373' title='bbox 208 2478 240 2509; x_wconf 93' lang='lat' dir='ltr'>in</span> <span class='ocrx_word' id='word_1_374' title='bbox 262 2476 327 2509; x_wconf 86' lang='lat' dir='ltr'>hac</span> <span class='ocrx_word' id='word_1_375' title='bbox 349 2476 570 2508; x_wconf 87' lang='lat' dir='ltr'>imbecillitate</span> <span class='ocrx_word' id='word_1_376' title='bbox 581 2483 728 2514; x_wconf 79' lang='lat' dir='ltr'>naturae,</span> <span class='ocrx_word' id='word_1_377' title='bbox 753 2487 838 2518; x_wconf 82' lang='lat' dir='ltr'>quae</span> <span class='ocrx_word' id='word_1_378' title='bbox 856 2483 908 2508; x_wconf 73' lang='lat' dir='ltr'>est</span> <span class='ocrx_word' id='word_1_379' title='bbox 930 2484 1046 2508; x_wconf 86' lang='lat' dir='ltr'>secuta</span> 
     </span>
     <span class='ocr_line' id='line_1_55' title="bbox 73 2519 1047 2562; baseline 0.001 -11"><span class='ocrx_word' id='word_1_380' title='bbox 73 2519 215 2562; x_wconf 87' lang='lat' dir='ltr'>lapsum.</span> <span class='ocrx_word' id='word_1_381' title='bbox 260 2520 353 2551; x_wconf 84' lang='lat' dir='ltr'>Sicut</span> <span class='ocrx_word' id='word_1_382' title='bbox 374 2530 440 2550; x_wconf 92' lang='lat' dir='ltr'>non</span> <span class='ocrx_word' id='word_1_383' title='bbox 463 2519 585 2550; x_wconf 70' lang='lat' dir='ltr'>frustra</span> <span class='ocrx_word' id='word_1_384' title='bbox 609 2520 727 2550; x_wconf 86' lang='lat' dir='ltr'>dictum</span> <span class='ocrx_word' id='word_1_385' title='bbox 749 2525 813 2550; x_wconf 82' lang='lat' dir='ltr'>est:</span> <span class='ocrx_word' id='word_1_386' title='bbox 836 2521 1047 2560; x_wconf 63' lang='lat' dir='ltr'>,tlultiple‘cobo</span> 
     </span>
     <span class='ocr_line' id='line_1_56' title="bbox 74 2563 1045 2603; baseline 0 -8"><span class='ocrx_word' id='word_1_387' title='bbox 74 2573 248 2595; x_wconf 74' lang='lat' dir='ltr'>aerumna-3</span> <span class='ocrx_word' id='word_1_388' title='bbox 269 2567 356 2601; x_wconf 70' lang='lat' dir='ltr'>tuas,</span> <span class='ocrx_word' id='word_1_389' title='bbox 384 2572 455 2594; x_wconf 83' lang='lat' dir='ltr'>cum</span> <span class='ocrx_word' id='word_1_390' title='bbox 476 2565 661 2602; x_wconf 74' lang='lat' dir='ltr'>concepisti,</span> <span class='ocrx_word' id='word_1_391' title='bbox 692 2567 724 2593; x_wconf 81' lang='lat' dir='ltr'>et</span> <span class='ocrx_word' id='word_1_392' title='bbox 743 2563 775 2591; x_wconf 78' lang='lat' dir='ltr'>in</span> <span class='ocrx_word' id='word_1_393' title='bbox 797 2563 906 2594; x_wconf 81' lang='lat' dir='ltr'>dolore</span> <span class='ocrx_word' id='word_1_394' title='bbox 925 2567 1045 2603; x_wconf 70' lang='lat' dir='ltr'>paries.</span> 
     </span>
     <span class='ocr_line' id='line_1_57' title="bbox 74 2605 1046 2647; baseline 0.001 -11"><span class='ocrx_word' id='word_1_395' title='bbox 74 2605 127 2637; x_wconf 84' lang='lat' dir='ltr'>Fit</span> <span class='ocrx_word' id='word_1_396' title='bbox 157 2615 277 2647; x_wconf 79' lang='lat' dir='ltr'>magna</span> <span class='ocrx_word' id='word_1_397' title='bbox 311 2605 479 2646; x_wconf 83' lang='lat' dir='ltr'>quassatio</span> <span class='ocrx_word' id='word_1_398' title='bbox 513 2605 544 2635; x_wconf 91' lang='lat' dir='ltr'>in</span> <span class='ocrx_word' id='word_1_399' title='bbox 568 2612 673 2646; x_wconf 83' lang='lat' dir='ltr'>partu,</span> <span class='ocrx_word' id='word_1_400' title='bbox 707 2611 738 2635; x_wconf 84' lang='lat' dir='ltr'>et</span> <span class='ocrx_word' id='word_1_401' title='bbox 760 2611 863 2636; x_wconf 88' lang='lat' dir='ltr'>mater</span> <span class='ocrx_word' id='word_1_402' title='bbox 885 2616 950 2637; x_wconf 88' lang='lat' dir='ltr'>una</span> <span class='ocrx_word' id='word_1_403' title='bbox 973 2616 1046 2638; x_wconf 87' lang='lat' dir='ltr'>cum</span> 
     </span>
    </p>
   </div>
   <div class='ocr_carea' id='block_1_3' title="bbox 1069 1903 1076 2062">
    <p class='ocr_par' dir='ltr' id='par_1_9' title="bbox 1069 1903 1076 2062">
     <span class='ocr_line' id='line_1_58' title="bbox 1069 1903 1076 2062; baseline 0 896"><span class='ocrx_word' id='word_1_404' title='bbox 1069 1903 1076 2062; x_wconf 95' lang='lat' dir='ltr'> </span> 
     </span>
    </p>
   </div>
   <div class='ocr_carea' id='block_1_4' title="bbox 1068 2069 1074 2202">
    <p class='ocr_par' dir='ltr' id='par_1_10' title="bbox 1068 2069 1074 2202">
     <span class='ocr_line' id='line_1_59' title="bbox 1068 2069 1074 2202; baseline 0 0"><span class='ocrx_word' id='word_1_405' title='bbox 1068 2069 1074 2202; x_wconf 95' lang='lat' dir='ltr'> </span> 
     </span>
    </p>
   </div>
   <div class='ocr_carea' id='block_1_5' title="bbox 765 160 1396 194">
    <p class='ocr_par' dir='ltr' id='par_1_11' title="bbox 765 160 1396 194">
     <span class='ocr_line' id='line_1_60' title="bbox 765 160 1396 194; baseline -0.002 -2"><span class='ocrx_word' id='word_1_406' title='bbox 765 161 981 194; x_wconf 82' lang='lat' dir='ltr'>POSTlLLA</span> <span class='ocrx_word' id='word_1_407' title='bbox 1001 160 1396 193; x_wconf 74' lang='lat' dir='ltr'><strong>MELANTHOMANA.</strong></span> 
     </span>
    </p>
   </div>
   <div class='ocr_carea' id='block_1_6' title="bbox 2013 161 2076 193">
    <p class='ocr_par' dir='ltr' id='par_1_12' title="bbox 2013 161 2076 193">
     <span class='ocr_line' id='line_1_61' title="bbox 2013 161 2076 193; baseline 0 0"><span class='ocrx_word' id='word_1_408' title='bbox 2013 161 2076 193; x_wconf 79' lang='lat'>342</span> 
     </span>
    </p>
   </div>
   <div class='ocr_carea' id='block_1_7' title="bbox 1101 253 2080 1364">
    <p class='ocr_par' dir='ltr' id='par_1_13' title="bbox 1102 253 2076 467">
     <span class='ocr_line' id='line_1_62' title="bbox 1103 253 2075 297; baseline 0.002 -12"><span class='ocrx_word' id='word_1_409' title='bbox 1103 253 1226 285; x_wconf 83' lang='lat' dir='ltr'>infante</span> <span class='ocrx_word' id='word_1_410' title='bbox 1248 260 1299 285; x_wconf 78' lang='lat' dir='ltr'>est</span> <span class='ocrx_word' id='word_1_411' title='bbox 1322 254 1353 284; x_wconf 90' lang='lat' dir='ltr'>in</span> <span class='ocrx_word' id='word_1_412' title='bbox 1382 253 1524 284; x_wconf 67' lang='lat' dir='ltr'>maximo</span> <span class='ocrx_word' id='word_1_413' title='bbox 1547 253 1714 294; x_wconf 86' lang='lat' dir='ltr'>periculo,</span> <span class='ocrx_word' id='word_1_414' title='bbox 1742 254 1795 286; x_wconf 90' lang='lat' dir='ltr'>vel</span> <span class='ocrx_word' id='word_1_415' title='bbox 1817 256 1926 295; x_wconf 90' lang='lat' dir='ltr'>potius</span> <span class='ocrx_word' id='word_1_416' title='bbox 1949 256 1980 286; x_wconf 90' lang='lat' dir='ltr'>in</span> <span class='ocrx_word' id='word_1_417' title='bbox 2003 256 2075 297; x_wconf 90' lang='lat' dir='ltr'>ipso</span> 
     </span>
     <span class='ocr_line' id='line_1_63' title="bbox 1102 295 2076 339; baseline 0.001 -11"><span class='ocrx_word' id='word_1_418' title='bbox 1102 307 1210 339; x_wconf 88' lang='lat' dir='ltr'>agone</span> <span class='ocrx_word' id='word_1_419' title='bbox 1234 296 1358 327; x_wconf 86' lang='lat' dir='ltr'>mortis.</span> <span class='ocrx_word' id='word_1_420' title='bbox 1410 295 1532 327; x_wconf 80' lang='lat' dir='ltr'>Postea</span> <span class='ocrx_word' id='word_1_421' title='bbox 1567 303 1750 338; x_wconf 88' lang='lat' dir='ltr'>sequuntur</span> <span class='ocrx_word' id='word_1_422' title='bbox 1783 298 1880 328; x_wconf 87' lang='lat' dir='ltr'>etiam</span> <span class='ocrx_word' id='word_1_423' title='bbox 1914 296 1997 329; x_wconf 86' lang='lat' dir='ltr'>aliae</span> <span class='ocrx_word' id='word_1_424' title='bbox 2020 299 2076 329; x_wconf 91' lang='lat' dir='ltr'>im-</span> 
     </span>
     <span class='ocr_line' id='line_1_64' title="bbox 1103 338 2075 381; baseline 0.002 -11"><span class='ocrx_word' id='word_1_425' title='bbox 1103 338 1310 377; x_wconf 88' lang='lat' dir='ltr'>becillitates,</span> <span class='ocrx_word' id='word_1_426' title='bbox 1344 339 1386 369; x_wconf 89' lang='lat' dir='ltr'>de</span> <span class='ocrx_word' id='word_1_427' title='bbox 1419 339 1538 380; x_wconf 87' lang='lat' dir='ltr'>quibus</span> <span class='ocrx_word' id='word_1_428' title='bbox 1572 350 1638 370; x_wconf 88' lang='lat' dir='ltr'>non</span> <span class='ocrx_word' id='word_1_429' title='bbox 1673 350 1810 381; x_wconf 85' lang='lat' dir='ltr'>possum</span> <span class='ocrx_word' id='word_1_430' title='bbox 1833 341 1941 372; x_wconf 87' lang='lat' dir='ltr'>dicere</span> <span class='ocrx_word' id='word_1_431' title='bbox 1965 351 2075 372; x_wconf 85' lang='lat' dir='ltr'>coram</span> 
     </span>
     <span class='ocr_line' id='line_1_65' title="bbox 1103 381 2076 425; baseline 0.001 -12"><span class='ocrx_word' id='word_1_432' title='bbox 1103 383 1280 413; x_wconf 84' lang='lat' dir='ltr'>iuventute.</span> <span class='ocrx_word' id='word_1_433' title='bbox 1338 381 1542 412; x_wconf 80' lang='lat' dir='ltr'>Grandiores</span> <span class='ocrx_word' id='word_1_434' title='bbox 1566 388 1646 413; x_wconf 89' lang='lat' dir='ltr'>natu</span> <span class='ocrx_word' id='word_1_435' title='bbox 1669 381 1863 425; x_wconf 82' lang='lat' dir='ltr'>intelligunt.</span> <span class='ocrx_word' id='word_1_436' title='bbox 1909 383 2001 424; x_wconf 89' lang='lat' dir='ltr'>Opus</span> <span class='ocrx_word' id='word_1_437' title='bbox 2026 389 2076 415; x_wconf 86' lang='lat' dir='ltr'>est</span> 
     </span>
     <span class='ocr_line' id='line_1_66' title="bbox 1102 425 1504 467; baseline -0.002 -11"><span class='ocrx_word' id='word_1_438' title='bbox 1102 425 1202 467; x_wconf 84' lang='lat' dir='ltr'>igitur</span> <span class='ocrx_word' id='word_1_439' title='bbox 1225 430 1361 456; x_wconf 81' lang='lat' dir='ltr'>naturae</span> <span class='ocrx_word' id='word_1_440' title='bbox 1385 425 1504 465; x_wconf 87' lang='lat' dir='ltr'>quiete.</span> 
     </span>
    </p>

    <p class='ocr_par' dir='ltr' id='par_1_14' title="bbox 1102 466 2078 850">
     <span class='ocr_line' id='line_1_67' title="bbox 1190 466 2077 508; baseline 0.001 -10"><span class='ocrx_word' id='word_1_441' title='bbox 1190 466 1300 498; x_wconf 88' lang='lat' dir='ltr'>Valde</span> <span class='ocrx_word' id='word_1_442' title='bbox 1323 467 1543 508; x_wconf 85' lang='lat' dir='ltr'>perniciosum</span> <span class='ocrx_word' id='word_1_443' title='bbox 1567 476 1636 504; x_wconf 85' lang='lat' dir='ltr'>est,</span> <span class='ocrx_word' id='word_1_444' title='bbox 1671 468 1802 508; x_wconf 84' lang='lat' dir='ltr'>quando</span> <span class='ocrx_word' id='word_1_445' title='bbox 1825 468 1977 500; x_wconf 87' lang='lat' dir='ltr'>mulieres</span> <span class='ocrx_word' id='word_1_446' title='bbox 2001 475 2077 501; x_wconf 90' lang='lat' dir='ltr'>sunt</span> 
     </span>
     <span class='ocr_line' id='line_1_68' title="bbox 1103 508 2076 552; baseline 0.003 -12"><span class='ocrx_word' id='word_1_447' title='bbox 1103 509 1166 541; x_wconf 91' lang='lat' dir='ltr'>hac</span> <span class='ocrx_word' id='word_1_448' title='bbox 1199 510 1231 541; x_wconf 91' lang='lat' dir='ltr'>in</span> <span class='ocrx_word' id='word_1_449' title='bbox 1266 520 1302 541; x_wconf 86' lang='lat' dir='ltr'>rc</span> <span class='ocrx_word' id='word_1_450' title='bbox 1335 508 1610 551; x_wconf 72' lang='lat' dir='ltr'>negligentiore5‚</span> <span class='ocrx_word' id='word_1_451' title='bbox 1644 516 1676 540; x_wconf 88' lang='lat' dir='ltr'>et</span> <span class='ocrx_word' id='word_1_452' title='bbox 1703 509 1817 542; x_wconf 85' lang='lat' dir='ltr'>nolunt</span> <span class='ocrx_word' id='word_1_453' title='bbox 1841 512 1903 542; x_wconf 77' lang='lat' dir='ltr'>sibi</span> <span class='ocrx_word' id='word_1_454' title='bbox 1925 521 2076 552; x_wconf 86' lang='lat' dir='ltr'>parcere,</span> 
     </span>
     <span class='ocr_line' id='line_1_69' title="bbox 1103 551 2077 594; baseline 0.003 -11"><span class='ocrx_word' id='word_1_455' title='bbox 1103 553 1189 583; x_wconf 90' lang='lat' dir='ltr'>sicut</span> <span class='ocrx_word' id='word_1_456' title='bbox 1200 558 1276 584; x_wconf 87' lang='lat' dir='ltr'>sunt</span> <span class='ocrx_word' id='word_1_457' title='bbox 1289 551 1417 594; x_wconf 83' lang='lat' dir='ltr'>aliquae</span> <span class='ocrx_word' id='word_1_458' title='bbox 1435 553 1650 594; x_wconf 80' lang='lat' dir='ltr'>agrestiores,</span> <span class='ocrx_word' id='word_1_459' title='bbox 1675 562 1758 594; x_wconf 85' lang='lat' dir='ltr'>quae</span> <span class='ocrx_word' id='word_1_460' title='bbox 1777 559 1943 585; x_wconf 80' lang='lat' dir='ltr'>ostentare</span> <span class='ocrx_word' id='word_1_461' title='bbox 1962 553 2077 586; x_wconf 74' lang='lat' dir='ltr'>volunt</span> 
     </span>
     <span class='ocr_line' id='line_1_70' title="bbox 1103 594 2078 636; baseline 0.002 -10"><span class='ocrx_word' id='word_1_462' title='bbox 1103 596 1206 626; x_wconf 89' lang='lat' dir='ltr'>robur</span> <span class='ocrx_word' id='word_1_463' title='bbox 1227 594 1361 636; x_wconf 86' lang='lat' dir='ltr'>aliquod</span> <span class='ocrx_word' id='word_1_464' title='bbox 1384 605 1486 636; x_wconf 86' lang='lat' dir='ltr'>supra</span> <span class='ocrx_word' id='word_1_465' title='bbox 1506 595 1594 625; x_wconf 88' lang='lat' dir='ltr'>vires</span> <span class='ocrx_word' id='word_1_466' title='bbox 1616 601 1772 627; x_wconf 86' lang='lat' dir='ltr'>naturae:</span> <span class='ocrx_word' id='word_1_467' title='bbox 1804 596 1933 627; x_wconf 90' lang='lat' dir='ltr'>lnterim</span> <span class='ocrx_word' id='word_1_468' title='bbox 1956 604 2078 628; x_wconf 87' lang='lat' dir='ltr'>temere</span> 
     </span>
     <span class='ocr_line' id='line_1_71' title="bbox 1103 636 2077 679; baseline 0.003 -11"><span class='ocrx_word' id='word_1_469' title='bbox 1103 638 1165 668; x_wconf 88' lang='lat' dir='ltr'>sibi</span> <span class='ocrx_word' id='word_1_470' title='bbox 1198 636 1285 668; x_wconf 88' lang='lat' dir='ltr'>mala</span> <span class='ocrx_word' id='word_1_471' title='bbox 1319 643 1517 676; x_wconf 86' lang='lat' dir='ltr'>accersunt,</span> <span class='ocrx_word' id='word_1_472' title='bbox 1549 638 1634 668; x_wconf 87' lang='lat' dir='ltr'>sicut</span> <span class='ocrx_word' id='word_1_473' title='bbox 1667 638 1698 669; x_wconf 89' lang='lat' dir='ltr'>in</span> <span class='ocrx_word' id='word_1_474' title='bbox 1732 639 1796 669; x_wconf 87' lang='lat' dir='ltr'>hac</span> <span class='ocrx_word' id='word_1_475' title='bbox 1829 639 1910 670; x_wconf 89' lang='lat' dir='ltr'>urbe</span> <span class='ocrx_word' id='word_1_476' title='bbox 1945 649 2077 679; x_wconf 88' lang='lat' dir='ltr'>possem</span> 
     </span>
     <span class='ocr_line' id='line_1_72' title="bbox 1103 679 2078 723; baseline 0.002 -12"><span class='ocrx_word' id='word_1_477' title='bbox 1103 680 1253 721; x_wconf 76' lang='lat' dir='ltr'>exempla</span> <span class='ocrx_word' id='word_1_478' title='bbox 1278 690 1537 711; x_wconf 82' lang='lat' dir='ltr'>commemorare</span> <span class='ocrx_word' id='word_1_479' title='bbox 1560 681 1764 722; x_wconf 82' lang='lat' dir='ltr'>quarundam</span> <span class='ocrx_word' id='word_1_480' title='bbox 1787 679 1970 720; x_wconf 84' lang='lat' dir='ltr'>mulierum,</span> <span class='ocrx_word' id='word_1_481' title='bbox 1994 693 2078 723; x_wconf 87' lang='lat' dir='ltr'>quae</span> 
     </span>
     <span class='ocr_line' id='line_1_73' title="bbox 1102 723 2078 765; baseline 0.002 -11"><span class='ocrx_word' id='word_1_482' title='bbox 1102 730 1240 755; x_wconf 88' lang='lat' dir='ltr'>mortem</span> <span class='ocrx_word' id='word_1_483' title='bbox 1263 724 1326 754; x_wconf 82' lang='lat' dir='ltr'>sibi</span> <span class='ocrx_word' id='word_1_484' title='bbox 1358 728 1562 754; x_wconf 84' lang='lat' dir='ltr'>attraxerunt</span> <span class='ocrx_word' id='word_1_485' title='bbox 1590 732 1650 754; x_wconf 84' lang='lat' dir='ltr'>sua</span> <span class='ocrx_word' id='word_1_486' title='bbox 1673 723 1892 765; x_wconf 77' lang='lat' dir='ltr'>negligentia,</span> <span class='ocrx_word' id='word_1_487' title='bbox 1921 735 1993 756; x_wconf 87' lang='lat' dir='ltr'>cum</span> <span class='ocrx_word' id='word_1_488' title='bbox 2013 735 2078 756; x_wconf 92' lang='lat' dir='ltr'>non</span> 
     </span>
     <span class='ocr_line' id='line_1_74' title="bbox 1103 766 2078 808; baseline 0.003 -12"><span class='ocrx_word' id='word_1_489' title='bbox 1103 771 1275 797; x_wconf 85' lang='lat' dir='ltr'>servarent</span> <span class='ocrx_word' id='word_1_490' title='bbox 1319 766 1429 797; x_wconf 86' lang='lat' dir='ltr'>debita</span> <span class='ocrx_word' id='word_1_491' title='bbox 1468 772 1616 807; x_wconf 84' lang='lat' dir='ltr'>tempora</span> <span class='ocrx_word' id='word_1_492' title='bbox 1648 767 1824 808; x_wconf 86' lang='lat' dir='ltr'>puerperii,</span> <span class='ocrx_word' id='word_1_493' title='bbox 1859 777 1921 798; x_wconf 87' lang='lat' dir='ltr'>nec</span> <span class='ocrx_word' id='word_1_494' title='bbox 1955 766 2078 799; x_wconf 80' lang='lat' dir='ltr'>vellent</span> 
     </span>
     <span class='ocr_line' id='line_1_75' title="bbox 1103 808 1337 850; baseline -0.009 -10"><span class='ocrx_word' id='word_1_495' title='bbox 1103 808 1165 840; x_wconf 81' lang='lat' dir='ltr'>sibi</span> <span class='ocrx_word' id='word_1_496' title='bbox 1188 819 1337 850; x_wconf 85' lang='lat' dir='ltr'>parcere.</span> 
     </span>
    </p>

    <p class='ocr_par' dir='ltr' id='par_1_15' title="bbox 1101 850 2080 1364">
     <span class='ocr_line' id='line_1_76' title="bbox 1188 850 2077 893; baseline 0.002 -11"><span class='ocrx_word' id='word_1_497' title='bbox 1188 851 1241 882; x_wconf 90' lang='lat' dir='ltr'>Ad</span> <span class='ocrx_word' id='word_1_498' title='bbox 1276 851 1412 882; x_wconf 90' lang='lat' dir='ltr'>eandem</span> <span class='ocrx_word' id='word_1_499' title='bbox 1453 861 1589 882; x_wconf 87' lang='lat' dir='ltr'>causam</span> <span class='ocrx_word' id='word_1_500' title='bbox 1628 850 1776 883; x_wconf 89' lang='lat' dir='ltr'>utilitatis</span> <span class='ocrx_word' id='word_1_501' title='bbox 1809 853 1948 893; x_wconf 86' lang='lat' dir='ltr'>pertinet</span> <span class='ocrx_word' id='word_1_502' title='bbox 1982 853 2077 884; x_wconf 91' lang='lat' dir='ltr'>etiam</span> 
     </span>
     <span class='ocr_line' id='line_1_77' title="bbox 1103 893 2077 935; baseline 0.002 -11"><span class='ocrx_word' id='word_1_503' title='bbox 1103 894 1197 931; x_wconf 76' lang='lat' dir='ltr'>orde,</span> <span class='ocrx_word' id='word_1_504' title='bbox 1223 904 1317 935; x_wconf 89' lang='lat' dir='ltr'>quem</span> <span class='ocrx_word' id='word_1_505' title='bbox 1331 894 1436 925; x_wconf 81' lang='lat' dir='ltr'>sancit</span> <span class='ocrx_word' id='word_1_506' title='bbox 1460 893 1515 924; x_wconf 82' lang='lat' dir='ltr'>lex</span> <span class='ocrx_word' id='word_1_507' title='bbox 1536 894 1578 925; x_wconf 86' lang='lat' dir='ltr'>de</span> <span class='ocrx_word' id='word_1_508' title='bbox 1595 894 1729 925; x_wconf 87' lang='lat' dir='ltr'>vitanda</span> <span class='ocrx_word' id='word_1_509' title='bbox 1752 894 1807 925; x_wconf 89' lang='lat' dir='ltr'>tali</span> <span class='ocrx_word' id='word_1_510' title='bbox 1833 901 1978 935; x_wconf 90' lang='lat' dir='ltr'>tempore</span> <span class='ocrx_word' id='word_1_511' title='bbox 2001 905 2077 927; x_wconf 90' lang='lat' dir='ltr'>con-</span> 
     </span>
     <span class='ocr_line' id='line_1_78' title="bbox 1103 935 2080 978; baseline 0.003 -11"><span class='ocrx_word' id='word_1_512' title='bbox 1103 937 1278 967; x_wconf 89' lang='lat' dir='ltr'>suetudine</span> <span class='ocrx_word' id='word_1_513' title='bbox 1301 935 1475 978; x_wconf 85' lang='lat' dir='ltr'>coniugali.</span> <span class='ocrx_word' id='word_1_514' title='bbox 1520 936 1589 967; x_wconf 80' lang='lat' dir='ltr'>Lex</span> <span class='ocrx_word' id='word_1_515' title='bbox 1609 937 1702 967; x_wconf 80' lang='lat' dir='ltr'>dicit:</span> <span class='ocrx_word' id='word_1_516' title='bbox 1735 939 1792 969; x_wconf 73' lang='grc' dir='ltr'>Γίν.</span> <span class='ocrx_word' id='word_1_517' title='bbox 1818 941 1872 977; x_wconf 77' lang='lat' dir='ltr'>qui</span> <span class='ocrx_word' id='word_1_518' title='bbox 1892 939 2017 970; x_wconf 70' lang='lat' dir='ltr'>accedit</span> <span class='ocrx_word' id='word_1_519' title='bbox 2036 939 2080 970; x_wconf 80' lang='lat' dir='ltr'>ad</span> 
     </span>
     <span class='ocr_line' id='line_1_79' title="bbox 1102 980 2078 1023; baseline 0.002 -13"><span class='ocrx_word' id='word_1_520' title='bbox 1102 980 1269 1011; x_wconf 75' lang='lat' dir='ltr'>mullerem</span> <span class='ocrx_word' id='word_1_521' title='bbox 1291 983 1352 1011; x_wconf 72' lang='lat' dir='ltr'>tale·</span> <span class='ocrx_word' id='word_1_522' title='bbox 1373 984 1522 1019; x_wconf 69' lang='lat' dir='ltr'>tempore,</span> <span class='ocrx_word' id='word_1_523' title='bbox 1546 981 1719 1011; x_wconf 72' lang='lat' dir='ltr'>occidatur.</span> <span class='ocrx_word' id='word_1_524' title='bbox 1766 980 1855 1011; x_wconf 83' lang='lat' dir='ltr'>llaec</span> <span class='ocrx_word' id='word_1_525' title='bbox 1878 986 1929 1011; x_wconf 81' lang='lat' dir='ltr'>est</span> <span class='ocrx_word' id='word_1_526' title='bbox 1958 991 2078 1023; x_wconf 88' lang='lat' dir='ltr'>magna</span> 
     </span>
     <span class='ocr_line' id='line_1_80' title="bbox 1103 1021 2077 1063; baseline 0.002 -11"><span class='ocrx_word' id='word_1_527' title='bbox 1103 1023 1285 1059; x_wconf 79' lang='lat' dir='ltr'>severitas,</span> <span class='ocrx_word' id='word_1_528' title='bbox 1314 1022 1402 1063; x_wconf 86' lang='lat' dir='ltr'>quod</span> <span class='ocrx_word' id='word_1_529' title='bbox 1424 1021 1479 1053; x_wconf 86' lang='lat' dir='ltr'>lex</span> <span class='ocrx_word' id='word_1_530' title='bbox 1502 1023 1618 1063; x_wconf 84' lang='lat' dir='ltr'>capitis</span> <span class='ocrx_word' id='word_1_531' title='bbox 1642 1033 1733 1053; x_wconf 93' lang='lat' dir='ltr'>reum</span> <span class='ocrx_word' id='word_1_532' title='bbox 1751 1024 1937 1063; x_wconf 82' lang='lat' dir='ltr'>pronuntiet</span> <span class='ocrx_word' id='word_1_533' title='bbox 1960 1024 2077 1063; x_wconf 73' lang='lat' dir='ltr'>virum,</span> 
     </span>
     <span class='ocr_line' id='line_1_81' title="bbox 1102 1064 2078 1106; baseline 0.002 -11"><span class='ocrx_word' id='word_1_534' title='bbox 1102 1074 1168 1095; x_wconf 91' lang='lat' dir='ltr'>non</span> <span class='ocrx_word' id='word_1_535' title='bbox 1191 1070 1380 1106; x_wconf 88' lang='lat' dir='ltr'>parcentem</span> <span class='ocrx_word' id='word_1_536' title='bbox 1393 1065 1488 1096; x_wconf 81' lang='lat' dir='ltr'>uxori</span> <span class='ocrx_word' id='word_1_537' title='bbox 1510 1066 1542 1096; x_wconf 92' lang='lat' dir='ltr'>in</span> <span class='ocrx_word' id='word_1_538' title='bbox 1565 1064 1621 1096; x_wconf 88' lang='lat' dir='ltr'>illa</span> <span class='ocrx_word' id='word_1_539' title='bbox 1643 1066 1840 1104; x_wconf 73' lang='lat' dir='ltr'>infirmitate,</span> <span class='ocrx_word' id='word_1_540' title='bbox 1862 1067 1948 1097; x_wconf 86' lang='lat' dir='ltr'>sicut</span> <span class='ocrx_word' id='word_1_541' title='bbox 1965 1066 2078 1098; x_wconf 87' lang='lat' dir='ltr'>eadem</span> 
     </span>
     <span class='ocr_line' id='line_1_82' title="bbox 1102 1106 2075 1149; baseline 0.002 -11"><span class='ocrx_word' id='word_1_542' title='bbox 1102 1106 1157 1139; x_wconf 81' lang='lat' dir='ltr'>lex</span> <span class='ocrx_word' id='word_1_543' title='bbox 1183 1106 1260 1139; x_wconf 91' lang='lat' dir='ltr'>alibi</span> <span class='ocrx_word' id='word_1_544' title='bbox 1296 1118 1425 1149; x_wconf 89' lang='lat' dir='ltr'>quoque</span> <span class='ocrx_word' id='word_1_545' title='bbox 1461 1107 1602 1148; x_wconf 85' lang='lat' dir='ltr'>capitale</span> <span class='ocrx_word' id='word_1_546' title='bbox 1635 1119 1712 1139; x_wconf 78' lang='lat' dir='ltr'>esse</span> <span class='ocrx_word' id='word_1_547' title='bbox 1745 1109 1945 1149; x_wconf 86' lang='lat' dir='ltr'>pronuntiat,</span> <span class='ocrx_word' id='word_1_548' title='bbox 1981 1110 2075 1140; x_wconf 85' lang='lat' dir='ltr'>attin-</span> 
     </span>
     <span class='ocr_line' id='line_1_83' title="bbox 1103 1149 2078 1192; baseline 0.003 -12"><span class='ocrx_word' id='word_1_549' title='bbox 1103 1160 1182 1192; x_wconf 83' lang='lat' dir='ltr'>gere</span> <span class='ocrx_word' id='word_1_550' title='bbox 1222 1149 1390 1181; x_wconf 89' lang='lat' dir='ltr'>mulierem</span> <span class='ocrx_word' id='word_1_551' title='bbox 1430 1150 1606 1182; x_wconf 81' lang='lat' dir='ltr'>fluentibus</span> <span class='ocrx_word' id='word_1_552' title='bbox 1640 1152 1835 1189; x_wconf 73' lang='lat' dir='ltr'>menstruis,</span> <span class='ocrx_word' id='word_1_553' title='bbox 1869 1151 2006 1183; x_wconf 74' lang='lat' dir='ltr'>Lew&#39;tici</span> <span class='ocrx_word' id='word_1_554' title='bbox 2028 1151 2078 1183; x_wconf 75' lang='lat'>⁶20.</span> 
     </span>
     <span class='ocr_line' id='line_1_84' title="bbox 1106 1194 2079 1235; baseline 0.001 -10"><span class='ocrx_word' id='word_1_555' title='bbox 1106 1194 1276 1225; x_wconf 75' lang='lat' dir='ltr'>Occidetur</span> <span class='ocrx_word' id='word_1_556' title='bbox 1298 1197 1352 1233; x_wconf 74' lang='lat' dir='ltr'>que·</span> <span class='ocrx_word' id='word_1_557' title='bbox 1372 1197 1502 1233; x_wconf 67' lang='lat' dir='ltr'>altinas!</span> <span class='ocrx_word' id='word_1_558' title='bbox 1522 1197 1686 1225; x_wconf 74' lang='lat' dir='ltr'>nmlierem</span> <span class='ocrx_word' id='word_1_559' title='bbox 1709 1199 1851 1234; x_wconf 78' lang='lat' dir='ltr'>tempore</span> <span class='ocrx_word' id='word_1_560' title='bbox 1877 1198 2079 1235; x_wconf 71' lang='lat' dir='ltr'>puryatc’onI-s·</span> 
     </span>
     <span class='ocr_line' id='line_1_85' title="bbox 1101 1236 2076 1277; baseline 0.002 -10"><span class='ocrx_word' id='word_1_561' title='bbox 1101 1247 1159 1267; x_wconf 76' lang='lat' dir='ltr'>seu</span> <span class='ocrx_word' id='word_1_562' title='bbox 1177 1240 1290 1277; x_wconf 59' lang='lat' dir='ltr'>flamus</span> <span class='ocrx_word' id='word_1_563' title='bbox 1311 1240 1478 1267; x_wconf 74' lang='lat' dir='ltr'>menstrui.</span> <span class='ocrx_word' id='word_1_564' title='bbox 1533 1236 1606 1268; x_wconf 88' lang='lat' dir='ltr'>Non</span> <span class='ocrx_word' id='word_1_565' title='bbox 1631 1243 1680 1267; x_wconf 77' lang='lat' dir='ltr'>est</span> <span class='ocrx_word' id='word_1_566' title='bbox 1711 1237 1971 1268; x_wconf 83' lang='lat' dir='ltr'>contemnendus</span> <span class='ocrx_word' id='word_1_567' title='bbox 1996 1238 2076 1269; x_wconf 83' lang='lat' dir='ltr'>ordo</span> 
     </span>
     <span class='ocr_line' id='line_1_86' title="bbox 1102 1279 2079 1322; baseline 0.003 -13"><span class='ocrx_word' id='word_1_568' title='bbox 1102 1279 1244 1310; x_wconf 81' lang='lat' dir='ltr'>divinus.</span> <span class='ocrx_word' id='word_1_569' title='bbox 1302 1279 1462 1310; x_wconf 86' lang='lat' dir='ltr'>Ordinata</span> <span class='ocrx_word' id='word_1_570' title='bbox 1497 1286 1574 1311; x_wconf 84' lang='lat' dir='ltr'>sunt</span> <span class='ocrx_word' id='word_1_571' title='bbox 1602 1285 1770 1311; x_wconf 83' lang='lat' dir='ltr'>menstrua</span> <span class='ocrx_word' id='word_1_572' title='bbox 1801 1285 1892 1311; x_wconf 84' lang='lat' dir='ltr'>certo</span> <span class='ocrx_word' id='word_1_573' title='bbox 1921 1286 2079 1322; x_wconf 86' lang='lat' dir='ltr'>tempore,</span> 
     </span>
     <span class='ocr_line' id='line_1_87' title="bbox 1101 1321 2077 1364; baseline 0.002 -12"><span class='ocrx_word' id='word_1_574' title='bbox 1101 1328 1134 1353; x_wconf 89' lang='lat' dir='ltr'>et</span> <span class='ocrx_word' id='word_1_575' title='bbox 1157 1322 1311 1363; x_wconf 91' lang='lat' dir='ltr'>quicquid</span> <span class='ocrx_word' id='word_1_576' title='bbox 1329 1322 1380 1352; x_wconf 88' lang='lat' dir='ltr'>sic</span> <span class='ocrx_word' id='word_1_577' title='bbox 1401 1323 1566 1361; x_wconf 78' lang='lat' dir='ltr'>nascitur,</span> <span class='ocrx_word' id='word_1_578' title='bbox 1596 1329 1647 1355; x_wconf 74' lang='lat' dir='ltr'>est</span> <span class='ocrx_word' id='word_1_579' title='bbox 1670 1321 1830 1364; x_wconf 80' lang='lat' dir='ltr'>pollutum</span> <span class='ocrx_word' id='word_1_580' title='bbox 1853 1324 1884 1354; x_wconf 93' lang='lat' dir='ltr'>in</span> <span class='ocrx_word' id='word_1_581' title='bbox 1908 1329 1977 1354; x_wconf 89' lang='lat' dir='ltr'>tota</span> <span class='ocrx_word' id='word_1_582' title='bbox 2001 1324 2077 1354; x_wconf 86' lang='lat' dir='ltr'>vita.</span> 
     </span>
    </p>
   </div>
   <div class='ocr_carea' id='block_1_8' title="bbox 1100 1372 2079 1759">
    <p class='ocr_par' dir='ltr' id='par_1_16' title="bbox 1100 1372 2079 1759">
     <span class='ocr_line' id='line_1_88' title="bbox 1188 1372 2077 1416; baseline 0.003 -13"><span class='ocrx_word' id='word_1_583' title='bbox 1188 1372 1383 1414; x_wconf 87' lang='lat' dir='ltr'>Philosophi</span> <span class='ocrx_word' id='word_1_584' title='bbox 1406 1374 1531 1411; x_wconf 86' lang='lat' dir='ltr'>dicunt,</span> <span class='ocrx_word' id='word_1_585' title='bbox 1551 1380 1582 1405; x_wconf 87' lang='lat' dir='ltr'>et</span> <span class='ocrx_word' id='word_1_586' title='bbox 1606 1384 1719 1405; x_wconf 81' lang='lat' dir='ltr'>verum</span> <span class='ocrx_word' id='word_1_587' title='bbox 1743 1379 1812 1412; x_wconf 89' lang='lat' dir='ltr'>est,</span> <span class='ocrx_word' id='word_1_588' title='bbox 1836 1384 1920 1416; x_wconf 91' lang='lat' dir='ltr'>opus</span> <span class='ocrx_word' id='word_1_589' title='bbox 1940 1384 2077 1416; x_wconf 84' lang='lat' dir='ltr'>genera-</span> 
     </span>
     <span class='ocr_line' id='line_1_89' title="bbox 1101 1416 2079 1460; baseline 0.003 -14"><span class='ocrx_word' id='word_1_590' title='bbox 1101 1416 1200 1447; x_wconf 90' lang='lat' dir='ltr'>tionis</span> <span class='ocrx_word' id='word_1_591' title='bbox 1235 1422 1286 1447; x_wconf 88' lang='lat' dir='ltr'>est</span> <span class='ocrx_word' id='word_1_592' title='bbox 1320 1426 1405 1456; x_wconf 85' lang='lat' dir='ltr'>opus</span> <span class='ocrx_word' id='word_1_593' title='bbox 1438 1416 1593 1454; x_wconf 75' lang='lat' dir='ltr'>divinum,</span> <span class='ocrx_word' id='word_1_594' title='bbox 1626 1417 1725 1448; x_wconf 91' lang='lat' dir='ltr'>homo</span> <span class='ocrx_word' id='word_1_595' title='bbox 1759 1427 1826 1448; x_wconf 92' lang='lat' dir='ltr'>non</span> <span class='ocrx_word' id='word_1_596' title='bbox 1860 1417 1982 1460; x_wconf 81' lang='lat' dir='ltr'>gignit,</span> <span class='ocrx_word' id='word_1_597' title='bbox 2016 1418 2079 1449; x_wconf 89' lang='lat' dir='ltr'>nisi</span> 
     </span>
     <span class='ocr_line' id='line_1_90' title="bbox 1101 1457 2078 1492; baseline 0.003 -3"><span class='ocrx_word' id='word_1_598' title='bbox 1101 1457 1176 1490; x_wconf 90' lang='lat' dir='ltr'>Deo</span> <span class='ocrx_word' id='word_1_599' title='bbox 1199 1458 1397 1490; x_wconf 79' lang='lat' dir='ltr'>vivificante.</span> <span class='ocrx_word' id='word_1_600' title='bbox 1454 1458 1547 1490; x_wconf 86' lang='lat' dir='ltr'>Deus</span> <span class='ocrx_word' id='word_1_601' title='bbox 1580 1466 1689 1491; x_wconf 83' lang='lat' dir='ltr'>autem</span> <span class='ocrx_word' id='word_1_602' title='bbox 1721 1459 1867 1491; x_wconf 81' lang='lat' dir='ltr'>vivificat.</span> <span class='ocrx_word' id='word_1_603' title='bbox 1898 1461 2078 1492; x_wconf 81' lang='lat' dir='ltr'>secundum</span> 
     </span>
     <span class='ocr_line' id='line_1_91' title="bbox 1102 1501 2078 1543; baseline 0.004 -12"><span class='ocrx_word' id='word_1_604' title='bbox 1102 1501 1260 1539; x_wconf 88' lang='lat' dir='ltr'>ordinem,</span> <span class='ocrx_word' id='word_1_605' title='bbox 1280 1511 1376 1543; x_wconf 88' lang='lat' dir='ltr'>quem</span> <span class='ocrx_word' id='word_1_606' title='bbox 1398 1501 1533 1533; x_wconf 83' lang='lat' dir='ltr'>instituit</span> <span class='ocrx_word' id='word_1_607' title='bbox 1556 1502 1587 1533; x_wconf 91' lang='lat' dir='ltr'>in</span> <span class='ocrx_word' id='word_1_608' title='bbox 1609 1509 1737 1534; x_wconf 85' lang='lat' dir='ltr'>natura.</span> <span class='ocrx_word' id='word_1_609' title='bbox 1779 1502 1855 1534; x_wconf 83' lang='lat' dir='ltr'>Ideo</span> <span class='ocrx_word' id='word_1_610' title='bbox 1875 1501 1943 1534; x_wconf 85' lang='lat' dir='ltr'>vult</span> <span class='ocrx_word' id='word_1_611' title='bbox 1961 1509 2078 1535; x_wconf 83' lang='lat' dir='ltr'>sancte</span> 
     </span>
     <span class='ocr_line' id='line_1_92' title="bbox 1102 1543 2075 1587; baseline 0.003 -13"><span class='ocrx_word' id='word_1_612' title='bbox 1102 1544 1230 1575; x_wconf 74' lang='lat' dir='ltr'>servari</span> <span class='ocrx_word' id='word_1_613' title='bbox 1264 1543 1354 1576; x_wconf 92' lang='lat' dir='ltr'>hunc</span> <span class='ocrx_word' id='word_1_614' title='bbox 1387 1545 1546 1583; x_wconf 82' lang='lat' dir='ltr'>ordinem,</span> <span class='ocrx_word' id='word_1_615' title='bbox 1581 1555 1675 1587; x_wconf 88' lang='lat' dir='ltr'>quem</span> <span class='ocrx_word' id='word_1_616' title='bbox 1710 1545 1847 1577; x_wconf 81' lang='lat' dir='ltr'>instituit</span> <span class='ocrx_word' id='word_1_617' title='bbox 1882 1546 1915 1576; x_wconf 92' lang='lat' dir='ltr'>in</span> <span class='ocrx_word' id='word_1_618' title='bbox 1946 1551 2075 1578; x_wconf 82' lang='lat' dir='ltr'>nutura.</span> 
     </span>
     <span class='ocr_line' id='line_1_93' title="bbox 1101 1585 2079 1629; baseline 0.002 -11"><span class='ocrx_word' id='word_1_619' title='bbox 1101 1585 1195 1618; x_wconf 83' lang='lat' dir='ltr'>Multi</span> <span class='ocrx_word' id='word_1_620' title='bbox 1230 1586 1397 1619; x_wconf 84' lang='lat' dir='ltr'>cumulant</span> <span class='ocrx_word' id='word_1_621' title='bbox 1429 1594 1590 1629; x_wconf 84' lang='lat' dir='ltr'>peccata,</span> <span class='ocrx_word' id='word_1_622' title='bbox 1633 1589 1708 1619; x_wconf 85' lang='lat' dir='ltr'>ideo</span> <span class='ocrx_word' id='word_1_623' title='bbox 1743 1587 1949 1620; x_wconf 86' lang='lat' dir='ltr'>cumulantur</span> <span class='ocrx_word' id='word_1_624' title='bbox 1982 1589 2079 1620; x_wconf 88' lang='lat' dir='ltr'>etiam</span> 
     </span>
     <span class='ocr_line' id='line_1_94' title="bbox 1100 1629 2077 1673; baseline 0.003 -13"><span class='ocrx_word' id='word_1_625' title='bbox 1100 1640 1239 1671; x_wconf 85' lang='lat' dir='ltr'>poenae.</span> <span class='ocrx_word' id='word_1_626' title='bbox 1295 1629 1387 1660; x_wconf 86' lang='lat' dir='ltr'>Haec</span> <span class='ocrx_word' id='word_1_627' title='bbox 1421 1636 1471 1661; x_wconf 89' lang='lat' dir='ltr'>est</span> <span class='ocrx_word' id='word_1_628' title='bbox 1504 1631 1610 1671; x_wconf 88' lang='lat' dir='ltr'>prima</span> <span class='ocrx_word' id='word_1_629' title='bbox 1645 1640 1748 1662; x_wconf 83' lang='lat' dir='ltr'>causa</span> <span class='ocrx_word' id='word_1_630' title='bbox 1780 1630 1921 1673; x_wconf 63' lang='lat' dir='ltr'>physica</span> <span class='ocrx_word' id='word_1_631' title='bbox 1951 1631 2077 1663; x_wconf 86' lang='lat' dir='ltr'>scilicet</span> 
     </span>
     <span class='ocr_line' id='line_1_95' title="bbox 1101 1672 2078 1714; baseline 0.002 -10"><span class='ocrx_word' id='word_1_632' title='bbox 1101 1672 1242 1710; x_wconf 76' lang='lat' dir='ltr'>utilitas,</span> <span class='ocrx_word' id='word_1_633' title='bbox 1276 1683 1361 1714; x_wconf 89' lang='lat' dir='ltr'>quae</span> <span class='ocrx_word' id='word_1_634' title='bbox 1395 1673 1524 1714; x_wconf 88' lang='lat' dir='ltr'>quidem</span> <span class='ocrx_word' id='word_1_635' title='bbox 1548 1672 1722 1705; x_wconf 83' lang='lat' dir='ltr'>referenda</span> <span class='ocrx_word' id='word_1_636' title='bbox 1756 1680 1807 1705; x_wconf 81' lang='lat' dir='ltr'>est</span> <span class='ocrx_word' id='word_1_637' title='bbox 1839 1674 1937 1705; x_wconf 85' lang='lat' dir='ltr'>etiam</span> <span class='ocrx_word' id='word_1_638' title='bbox 1967 1675 2009 1705; x_wconf 87' lang='lat' dir='ltr'>ad</span> <span class='ocrx_word' id='word_1_639' title='bbox 2032 1680 2078 1706; x_wconf 82' lang='lat' dir='ltr'>te-</span> 
     </span>
     <span class='ocr_line' id='line_1_96' title="bbox 1100 1714 2076 1759; baseline 0 -13"><span class='ocrx_word' id='word_1_640' title='bbox 1100 1725 1215 1746; x_wconf 90' lang='lat' dir='ltr'>nerum</span> <span class='ocrx_word' id='word_1_641' title='bbox 1237 1714 1371 1753; x_wconf 83' lang='lat' dir='ltr'>foetum,</span> <span class='ocrx_word' id='word_1_642' title='bbox 1394 1717 1446 1747; x_wconf 92' lang='lat' dir='ltr'>cui</span> <span class='ocrx_word' id='word_1_643' title='bbox 1469 1714 1618 1747; x_wconf 89' lang='lat' dir='ltr'>similiter</span> <span class='ocrx_word' id='word_1_644' title='bbox 1640 1726 1725 1758; x_wconf 90' lang='lat' dir='ltr'>opus</span> <span class='ocrx_word' id='word_1_645' title='bbox 1749 1722 1800 1747; x_wconf 87' lang='lat' dir='ltr'>est</span> <span class='ocrx_word' id='word_1_646' title='bbox 1822 1717 1931 1759; x_wconf 74' lang='lat' dir='ltr'>qulete</span> <span class='ocrx_word' id='word_1_647' title='bbox 1953 1717 2076 1749; x_wconf 84' lang='lat' dir='ltr'>matris.</span> 
     </span>
    </p>
   </div>
   <div class='ocr_carea' id='block_1_9' title="bbox 1098 1774 2079 2330">
    <p class='ocr_par' dir='ltr' id='par_1_17' title="bbox 1098 1774 2079 2330">
     <span class='ocr_line' id='line_1_97' title="bbox 1186 1774 2079 1818; baseline 0.003 -13"><span class='ocrx_word' id='word_1_648' title='bbox 1186 1774 1303 1806; x_wconf 85' lang='lat' dir='ltr'>Altera</span> <span class='ocrx_word' id='word_1_649' title='bbox 1338 1786 1439 1806; x_wconf 89' lang='lat' dir='ltr'>causa</span> <span class='ocrx_word' id='word_1_650' title='bbox 1473 1782 1524 1807; x_wconf 88' lang='lat' dir='ltr'>est</span> <span class='ocrx_word' id='word_1_651' title='bbox 1553 1775 1762 1817; x_wconf 81' lang='lat' dir='ltr'>significatio.</span> <span class='ocrx_word' id='word_1_652' title='bbox 1818 1775 1889 1807; x_wconf 78' lang='lat' dir='ltr'>Lex</span> <span class='ocrx_word' id='word_1_653' title='bbox 1920 1776 1961 1808; x_wconf 90' lang='lat' dir='ltr'>de</span> <span class='ocrx_word' id='word_1_654' title='bbox 1983 1787 2079 1818; x_wconf 89' lang='lat' dir='ltr'>puer·</span> 
     </span>
     <span class='ocr_line' id='line_1_98' title="bbox 1100 1817 2077 1860; baseline 0.002 -11"><span class='ocrx_word' id='word_1_655' title='bbox 1100 1818 1190 1859; x_wconf 89' lang='lat' dir='ltr'>peris</span> <span class='ocrx_word' id='word_1_656' title='bbox 1225 1823 1275 1849; x_wconf 82' lang='lat' dir='ltr'>est</span> <span class='ocrx_word' id='word_1_657' title='bbox 1307 1817 1405 1850; x_wconf 83' lang='lat' dir='ltr'>simul</span> <span class='ocrx_word' id='word_1_658' title='bbox 1439 1817 1711 1850; x_wconf 87' lang='lat' dir='ltr'>commonefactio</span> <span class='ocrx_word' id='word_1_659' title='bbox 1745 1819 1786 1850; x_wconf 89' lang='lat' dir='ltr'>de</span> <span class='ocrx_word' id='word_1_660' title='bbox 1809 1826 1960 1860; x_wconf 86' lang='lat' dir='ltr'>peceato,</span> <span class='ocrx_word' id='word_1_661' title='bbox 1993 1819 2077 1856; x_wconf 88' lang='lat' dir='ltr'>Quia</span> 
     </span>
     <span class='ocr_line' id='line_1_99' title="bbox 1101 1857 2077 1904; baseline 0.003 -13"><span class='ocrx_word' id='word_1_662' title='bbox 1101 1857 1272 1892; x_wconf 86' lang='lat' dir='ltr'>infirmitas</span> <span class='ocrx_word' id='word_1_663' title='bbox 1302 1859 1358 1891; x_wconf 88' lang='lat' dir='ltr'>illa</span> <span class='ocrx_word' id='word_1_664' title='bbox 1392 1867 1444 1892; x_wconf 89' lang='lat' dir='ltr'>est</span> <span class='ocrx_word' id='word_1_665' title='bbox 1485 1861 1622 1892; x_wconf 81' lang='lat' dir='ltr'>effectus</span> <span class='ocrx_word' id='word_1_666' title='bbox 1657 1862 1804 1903; x_wconf 83' lang='lat' dir='ltr'>peccati,</span> <span class='ocrx_word' id='word_1_667' title='bbox 1838 1868 1870 1893; x_wconf 86' lang='lat' dir='ltr'>et</span> <span class='ocrx_word' id='word_1_668' title='bbox 1902 1863 1991 1904; x_wconf 85' lang='lat' dir='ltr'>quod</span> <span class='ocrx_word' id='word_1_669' title='bbox 2023 1861 2077 1894; x_wconf 87' lang='lat' dir='ltr'>lex</span> 
     </span>
     <span class='ocr_line' id='line_1_100' title="bbox 1100 1903 2077 1944; baseline 0.004 -11"><span class='ocrx_word' id='word_1_670' title='bbox 1100 1914 1282 1944; x_wconf 77' lang='lat' dir='ltr'>puerperas</span> <span class='ocrx_word' id='word_1_671' title='bbox 1304 1910 1402 1935; x_wconf 77' lang='lat' dir='ltr'>vocat</span> <span class='ocrx_word' id='word_1_672' title='bbox 1438 1904 1637 1943; x_wconf 86' lang='lat' dir='ltr'>immundas,</span> <span class='ocrx_word' id='word_1_673' title='bbox 1671 1915 1712 1936; x_wconf 91' lang='lat' dir='ltr'>eo</span> <span class='ocrx_word' id='word_1_674' title='bbox 1735 1904 1839 1936; x_wconf 84' lang='lat' dir='ltr'>voluit</span> <span class='ocrx_word' id='word_1_675' title='bbox 1871 1903 1965 1936; x_wconf 90' lang='lat' dir='ltr'>Deus</span> <span class='ocrx_word' id='word_1_676' title='bbox 1990 1916 2077 1937; x_wconf 86' lang='lat' dir='ltr'>cum·</span> 
     </span>
     <span class='ocr_line' id='line_1_101' title="bbox 1101 1945 2078 1988; baseline 0.002 -11"><span class='ocrx_word' id='word_1_677' title='bbox 1101 1946 1269 1977; x_wconf 83' lang='lat' dir='ltr'>monefieri</span> <span class='ocrx_word' id='word_1_678' title='bbox 1299 1945 1467 1985; x_wconf 83' lang='lat' dir='ltr'>homines,</span> <span class='ocrx_word' id='word_1_679' title='bbox 1505 1948 1593 1988; x_wconf 87' lang='lat' dir='ltr'>quod</span> <span class='ocrx_word' id='word_1_680' title='bbox 1627 1954 1745 1979; x_wconf 87' lang='lat' dir='ltr'>natura</span> <span class='ocrx_word' id='word_1_681' title='bbox 1776 1947 1918 1979; x_wconf 83' lang='lat' dir='ltr'>humana</span> <span class='ocrx_word' id='word_1_682' title='bbox 1951 1948 2013 1979; x_wconf 81' lang='lat' dir='ltr'>iam</span> <span class='ocrx_word' id='word_1_683' title='bbox 2036 1949 2078 1980; x_wconf 79' lang='lat' dir='ltr'>sit</span> 
     </span>
     <span class='ocr_line' id='line_1_102' title="bbox 1101 1990 2077 2033; baseline 0.002 -13"><span class='ocrx_word' id='word_1_684' title='bbox 1101 1990 1277 2027; x_wconf 91' lang='lat' dir='ltr'>immunda,</span> <span class='ocrx_word' id='word_1_685' title='bbox 1301 1999 1361 2021; x_wconf 90' lang='lat' dir='ltr'>seu</span> <span class='ocrx_word' id='word_1_686' title='bbox 1385 1991 1473 2031; x_wconf 90' lang='lat' dir='ltr'>quod</span> <span class='ocrx_word' id='word_1_687' title='bbox 1495 1990 1668 2028; x_wconf 78' lang='lat' dir='ltr'>nativitas,</span> <span class='ocrx_word' id='word_1_688' title='bbox 1703 2000 1788 2032; x_wconf 88' lang='lat' dir='ltr'>quae</span> <span class='ocrx_word' id='word_1_689' title='bbox 1817 2001 1904 2021; x_wconf 90' lang='lat' dir='ltr'>nunc</span> <span class='ocrx_word' id='word_1_690' title='bbox 1927 1997 1978 2022; x_wconf 88' lang='lat' dir='ltr'>est</span> <span class='ocrx_word' id='word_1_691' title='bbox 2000 1997 2077 2033; x_wconf 88' lang='lat' dir='ltr'>post</span> 
     </span>
     <span class='ocr_line' id='line_1_103' title="bbox 1099 2031 2077 2074; baseline 0.003 -12"><span class='ocrx_word' id='word_1_692' title='bbox 1099 2031 1228 2073; x_wconf 79' lang='lat' dir='ltr'>lapsum</span> <span class='ocrx_word' id='word_1_693' title='bbox 1247 2033 1424 2074; x_wconf 88' lang='lat' dir='ltr'>primorum</span> <span class='ocrx_word' id='word_1_694' title='bbox 1448 2039 1632 2074; x_wconf 86' lang='lat' dir='ltr'>parentum,</span> <span class='ocrx_word' id='word_1_695' title='bbox 1660 2034 1835 2064; x_wconf 88' lang='lat' dir='ltr'>coniuncta</span> <span class='ocrx_word' id='word_1_696' title='bbox 1862 2034 1905 2064; x_wconf 76' lang='lat' dir='ltr'>sit</span> <span class='ocrx_word' id='word_1_697' title='bbox 1929 2043 2002 2065; x_wconf 90' lang='lat' dir='ltr'>cum</span> <span class='ocrx_word' id='word_1_698' title='bbox 2021 2035 2077 2065; x_wconf 91' lang='lat' dir='ltr'>im—</span> 
     </span>
     <span class='ocr_line' id='line_1_104' title="bbox 1100 2073 2075 2117; baseline 0.001 -12"><span class='ocrx_word' id='word_1_699' title='bbox 1100 2075 1276 2114; x_wconf 88' lang='lat' dir='ltr'>munditie,</span> <span class='ocrx_word' id='word_1_700' title='bbox 1321 2081 1353 2106; x_wconf 90' lang='lat' dir='ltr'>et</span> <span class='ocrx_word' id='word_1_701' title='bbox 1393 2075 1482 2116; x_wconf 87' lang='lat' dir='ltr'>quod</span> <span class='ocrx_word' id='word_1_702' title='bbox 1523 2073 1675 2107; x_wconf 87' lang='lat' dir='ltr'>homines</span> <span class='ocrx_word' id='word_1_703' title='bbox 1708 2083 1885 2117; x_wconf 88' lang='lat' dir='ltr'>propterea</span> <span class='ocrx_word' id='word_1_704' title='bbox 1919 2077 1984 2107; x_wconf 86' lang='lat' dir='ltr'>sint</span> <span class='ocrx_word' id='word_1_705' title='bbox 2017 2077 2075 2108; x_wconf 89' lang='lat' dir='ltr'>rei.</span> 
     </span>
     <span class='ocr_line' id='line_1_105' title="bbox 1098 2117 2076 2161; baseline 0.002 -13"><span class='ocrx_word' id='word_1_706' title='bbox 1098 2117 1203 2149; x_wconf 90' lang='lat' dir='ltr'>Huius</span> <span class='ocrx_word' id='word_1_707' title='bbox 1232 2124 1344 2149; x_wconf 87' lang='lat' dir='ltr'>reatus</span> <span class='ocrx_word' id='word_1_708' title='bbox 1373 2118 1504 2161; x_wconf 74' lang='lat' dir='ltr'>signum</span> <span class='ocrx_word' id='word_1_709' title='bbox 1539 2123 1607 2156; x_wconf 90' lang='lat' dir='ltr'>est,</span> <span class='ocrx_word' id='word_1_710' title='bbox 1642 2119 1732 2160; x_wconf 89' lang='lat' dir='ltr'>quod</span> <span class='ocrx_word' id='word_1_711' title='bbox 1766 2120 1932 2150; x_wconf 87' lang='lat' dir='ltr'>nascimur</span> <span class='ocrx_word' id='word_1_712' title='bbox 1954 2117 2076 2161; x_wconf 86' lang='lat' dir='ltr'>singuli</span> 
     </span>
     <span class='ocr_line' id='line_1_106' title="bbox 1099 2160 2077 2203; baseline 0.002 -12"><span class='ocrx_word' id='word_1_713' title='bbox 1099 2161 1142 2191; x_wconf 87' lang='lat' dir='ltr'>ad</span> <span class='ocrx_word' id='word_1_714' title='bbox 1165 2160 1368 2192; x_wconf 82' lang='lat' dir='ltr'>calamitates</span> <span class='ocrx_word' id='word_1_715' title='bbox 1393 2168 1424 2192; x_wconf 91' lang='lat' dir='ltr'>et</span> <span class='ocrx_word' id='word_1_716' title='bbox 1443 2167 1581 2192; x_wconf 89' lang='lat' dir='ltr'>mortem</span> <span class='ocrx_word' id='word_1_717' title='bbox 1600 2160 1819 2202; x_wconf 86' lang='lat' dir='ltr'>corporalem,</span> <span class='ocrx_word' id='word_1_718' title='bbox 1844 2161 1922 2192; x_wconf 83' lang='lat' dir='ltr'>Item</span> <span class='ocrx_word' id='word_1_719' title='bbox 1942 2168 2077 2203; x_wconf 85' lang='lat' dir='ltr'>propter</span> 
     </span>
     <span class='ocr_line' id='line_1_107' title="bbox 1098 2203 2076 2245; baseline 0.001 -11"><span class='ocrx_word' id='word_1_720' title='bbox 1098 2211 1297 2244; x_wconf 85' lang='lat' dir='ltr'>peccatum,</span> <span class='ocrx_word' id='word_1_721' title='bbox 1341 2204 1430 2245; x_wconf 86' lang='lat' dir='ltr'>quod</span> <span class='ocrx_word' id='word_1_722' title='bbox 1470 2210 1648 2236; x_wconf 81' lang='lat' dir='ltr'>nascentes</span> <span class='ocrx_word' id='word_1_723' title='bbox 1687 2205 1859 2235; x_wconf 67' lang='lat' dir='ltr'>nobiscum</span> <span class='ocrx_word' id='word_1_724' title='bbox 1899 2203 2076 2243; x_wconf 81' lang='lat' dir='ltr'>afferimus,</span> 
     </span>
     <span class='ocr_line' id='line_1_108' title="bbox 1098 2245 2077 2288; baseline 0.001 -10"><span class='ocrx_word' id='word_1_725' title='bbox 1098 2245 1197 2278; x_wconf 78' lang='lat' dir='ltr'>facile</span> <span class='ocrx_word' id='word_1_726' title='bbox 1219 2253 1270 2277; x_wconf 76' lang='lat' dir='ltr'>est</span> <span class='ocrx_word' id='word_1_727' title='bbox 1292 2257 1390 2277; x_wconf 85' lang='lat' dir='ltr'>ruere</span> <span class='ocrx_word' id='word_1_728' title='bbox 1412 2247 1444 2277; x_wconf 93' lang='lat' dir='ltr'>in</span> <span class='ocrx_word' id='word_1_729' title='bbox 1468 2245 1596 2287; x_wconf 84' lang='lat' dir='ltr'>lapsus,</span> <span class='ocrx_word' id='word_1_730' title='bbox 1620 2247 1705 2278; x_wconf 88' lang='lat' dir='ltr'>unde</span> <span class='ocrx_word' id='word_1_731' title='bbox 1728 2245 1825 2288; x_wconf 85' lang='lat' dir='ltr'>piena</span> <span class='ocrx_word' id='word_1_732' title='bbox 1843 2253 1894 2278; x_wconf 87' lang='lat' dir='ltr'>est</span> <span class='ocrx_word' id='word_1_733' title='bbox 1916 2253 1986 2279; x_wconf 85' lang='lat' dir='ltr'>tota</span> <span class='ocrx_word' id='word_1_734' title='bbox 2008 2248 2077 2279; x_wconf 84' lang='lat' dir='ltr'>vita</span> 
     </span>
     <span class='ocr_line' id='line_1_109' title="bbox 1098 2288 1463 2330; baseline -0.008 -9"><span class='ocrx_word' id='word_1_735' title='bbox 1098 2288 1194 2321; x_wconf 75' lang='lat' dir='ltr'>malis</span> <span class='ocrx_word' id='word_1_736' title='bbox 1217 2288 1463 2330; x_wconf 70' lang='lat' dir='ltr'>multiplicibus.</span> 
     </span>
    </p>
   </div>
   <div class='ocr_carea' id='block_1_10' title="bbox 1098 2348 2076 2648">
    <p class='ocr_par' dir='ltr' id='par_1_18' title="bbox 1098 2348 2076 2648">
     <span class='ocr_line' id='line_1_110' title="bbox 1185 2348 2076 2391; baseline 0.002 -12"><span class='ocrx_word' id='word_1_737' title='bbox 1185 2349 1278 2380; x_wconf 90' lang='lat' dir='ltr'>Hanc</span> <span class='ocrx_word' id='word_1_738' title='bbox 1307 2348 1579 2391; x_wconf 82' lang='lat' dir='ltr'>significationem</span> <span class='ocrx_word' id='word_1_739' title='bbox 1609 2348 1784 2391; x_wconf 82' lang='lat' dir='ltr'>diligenter</span> <span class='ocrx_word' id='word_1_740' title='bbox 1814 2348 2076 2388; x_wconf 81' lang='lat' dir='ltr'>consideremus,</span> 
     </span>
     <span class='ocr_line' id='line_1_111' title="bbox 1098 2391 2075 2423; baseline 0.001 -1"><span class='ocrx_word' id='word_1_741' title='bbox 1098 2397 1133 2423; x_wconf 91' lang='lat' dir='ltr'>ut</span> <span class='ocrx_word' id='word_1_742' title='bbox 1155 2392 1257 2423; x_wconf 64' lang='lat' dir='ltr'>simus</span> <span class='ocrx_word' id='word_1_743' title='bbox 1282 2401 1443 2423; x_wconf 89' lang='lat' dir='ltr'>memores</span> <span class='ocrx_word' id='word_1_744' title='bbox 1466 2398 1651 2423; x_wconf 68' lang='lat' dir='ltr'>nostrarum</span> <span class='ocrx_word' id='word_1_745' title='bbox 1665 2391 1868 2422; x_wconf 77' lang='lat' dir='ltr'>miseriarum</span> <span class='ocrx_word' id='word_1_746' title='bbox 1890 2398 1922 2423; x_wconf 90' lang='lat' dir='ltr'>et</span> <span class='ocrx_word' id='word_1_747' title='bbox 1944 2392 2075 2423; x_wconf 83' lang='lat' dir='ltr'>studea-</span> 
     </span>
     <span class='ocr_line' id='line_1_112' title="bbox 1098 2433 2076 2475; baseline 0.002 -10"><span class='ocrx_word' id='word_1_748' title='bbox 1098 2444 1170 2465; x_wconf 88' lang='lat' dir='ltr'>mus</span> <span class='ocrx_word' id='word_1_749' title='bbox 1193 2435 1384 2466; x_wconf 78' lang='lat' dir='ltr'>modestiae.</span> <span class='ocrx_word' id='word_1_750' title='bbox 1451 2434 1579 2465; x_wconf 89' lang='lat' dir='ltr'>Ethnici</span> <span class='ocrx_word' id='word_1_751' title='bbox 1608 2435 1800 2475; x_wconf 80' lang='lat' dir='ltr'>ignorarunt</span> <span class='ocrx_word' id='word_1_752' title='bbox 1828 2433 1950 2466; x_wconf 87' lang='lat' dir='ltr'>sontem</span> <span class='ocrx_word' id='word_1_753' title='bbox 1973 2434 2076 2467; x_wconf 84' lang='lat' dir='ltr'>malo-</span> 
     </span>
     <span class='ocr_line' id='line_1_113' title="bbox 1099 2476 2075 2519; baseline 0.001 -11"><span class='ocrx_word' id='word_1_754' title='bbox 1099 2488 1169 2509; x_wconf 88' lang='lat' dir='ltr'>rnm</span> <span class='ocrx_word' id='word_1_755' title='bbox 1192 2479 1225 2508; x_wconf 92' lang='lat' dir='ltr'>in</span> <span class='ocrx_word' id='word_1_756' title='bbox 1249 2477 1534 2519; x_wconf 85' lang='lat' dir='ltr'>generehumanO.</span> <span class='ocrx_word' id='word_1_757' title='bbox 1580 2476 1647 2507; x_wconf 88' lang='lat' dir='ltr'>Sed</span> <span class='ocrx_word' id='word_1_758' title='bbox 1671 2484 1778 2508; x_wconf 89' lang='lat' dir='ltr'>tamen</span> <span class='ocrx_word' id='word_1_759' title='bbox 1798 2477 1982 2509; x_wconf 88' lang='lat' dir='ltr'>iudicarunt</span> <span class='ocrx_word' id='word_1_760' title='bbox 2004 2477 2075 2509; x_wconf 78' lang='lat' dir='ltr'>nul-</span> 
     </span>
     <span class='ocr_line' id='line_1_114' title="bbox 1098 2518 2073 2562; baseline 0.001 -11"><span class='ocrx_word' id='word_1_761' title='bbox 1098 2519 1164 2551; x_wconf 87' lang='lat' dir='ltr'>lam</span> <span class='ocrx_word' id='word_1_762' title='bbox 1188 2531 1263 2552; x_wconf 83' lang='lat' dir='ltr'>esse</span> <span class='ocrx_word' id='word_1_763' title='bbox 1282 2521 1466 2562; x_wconf 84' lang='lat' dir='ltr'>graviorem</span> <span class='ocrx_word' id='word_1_764' title='bbox 1481 2518 1830 2555; x_wconf 69' lang='lat' dir='ltr'>commonesactionem</span> <span class='ocrx_word' id='word_1_765' title='bbox 1848 2521 1889 2552; x_wconf 90' lang='lat' dir='ltr'>de</span> <span class='ocrx_word' id='word_1_766' title='bbox 1901 2521 2073 2559; x_wconf 83' lang='lat' dir='ltr'>modestia,</span> 
     </span>
     <span class='ocr_line' id='line_1_115' title="bbox 1100 2562 2073 2605; baseline -0.001 -11"><span class='ocrx_word' id='word_1_767' title='bbox 1100 2573 1198 2605; x_wconf 89' lang='lat' dir='ltr'>quam</span> <span class='ocrx_word' id='word_1_768' title='bbox 1221 2564 1250 2594; x_wconf 90' lang='lat' dir='ltr'>si</span> <span class='ocrx_word' id='word_1_769' title='bbox 1273 2573 1369 2604; x_wconf 87' lang='lat' dir='ltr'>quern</span> <span class='ocrx_word' id='word_1_770' title='bbox 1394 2563 1541 2593; x_wconf 80' lang='lat' dir='ltr'>iuberent</span> <span class='ocrx_word' id='word_1_771' title='bbox 1564 2563 1723 2604; x_wconf 84' lang='lat' dir='ltr'>cogitare,</span> <span class='ocrx_word' id='word_1_772' title='bbox 1747 2563 1835 2604; x_wconf 86' lang='lat' dir='ltr'>quod</span> <span class='ocrx_word' id='word_1_773' title='bbox 1847 2562 1945 2595; x_wconf 87' lang='lat' dir='ltr'>homo</span> <span class='ocrx_word' id='word_1_774' title='bbox 1969 2569 2073 2594; x_wconf 81' lang='lat' dir='ltr'>esset:</span> 
     </span>
     <span class='ocr_line' id='line_1_116' title="bbox 1102 2604 2074 2648; baseline 0.001 -12"><span class='ocrx_word' id='word_1_775' title='bbox 1102 2607 1187 2636; x_wconf 83' lang='lat' dir='ltr'>sicut</span> <span class='ocrx_word' id='word_1_776' title='bbox 1211 2606 1395 2636; x_wconf 88' lang='lat' dir='ltr'>Simonides</span> <span class='ocrx_word' id='word_1_777' title='bbox 1419 2605 1458 2635; x_wconf 77' lang='lat' dir='ltr'>nd</span> <span class='ocrx_word' id='word_1_778' title='bbox 1484 2604 1678 2637; x_wconf 83' lang='lat' dir='ltr'>Pausaniam</span> <span class='ocrx_word' id='word_1_779' title='bbox 1701 2605 1848 2643; x_wconf 85' lang='lat' dir='ltr'>dicebat,</span> <span class='ocrx_word' id='word_1_780' title='bbox 1876 2612 1952 2648; x_wconf 90' lang='lat' dir='ltr'>post</span> <span class='ocrx_word' id='word_1_781' title='bbox 1970 2606 2074 2638; x_wconf 77' lang='lat' dir='ltr'>victo-</span> 
     </span>
    </p>
   </div>
   <div class='ocr_carea' id='block_1_11' title="bbox 1817 2666 1869 2690">
    <p class='ocr_par' dir='ltr' id='par_1_19' title="bbox 1817 2666 1869 2690">
     <span class='ocr_line' id='line_1_117' title="bbox 1817 2666 1869 2690; baseline 0.019 -1"><span class='ocrx_word' id='word_1_782' title='bbox 1817 2666 1869 2690; x_wconf 76' lang='lat'>22·</span> 
     </span>
    </p>
   </div>
  </div>
 </body>
</html>
