2324 2958
105 147 171 181 901

110 247 250 279 centiam
272 256 355 290 erga
377 244 473 285 alios,
495 247 539 278 ad
562 246 767 278 modestiam.

111 291 199 321 tione
221 288 318 331 legis,
351 287 412 321 fuit
433 290 559 329 scripta
581 288 636 320 lex
658 290 691 320 in
714 286 834 319 tabulis
857 287 990 318 saxeis:
1023 287 1085 318 sed

110 332 254 372 Spiritus
282 338 418 364 sanctus
441 330 543 363 efficit
566 330 650 362 tales
673 337 782 362 motus
804 331 837 361 in
861 330 973 367 corde,
1009 339 1085 371 qua-

108 373 174 406 lem
203 373 297 405 Deus
331 384 370 406 se
404 374 570 415 expressit
598 375 629 407 in
653 373 740 415 lege.
807 372 882 414 lpse
904 372 990 413 regit
1010 381 1085 410 1105,

109 416 214 448 flectit
235 417 278 448 ad
301 417 534 455 obedientiam,
565 415 729 457 prohibet,
759 425 801 446 ne
823 424 957 447 ruamus
983 415 1016 446 in
1039 420 1086 445 te-

108 465 180 491 tros
202 458 346 498 furores,
367 465 429 491 etc.

197 501 321 537 Quarta
339 502 491 543 quaestio
514 507 579 532 est:
605 500 771 539 Qumnodo
792 500 981 531 retineatur.
1026 499 1085 530 lte-

108 554 182 575 rum
203 545 258 576 hic
286 551 456 576 removete
478 542 611 576 furores
634 543 780 575 Stoicos.
833 542 908 573 Non
932 543 1086 584 cogitate,

109 587 242 618 retineri
277 586 431 628 Spiritum
466 592 615 618 sanctum
649 587 746 616 etiam
777 585 818 616 ab
842 585 964 622 invitis,
991 594 1085 626 repu-

110 630 300 671 gnantibus,
323 636 446 661 temere
469 629 652 666 ruentibus,
675 626 941 668 delinquentibus
969 633 1086 659 contra

109 672 358 703 conscientiam.
421 671 497 703 Non
520 672 652 703 dubium
675 676 737 706 est,
761 671 849 711 quod
867 670 900 701 in
922 670 1030 701 Adam
1053 675 1085 701 et

108 713 180 745 Eva
208 713 405 746 habitaverit
439 714 553 753 Deus,
594 713 683 755 quod
716 711 891 744 habuerint
930 713 1084 753 Spiritum

108 763 276 794 sanctum;
310 758 370 788 sed
395 767 468 789 cum
491 755 644 788 libertate
667 755 847 787 voluntatis
870 757 977 793 abusi,
1010 761 1043 786 et
1065 765 1085 785 a

110 798 250 831 Diabolo
285 800 426 840 decepti,
455 806 635 840 peccarunt
659 805 777 830 contra
799 798 986 829 mandatum
1009 796 1084 835 Dei,

108 843 253 873 scientes
276 848 309 873 et
331 841 496 879 volentes,
519 848 696 873 senserunt
719 850 757 872 se
774 840 908 872 destitui
930 839 1017 879 luce,
1039 841 1085 871 iu-

108 885 209 922 stitia,
233 884 312 915 vita.
363 884 420 916 Sic
443 885 485 915 de
506 885 619 916 Aaron
643 884 776 915 dicitur:
807 883 963 914 Dominus
984 884 1085 914 voluit

108 931 274 958 conterere
295 936 372 958 eum.
441 927 582 962 Quando
616 926 710 957 Deus
739 924 809 957 vult
832 933 1005 957 conterere
1028 925 1084 957 110-

105 970 237 1007 1111110111,
259 970 322 1000 iam
347 978 397 1001 est
422 970 597 1001 destitutus
621 970 745 1011 gratia3
768 975 799 999 et
823 969 911 1000 dono
933 978 994 1010 per
1012 978 1085 1010 gra-

105 1013 194 1049 tiam,
217 1013 249 1043 id
275 1018 336 1046 est,
359 1012 595 1043 inhabitatione
617 1012 693 1043 viva
717 1018 749 1042 et
772 1009 902 1042 efficaci
925 1021 984 1052 per
1013 1012 1085 1052 Spi-

105 1054 202 1085 ritum
226 1060 389 1086 sanctum.
437 1055 513 1086 ltem
538 1053 662 1085 Paulus
681 1054 801 1099 inquit:=
838 1053 984 1094 Propter
1006 1053 1085 1084 haec

106 1097 190 1127 venit
212 1097 266 1128 ira
288 1096 362 1128 Dei.
407 1097 518 1129 Nolite
539 1107 671 1128 errare:
696 1097 763 1134 Qui
777 1096 864 1134 facit
893 1097 994 1134 talt'a,
1022 1105 1085 1127 non

106 1139 227 1170 videbit
246 1149 375 1180 regnum
395 1140 470 1171 Dei.
514 1140 609 1172 Item:
634 1141 673 1170 »Si
693 1139 864 1170 secundum
887 1148 1015 1170 carnem
1040 1140 1084 1169 ci-

104 1182 197 1219 tetis,
219 1174 412 1217 moriemirii:
433 1183 465 1213 id
486 1188 548 1220 est,
567 1183 595 1212 si
614 1182 688 1222 quis
708 1179 827 1212 volens
846 1188 877 1212 et
895 1181 1007 1212 sciens
1020 1182 1084 1212 mit

105 1224 138 1254 in
163 1230 335 1264 peccatum
359 1230 476 1255 contra
499 1224 746 1260 conscientiam,
770 1223 906 1254 effundit
930 1224 1082 1265 gratiam,

105 1265 239 1307 expellit
261 1266 418 1307 Spiritum
452 1273 612 1297 sanctum.
656 1266 731 1297 Non
759 1267 917 1298 retinetur
940 1266 1082 1307 Spiritus

104 1314 268 1347 sanctus,
310 1310 445 1350 quando
486 1308 636 1340 homines
669 1307 856 1349 petulanter
888 1307 1083 1350 delinquunt

104 1356 221 1382 contra
244 1352 495 1382 conscientiam.
541 1351 619 1382 Ideo
645 1351 783 1382 traditur
805 1352 984 1382 discrimen
1006 1361 1082 1392 pec-

103 1398 266 1431 catorum,
289 1403 428 1434 quorum
453 1393 518 1424 alia
541 1400 619 1425 sunt
642 1395 825 1435 regnantia,
856 1393 920 1425 alia
942 1404 1010 1424 non
1032 1403 1082 1424 re-

104 1435 251 1477 gnantia.
295 1435 431 1468 Manent
453 1436 486 1466 in
509 1437 636 1468 sanctis
658 1442 809 1476 peccata,
832 1437 892 1467 sed
913 1447 981 1467 non
1004 1446 1082 1466 con—

103 1484 155 1509 tra
177 1479 424 1510 conscientiam.
471 1478 552 1509 Cum
575 1485 694 1519 regnat
714 1479 746 1509 in
770 1479 817 1510 eis
842 1485 1027 1520 peccatum,
1048 1479 1081 1509 id

104 1528 167 1558 est,
191 1530 263 1551 cum
288 1522 433 1552 scientes
467 1527 499 1552 et
532 1519 684 1552 volentes
718 1520 890 1563 indulgent
921 1522 1082 1562 peccatis,

104 1563 259 1594 desinunt
282 1573 360 1594 esse
383 1565 502 1601 sancti,
528 1565 600 1594 sive
624 1563 768 1594 incidant
791 1565 823 1595 in
847 1574 979 1595 errores
1004 1574 1081 1596 con-

103 1612 154 1636 tra
177 1603 437 1643 fundamentum,
461 1607 645 1647 ignorantia
668 1605 837 1644 affectata,
873 1608 945 1638 sive
967 1606 1081 1639 laban-

102 1654 156 1679 tur
177 1648 211 1679 in
234 1648 302 1679 vita
325 1654 357 1678 et
380 1649 540 1686 moribus,
561 1655 676 1679 contra
700 1650 949 1681 conscientiam.

188 1689 361 1722 Retinetur
393 1697 502 1722 autem
537 1691 677 1731 Spiritus
701 1700 840 1724 sanctus
862 1694 903 1723 ab
927 1693 990 1729 his,
1025 1693 1079 1734 qui

102 1739 289 1773 repugnant
312 1740 464 1773 [100031ος
487 1735 541 1775 qui
564 1734 722 1765 resistunt
745 1736 874 1766 vitiosis
898 1734 1080 1766 inclinatio-

103 1775 214 1812 nibus,
249 1775 518 1814 dubitationibus,
552 1777 737 1808 erroribus:
771 1778 858 1809 sicut
887 1777 1011 1810 Paulus
1035 1779 1080 1809 di-

104 1818 164 1848 cit:
188 1816 226 1848 Si
247 1821 389 1849 aceimoes
410 1822 522 1851 carnis
543 1819 670 1860 Spiritu
693 1821 934 1859 mortt'ficabitc's,
959 1823 1078 1853 m'veleks’·

190 1859 256 1891 Cur
280 1860 356 1891 dicit
382 1861 527 1901 Spirieu?
595 1861 735 1897 Quando
773 1863 893 1903 loseph
917 1874 1079 1906 repugnat

102 1903 283 1940 amoribus,
302 1902 423 1934 facitne
446 1904 478 1934 id
501 1910 627 1935 tantum
657 1914 718 1936 500
748 1905 887 1938 consilio
911 1913 941 1938 01
966 1907 1080 1938 volun-

102 1945 193 1976 tate?
238 1945 330 1977 Sicut
364 1946 475 1986 Scipio
509 1947 676 1978 absistens
709 1949 751 1979 ab
784 1947 890 1980 aliena
926 1951 1080 1991 coniuge,

101 1988 243 2061 {quadam
290 1988 492 2029 praestantia
527 1990 655 2020 virtutis
688 1999 850 2033 repugnat
890 1990 1080 2024 illecebris?

134 2040 192 2061 on.-

101 2158 213 2189 sciens
247 2166 279 2189 et
313 2157 444 2196 volens,
480 2160 568 2190 videt
602 2170 640 2191 se
673 2162 867 2194 amissurum
902 2174 979 2195 esse
1001 2175 1076 2206 gra-

101 2201 179 2232 tiam
202 2201 233 2231 in
259 2203 456 2241 praesentia,
481 2209 511 2232 et
536 2209 651 2242 postea
675 2204 833 2236 ruiturum
865 2207 899 2238 in
922 2214 1075 2239 aeternas

802 149 1018 183 POSTILLA
1040 149 1440 184 MELANTHONJANA.

831 245 868 276 ln
901 242 1085 286 promulga-
1109 243 1114 293 Ι

2047 157 2111 188 902

1137 247 1195 275 tem
1228 245 1403 276 im'uratmu
1428 256 1518 287 yero.
1586 248 1726 284 Quando
1749 247 1839 281 sacta
1861 256 1912 281 est
1935 250 2111 291 promissio

1110 295 1115 336 1
1137 287 1170 317 in
1203 297 1345 329 genere,
1378 298 1445 319 non
1479 290 1576 321 debet
1610 290 1748 332 intelligi
1772 292 1802 322 in
1827 293 1937 332 specie
1961 293 2001 324 de
2025 294 2110 334 turpi

1138 327 1237 361 sacto.
1304 330 1491 362 Aversatus
1525 339 1576 363 est
1606 334 1704 374 igitur
1732 333 1929 376 Hippolytus
1953 337 2112 366 incestam

1137 373 1410 404 consuetudinem
1445 383 1518 405 cum
1552 385 1720 414 noverca,
1754 382 1787 407 ct
1820 376 1990 418 praeclare
2022 377 2110 409 fecit.

1138 414 1207 446 Sed
1241 415 1326 447 11300
1361 416 1561 447 continentia
1590 416 1649 448 fuit
1684 425 1791 450 motus
1823 419 2000 457 naturalis:
2036 422 2112 462 quia

1138 457 1170 488 in
1200 456 1332 489 homine
1360 467 1427 489 non
1457 466 1647 490 monstroso
1679 466 1795 492 natura
1823 461 1978 494 abhorret
2001 464 2042 494 ab
2066 466 2112 494 in-

1137 506 1242 531 cestu.
1309 499 1370 531 1113
1394 501 1498 532 virtus
1521 502 1552 532 in
1578 502 1639 543 Hip
1666 502 1755 544 olyto
1779 511 1829 535 est
1853 506 1923 535 sine
1945 507 2111 547 agnitione

1138 541 1212 581 Dei,
1235 549 1265 574 et
1289 543 1362 574 sine
1385 549 1473 574 motu
1498 514 1680 584 8111111031ὶί,
1715 544 1822 586 qualis
1846 547 1906 578 suit
1930 549 1960 578 in
1981 547 2111 589 loseph.

1136 584 1238 616 Aliud
1260 591 1311 616 est
1335 586 1434 627 igitur
1457 587 1581 628 Spiritu
1603 587 1801 619 mortificare
1823 591 1971 621 actiones
1990 593 2111 628 0311115,

1137 626 1224 659 aliud
1248 631 1376 659 ratione
1400 629 1530 660 frenare
1553 630 1705 670 impetum
1730 630 1915 663 affectuum.

1223 670 1304 702 Cum
1340 677 1448 702 autem
1481 672 1570 703 iubet
1605 671 1727 704 Paulus
1761 674 1882 714 Spiritu
1917 675 2113 707 mortificare

1137 713 1287 752 aflectus,
1310 713 1407 745 simul
1429 715 1600 756 praecipit,
1623 722 1658 746 ut
1680 722 1831 757 petamus
1861 728 1922 748 nos
1946 719 2014 759 regi
2040 718 2112 759 Spi-

1137 758 1201 788 ritu
1223 763 1352 788 sanct0.
1420 758 1477 788 Sic
1510 757 1692 798 prophetae
1726 765 1838 800 petunt
1871 770 1909 790 se
1936 761 2112 802 gubernari

1137 800 1257 840 Spiritu
1279 806 1415 838 sancto,
1439 806 1473 831 ut
1496 810 1570 832 00111
1594 802 1625 832 in
1646 800 1780 833 Psalmo
1805 803 1936 833 dicitur:
1969 805 2114 843 Spiritus

1138 846 1210 873 tuus
1244 842 1343 874 bonus
1374 843 1513 874 deducat
1547 854 1592 874 me
1625 848 1658 875 in
1692 848 1746 875 1·ιά
1779 851 1877 877 recta.
1945 846 2037 877 Item:
2062 846 2114 877 Ne

1132 886 1294 925 proficius
1316 896 1363 916 me
1384 897 1406 917 a
1423 884 1514 925 facie
1537 891 1604 925 tua,
1627 891 1657 918 et
1680 887 1838 928 Spiritum
1861 893 2004 920 sanctum
2029 894 2113 920 tuum

1135 937 1175 958 ne
1198 926 1336 967 auferas
1358 940 1380 960 α
1402 938 1460 960 me.
1526 929 1652 961 Eodem
1685 931 1781 961 modo
1811 938 1841 962 et
1865 942 1927 963 nos
1950 939 2111 972 petamus.

1136 970 1204 1001 Sed
1228 971 1281 1002 hic
1305 972 1464 1012 obstrepit
1488 973 1584 1004 nobis
1603 978 1717 1004 nostra
1739 974 1926 1015 indignitas.
1972 975 2038 1006 Res
2063 981 2111 1005 051

1135 1013 1231 1044 11111115
1265 1023 1385 1055 magna
1419 1020 1532 1054 petere
1564 1026 1583 1046 n
1606 1015 1681 1046 Deo
1717 1016 1884 1057 Spiritum,
1919 1018 1972 1058 qui
1997 1026 2046 1048 est
2072 1019 2112 1049 de

1135 1056 1281 1086 essentia
1306 1057 1419 1097 ipsius.
1467 1057 1541 1099 Ego
1565 1068 1665 1098 saepe
1690 1059 1810 1090 offendi
1835 1059 1954 1090 Deum.
2022 1060 2112 1097 110111,

1136 1099 1323 1139 cogitamus
1357 1098 1422 1130 alia
1450 1102 1592 1140 petenda
1622 1111 1710 1140 esse,
1744 1113 1828 1144 quae
1850 1109 1927 1134 sunt
1950 1104 2047 1134 nobis
2071 1103 2112 1134 ad

1135 1140 1221 1171 hanc
1256 1141 1356 1172 vitam
1389 1145 1592 1182 necessaria,
1624 1150 1659 1175 ut
1692 1145 1874 1176 habeamus
1898 1147 2031 1184 victum,
2055 1145 2110 1177 ho-

1135 1183 1250 1224 spitia,
1282 1185 1464 1224 pecuniam.
1521 1185 1587 1217 Ista
1618 1193 1769 1227 putamus
1794 1189 1875 1219 satis
1905 1189 2001 1220 nobis
2026 1199 2112 1228 esse,

1133 1226 1162 1256 si
1184 1232 1334 1266 petamus
1358 1237 1378 1258 a
1399 1227 1484 1259 Deo.
1550 1229 1625 1260 Non
1648 1230 1870 1262 existimamus
1893 1232 1937 1262 ita
1961 1241 2113 1263 neces-sa-

1133 1268 1216 1299 rium
1239 1278 1317 1299 esse
1339 1276 1453 1310 petere
1476 1270 1632 1312 Spiritum
1656 1279 1818 1304 sanctum.

1219 1311 1394 1343 Adversus
1428 1313 1516 1345 hanc
1551 1316 1748 1346 caecitatem
1787 1315 2019 1347 confirmemus
2048 1328 2110 1348 nos

1133 1355 1295 1385 mandatis
1320 1354 1450 1394 divinis,
1474 1367 1559 1397 quae
1583 1358 1694 1388 iubent
1719 1364 1831 1399 petere
1855 1359 2011 1400 Spiritum
2035 1370 2111 1391 san-

1134 1403 1229 1428 ctum.
1285 1397 1327 1428 Et
1351 1399 1534 1440 cogitemus
1557 1399 1622 1432 1100
1646 1401 1767 1432 donum
1796 1403 1935 1433 maxime
1957 1412 2112 1435 necessa-

1133 1439 1216 1469 rium
1239 1449 1332 1471 esse:
1357 1441 1444 1472 sicut
1466 1441 1618 1474 Ecclesia
1641 1454 1729 1475 nunc
1753 1445 1857 1475 canit:
1884 1444 1960 1475 Sine
1983 1450 2036 1476 tuo
2055 1456 2110 1477 ιιιι-

1133 1483 1225 1520 mine,
1249 1482 1342 1514 Nihil
1364 1487 1411 1514 est
1433 1484 1465 1514 in
1487 1485 1627 1524 homine,
1661 1486 1742 1517 nihil
1762 1491 1809 1517 est
1832 1488 2001 1519 1·11no.z·1‘w11.
2048 1488 2111 1520 Co-

1133 1525 1276 1565 gitemus
1300 1526 1397 1557 etiam
1421 1525 1486 1558 hoc
1515 1528 1602 1560 dono
1626 1530 1701 1560 dato
1728 1536 1839 1561 cetera
1864 1541 1930 1561 non
1960 1530 2111 1563 defutura

1132 1577 1221 1605 esse,
1245 1568 1335 1600 iuxta
1353 1567 1452 1600 illud:
1480 1570 1807 1610 TimentiDomz'num‚
1832 1583 1894 1604 11οη
1907 1575 2010 1606 deerit
2023 1585 2111 1606 omne

1132 1609 1251 1641 bonum.
2059 1654 2062 1655 ⁷

1218 1653 1268 1684 Sit
1290 1654 1389 1695 igitur
1412 1656 1600 1695 quotidiana
1623 1656 1706 1689 11300
1726 1665 1841 1689 nostra
1871 1660 1998 1700 petitio,
2033 1670 2109 1691 0011-

1131 1695 1240 1727 1011οῑ3
1266 1707 1340 1728 cum
1364 1699 1543 1739 gratiarum
1566 1701 1696 1731 actione
1719 1701 1762 1731 ad
1785 1701 1901 1732 Deum.
1947 1703 2025 1744 Ago
2052 1704 2108 1735 tibi

1132 1739 1256 1780 gratias
1291 1747 1424 1771 aeterne
1446 1747 1551 1782 pater.
1586 1741 1718 1774 Domini
1747 1745 1851 1774 nostri
1875 1744 1949 1776 10511
1973 1745 2108 1784 Christi,

1131 1782 1220 1821 quod
1255 1792 1316 1813 nos
1351 1783 1518 1815 redemisti
1552 1795 1612 1825 per
1646 1784 1757 1824 11110111,
1791 1787 1879 1828 quod
1909 1789 2107 1820 constituisti

1131 1834 1204 1855 eum
1228 1826 1442 1857 mediatorem
1465 1833 1498 1857 et
1521 1827 1736 1867 salvatorem,
1761 1836 1791 1860 01
1812 1830 1861 1860 vis
1875 1837 2010 1871 propter
2022 1842 2108 1870 eum,

1132 1873 1164 1897 et
1187 1877 1245 1907 per
1268 1878 1341 1899 00111
1365 1869 1446 1900 dare
1469 1870 1623 1911 Spiritum
1647 1879 1809 1910 5311010111,
1833 1880 1863 1904 01
1890 1876 1997 1905 omnia
2011 1875 2107 1906 bene-

1132 1909 1206 1940 ficia
1229 1908 1291 1941 alia
1314 1912 1443 1943 animae
1466 1920 1497 1943 et
1511 1915 1678 1955 corporis:
1703 1916 1772 1946 Oro
1796 1922 1838 1953 10,
1861 1923 1896 1947 01
1916 1917 2105 1948 miserearis

1131 1953 1192 1982 mei
1215 1959 1350 1994 propter
1371 1953 1548 1987 Dominum
1572 1963 1721 1989 nostrum
1746 1958 1852 1989 lesum
1871 1958 2050 1997 Christum,
2076 1967 2107 1992 et

1103 2023 1105 2026 ,
1131 2004 1230 2036 regas
1254 2007 1306 2027 me
1330 1996 1453 2038 Spiritu
1476 2006 1594 2031 sancto
1617 2006 1687 2031 tuo:
1716 2000 1866 2043 Colligas
1896 2002 1952 2033 tibi
1977 2013 2107 2044 semper

237 2031 297 2062 sed
335 2031 466 2062 iuvatur
506 2038 538 2062 et
578 2033 703 2074 regitur
736 2044 756 2065 a
789 2034 915 2075 Spiritu
949 2042 1105 2067 sancto.·

102 2073 258 2104 Ostendit
293 2074 321 2104 ei
357 2073 501 2114 Spiritus
536 2082 673 2105 sanctus
713 2078 969 2118 magnitudinem
1009 2080 1104 2110 irae'

101 2114 182 2151 Dei;
215 2117 242 2146 si
278 2114 379 2148 faeiat
403 2123 518 2147 contra
543 2118 728 2149 castitatem
750 2121 937 2152 mandatam
960 2132 980 2152 a
1003 2121 1076 2153 Deo
1102 2136 1103 2145 ¹

1129 2036 1270 2079 aliquem
1295 2046 1436 2079 coetum,
1459 2049 1550 2073 recte
1573 2049 1604 2073 te
1617 2043 1840 2082 invocantem,
1863 2050 1895 2075 et
1908 2047 2106 2077 servientem

1130 2081 1186 2111 tibi
1209 2081 1240 2112 in
1265 2083 1404 2114 veritate
1428 2090 1459 2115 et
1482 2084 1626 2126 Spiritu:
1650 2085 1725 2117 Non
1749 2087 1840 2118 sinas
1864 2087 1933 2118 fieri
1959 2089 2104 2119 barbari-

1129 2133 1201 2155 cam
1225 2126 1460 2158 vastationem:
1493 2138 1559 2158 non
1583 2129 1674 2159 sinas
1699 2131 1844 2171 grassari
1869 2129 2052 2169 Diabolos,
2073 2138 2105 2162 ut

1128 2166 1219 2198 nulla
1253 2178 1330 2208 pars
1365 2170 1408 2200 sit
1442 2172 1574 2211 generis
1610 2169 1740 2202 humani
1776 2179 1808 2203 te
1842 2174 2014 2212 invocans,
2039 2181 2102 2205 010.

1128 2209 1219 2242 Haec
1241 2221 1342 2252 saepe
1365 2212 1493 2244 debetis
1518 2219 1677 2254 repetere,
1701 2221 1732 2245 et
1752 2216 1897 2246 meditari
1921 2217 2103 2248 doctrinam

101 2253 239 2283 poenaS,
261 2254 300 2275 se
321 2244 483 2275 scandalo
506 2244 650 2276 futurum
673 2246 852 2279 doctrinae.
903 2249 1075 2282 Exuscitat
1099 2244 1102 2292 1
1128 2254 1223 2284 110105
1258 2251 1349 2295 sesti;
1382 2262 1415 2287 et
1437 2266 1509 2287 eam
1533 2255 1713 2288 transferre
1737 2258 1778 2288 ad
1802 2269 1896 2290 usum
1925 2260 1956 2289 in
1980 2260 2102 2290 exerci-

100 2287 178 2317 item
201 2287 233 2317 in
257 2285 429 2318 voluntate
452 2295 483 2318 et
508 2289 610 2318 corde
630 2289 738 2320 vivum
762 2297 883 2322 motum
907 2295 949 2324 ad
972 2295 1074 2334 repri-

100 2329 237 2360 mendas
261 2329 411 2360 flammas
433 2331 554 2361 amoris
578 2329 693 2362 illiciti.
726 2331 800 2363 Hoc
821 2340 872 2364 est
894 2335 997 2367 multo
1020 2347 1074 2368 ex-

101 2370 277 2403 cellentius
301 2373 476 2413 quidpiam,
500 2384 596 2414 quam
619 2374 650 2405 'ui
675 2374 841 2415 Scipione.

186 2413 399 2456 Hippolytum
422 2417 535 2446 invitat
550 2416 701 2448 Phaedra
723 2428 870 2451 noverca
893 2421 935 2452 ad
958 2422 1074 2455 incest-

99 2466 151 2487 am
175 2458 456 2490 consuetudinem.
515 2458 593 2490 Erat
625 2461 709 2491 enim
733 2460 933 2505 Hippolytus
956 2464 1075 2498 Thesei

101 2497 188 2529 filius
212 2509 253 2530 ex
276 2500 387 2540 priore
409 2502 561 2543 coniuge.
603 2502 679 2533 Non
702 2501 807 2535 voluit
829 2512 936 2538 autem
959 2518 1074 2540 assen-

99 2541 152 2572 tiri
174 2540 385 2584 Hippolytus,
409 2554 605 2585 quamquam
629 2546 658 2576 ei
670 2546 824 2585 iurasset,
846 2558 896 2587 se,
917 2551 1073 2593 quidquid

99 2590 240 2624 peteret,
261 2583 434 2618 facturum.
466 2586 532 2618 Sed
553 2587 691 2629 Lingua,
714 2589 827 2631 inquit,
851 2595 970 2632 iuravi,
992 2604 1073 2625 men—

1098 2293 1101 2364 1
1126 2295 1180 2327 tiis
1203 2296 1290 2335 fidei,
1312 2298 1540 2337 invocationi&
1565 2306 1594 2330 01
1618 2300 1809 2331 modestiae.

1496 2459 1735 2492 APPENDIX.

1213 2552 1287 2584 Duo
1322 2560 1397 2584 sunt
1431 2564 1558 2585 summa
1592 2564 1715 2595 genera
1738 2557 1960 2589 doctrinarum
1984 2559 2015 2589 in
2040 2558 2100 2590 Ec-

1127 2594 1250 2627 clesia:
1277 2595 1348 2627 Vox
1373 2595 1456 2638 legis
1481 2597 1621 2635 divinae,
1644 2604 1674 2628 et
1698 2597 1925 2641 Evangeiium.
1972 2600 2099 2633 Utram-

1775 2659 1825 2683 57·
