2324 2958
62 197 125 230 ⁷05

65 293 186 334 cipiunt
211 290 318 322 omnia
342 289 444 326 hona,
467 286 710 325 defensionem,
739 293 770 318 et
799 286 1034 327 protectionem

63 337 105 367 ab
129 334 194 366 hoc
216 333 369 365 Domino.

102 498 316 549 Quomodo
348 495 594 536 conveniunt
623 495 664 534 in
696 494 804 534 dieto
836 493 987 543 Esaiae,

376 571 476 616 mori
504 579 546 612 et
576 571 715 615 stare’?

741 193 957 226 POSTILLA
979 190 1373 224 MELANTHONJANA„

1995 189 2058 221 706

1085 283 1335 324 Apostolorum.
1391 283 1523 315 Tertius
1554 284 1665 323 locus,
1700 292 1750 316 est
1772 284 1946 326 magnifica
1970 295 2057 315 com-

1085 327 1249 357 mendatio
1278 326 1394 364 studii,
1429 327 1690 365 meditationum,
1725 326 1966 369 colloquiorum
1989 326 2056 367 pio-

1085 378 1167 405 rum,
1186 367 1450 406 auscultationis,
1474 367 1641 401 lectionis:
1665 369 1829 401 Videlicet
1851 370 1939 411 quod
1963 379 2056 410 opor·

1085 416 1152 442 teat
1173 411 1304 448 audire,
1334 420 1559 450 cognoscere,
1590 411 1717 452 legere:
1748 419 1796 450 et,
1826 412 1915 453 quod
1939 411 2058 443 efficax

1086 453 1128 484 sit
1160 452 1253 484 Deus
1287 463 1346 494 per
1379 454 1473 483 istam
1512 452 1774 491 meditationem,
1815 456 1899 485 sicut
1936 453 2058 485 Paulus

1086 496 1260 536 praecipit:
1300 495 1406 524 Sermo
1441 495 1562 524 Christi
1593 497 1709 525 lma-‘tec
1743 499 1774 525 ιἰι
1810 496 1893 526 vobis
1927 496 2055 526 abunde.

1087 538 1217 568 Habitat
1239 539 1319 567 inter
1341 548 1409 572 vos,
1433 538 1554 579 inquit,
1583 539 1613 569 id
1639 545 1705 575 est,
1737 539 1777 568 sit
1804 540 1898 569 vobis
1923 538 2060 570 familia-

1088 581 1247 612 rissimus.
1304 580 1412 621 Saepe
1447 581 1626 621 cogitetur,
1661 591 1762 621 saepe
1795 583 1960 612 audiatur:
1994 582 2059 612 sint

1059 622 1062 666 J
1088 633 1260 655 sermones
1284 624 1324 654 de
1348 623 1495 654 doctrina
1521 624 1627 654 crebri
1652 630 1683 654 et
1707 623 1811 655 multi.
1846 623 2060 655 Familiariter

147 665 270 696 Noster
299 670 407 695 femus
442 663 526 704 almd
550 661 681 693 Esaiam
711 662 802 692 dieii:
836 660 1034 700 Sfffl‘lfl‘mm
1087 667 1232 697 habitent
1253 667 1424 697 vobiscum
1444 665 1641 706 Prophetae,
1661 665 1882 707 colloquimini
1903 677 1976 697 cum
2000 666 2059 703 cis,

61 710 128 739 etue
145 709 203 737 erit
220 707 396 746 ylariosnm.
434 705 505 736 Hoc
525 705 731 735 detorserunt
758 705 798 735 ad
822 703 960 745 gloriam
985 713 1035 734 se-
1058 720 1061 755 ἒ

1058 758 1061 783 ὲ
1087 752 1246 782 habitabit
1274 750 1386 788 Deus,
1419 751 1514 793 quia,
1547 752 1734 792 ubicunque
1765 752 1888 782 habitat
1917 750 2059 792 Spiritus

1058 789 1061 827 ἱ
1087 802 1244 832 sanctus,
1274 795 1330 835 qui
1357 800 1409 825 est
1438 793 1558 826 efficax
1582 792 1636 825 tali
1660 794 1878 835 cogitatione,
1902 793 1945 824 ibi
1971 800 2060 825 certe

61 749 190 792 pulchri
211 749 344 787 Christi,
361 759 422 790 per
438 748 632 788 καιιὶχρησιν,
653 748 739 788 quod
760 746 909 778 videlicet
929 746 1033 777 nostri

63 794 233 831 Principes
264 799 427 832 tamquam
454 790 548 821 alteri
579 791 792 832 Argonautae
821 790 854 820 in
876 788 1034 819 Palaesti-

61 843 135 864 nam
159 832 298 874 profecti
321 831 451 864 suerunt
474 833 516 864 ad
539 833 800 873 recuperandum
824 830 1035 872 sepulchrum

62 874 196 908 Christi.
252 873 330 904 lllae
364 884 419 904 res
454 881 569 915 gestae
603 876 722 917 dignae
756 874 888 906 suerunt
920 873 1032 910 laude,

61 917 149 959 quod
171 923 237 948 tam
260 915 376 957 procul
401 916 634 957 quaesiverunt
658 917 786 947 hostem
812 917 1036 952 barbaricum,

61 965 93 990 et
126 958 320 1000 expulerunt
355 968 427 989 eum
457 969 497 989 ex
527 958 623 989 Asia:
660 959 730 989 Nos
761 969 827 989 non
855 968 1032 997 possumus

61 1012 133 1034 eum
157 1000 324 1043 depellere
347 1012 367 1031 a
391 1000 555 1031 vestibulo
580 1001 787 1032 Germaniae.
840 1000 886 1029 Es
906 1002 948 1029 ist
971 1000 1032 1028 ὑέσ-

59 1055 110 1074 aeer
139 1045 186 1072 ein
211 1044 323 1082 pserdt
352 1054 391 1072 (ιη
420 1045 469 1072 ein
495 1044 654 1081 fremmlen
684 1054 758 1073 :ann
791 1043 919 1077 bimIen,
953 1043 1033 1072 (leun

60 1087 120 1117 (Ias
138 1097 187 1116 ers
209 1097 247 1115 an
271 1087 331 1115 (len
353 1096 463 1115 unsern
482 1086 584 1116 binde.
629 1086 701 1117 Fuit
720 1085 775 1116 illa
793 1085 1032 1127 gloriosissima

61 1129 244 1169 expeditio,
274 1129 361 1170 quod
384 1129 438 1159 isti
463 1128 632 1170 Principes
656 1127 795 1170 profecti
819 1135 895 1159 sunt
917 1129 960 1159 ad
983 1138 1032 1158 re-

84 1172 249 1203 rimendos
273 1172 452 1208 barbaros,
477 1171 665 1202 Saracenos
685 1177 715 1201 et
739 1170 877 1201 Tun-eas.
922 1170 1033 1201 Gode-

75 1215 163 1246 ridus
192 1215 385 1254 capitaneus
412 1212 472 1244 fuit
505 1213 635 1244 Hem-ici
666 1213 739 1249 tv.;
773 1220 807 1244 et
836 1223 909 1244 cum
940 1218 1031 1243 esset

59 1255 184 1288 Romae
210 1255 417 1291 vulneratus,
452 1253 529 1286 fecit
559 1263 686 1293 votum,
720 1256 808 1297 quod
840 1266 904 1286 non
934 1254 1032 1286 vellet

58 1297 200 1338 amplius
220 1299 253 1329 in
272 1297 424 1329 civilibus
444 1297 538 1328 bellis
554 1297 703 1329 militare.
740 1298 798 1329 Vir
815 1297 871 1329 tuit
890 1308 1031 1338 magnae

57 1341 280 1379 auctoritatis,
310 1348 341 1372 et
371 1341 540 1371 robustus.
592 1341 664 1371 Uno
688 1342 754 1372 ictu
777 1341 881 1381 potuit
903 1341 1030 1381 praeci·

58 1384 136 1415 dere
160 1382 281 1414 collum
304 1382 431 1414 cameli.
489 1383 519 1413 ls
549 1390 700 1414 caeteros
724 1384 894 1424 Principes
917 1384 1032 1414 invita-

62 1426 108 1456 vit
138 1426 179 1456 ad
208 1426 400 1456 societatem
425 1424 502 1456 belli
525 1425 826 1467 Hierosolymitani.
877 1425 1032 1466 lmposita

58 1467 117 1499 suit
140 1469 254 1508 spinea
279 1478 399 1498 corona
424 1467 607 1499 Godosrido
627 1474 703 1508 post
721 1469 877 1499 victorias
897 1469 927 1499 in
947 1479 1030 1499 mar-

58 1511 133 1552 gine
157 1510 324 1551 sepulchri
348 1510 480 1542 Christi.
526 1511 613 1542 Nam
629 1521 760 1542 auream
785 1521 940 1542 coronam
966 1522 1029 1541 non

58 1551 158 1584 voluit
181 1554 362 1584 admittere.
409 1553 455 1583 Pii
480 1553 650 1594 Principes
675 1554 795 1585 debent
818 1560 952 1595 gestare
975 1564 1030 1585 co-

57 1604 170 1625 ronam
194 1596 340 1636 spineam
365 1595 502 1626 Christi:
531 1596 560 1626 id
585 1602 652 1633 est,
683 1606 802 1638 gerere
827 1595 944 1627 bellum
970 1608 1029 1637 pro
1055 1612 1058 1619 ·

58 1646 182 1668 corona
205 1637 327 1669 Christi
351 1643 382 1668 et
405 1648 464 1678 pro
488 1637 667 1679 sepulchro
696 1639 785 1677 eius,
814 1639 846 1670 id
870 1645 939 1677 est,
969 1650 1029 1680 pro

55 1677 223 1721 Ecclesia,
248 1686 279 1711 et
301 1690 372 1711 eam
397 1679 583 1712 defendere.

304 1858 435 1891 FERIA
457 1860 495 1891 ll.
525 1859 780 1892 PASCllATlS.

385 1944 518 1976 Lucae
539 1944 693 1977 ultimo.

94 2032 174 2062 Ecce
196 2032 258 2061 duo
281 2040 322 2061 es
344 2030 408 2062 illis
430 2031 519 2061 ibant
538 2031 591 2062 illc.¹
613 2032 664 2062 die
684 2032 718 2062 in
741 2033 921 2071 Emmahus,
945 2037 999 2064 ete.

142 2114 202 2146 Est
231 2114 327 2146 valde
357 2113 462 2146 dulcis
487 2114 642 2152 historia;
670 2115 807 2155 multas,
831 2127 969 2157 magnas
995 2123 1026 2148 et
1049 2108 1053 2140 i

57 2159 271 2200 gravissimas
293 2159 448 2189 materias
468 2159 627 2189 continet:
651 2158 718 2190 Sed
738 2156 936 2201 principales
956 2171 1025 2201 par·
1048 2150 1052 2185 i

56 2207 106 2231 tes
130 2199 184 2232 vel
207 2201 350 2232 membra
373 2206 460 2238 sunt,
487 2201 514 2231 l.
538 2199 743 2242 colloquium
767 2203 807 2234 de
830 2203 1024 2234 testimoniis
1048 2206 1051 2237 ζ

56 2242 310 2284 Prophetarum:
339 2244 426 2285 quod
456 2245 599 2285 oportuit
622 2243 786 2276 Christum
810 2246 893 2286 pati,
922 2252 951 2277 et
976 2246 1025 2276 sic
1049 2243 1051 2267 ἶ

54 2287 182 2328 ingredi
204 2287 236 2317 in
259 2285 408 2328 gloriam.

460 2287 541 2318 Cum
566 2296 627 2318 nos
650 2287 855 2328 disputamus
878 2299 951 2319 eum
975 2288 1025 2319 lu-

55 2329 164 2366 daeis,
186 2327 263 2360 illae
287 2329 499 2371 quaestiones
523 2336 598 2361 sunt
623 2330 835 2371 praecipuae:
860 2331 912 2361 An
932 2331 1024 2362 lesus

53 2369 110 2402 ille
142 2371 351 2410 Nazarenus,
386 2371 483 2403 suerit
517 2371 676 2408 Messia>;
711 2379 760 2410 et,
795 2383 836 2404 an
869 2373 1050 2405 Messiam.

55 2414 120 2454 pati
148 2416 341 2456 oportuerit:
376 2421 424 2452 et,
460 2425 501 2445 an
532 2415 653 2446 habeat
680 2425 817 2457 regnum
840 2415 1024 2456 spirituale:

55 2455 150 2495 ltem,
183 2467 223 2488 an
255 2458 296 2488 sit
325 2459 356 2488 in
387 2458 509 2489 Messia
542 2464 659 2489 natura
689 2458 806 2489 divina.
863 2458 954 2490 Haec
977 2458 1023 2490 illi

56 2505 187 2540 negant.
231 2499 291 2531 Est
313 2507 420 2531 autem
444 2501 527 2532 haec
548 2499 736 2541 principalis
755 2500 890 2532 materia
908 2501 940 2532 in
959 2502 1024 2532 hoc

55 2547 157 2579 textu,
179 2541 342 2581 videlicet,
363 2543 560 2574 Testimonia
585 2544 624 2574 de
643 2542 778 2581 messia,
801 2544 841 2574 de
864 2542 1023 2576 passione

0 2587 1 2590 ’
54 2590 85 2614 et
109 2583 364 2616 Resurrectione
387 2586 466 2616 eius.

140 2627 262 2658 Postea
283 2629 432 2669 sequitur
453 2628 619 2660 secundus
643 2626 750 2666 locus,
774 2628 815 2660 de
837 2627 1022 2661 infirmitate
1045 2616 1049 2657 i

204 2694 348 2715 nummu.
364 2695 443 2714 omn.
458 2695 520 2714 VOL.
535 2695 615 2716 xm,

1086 715 1249 750 tamquam
1275 720 1347 740 cum
1371 709 1484 740 amicis
1509 714 1540 740 et
1563 709 1679 739 sociis:
1715 709 1770 740 Sic
1794 709 1965 739 nobiscum
1988 708 2059 749 ipse

1086 837 1233 867 habitant
1257 836 1371 874 Pater,
1405 836 1525 874 Pilius,
1560 843 1591 868 et
1621 836 1765 877 Spiritus
1794 842 1948 873 sanctus,
1969 836 2060 867 iuxta

1087 880 1221 910 dictum:
1263 879 1419 909 Veniemus
1446 880 1489 909 ml
1511 890 1591 914 enm,
1617 886 1679 910 etc.
1736 879 1812 910 ideo
1837 880 1995 910 debemus
2019 889 2058 910 eo

1087 931 1163 952 esse
1187 921 1432 962 diligentioreS,
1462 929 1493 953 et
1517 922 1621 964 magis
1646 932 1756 953 amare
1780 921 1973 959 lectionem,
1996 931 2059 952 me-

1086 964 1295 1001 ditationem,
1318 964 1496 1006 colloquia.
1887 988 1891 995 ,

1171 1006 1253 1037 Sunt
1279 1006 1332 1038 hic
1360 1008 1421 1038 tria
1443 1008 1561 1047 verba,
1593 1007 1720 1046 ὁμιλεῖν,
1750 1009 1901 1045 συζητεῖν,
1925 1014 1958 1038 et
1980 1006 2058 1037 ιῖνιι-

1063 1053 1066 1055 ’
1085 1049 1202 1089 βάλλειν
1224 1049 1334 1088 λόγους.

1168 1091 1300 1131 Ὀμιλίαι
1319 1093 1507 1134 significant
1528 1092 1812 1130 conversationes,
1831 1099 1864 1123 et
1883 1091 2059 1133 colloquia.

1084 1133 1180 1165 Unde
1203 1136 1429 1175 componitur?
1477 1135 1553 1165 Non
1575 1140 1627 1165 est
1650 1145 1669 1166 a
1693 1137 1806 1172 λαλεῖν,
1838 1136 1896 1166 sed
1920 1136 1961 1166 ab
1986 1136 2059 1173 εἷ’λη,

1084 1177 1191 1211 turba,
1215 1181 1335 1206 coetus:
1358 1177 1490 1215 ὁμιλεῖν,
1521 1187 1597 1207 esse
1620 1177 1651 1208 in
1676 1185 1790 1215 coetu,
1820 1188 1894 1208 esse
1924 1179 1955 1208 in
1980 1187 2058 1208 con-

1086 1220 1297 1261 gregatione,
1324 1221 1361 1249 In
1385 1220 1442 1249 der
1462 1219 1667 1259 yeselsdwffl:
1697 1221 1755 1251 ⁴sed
1778 1229 1836 1261 per
1859 1219 2058 1261 Metalepsin

1087 1263 1218 1303 ponitur
1241 1273 1300 1302 pro
1326 1261 1505 1304 colloquiO.
1550 1261 1609 1293 Est
1630 1273 1748 1293 vet-sus
1767 1262 1925 1304 Aeschyli
1950 1262 2057 1304 [Sept.

1081 1305 1190 1342 5814,
1219 1317 1248 1335 εν
1270 1308 1357 1336 παντὶ
1379 1305 1487 1347 πράγει
1509 1305 1623 1344 ὁμιλίαι
1653 1307 1743 1343 κακῆς
1765 1306 1866 1335 κάκιον
1889 1305 1989 1336 οὗδείκ·
2024 1305 2059 1337 ln

1056 1341 1058 1389 ᾗ
1083 1349 1169 1378 omni
1194 1349 1337 1388 negotio,
1359 1347 1532 1380 sodalitate
1555 1347 1640 1379 mala
1665 1347 1742 1379 nihil
1764 1350 1871 1389 peius,
1896 1349 1939 1377 da
1962 1348 2059 1378 stehls

1079 1391 1135 1428 fiir
1157 1390 1360 1430 yesclschuffl.
1407 1391 1465 1422 Est
1491 1391 1686 1432 gratissime
1709 1392 1838 1422 dictum,
1885 1391 2001 1422 Exstat
2025 1392 2057 1422 in

1082 1433 1267 1474 Tragoedia
1302 1433 1373 1464 ἑπτά
1408 1433 1485 1474 πρὸς
1521 1433 1635 1473 Θήβας.
1699 1432 1824 1465 Multae
1860 1435 1967 1465 bonae
2001 1444 2057 1464 na-

1083 1482 1192 1513 turae,
1225 1475 1325 1507 multa
1352 1477 1498 1508 membra
1522 1475 1642 1507 Christi
1667 1483 1922 1517 corrumpuntur
1945 1476 2056 1517 pravis

1083 1517 1256 1550 sodalitiis.

1168 1561 1253 1592 Olim
1279 1562 1311 1592 in
1338 1559 1490 1593 Ecclesia
1514 1562 1700 1592 nominatae
1724 1568 1799 1593 sunt
1824 1562 1955 1600 ὁμιλίαι,
1978 1572 2056 1594 con-

1083 1604 1210 1635 ciones:
1245 1605 1329 1635 sicut
1363 1615 1425 1635 nos
1456 1605 1592 1635 dicimus
1623 1614 1775 1634 sermones
1803 1611 1858 1635 aut
1889 1604 2055 1645 colloquia.

1083 1646 1117 1677 ln
1140 1647 1298 1688 principio
1322 1647 1381 1678 fuit
1403 1646 1456 1679 hic
1481 1648 1574 1685 ordo,
1598 1654 1630 1678 ut
1654 1646 1754 1689 aliqui
1774 1646 2055 1688 colloquerentur,

1083 1700 1144 1721 seu
1166 1700 1224 1730 per
1248 1690 1338 1721 vices
1362 1689 1482 1731 aliquid
1507 1691 1668 1721 dicerent:
1699 1690 1745 1721 lta
1769 1689 1934 1731 colloquia
1958 1701 2055 1722 voca-

1084 1734 1201 1763 bantur
1224 1732 1348 1771 όμιλίαι.
1364 1759 1375 1763 ,

1166 1774 1328 1816 Tempore
1352 1774 1463 1806 Caroli
1485 1774 1596 1816 Magni
1619 1774 1727 1806 adhuc
1755 1774 1813 1806 fuit
1837 1777 2053 1815 consuetudo,

1081 1824 1115 1849 ut
1138 1819 1169 1848 in
1193 1818 1286 1849 sestis
1309 1819 1380 1860 ipse
1402 1817 1529 1849 Caesar
1551 1828 1624 1848 cum
1647 1817 1855 1858 Principibus
1874 1819 1999 1850 veniret
2022 1820 2053 1850 in

1082 1860 1255 1900 templum,
1285 1868 1315 1891 et
1348 1867 1506 1892 canerent
1537 1861 1709 1891 lectiones:
1741 1860 1883 1892 Carolus
1913 1862 1984 1902 ipse
2008 1862 2053 1893 di-

1082 1904 1210 1934 stribuit
1240 1903 1356 1942 ὁμιλίας
1385 1903 1608 1944 Principibus3
1644 1904 1806 1935 distribuit
1833 1905 1985 1935 materias
2008 1904 2052 1936 le-

1082 1947 1243 1984 ctionum,
1273 1948 1304 1977 in
1335 1948 1452 1988 quibus
1485 1953 1673 1978 taxarentur
1704 1947 1864 1987 quaedam
1896 1948 1989 1985 vitia,
2019 1954 2053 1979 ut

1080 1999 1139 2020 eos
1172 1996 1318 2020 moneret
1348 2000 1388 2020 ae
1416 1990 1614 2020 emendaret.
1673 1989 1747 2018 Μαιι
1773 1989 1827 2019 hat
1855 1990 1974 2028 yelesen
2003 2001 2052 2019 :nr

1078 2032 1194 2061 Menen
1218 2031 1380 2063 homiliam
1406 2033 1490 2063 beati
1515 2032 1679 2074 Gregorii,
1703 2031 1867 2063 homiliam
1888 2034 1971 2064 beati
1986 2033 2051 2064 Au-

1080 2075 1199 2116 gustini
1224 2081 1255 2106 ct
1278 2074 1403 2106 similia.
1595 2072 1600 2073 ⁷

1177 2241 1288 2291 Quot
1319 2248 1412 2281 sunt
1443 2255 1581 2281 versus
1614 2241 1723 2295 apud
1756 2241 1923 2280 Paulum
1934 2241 1951 2281 ’ἒ

1163 2332 1256 2363 Duo:
1300 2332 1426 2363 Primus
1467 2338 1515 2362 est
1557 2331 1724 2365 lambiens,
1763 2331 1789 2361 1.
1815 2330 1964 2362 Corinth.
1997 2331 2047 2363 15.

1077 2376 1264 2416 Φθείρουσιν
1287 2374 1349 2414 ἢθη
1372 2374 1486 2415 χρῆσθ’
1510 2374 1623 2412 ὁμιλίαι
1644 2377 1748 2411 κακαί,
1775 2374 1979 2414 (Im-rumpunt
1998 2375 2047 2404 bo·

1076 2428 1132 2446 nos
1154 2428 1252 2447 mores
1273 2417 1462 2447 sodalitates
1491 2421 1520 2447 et
1544 2416 1699 2455 colloquia
1718 2427 1828 2454 praua.
1876 2416 1972 2447 Alter
1995 2423 2047 2448 est

1075 2460 1227 2491 laer-onus.
1271 2461 1332 2492 Tit.
1349 2461 1373 2491 l.
1400 2461 1511 2501 Κρῆτες
1533 2459 1579 2489 dez
1604 2461 1739 2496 ψευσιαὶ,
1760 2460 1833 2489 κακά
1857 2459 1951 2500 θήρια
1975 2459 2045 2499 γάσ-

1075 2515 1155 2544 τερες
1175 2503 1274 2544 ἀργαί.
1327 2502 1359 2533 ln
1386 2503 1485 2543 Actis
1516 2503 1635 2533 citatur
1658 2501 1721 2532 hoc
1745 2500 1982 2534 hemistichium
2006 2514 2046 2534 ex

1075 2546 1195 2577 Arato:
1219 2547 1269 2576 τοῦ
1291 2545 1345 2586 γάρ
1368 2547 1417 2575 καὶ
1440 2548 1520 2583 γένος
1543 2546 1640 2582 ἔσμεν.

1788 2691 1820 2715 45
