2324 2958
164 190 229 223 839
796 185 911 218 PfflL.
933 185 1036 218 MEL.
1059 184 1246 218 SCRIPTA
1268 182 1530 216 EXEGETwA.
2109 185 2175 218 840

165 284 222 314 illo
256 284 308 313 die
344 284 377 312 in
410 282 529 311 nomina
563 290 627 310 meo
656 281 792 319 petetis:
826 279 859 311 id
893 285 961 317 est-2
994 279 1143 309 cessabit

165 326 287 358 fiducia
310 323 472 360 carnalis3
495 324 550 365 qui
571 333 638 354 non
661 332 719 354 ero
739 322 913 354 vobiscum
931 319 1071 362 amplius
1096 321 1142 351 vi-

166 367 252 401 sibili
276 367 524 400 consuetudine.

253 411 319 442 lam
348 409 411 440 Pra
438 419 478 440 ae
505 408 637 450 quidam
668 408 850 448 disputant,
880 405 1048 437 Chiistum
1076 415 1142 436 non

166 464 243 486 esse
265 420 501 489 invocandum,
525 457 560 482 ut
583 450 812 487 Mediatorem,
835 447 962 480 scilicet
986 454 1022 479 ut
1044 448 1144 478 stabi-

165 496 248 528 liant
270 494 416 527 furorem
443 492 551 532 illum,
580 493 668 535 quod
697 492 811 524 Sancti
839 493 905 523 sint
933 491 1143 521 mediatores.

165 538 291 571 Dicunt
311 537 478 569 Christum
502 546 580 568 esse
602 536 836 572 invocandum,
853 541 889 566 ut
907 533 1025 564 Deum.
1071 531 1144 563 Hoc

167 592 282 614 verum
305 586 370 612 est:
394 578 548 611 Christus
573 585 624 610 est
645 577 864 615 invocandus,
882 583 914 608 ut
935 576 1040 611 Deus,
1058 575 1145 605 sicut

167 624 268 656 Pater
291 629 323 655 et
345 623 489 664 Spiritus
511 627 666 657 sanctus3
690 621 749 651 sed
773 626 947 661 propterea
970 624 1023 649 est
1044 617 1145 648 etiam

166 667 394 704 invocandus,
426 671 461 697 ut
494 665 656 696 mediator
690 669 722 694 et
754 663 974 698 intercessor,
1010 665 1147 701 propter

168 720 266 753 quem
289 708 492 740 exaudimur.
544 707 618 738 Non
643 711 791 747 pugnant
814 704 917 742 haec,
939 704 1028 745 quod
1052 702 1146 734 Chri·

169 758 242 785 stus
265 750 364 783 simul
386 756 439 782 est
468 750 640 782 exauditor
668 754 856 779 nostrarum
885 756 1022 788 precum
1044 751 1078 777 et
1099 745 1147 776 in·

167 801 350 828 tercessor.

257 836 398 873 Quando
422 837 559 867 invocas
583 833 767 871 Christum,
799 832 902 863 debes
933 831 1080 873 cogitare
1104 830 1145 860 de

169 887 310 922 utraque
333 890 379 917 re,
397 879 487 920 quod
509 878 645 909 invoces
670 887 755 914 eum,
775 882 809 906 ut
828 874 936 906 Deum
955 884 1028 905 cum
1048 873 1148 904 Patre

171 930 203 956 et
226 923 345 965 Spiritu
373 927 511 959 sancto,
543 920 660 951 deinde
689 917 899 959 peculiariter
927 923 963 948 ut
988 915 1147 947 Mediato-

171 976 258 1004 rem,
288 964 396 1007 qualis
426 970 477 995 est
512 962 617 994 forma
650 961 867 1003 precationis,
900 970 967 1001 qua
999 957 1146 990 solemus

170 1010 232 1041 uti:
263 1008 386 1040 Invoco
410 1013 441 1038 te
465 1007 691 1047 omnipotens,
719 1010 855 1035 aeterne
883 1010 916 1034 et
943 1003 1019 1033 vive
1042 1001 1147 1039 Deus,

171 1057 303 1084 creator
326 1049 411 1083 coeli
435 1056 467 1080 et
490 1055 609 1086 terrae,
628 1058 702 1079 cum
725 1045 809 1077 Filio
833 1051 865 1077 et
884 1045 1007 1086 Spiritu
1031 1049 1148 1075 sant-to

171 1100 248 1133 tuo,
271 1100 335 1125 etc.
381 1092 541 1124 Miserere
565 1091 644 1128 mei,
668 1096 701 1121 et
724 1089 841 1121 exaudi
864 1098 916 1119 me
938 1094 1075 1129 propter
1098 1087 1149 1118 Ft-

171 1136 268 1175 lium,
302 1135 478 1167 Dominum
512 1141 661 1166 nostrum
696 1132 803 1163 lesum
833 1130 1018 1168 Christum,
1054 1140 1150 1171 quem

171 1177 386 1212 inenarrabili
409 1176 550 1209 consilio
573 1175 708 1207 voluisti
732 1174 802 1206 fieri
825 1175 990 1205 victimam
1013 1183 1073 1213 pro
1093 1182 1151 1203 no-

172 1224 244 1261 bis,
267 1221 322 1263 qui
346 1227 396 1252 est
419 1223 512 1258 ἱκέῐης
533 1221 583 1249 καὶ
604 1223 726 1258 μεσίτης
749 1223 874 1248 noster.

258 1263 357 1295 Tales
381 1269 492 1294 certae
516 1269 548 1294 et
571 1270 752 1302 expressae
774 1258 902 1290 formae
924 1258 1152 1299 precationum

173 1307 347 1340 habendae
371 1312 448 1337 suut
482 1305 515 1336 in
548 1310 742 1346 conspectu.
803 1302 923 1342 Turpis
964 1307 1016 1332 est
1049 1299 1152 1342 negli-

173 1351 304 1394 gentia,
338 1349 471 1390 quando
506 1357 573 1378 non
603 1346 766 1378 discernis
796 1343 1040 1376 invocationem
1064 1349 1152 1373 tuam

174 1395 217 1425 ab
245 1392 396 1424 Ethnica.
453 1389 640 1431 Prophetae
669 1394 759 1420 recte
787 1389 838 1418 sic
860 1388 1032 1418 invocant:
1068 1385 1155 1414 Dens

173 1436 306 1467 Pan-um
334 1438 526 1464 nostrornm:
557 1433 589 1464 id
619 1438 688 1470 est,
717 1429 901 1472 patefactus
924 1429 1072 1471 patribus
1096 1438 1153 1459 no-

175 1480 272 1515 stris;
296 1484 343 1516 et,
367 1477 486 1506 exaudi
508 1487 564 1505 nos
583 1478 716 1514 propter
739 1473 915 1503 Dominum.
966 1471 1154 1513 Cyprianus

175 1522 272 1554 etiam
295 1527 386 1553 recte
409 1520 501 1551 dicit:
524 1518 658 1548 Domine
675 1518 745 1547 Iesu
764 1527 819 1547 oro
837 1520 876 1553 te,
896 1519 927 1545 nt
941 1525 1010 1545 ores
1026 1525 1086 1554 pro
1099 1524 1153 1543 me.

341 1702 493 1745 Oratne
527 1700 709 1743 Christus
741 1714 813 1754 pro
844 1697 992 1739 nobis?

266 1794 397 1837 Pragae
421 1794 549 1825 dicunt:
585 1792 676 1824 Fecit
698 1792 731 1822 id
754 1792 786 1822 in
808 1791 872 1822 hac
895 1790 981 1827 vita,
1003 1789 1068 1820 iam
1092 1798 1158 1819 non

179 1837 276 1874 facin
300 1839 375 1880 quia
398 1847 465 1868 non
489 1844 627 1876 possunt
651 1845 773 1876 negare
796 1832 877 1865 illud
896 1833 985 1864 loan.
1002 1832 1052 1863 17.
1086 1831 1159 1863 Non

176 1892 239 1921 pro
262 1883 306 1910 eis
332 1891 385 1909 oro
410 1883 537 1913 tantum,
556 1879 611 1908 secl
634 1880 726 1908 etium
745 1888 806 1917 pro
830 1877 997 1906 erectum-is
1016 1885 1076 1914 per
1099 1885 1160 1904 ver-

180 1925 248 1954 bum
270 1926 416 1964 ipsorum.

225 2106 376 2155 Proba,
409 2103 519 2158 quod
552 2102 734 2143 Christus
766 2115 871 2141 nunc
904 2101 1027 2140 etiam
1059 2114 1131 2154 pro

585 2188 625 2218 te
660 2185 756 2218 oret.

275 2272 485 2313 Respondeo.
531 2270 755 2301 Romanorum
778 2269 809 2300 8.
834 2268 966 2299 dicitur:
998 2268 1060 2302 Qui
1078 2267 1163 2297 sedet

189 2317 231 2346 nd
255 2317 398 2345 (Im-Iram
428 2314 553 2345 Patris.
585 2317 613 2341 r!
642 2312 818 2351 interpellat
844 2322 904 2350 pro
935 2311 1031 2341 nobis.
1085 2310 1163 2341 ltetn

188 2360 229 2391 ad
256 2359 444 2390 Hebraeos:
479 2359 603 2395 Srmprr
627 2358 759 2394 appar-et
783 2365 885 2383 rorum
909 2355 996 2384 Deo.
1021 2358 1051 2383 11!
1075 2355 1166 2382 t'ntc'r-

187 2402 283 2443 pellet
303 2412 363 2441 pro
388 2400 483 2429 nohis.
533 2400 624 2430 ltt‘m.
662 2398 701 2427 Tu
725 2409 757 2427 es
779 2398 935 2427 Sacerdos
958 2399 988 2426 in
1013 2401 1167 2426 artur-mun

189 2446 354 2475 see-undum
378 2444 515 2472 ordinem
540 2440 774 2472 tllclchezeederlu.

278 2487 419 2519 Contra:

282 2547 424 2577 Christus
447 2546 497 2575 hi«-
520 2546 634 2585 inqm't„
660 2555 719 2573 non
743 2544 834 2577 diro,
858 2543 942 2584 qnod
965 2553 1021 2581 ‘570
1045 2545 1169 2580 roffam·

325 2601 376 2619 rus
399 2591 454 2617 n'm
475 2600 536 2628 pru
561 2589 644 2617 nobit
668 2587 808 2617 Patrem:

284 2633 369 2673 Eryo
392 2643 453 2661 non
477 2635 545 2661 orat
570 2630 702 2670 amplius
720 2641 782 2670 pro
806 2629 902 2659 nobie.

1281 276 1494 317 Respondeo.
1548 275 1622 307 Hoc
1650 276 1775 308 dictum
1805 286 1872 308 non
1900 284 1953 308 est
1981 278 2027 309 ita
2054 276 2175 310 intelli·

1194 319 1354 361 gendum,
1378 318 1468 360 quod
1490 317 1688 351 excludatur
1717 319 1864 360 precatio
1887 318 2010 351 Christi
2033 330 2094 362 pro
2117 330 2175 352 no-

1195 363 1265 399 bis,
1297 361 1358 392 sed
1386 360 1457 405 vult
1487 371 1549 393 nos
1579 371 1714 434 quoque
1742 371 1820 393 esse
1849 368 2054 403 precatores.
2100 362 2175 395 Hoc

1195 404 1282 435 enim
1304 404 1414 442 docet,
1436 405 1526 445 quod
1549 413 1589 435 ve
1604 404 1626 435 it
1650 414 1712 435 nos
1735 405 1833 436 etiam
1854 405 2004 445 precari3
2025 405 2110 445 Ego,
2127 405 2175 437 in·

1195 448 1283 488 quit,
1315 457 1379 476 nou
1412 446 1508 476 orabo
1540 456 1602 486 pro
1637 446 1738 481 vobis,
1772 446 1903 479 scilicet
1936 446 2042 479 solus.
2096 446 2176 479 Vult

1195 490 1285 530 ipsc,
1309 494 1346 521 ut
1366 490 1547 527 sacerdos,
1576 494 1653 530 post
1681 499 1720 520 se
1748 488 1880 521 trahere
1902 490 2056 522 chorum:
2081 490 2175 522 Sicut

1197 537 1344 570 constat,
1378 532 1468 573 quod
1500 532 1662 563 sacerdos
1690 541 1729 563 se
1758 531 1880 564 habeat
1908 531 2106 564 correlative
2132 533 2176 564 ad

1197 573 1353 612 chorum,
1387 575 1420 605 id
1448 581 1518 612 est,
1551 575 1594 605 ad
1623 580 1752 605 coetum
1782 574 1970 607 Ecclesiae.
2022 575 2176 607 Christus

1197 622 1248 648 est
1271 626 1418 648 summus
1441 617 1617 655 sacerdos,
1645 617 1700 658 qui
1724 623 1797 648 orat
1819 628 1880 658 pro
1903 618 2018 657 nobis,
2046 624 2081 649 ut
2101 627 2177 659 pro-

1196 666 1271 701 pter
1292 659 1400 700 ipsum
1423 660 1643 691 exaudiamur.
1700 659 1826 691 Verum
1842 661 1925 701 <ipse
1954 661 2091 692 attrahit
2113 669 2177 691 nos

1197 702 1240 733 ad
1263 703 1456 733 societatem
1478 703 1690 744 precationis.
1749 701 1828 733 Vult
1859 712 1922 734 nos
1945 701 2045 735 simul
2067 713 2177 740 orare,

1197 751 1231 776 et
1253 743 1379 776 habere
1401 743 1488 775 hanc
1511 745 1626 783 fidem,
1649 745 1737 787 quod
1761 752 1896 786 propter
1918 746 2025 786 ipsum
2048 746 2177 786 accepti

1199 788 1301 819 simus
1325 787 1410 818 Deo.
1457 786 1534 818 ldeo
1557 788 1649 818 addit
1678 788 1764 819 hanc
1787 787 2070 819 consolationem:
2104 788 2178 827 Ipso

1198 830 1297 860 Pater
1320 840 1374 859 vos
1396 829 1515 868 diliyit.
1561 829 1714 861 Affirmat
1732 840 1795 861 nos
1816 829 1906 872 diligi
1925 841 1945 861 a
1965 830 2050 862 Deo.
2085 830 2179 862 Sicut

1198 872 1276 904 alibi
1300 873 1417 914 inquit:
1453 872 1566 906 Pater,
1598 874 1639 902 sit
1669 875 1702 902 in
1724 874 1769 902 eie
1791 873 1922 903 dilectio
1946 877 2017 912 tua,
2050 883 2111 913 qua
2135 883 2180 902 me

1199 916 1319 955 (liliyt's.

1286 957 1374 993 Quid
1396 957 1502 999 potuit
1523 957 1629 988 maius
1653 958 1735 994 dici,
1763 967 1861 1000 quam
1884 958 1974 999 quod
1997 957 2067 989 vult
2089 956 2179 999 diligi

1200 1011 1263 1032 nos
1294 1011 1314 1031 a
1345 999 1461 1039 Patre,
1490 1009 1530 1031 ea
1560 998 1751 1037 dilectione,
1803 1011 1846 1031 ua
1873 1006 1967 1041 pater
1994 999 2100 1041 diligit
2129 1000 2180 1032 Fi-

1200 1043 1303 1075 lium?
1349 1043 1420 1075 Hac
1443 1052 1525 1085 ergo
1550 1041 1671 1074 fiducia
1694 1041 1857 1082 vult-heri
1881 1053 1902 1073 a
1926 1043 2023 1074 nobis
2047 1044 2180 1074 'invoca-

1202 1088 1334 1123 tionem‚
1358 1096 1423 1127 qua
1446 1092 1596 1126 petamus
1615 1095 1635 1116 a
1650 1084 1725 1116 Deo
1747 1086 1948 1117 necessaria.
1992 1085 2181 1116 Afferamus

1202 1136 1310 1161 autem
1337 1134 1465 1160 mentes
1495 1128 1644 1166 sobrias,
1679 1129 1708 1159 si
1738 1128 1896 1159 debemus
1928 1137 2036 1159 orare.
2091 1127 2182 1159 Ebrii

1202 1182 1267 1203 non
1299 1177 1376 1202 suut
1405 1171 1514 1202 idonei
1543 1171 1586 1201 ad
1617 1171 1859 1211 precationem3
1890 1171 1964 1202 ideo
1998 1171 2115 1202 Petrus
2138 1170 2182 1201 in-

1203 1215 1286 1256 quit:
1310 1214 1390 1243 Sitis
1412 1213 1510 1244 sobrii
1534 1213 1576 1242 ad
1594 1215 1818 1251 precationem.
1864 1214 2067 1245 Abiiciamus
2086 1213 2185 1244 etiam

1203 1257 1412 1288 securitatem
1437 1255 1623 1293 carnalem,
1652 1265 1738 1296 quae
1767 1261 1818 1286 est
1849 1256 2113 1296 impedimentum
2137 1256 2184 1286 iu-

1203 1299 1408 1336 vocationis,
1437 1298 1524 1328 sicut
1546 1298 1587 1328 de
1610 1297 1781 1338 discipulis
1805 1297 1859 1329 hic
1877 1298 1981 1340 inquit
2004 1297 2183 1329 Dominus:

1206 1342 1367 1371 Hactenus
1389 1351 1449 1369 non
1469 1342 1610 1379 petiistis
1631 1341 1662 1368 in
1686 1341 1805 1369 nornine
1828 1350 1908 1369 meo:
1933 1341 1964 1371 id
1989 1346 2052 1377 est,
2076 1338 2184 1371 fuistis

1206 1383 1324 1415 confisi
1348 1383 1537 1424 praesentia
1561 1381 1745 1422 corporali,
1769 1384 1964 1423 cogitastis,
1988 1383 2096 1413 donec
2120 1391 2185 1423 ego

1205 1427 1379 1458 vobisc-um
1402 1425 1463 1456 sim
1486 1423 1634 1462 futurus»,
1659 1426 1743 1456 bene
1766 1425 1863 1455 nobis
1886 1426 1956 1456 erit.
2001 1424 2091 1456 Haec
2115 1429 2188 1455 erat

1207 1469 1327 1501 fiducia
1350 1466 1505 1499 carnalis.
1559 1467 1678 1499 Nonne
1700 1468 1921 1499 tu‘securiori
1945 1477 2042 1498 esses
2065 1467 2186 1504 animo,

1207 1513 1236 1543 si
1259 1513 1391 1543 videres
1410 1510 1579 1542 Christum
1594 1509 1766 1541 visibiliter
1782 1517 1891 1542 tecum
1910 1510 2009 1542 esse?
2045 1509 2188 1545 Quando

1207 1565 1283 1586 cum
1306 1556 1378 1585 viro
1402 1555 1489 1585 bono
1512 1552 1596 1584 sacis
1620 1554 1697 1592 iter,
1720 1563 1831 1584 nonne
1854 1563 1891 1584 es
1914 1552 2085 1584 securior?
2130 1551 2189 1583 Sic

1208 1597 1255 1629 illi
1289 1604 1425 1639 propter
1458 1594 1621 1627 visibilem
1656 1596 1909 1628 conversionem
1944 1605 2018 1627 cum
2052 1593 2188 1626 Christo

1209 1647 1302 1673 erant
1324 1640 1444 1672 securi.

1297 1683 1363 1715 Sed
1388 1682 1559 1713 retinenda
1582 1688 1634 1713 est
1656 1681 1756 1718 fides,
1785 1681 1883 1712 etiam
1913 1690 1987 1711 cum
2009 1689 2077 1711 non
2100 1678 2189 1710 vide·

1210 1736 1284 1758 inus
1308 1725 1476 1757 Christum
1500 1723 1726 1766 corporaliter.
1781 1722 1820 1754 Et
1851 1723 1916 1755 hoc
1941 1730 1988 1753 cst
2014 1724 2047 1751 iu
2069 1723 2189 1751 nomme

1211 1772 1276 1799 eins
1305 1779 1413 1799 orare:
1447 1768 1479 1799 id
1510 1774 1580 1804 est,
1615 1766 1782 1798 confidere
1811 1767 1844 1797 iu
1874 1764 1956 1796 Filio
1982 1764 2063 1802 Dei,
2098 1764 2188 1805 quod

1212 1818 1347 1854 propter
1377 1821 1451 1842 eum
1480 1810 1674 1850 recipiamur
1708 1816 1739 1840 et
1774 1809 2004 1844 exaudiamur,
2038 1814 2070 1839 et
2101 1807 2189 1848 quod

1213 1857 1301 1887 adsit
1323 1854 1419 1886 nobis
1442 1853 1564 1895 gratia,
1592 1852 1730 1889 auxilio,
1759 1852 1965 1892 protectione
1987 1860 2067 1887 sua,
2094 1851 2190 1881 etiam

1214 1900 1242 1929 si
1265 1907 1387 1929 sensus
1412 1896 1517 1927 nostri
1548 1894 1764 1936 corporaliter
1793 1895 1856 1925 ista
1884 1904 1950 1925 non
1978 1894 2108 1928 vident;
2126 1892 2190 1923 imo

1214 1941 1341 1973 etiamsi
1366 1941 1448 1971 tides
1471 1939 1587 1969 statuit
1605 1938 1772 1969 Christum
1793 1935 2008 1978 corporaliter
2029 1937 2092 1967 iam
2116 1943 2192 1966 oesc

1214 1985 1246 2016 in
1270 1982 1410 2015 coelesti
1434 1980 1552 2024 gloria,
1570 1981 1845 2022 quemadmodum
1869 1979 2022 2010 Christus
2045 1979 2116 2019 ipse
2138 1975 2192 2007 hic

1214 2027 1333 2068 inquit:
1369 2025 1466 2055 Exim·
1495 2035 1513 2052 u
1545 2025 1660 2055 Patre.
1695 2027 1723 2053 et
1748 2024 1816 2052 veni
1837 2024 1869 2051 in
1893 2022 2050 2055 mutulam,
2083 2022 2193 2050 iterum

1214 2071 1352 2109 relinquo
1375 2068 1532 2101 mundum,
1556 2071 1585 2096 et
1610 2067 1691 2097 vualo
1715 2066 1758 2095 (111
1780 2065 1916 2095 Patrem.

1337 2247 1380 2279 lN
1406 2246 1545 2279 FEsTo
1571 2243 1863 2277 ASCENSlONlS
1887 2241 2069 2274 cums'rt.

1305 2325 1339 2356 ln
1364 2325 1515 2356 doctriua
1535 2324 1633 2355 huius
1657 2321 1733 2353 sesti
1751 2320 1897 2352 solemus
1916 2321 2039 2354 dicere.
2059 2319 2195 2359 primum

1220 2369 1260 2400 de
1283 2367 1438 2402 historia:
1465 2374 1582 2408 postea
1612 2366 1652 2397 de
1681 2365 1847 2398 doctrina.
1877 2373 1962 2406 quae
1985 2362 2118 2404 exponit
2142 2361 2196 2392 de-

1221 2413 1399 2442 finitionem
1425 2411 1518 2452 regni
1543 2409 1676 2445 Christi,
1696 2415 1725 2439 et
1751 2408 1901 2439 addimus
1926 2404 2108 2437 psalmum:
2134 2403 2197 2432 Es:-

1220 2459 1327 2492 snrqne
1355 2454 1453 2483 Dens:
1489 2452 1635 2484 Eundem
1664 2452 1810 2483 ordinem
1840 2451 1902 2481 iam
1926 2459 2057 2490 quoque
2081 2456 2198 2489 seque·

1221 2509 1302 2528 mur.
1351 2497 1494 2527 Historia
1519 2495 1591 2526 festi
1616 2501 1693 2525 uota
1717 2501 1784 2531 est,
1812 2500 1843 2524 ct
1867 2498 1917 2524 est
1941 2491 2086 2533 quotidie
2109 2489 2198 2533 cogi-

1222 2541 1320 2571 tanda
1344 2541 1375 2570 in
1400 2539 1592 2571 recitatione
1615 2535 1772 2579 symboli.

1309 2582 1528 2617 Quaerendae
1550 2588 1625 2612 sunt
1649 2586 1758 2611 autem
1782 2587 1917 2610 causae:
1942 2577 2046 2611 Quare
2067 2575 2198 2605 volucr-'t

1222 2626 1387 2655 ‹ur-endere.
1410 2624 1592 2654 nobiliter?
