2324 2958
66 190 128 224 521

748 181 964 215 POSTlLLA
991 179 1217 214 MELANTn(
1222 179 1386 212 )N1ANA.

2002 177 2065 207 5⁶22

67 285 139 326 ipse
158 281 260 314 Filius
283 280 338 312 dat
361 279 516 320 Spiritum
539 282 703 314 sanctum,
727 275 813 306 sicut
831 275 947 316 inquit:
971 276 1038 314 Eyo
1091 274 1207 307 dustrii
1230 281 1260 305 et
1280 272 1463 314 diligenteS,
1487 282 1545 304 eos
1569 273 1679 303 dicunt
1699 270 1774 312 plus
1798 271 1966 312 consequi.
2001 270 2065 302 Ve-

68 330 194 359 mittam
225 324 311 356 robis
331 322 487 363 Spiritum
519 329 540 352 a
573 320 680 351 Patre.

69 368 250 401 immediate
271 375 414 406 persona
425 362 564 405 loquens
587 361 628 393 ad
646 361 753 391 Adam
775 366 807 391 et
825 359 928 391 Evam
948 358 1041 397 foris,

735 316 840 348 Filius
874 318 936 348 Dei
970 322 1040 349 erat
1091 329 1161 349 rum
1185 322 1235 348 est
1258 322 1365 347 autem
1387 315 1464 353 hoc,
1487 316 1574 356 quod
1587 315 1678 346 Deus
1701 315 1882 355 praecipiat
1903 313 2065 350 laborem;

1091 361 1158 393 Sed
1180 370 1246 391 non
1275 359 1422 400 sequitur
1455 359 1546 395 inde,
1577 358 1665 399 quod
1694 358 1888 388 deserantur
1915 355 1981 395 illi,
2011 357 2064 398 qui

70 417 103 443 et
124 411 210 442 int-us
231 418 291 450 per
312 408 446 439 verbum
474 404 655 437 vivificans.
700 403 785 434 Idem
816 403 914 433 dabat
943 401 1040 433 simul
1091 404 1197 435 minus
1218 407 1359 443 possunt
1381 400 1541 432 laborare.

71 453 228 495 Spiritum
250 456 398 482 sanctum
420 448 638 480 laetificanten
662 446 780 483 corda‚·
803 445 878 486 quia
901 445 1040 486 Spiritus

74 501 210 527 sanctus
247 499 296 524 est
320 490 549 522 substantialis
578 489 712 521 laetitia.

72 539 127 580 qui
155 546 231 568 vere
260 539 495 566 convertuntur
524 539 557 564 et
585 532 731 563 credunt.
781 530 871 561 Haec
894 537 943 561 est
970 541 1041 570 pro-

71 580 183 612 missio
207 578 342 620 gratiae,
367 586 450 618 quae
473 581 523 607 est
547 584 688 615 semper,
711 579 743 605 et
765 573 836 604 sine
850 575 1042 614 exceptione
1064 587 1067 613 ι,

71 623 219 654 omnibus
243 627 327 657 rata,
350 618 502 651 videlicet
524 618 709 659 quicunque
742 622 987 648 convertuntur.

489 783 631 824 Proba.

164 878 231 908 Vivo
252 885 319 915 eyo,
341 876 420 907 dicit
431 874 596 914 Dominus,
620 875 691 905 nolo
703 877 836 905 mortem
853 874 1043 913 peccatoris,

70 921 131 953 ced
149 923 185 951 ut
203 922 404 951 concertatur
423 922 456 949 et
474 920 566 949 ricae.
601 916 641 948 Et
663 916 836 957 promissio
861 915 986 957 gratiae
999 914 1042 944 di·
1067 941 1070 955 A

71 963 154 994 citur
175 968 342 993 aeternum
366 965 614 996 testameritun13
637 959 712 1000 quia
735 968 863 999 semper
885 962 936 988 est
959 962 1041 994 rata,

71 1014 201 1045 semper
228 1009 317 1045 patet
339 1003 463 1034 reditus
487 1003 528 1033 ad
552 1001 651 1038 illam,
673 1001 936 1043 quandocunque
966 1009 1043 1030 con-

71 1048 227 1079 vertimur
254 1052 287 1077 et
315 1046 489 1077 credimus.
539 1045 667 1076 Deinde
699 1045 772 1075 ideo
802 1043 898 1073 etiam
927 1042 1043 1072 dicitur

71 1096 239 1121 aeternum
262 1094 503 1126 testamentum,
527 1088 600 1129 quia
625 1085 751 1118 confert
772 1091 906 1116 aeterna
929 1085 1026 1115 bona.

156 1131 232 1162 Non
255 1132 299 1164 ita
332 1129 502 1173 intelligite
535 1132 609 1168 iste,
642 1129 730 1171 quod
763 1127 861 1159 liceat
895 1126 1071 1160 stabiliret

71 1173 171 1212 idola,
195 1173 417 1214 blasphemias
437 1174 643 1210 confirmare,
665 1172 786 1212 stupris
805 1181 842 1201 se
860 1171 1044 1212 inquinare,
1069 1194 1072 1206 ,

1069 1219 1072 1262 ss
1097 1225 1197 1245 caeca
1219 1225 1328 1251 manu,
1351 1220 1385 1244 ut
1405 1214 1533 1244 Seneca
1557 1213 1659 1254 inquit
1683 1211 1736 1243 De
1757 1210 1905 1243 fortuna:
1930 1213 2071 1242 Fortuna

70 1222 103 1248 et
124 1217 232 1248 omnia
253 1215 339 1247 mala
361 1215 483 1252 facere,
508 1222 539 1246 et
562 1215 685 1246 dicere:
709 1224 770 1244 nos
794 1213 952 1245 habemus
971 1223 1044 1254 gra-

70 1259 146 1290 tiam
174 1258 247 1290 Dei.
293 1257 480 1298 Propositio
515 1264 565 1288 est
587 1255 774 1298 copulativa
808 1257 838 1287 in
863 1258 1044 1287 iuramento

69 1301 189 1332 divino.
240 1300 340 1332 Scitis
374 1307 482 1332 autem
512 1307 665 1341 oportere
694 1301 724 1331 in
755 1297 942 1340 copulativa
970 1308 1045 1340 pro-

68 1344 231 1385 positione
252 1353 366 1374 omnes
395 1349 508 1383 partes
542 1353 619 1374 esse
651 1352 760 1374 veras.
806 1342 896 1373 Haec
929 1342 981 1382 pie
1015 1347 1046 1372 et

69 1392 182 1417 sancte
206 1386 360 1427 cogitate,
396 1392 427 1416 et
450 1386 537 1426 agite
561 1386 684 1427 gratias
707 1391 842 1416 aeterno
866 1385 954 1415 Patri
978 1384 1045 1415 Do-

69 1429 146 1460 mini
168 1429 271 1459 nostri
294 1427 368 1458 lesu
392 1427 526 1466 Christi,
548 1434 580 1459 et
602 1426 683 1458 Filio
707 1434 737 1458 et
761 1427 895 1467 Spiritui
917 1434 1045 1460 sancto,

69 1471 157 1512 quod
190 1470 338 1501 accendit
361 1469 446 1501 hanc
480 1469 587 1501 lucem
611 1471 778 1501 doctrinae
800 1471 885 1500 inter
907 1480 981 1506 nOS,
1014 1476 1046 1500 et

70 1519 178 1551 orate,
200 1519 235 1544 ut
259 1513 312 1543 det
331 1513 577 1551 incrementum,
600 1513 685 1544 sicut
708 1513 838 1544 dicitur:
868 1514 934 1552 Eyo
954 1515 1045 1552 plan-

70 1559 143 1587 tavi.
209 1557 318 1595 Apollo
358 1556 490 1594 re‘yam‘l,
533 1557 621 1587 Deus
664 1560 768 1587 autem
814 1556 902 1587 [ledit
943 1558 1044 1586 incre-

67 1601 214 1629 mentum.
259 1597 333 1627 Non
368 1598 517 1629 vivamus
552 1599 651 1629 vitam
675 1598 853 1629 beluinam:
883 1608 949 1628 non
974 1608 1045 1628 cor-

68 1649 258 1680 cumpamus
293 1640 474 1671 doctrinam
507 1641 617 1671 studio
651 1641 810 1681 quaesitis
838 1641 1044 1681 depravatio-

68 1683 183 1713 nibus:
207 1682 291 1713 sicut
316 1682 432 1714 videtis
455 1693 542 1714 nunc
554 1682 639 1713 alios
663 1682 743 1714 alias
757 1683 929 1723 opiniones
953 1693 1043 1722 spar-

69 1734 160 1766 gere,
200 1725 288 1765 quod
312 1723 364 1755 alii
384 1736 424 1756 ex
448 1724 520 1756 aliis
556 1726 665 1757 causis
696 1724 835 1756 faciunt:
866 1724 919 1756 alii
948 1727 1044 1756 etiarn

69 1767 266 1798 delabuntur
299 1768 340 1798 ad
373 1769 560 1799 obscoenas
596 1767 793 1809 voluptates.
848 1767 941 1798 Haec
978 1778 1044 1799 non

69 1816 121 1840 est
143 1810 221 1846 vita,
241 1816 296 1840 aut
319 1809 453 1841 libertas
467 1810 662 1842 Christiana.
703 1810 767 1841 lani
792 1811 833 1841 de
856 1811 1044 1852 promissio-

68 1852 164 1884 nibus
188 1851 423 1892 corporalibus.

70 1982 203 2032 Quare
249 1991 342 2023 sunt
386 1984 518 2024 editae
569 1985 847 2039 promissiones
901 1999 1041 2038 corpo-

490 2061 589 2101 rales
597 2060 615 2100 ἶ)

155 2150 293 2191 Propter
316 2151 458 2192 quinque
481 2161 617 2183 causas:
641 2151 664 2182 l.
698 2151 742 2183 Ut
765 2153 829 2183 sint
856 2152 1041 2184 testimonia

68 2193 308 2234 providentiae.
333 2194 418 2234 quod
442 2193 534 2225 Deus
557 2204 634 2226 vere
658 2201 748 2226 curet
771 2195 844 2226 ista.

70 2340 178 2390 Qujd
210 2342 348 2382 dieunt
378 2342 454 2382 hac
491 2342 541 2381 de
581 2356 621 2381 re
655 2342 910 2397 Philosophi?
948 2344 1029 2383 imo

293 2496 342 2535 dc·
375 2496 494 2535 rebus
526 2494 819 2549 corporalibus?

157 2591 348 2634 Philosophi
375 2595 486 2626 dicunt
521 2595 582 2625 ista
612 2593 721 2625 offerri
750 2594 864 2626 ordine
892 2601 1042 2632 naturae,

71 2635 202 2675 quando
238 2638 357 2677 optime
389 2636 478 2678 loqui
514 2635 636 2668 volunt.

1070 1270 1072 1279 ι
1097 1261 1221 1298 sparyz't
1253 1267 1389 1288 numera
1416 1267 1476 1287 sua
1509 1266 1604 1287 caeca
1642 1265 1748 1286 manu.

683 2636 745 2671 Qui
779 2642 855 2668 sunt
877 2635 973 2669 valde
996 2637 1041 2669 in·
1066 2648 1067 2652 ¹

1176 445 1315 481 Quando
1339 442 1459 475 Daniel
1482 443 1576 474 sedet
1606 442 1690 473 inter
1713 441 1838 480 leone&
1882 443 1999 473 retinet
2020 442 2066 473 vi·

757 487 813 519 Sic
836 486 872 518 fit
895 488 925 518 in
955 486 1039 526 aliis,
1092 495 1168 526 tam,
1192 498 1258 519 non
1281 487 1430 518 humanis
1453 485 1636 527 praesidiis.
1671 485 1726 516 Sic
1750 485 1880 526 quando
1899 483 2067 516 lsi-aelitae

1093 537 1169 563 sunt
1191 532 1222 562 in
1239 531 1403 572 Aegypto,
1426 535 1459 560 et
1483 535 1557 560 ante
1580 528 1785 559 eductionem
1809 528 1884 558 totis
1907 528 1950 559 80
1972 528 2066 559 annis

1094 581 1267 606 exercetur
1288 574 1320 604 in
1354 582 1413 603 eos
1443 571 1592 609 saevitia,
1628 570 1821 601 occiduntur
1855 580 1968 601 eorum
2001 569 2066 601 filii.

1094 616 1258 659 Cogitate,
1282 626 1378 657 quam
1408 615 1507 645 miser
1529 614 1674 654 ipsorum
1708 619 1813 643 status
1847 611 1943 643 suerit
1977 620 2066 644 tanto

1095 667 1257 701 tempore;
1280 664 1312 689 et
1334 664 1440 688 tamen
1461 657 1615 688 divinitus
1639 661 1887 687 conservantur.
1922 655 1988 686 Res
2012 654 2068 686 illa

1095 702 1193 743 plane
1215 700 1372 733 mirabilis
1394 699 1470 731 tuit:
1501 699 1594 730 Deus
1618 698 1703 730 dedit
1728 698 1960 729 obstetricibus
1984 698 2068 729 hanc

1095 751 1248 782 mentem,
1281 750 1315 775 ut
1348 753 1413 774 non
1448 741 1668 773 interficerent
1706 739 1902 778 infantulos,
1935 747 1966 771 et
1989 742 2068 771 texit

1095 788 1185 828 ipsas
1220 787 1434 823 obstetrices,
1474 786 1553 816 texit
1587 791 1618 815 et
1651 782 1847 819 infantulos3
1886 783 1944 814 sed
1979 782 2069 814 multi

1095 836 1201 861 tamen
1225 830 1404 870 perierunt.
1448 827 1541 859 Deus
1564 827 1710 858 servavit
1731 825 1935 864 Ecclesiam,
1959 836 2069 867 quam-

1095 883 1190 914 quam
1213 871 1315 904 voluit
1340 881 1412 902 eam
1435 880 1512 902 esse
1534 871 1717 901 subiectam
1740 869 1840 907 cruci.

1182 916 1237 946 Sic
1260 924 1391 955 semper
1413 912 1505 945 Deus
1530 912 1594 944 vult
1620 911 1773 953 intelligi,
1795 913 1879 952 quad
1895 911 2071 943 benedictio

1095 960 1224 990 Domini
1244 959 1359 989 (licitos
1378 959 1491 996 faciat.
1525 955 1616 993 ltem,
1635 956 1719 996 quod
1738 957 1880 986 corrosio
1902 958 1946 986 sit
1965 955 1999 985 in
2017 955 2069 985 do-

1095 1010 1145 1032 mo
1168 1002 1264 1041 impii.
1309 999 1438 1030 videtis
1471 999 1629 1030 maximas
1658 1007 1739 1039 opes
1773 1007 1873 1038 saepe
1907 997 2071 1037 dissipati,

1096 1054 1197 1085 saepe
1221 1043 1342 1074 effundi
1365 1042 1485 1073 subito.

1182 1086 1273 1117 llaec
1313 1092 1363 1115 est
1403 1095 1485 1126 ergo
1515 1085 1617 1125 prima
1659 1093 1760 1114 causa
1798 1081 2070 1124 promulgationis

1096 1129 1352 1170 promissionum
1388 1126 1620 1168 corporalium.
1666 1126 1760 1157 Deus
1794 1124 1865 1157 vult
1887 1136 1949 1156 nos
1973 1126 2071 1162 scire,

1097 1172 1186 1213 quod
1208 1170 1264 1202 illa
1287 1169 1473 1211 corporalia
1497 1177 1601 1207 curet,
1627 1169 1759 1210 etquod
1783 1178 1847 1199 non
1871 1174 2071 1209 spargantur

1801 1256 1907 1295 Saepe
1941 1254 2070 1294 quidem

1097 1302 1141 1331 ita
1174 1301 1222 1331 sie
1256 1301 1396 1337 videtur,
1430 1305 1464 1330 ut
1492 1297 1599 1329 Nabal
1635 1305 1685 1329 est
1720 1298 1811 1328 dives
1846 1305 1877 1327 et
1910 1297 2070 1327 abundat:

1097 1342 1205 1374 David
1229 1349 1280 1373 est
1302 1344 1334 1374 in
1358 1343 1503 1379 deserto,
1527 1347 1614 1382 eget,
1636 1347 1786 1371 ettamen
1799 1340 1954 1381 pascitur.
1978 1339 2070 1370 Deus

1097 1385 1166 1417 vult
1189 1396 1250 1417 nos
1274 1387 1361 1417 scire
1385 1383 1524 1416 consilio
1558 1384 1660 1425 ipsius
1690 1383 1840 1414 distribui
1869 1381 1925 1413 illa
1955 1392 2071 1424 eorpo-

1098 1428 1190 1466 ralia,
1214 1430 1276 1460 etsi
1299 1439 1364 1460 non
1387 1427 1577 1469 aequaliter.
1608 1426 1666 1457 Sic
1684 1425 1837 1457 Ieremias
1858 1425 1973 1467 inquit,
1997 1435 2071 1456 cum

1098 1472 1139 1502 de
1162 1472 1257 1503 bonis
1277 1469 1523 1513 corporalibus,
1557 1475 1625 1501 tuin
1643 1469 1683 1500 de
1707 1468 1969 1500 calamitatibus:
1993 1467 2071 1501 Quis

1097 1518 1142 1544 est
1171 1514 1233 1548 ille,
1256 1516 1308 1555 qui
1342 1515 1421 1543 [licit
1453 1513 1532 1541 (mnu
1562 1516 1591 1541 et
1624 1511 1705 1541 mala
1727 1522 1790 1541 non
1812 1513 1913 1541 venire
1936 1521 1955 1540 a
1978 1510 2071 1540 Deo?

1095 1557 1137 1589 Et
1160 1557 1347 1598 Sophonias
1380 1557 1536 1588 minatur.-
1569 1555 1718 1586 Domiuus
1746 1556 1856 1592 veniet,
1879 1558 1908 1584 ct
1941 1563 2071 1583 accensa

1092 1601 1165 1638 face
1188 1600 1376 1635 circitmibz't,
1411 1603 1441 1628 et
1463 1602 1587 1638 quaeret
1609 1608 1671 1632 eos,
1695 1599 1748 1637 qui
1770 1597 1896 1627 (licant.-
1919 1596 2071 1626 Dominus

1094 1653 1188 1683 neque
1206 1643 1287 1678 bene,
1310 1652 1404 1682 neque
1425 1642 1502 1670 male
1521 1642 1629 1679 faciet.
1675 1640 1709 1671 ld
1733 1647 1801 1677 est,
1825 1641 1878 1681 qui
1902 1645 1977 1671 sunt
1996 1638 2070 1680 Epi-

1096 1687 1217 1724 curaei,
1240 1686 1417 1722 derisores,
1432 1685 1485 1725 qui
1498 1684 1618 1720 dicunt,
1641 1683 1728 1724 quod
1741 1682 1833 1714 Deus
1852 1693 1959 1723 neque
1972 1682 2070 1719 bona,

1095 1739 1201 1770 neque
1224 1727 1311 1759 mala
1336 1729 1398 1758 det.
1443 1727 1500 1758 Est
1535 1725 1673 1767 pulchra
1702 1726 1810 1767 imago
1836 1726 1865 1756 in
1890 1724 2068 1766 Sophonia.

1095 1771 1167 1812 Ego
1191 1778 1267 1802 ante
1289 1771 1331 1801 25
1348 1780 1453 1802 annos
1477 1768 1580 1800 semel
1603 1769 1742 1800 citabam
1769 1769 1831 1799 hoc
1862 1768 1980 1799 dietum
2005 1767 2070 1798 No-

1094 1816 1245 1856 ribergae
1281 1815 1311 1844 in
1343 1813 1511 1850 convivio,
1546 1818 1576 1843 et
1607 1812 1798 1850 assidebant
1829 1812 1924 1841 nobis
1959 1820 2068 1847 senes,

1095 1858 1148 1898 qui
1172 1857 1346 1888 admodum
1371 1855 1621 1887 delectabantur
1639 1854 1700 1886 hac
1723 1854 1897 1892 sententia,
1921 1861 1950 1885 et
1976 1864 2068 1884 cura-

1095 1902 1171 1931 bant
1194 1899 1315 1931 adferri
1339 1898 1456 1937 Biblia,
1481 1905 1510 1929 et
1534 1899 1688 1938 petebant
1711 1898 1773 1928 sibi
1796 1897 1971 1928 monstrari
1994 1906 2068 1928 euin

1092 1943 1213 1975 locum.

1179 1986 1317 2018 Debetis
1341 1995 1417 2017 esse
1439 1984 1589 2016 instructi
1620 1983 1729 2015 inultis
1759 1982 1878 2014 talibus
1902 1983 2009 2019 dietis,
2032 1989 2066 2013 ut

1094 2030 1321 2061 assensionem
1345 2028 1555 2060 confirmetis
1601 2026 1671 2057 Nos
1699 2036 1797 2057 senes
1824 2026 2009 2067 experimur
2032 2035 2067 2056 re

1093 2074 1175 2113 ipsa.
1222 2072 1311 2109 Scin,
1335 2071 1423 2112 quod
1447 2070 1538 2102 Deus
1567 2080 1618 2100 ine
1641 2070 1837 2101 sustentavit
1862 2067 2065 2099 mirabiliter:

1093 2116 1133 2148 Et
1155 2122 1263 2147 tamen
1289 2113 1430 2146 difficilis
1453 2121 1501 2144 est
1525 2113 1675 2143 assensio
1703 2113 1734 2143 in
1766 2113 1925 2142 omnibus.
1971 2110 2067 2152 Cogi-

1093 2166 1216 2191 tamus:
1240 2159 1306 2189 lsta
1329 2157 1409 2189 fiunt
1434 2164 1486 2187 tua
1506 2154 1682 2198 diligentia,
1707 2153 1759 2186 vel
1783 2166 1874 2191 cusu,
1901 2153 1951 2184 vel
1975 2161 2067 2184 natu-

1094 2212 1150 2233 rae
1185 2202 1308 2233 ordine.
1352 2200 1424 2231 Nos
1459 2199 1616 2230 debemus
1651 2198 1785 2229 credere
1819 2197 1892 2227 voci
1927 2197 2066 2234 divinae,

1095 2252 1123 2276 et
1148 2243 1244 2276 simul
1267 2242 1390 2281 facere,
1412 2252 1495 2284 quae
1517 2248 1593 2273 sunt
1616 2241 1796 2272 vocationis
1821 2240 1988 2281 cuiusque.

409 2419 418 2425 .
451 2419 458 2426 .
571 2419 577 2425 .
683 2419 689 2425 .
932 2420 938 2427 ,
1006 2365 1169 2427 ‚⁷2Dic
1207 2376 1303 2416 mihi
1343 2374 1558 2415 sententias
1598 2373 1770 2425 insignes
1809 2372 1858 2411 de
1898 2371 2064 2425 promie-

71 2431 172 2469 quae
206 2425 266 2458 est:
310 2419 480 2458 hominis
513 2433 819 2471 unltlsculusque
852 2426 1069 2473 cogltatioz

1340 2452 1515 2492 sionibus
1547 2449 1824 2503 corporalibus.

1179 2552 1354 2583 Deberetis
1376 2551 1498 2581 habere
1531 2550 1560 2580 in
1595 2548 1774 2589 parietibus
1808 2548 1951 2587 scriptos
1980 2546 2064 2578 tales

1094 2601 1213 2633 textus,
1238 2602 1271 2625 ut
1304 2604 1404 2635 saepe
1434 2592 1648 2623 intueremini:
1683 2591 1757 2632 quia
1793 2591 1934 2632 quotidie
1968 2591 2064 2620 nobis

1094 2648 1178 2678 opus
1201 2643 1252 2668 est
1286 2637 1487 2678 cogitatione
1520 2634 1702 2666 istiusmodi
1736 2634 1905 2665 dictorum.
1951 2634 2064 2666 Suma-
