<?xml version="1.0" encoding="UTF-8"?>
<!DOCTYPE html PUBLIC "-//W3C//DTD XHTML 1.0 Transitional//EN"
    "http://www.w3.org/TR/xhtml1/DTD/xhtml1-transitional.dtd">
<html xmlns="http://www.w3.org/1999/xhtml" xml:lang="en" lang="en">
 <head>
  <title>
</title>
<meta http-equiv="Content-Type" content="text/html;charset=utf-8" />
  <meta name='ocr-system' content='tesseract 3.04.00' />
  <meta name='ocr-capabilities' content='ocr_page ocr_carea ocr_par ocr_line ocrx_word'/>
</head>
<body>
  <div class='ocr_page' id='page_1' title='image "./operaquaesupersu24melauoft/operaquaesupersu24melauoft_0424.png"; bbox 0 0 2324 2958; ppageno 0'>
   <div class='ocr_carea' id='block_1_1' title="bbox 155 177 2149 216">
    <p class='ocr_par' dir='ltr' id='par_1_1' title="bbox 155 177 2149 216">
     <span class='ocr_line' id='line_1_1' title="bbox 155 177 2149 216; baseline -0.004 0"><span class='ocrx_word' id='word_1_1' title='bbox 155 184 218 216; x_wconf 82' lang='lat'><strong>795</strong></span> <span class='ocrx_word' id='word_1_2' title='bbox 785 179 897 213; x_wconf 89' lang='lat' dir='ltr'><strong>PHlL.</strong></span> <span class='ocrx_word' id='word_1_3' title='bbox 920 179 1024 212; x_wconf 82' lang='lat' dir='ltr'><strong>MEL.</strong></span> <span class='ocrx_word' id='word_1_4' title='bbox 1048 179 1233 212; x_wconf 84' lang='lat' dir='ltr'><strong>SCRIPTA</strong></span> <span class='ocrx_word' id='word_1_5' title='bbox 1256 177 1518 210; x_wconf 82' lang='lat' dir='ltr'><strong>EXEGETICA.</strong></span> <span class='ocrx_word' id='word_1_6' title='bbox 2085 177 2149 212; x_wconf 82' lang='grc'><strong>796</strong></span> 
     </span>
    </p>
   </div>
   <div class='ocr_carea' id='block_1_2' title="bbox 156 275 1125 486">
    <p class='ocr_par' dir='ltr' id='par_1_2' title="bbox 156 275 1125 486">
     <span class='ocr_line' id='line_1_2' title="bbox 156 275 1125 332; baseline -0.005 -12"><span class='ocrx_word' id='word_1_7' title='bbox 156 279 290 330; x_wconf 80' lang='lat' dir='ltr'>Quare</span> <span class='ocrx_word' id='word_1_8' title='bbox 330 278 505 319; x_wconf 79' lang='lat' dir='ltr'>Ecclesia</span> <span class='ocrx_word' id='word_1_9' title='bbox 545 277 673 332; x_wconf 86' lang='lat' dir='ltr'><strong>magis</strong></span> <span class='ocrx_word' id='word_1_10' title='bbox 713 277 763 318; x_wconf 78' lang='lat' dir='ltr'><strong>sit</strong></span> <span class='ocrx_word' id='word_1_11' title='bbox 801 277 982 317; x_wconf 83' lang='lat' dir='ltr'><strong>subiecta</strong></span> <span class='ocrx_word' id='word_1_12' title='bbox 1020 275 1125 316; x_wconf 84' lang='lat' dir='ltr'><strong>cala-</strong></span> 
     </span>
     <span class='ocr_line' id='line_1_3' title="bbox 234 351 1045 408; baseline -0.006 -12"><span class='ocrx_word' id='word_1_13' title='bbox 234 356 460 405; x_wconf 77' lang='lat' dir='ltr'><strong>mitatibus,</strong></span> <span class='ocrx_word' id='word_1_14' title='bbox 493 369 616 408; x_wconf 88' lang='lat' dir='ltr'><strong>quam</strong></span> <span class='ocrx_word' id='word_1_15' title='bbox 646 353 799 407; x_wconf 78' lang='lat' dir='ltr'><strong>requua</strong></span> <span class='ocrx_word' id='word_1_16' title='bbox 829 351 1045 394; x_wconf 77' lang='lat' dir='ltr'><strong>multitudo</strong></span> 
     </span>
     <span class='ocr_line' id='line_1_4' title="bbox 437 423 831 486; baseline 0 -15"><span class='ocrx_word' id='word_1_17' title='bbox 437 423 605 486; x_wconf 64' lang='lat' dir='ltr'><strong>&#39;generis</strong></span> <span class='ocrx_word' id='word_1_18' title='bbox 636 430 831 471; x_wconf 64' lang='lat' dir='ltr'><strong>humani?</strong></span> 
     </span>
    </p>
   </div>
   <div class='ocr_carea' id='block_1_3' title="bbox 154 521 1126 694">
    <p class='ocr_par' dir='ltr' id='par_1_3' title="bbox 154 521 1126 694">
     <span class='ocr_line' id='line_1_5' title="bbox 239 521 1125 559; baseline -0.008 -5"><span class='ocrx_word' id='word_1_19' title='bbox 239 523 352 555; x_wconf 81' lang='lat' dir='ltr'><strong>Sancti</strong></span> <span class='ocrx_word' id='word_1_20' title='bbox 380 522 558 553; x_wconf 85' lang='lat' dir='ltr'><strong>maioribus</strong></span> <span class='ocrx_word' id='word_1_21' title='bbox 587 521 752 552; x_wconf 81' lang='lat' dir='ltr'><strong>aerumnis</strong></span> <span class='ocrx_word' id='word_1_22' title='bbox 783 525 994 556; x_wconf 78' lang='lat' dir='ltr'><strong>exercentur,</strong></span> <span class='ocrx_word' id='word_1_23' title='bbox 1029 527 1125 559; x_wconf 86' lang='lat' dir='ltr'><strong>quam</strong></span> 
     </span>
     <span class='ocr_line' id='line_1_6' title="bbox 154 558 1126 603; baseline -0.008 -5"><span class='ocrx_word' id='word_1_24' title='bbox 154 566 277 598; x_wconf 81' lang='lat' dir='ltr'><strong>caeteri</strong></span> <span class='ocrx_word' id='word_1_25' title='bbox 306 565 473 603; x_wconf 81' lang='lat' dir='ltr'><strong>homines,</strong></span> <span class='ocrx_word' id='word_1_26' title='bbox 507 575 579 596; x_wconf 88' lang='lat' dir='ltr'><strong>cum</strong></span> <span class='ocrx_word' id='word_1_27' title='bbox 610 571 719 595; x_wconf 82' lang='lat' dir='ltr'><strong>tamen</strong></span> <span class='ocrx_word' id='word_1_28' title='bbox 742 561 894 594; x_wconf 83' lang='lat' dir='ltr'><strong>Ecclesia</strong></span> <span class='ocrx_word' id='word_1_29' title='bbox 917 562 1069 592; x_wconf 78' lang='lat' dir='ltr'><strong>videatur</strong></span> <span class='ocrx_word' id='word_1_30' title='bbox 1091 558 1126 590; x_wconf 90' lang='lat' dir='ltr'><strong>li-</strong></span> 
     </span>
     <span class='ocr_line' id='line_1_7' title="bbox 154 603 1126 641; baseline -0.007 -1"><span class='ocrx_word' id='word_1_31' title='bbox 154 610 235 640; x_wconf 87' lang='lat' dir='ltr'><strong>bera</strong></span> <span class='ocrx_word' id='word_1_32' title='bbox 257 618 335 640; x_wconf 84' lang='lat' dir='ltr'><strong>esse</strong></span> <span class='ocrx_word' id='word_1_33' title='bbox 357 608 480 639; x_wconf 84' lang='lat' dir='ltr'><strong>debere</strong></span> <span class='ocrx_word' id='word_1_34' title='bbox 502 608 544 639; x_wconf 82' lang='lat' dir='ltr'><strong>ab</strong></span> <span class='ocrx_word' id='word_1_35' title='bbox 564 606 724 638; x_wconf 87' lang='lat' dir='ltr'><strong>eiusmodi</strong></span> <span class='ocrx_word' id='word_1_36' title='bbox 746 604 858 641; x_wconf 82' lang='lat' dir='ltr'><strong>malis;</strong></span> <span class='ocrx_word' id='word_1_37' title='bbox 887 604 944 635; x_wconf 89' lang='lat' dir='ltr'><strong>Sic</strong></span> <span class='ocrx_word' id='word_1_38' title='bbox 967 603 1052 634; x_wconf 90' lang='lat' dir='ltr'><strong>enim</strong></span> <span class='ocrx_word' id='word_1_39' title='bbox 1074 612 1126 633; x_wconf 87' lang='lat' dir='ltr'><strong>ar-</strong></span> 
     </span>
     <span class='ocr_line' id='line_1_8' title="bbox 155 657 342 694; baseline -0.021 -10"><span class='ocrx_word' id='word_1_40' title='bbox 155 657 342 694; x_wconf 83' lang='lat' dir='ltr'><strong>gumentor:</strong></span> 
     </span>
    </p>
   </div>
   <div class='ocr_carea' id='block_1_4' title="bbox 155 649 1164 2286">
    <p class='ocr_par' dir='ltr' id='par_1_4' title="bbox 262 649 1154 868">
     <span class='ocr_line' id='line_1_9' title="bbox 1149 649 1154 666; baseline 0 0"><span class='ocrx_word' id='word_1_41' title='bbox 1149 649 1154 666; x_wconf 82' lang='grc' dir='ltr'>Ι</span> 
     </span>
     <span class='ocr_line' id='line_1_10' title="bbox 262 703 1127 747; baseline -0.008 -7"><span class='ocrx_word' id='word_1_42' title='bbox 262 709 405 740; x_wconf 81' lang='lat' dir='ltr'><strong>Ecclesia</strong></span> <span class='ocrx_word' id='word_1_43' title='bbox 440 713 484 740; x_wconf 79' lang='lat' dir='ltr'><strong>est</strong></span> <span class='ocrx_word' id='word_1_44' title='bbox 519 709 650 739; x_wconf 78' lang='lat' dir='ltr'><strong>liberata</strong></span> <span class='ocrx_word' id='word_1_45' title='bbox 678 719 697 737; x_wconf 87' lang='lat' dir='ltr'><strong>a</strong></span> <span class='ocrx_word' id='word_1_46' title='bbox 724 711 875 747; x_wconf 76' lang='lat' dir='ltr'><strong>peccato,</strong></span> <span class='ocrx_word' id='word_1_47' title='bbox 907 709 936 736; x_wconf 80' lang='lat' dir='ltr'><strong>et</strong></span> <span class='ocrx_word' id='word_1_48' title='bbox 960 703 1127 745; x_wconf 72' lang='lat' dir='ltr'><strong><em>tyrannide</em></strong></span> 
     </span>
     <span class='ocr_line' id='line_1_11' title="bbox 306 752 453 782; baseline -0.014 0"><span class='ocrx_word' id='word_1_49' title='bbox 306 752 453 782; x_wconf 78' lang='lat' dir='ltr'><em>Diaboli:</em></span> 
     </span>
     <span class='ocr_line' id='line_1_12' title="bbox 263 790 1126 835; baseline -0.008 -10"><span class='ocrx_word' id='word_1_50' title='bbox 263 794 351 835; x_wconf 74' lang='lat' dir='ltr'><strong>Eryo</strong></span> <span class='ocrx_word' id='word_1_51' title='bbox 385 796 477 824; x_wconf 79' lang='lat' dir='ltr'><strong>etiam</strong></span> <span class='ocrx_word' id='word_1_52' title='bbox 501 794 632 824; x_wconf 79' lang='lat' dir='ltr'><strong>liberata</strong></span> <span class='ocrx_word' id='word_1_53' title='bbox 650 797 695 823; x_wconf 77' lang='lat' dir='ltr'><strong>est</strong></span> <span class='ocrx_word' id='word_1_54' title='bbox 718 803 737 822; x_wconf 88' lang='lat' dir='ltr'><strong>a</strong></span> <span class='ocrx_word' id='word_1_55' title='bbox 758 795 855 822; x_wconf 80' lang='lat' dir='ltr'><strong>morte</strong></span> <span class='ocrx_word' id='word_1_56' title='bbox 878 794 907 821; x_wconf 72' lang='lat' dir='ltr'><strong>et</strong></span> <span class='ocrx_word' id='word_1_57' title='bbox 922 791 1053 820; x_wconf 76' lang='lat' dir='ltr'><strong>caeteris</strong></span> <span class='ocrx_word' id='word_1_58' title='bbox 1075 790 1126 818; x_wconf 82' lang='lat' dir='ltr'><strong>mi-</strong></span> 
     </span>
     <span class='ocr_line' id='line_1_13' title="bbox 304 839 405 868; baseline 0.01 -1"><span class='ocrx_word' id='word_1_59' title='bbox 304 839 405 868; x_wconf 80' lang='lat' dir='ltr'><strong>seriis.</strong></span> 
     </span>
    </p>

    <p class='ocr_par' dir='ltr' id='par_1_5' title="bbox 155 873 1130 1346">
     <span class='ocr_line' id='line_1_14' title="bbox 240 873 1127 923; baseline -0.008 -11"><span class='ocrx_word' id='word_1_60' title='bbox 240 880 314 912; x_wconf 85' lang='lat' dir='ltr'><strong>Hoc</strong></span> <span class='ocrx_word' id='word_1_61' title='bbox 336 885 562 923; x_wconf 82' lang='lat' dir='ltr'><strong>argumentum</strong></span> <span class='ocrx_word' id='word_1_62' title='bbox 584 879 721 910; x_wconf 79' lang='lat' dir='ltr'>sumitur</span> <span class='ocrx_word' id='word_1_63' title='bbox 743 887 783 909; x_wconf 83' lang='lat' dir='ltr'><strong>ex</strong></span> <span class='ocrx_word' id='word_1_64' title='bbox 803 877 953 908; x_wconf 87' lang='lat' dir='ltr'><strong>doctrina</strong></span> <span class='ocrx_word' id='word_1_65' title='bbox 971 876 1011 907; x_wconf 89' lang='lat' dir='ltr'><strong>de</strong></span> <span class='ocrx_word' id='word_1_66' title='bbox 1030 873 1127 906; x_wconf 86' lang='lat' dir='ltr'><strong>liber-</strong></span> 
     </span>
     <span class='ocr_line' id='line_1_15' title="bbox 156 916 1128 963; baseline -0.011 -7"><span class='ocrx_word' id='word_1_67' title='bbox 156 929 223 955; x_wconf 77' lang='lat' dir='ltr'><strong>tate</strong></span> <span class='ocrx_word' id='word_1_68' title='bbox 246 922 453 960; x_wconf 86' lang='lat' dir='ltr'><strong>Christiana,</strong></span> <span class='ocrx_word' id='word_1_69' title='bbox 483 923 522 953; x_wconf 85' lang='lat' dir='ltr'><strong>de</strong></span> <span class='ocrx_word' id='word_1_70' title='bbox 547 932 611 963; x_wconf 90' lang='lat' dir='ltr'><strong>qua</strong></span> <span class='ocrx_word' id='word_1_71' title='bbox 638 921 770 953; x_wconf 88' lang='lat' dir='ltr'><strong>dicitur:</strong></span> <span class='ocrx_word' id='word_1_72' title='bbox 799 920 836 949; x_wconf 81' lang='lat' dir='ltr'><strong>Si</strong></span> <span class='ocrx_word' id='word_1_73' title='bbox 860 918 960 948; x_wconf 74' lang='lat' dir='ltr'><strong>Fae&#39;lias</strong></span> <span class='ocrx_word' id='word_1_74' title='bbox 980 928 1035 947; x_wconf 81' lang='lat' dir='ltr'><strong>vos</strong></span> <span class='ocrx_word' id='word_1_75' title='bbox 1057 916 1128 946; x_wconf 73' lang='lat' dir='ltr'><strong>libe-</strong></span> 
     </span>
     <span class='ocr_line' id='line_1_16' title="bbox 156 962 1129 1001; baseline -0.009 -5"><span class='ocrx_word' id='word_1_76' title='bbox 156 968 288 1001; x_wconf 82' lang='lat' dir='ltr'><strong><em>raverit,</em></strong></span> <span class='ocrx_word' id='word_1_77' title='bbox 318 976 385 995; x_wconf 76' lang='lat' dir='ltr'><strong>vere</strong></span> <span class='ocrx_word' id='word_1_78' title='bbox 408 965 496 994; x_wconf 77' lang='lat' dir='ltr'><strong>liberi</strong></span> <span class='ocrx_word' id='word_1_79' title='bbox 523 966 618 994; x_wconf 79' lang='lat' dir='ltr'><strong>eritis.</strong></span> <span class='ocrx_word' id='word_1_80' title='bbox 663 963 756 994; x_wconf 77' lang='lat' dir='ltr'><strong>Item:</strong></span> <span class='ocrx_word' id='word_1_81' title='bbox 793 962 821 992; x_wconf 85' lang='lat' dir='ltr'><strong><em>O</em></strong></span> <span class='ocrx_word' id='word_1_82' title='bbox 847 972 944 995; x_wconf 85' lang='lat' dir='ltr'><strong>mors,</strong></span> <span class='ocrx_word' id='word_1_83' title='bbox 973 971 1026 990; x_wconf 85' lang='lat' dir='ltr'><strong>ero</strong></span> <span class='ocrx_word' id='word_1_84' title='bbox 1048 970 1129 989; x_wconf 85' lang='lat' dir='ltr'><strong>mors</strong></span> 
     </span>
     <span class='ocr_line' id='line_1_17' title="bbox 156 1003 1126 1041; baseline -0.007 -2"><span class='ocrx_word' id='word_1_85' title='bbox 156 1013 226 1039; x_wconf 80' lang='lat' dir='ltr'><strong>tua:</strong></span> <span class='ocrx_word' id='word_1_86' title='bbox 259 1009 314 1041; x_wconf 86' lang='lat' dir='ltr'><strong>ubi</strong></span> <span class='ocrx_word' id='word_1_87' title='bbox 344 1009 422 1039; x_wconf 89' lang='lat' dir='ltr'><strong>dicit</strong></span> <span class='ocrx_word' id='word_1_88' title='bbox 451 1006 553 1039; x_wconf 87' lang='lat' dir='ltr'><strong>Filius</strong></span> <span class='ocrx_word' id='word_1_89' title='bbox 575 1006 639 1038; x_wconf 87' lang='lat' dir='ltr'><strong>Dei</strong></span> <span class='ocrx_word' id='word_1_90' title='bbox 662 1016 700 1037; x_wconf 87' lang='lat' dir='ltr'><strong>se</strong></span> <span class='ocrx_word' id='word_1_91' title='bbox 722 1004 809 1037; x_wconf 84' lang='lat' dir='ltr'><strong>velle</strong></span> <span class='ocrx_word' id='word_1_92' title='bbox 832 1003 950 1035; x_wconf 89' lang='lat' dir='ltr'><strong>tollere</strong></span> <span class='ocrx_word' id='word_1_93' title='bbox 971 1008 1126 1034; x_wconf 83' lang='lat' dir='ltr'><strong>mortem:</strong></span> 
     </span>
     <span class='ocr_line' id='line_1_18' title="bbox 155 1047 1128 1093; baseline -0.01 -9"><span class='ocrx_word' id='word_1_94' title='bbox 155 1051 198 1083; x_wconf 86' lang='lat' dir='ltr'><strong>Et</strong></span> <span class='ocrx_word' id='word_1_95' title='bbox 218 1052 306 1093; x_wconf 80' lang='lat' dir='ltr'><strong>apud</strong></span> <span class='ocrx_word' id='word_1_96' title='bbox 324 1050 457 1082; x_wconf 79' lang='lat' dir='ltr'>Esaiam</span> <span class='ocrx_word' id='word_1_97' title='bbox 480 1051 596 1091; x_wconf 82' lang='lat' dir='ltr'><strong>inquit:</strong></span> <span class='ocrx_word' id='word_1_98' title='bbox 620 1048 714 1083; x_wconf 74' lang='lat' dir='ltr'><strong>Quod</strong></span> <span class='ocrx_word' id='word_1_99' title='bbox 737 1048 809 1078; x_wconf 79' lang='lat' dir='ltr'><strong>velit</strong></span> <span class='ocrx_word' id='word_1_100' title='bbox 831 1047 983 1076; x_wconf 77' lang='lat' dir='ltr'><strong>involvere</strong></span> <span class='ocrx_word' id='word_1_101' title='bbox 1004 1049 1128 1075; x_wconf 83' lang='lat' dir='ltr'><strong>mortem</strong></span> 
     </span>
     <span class='ocr_line' id='line_1_19' title="bbox 156 1088 1128 1132; baseline -0.007 -8"><span class='ocrx_word' id='word_1_102' title='bbox 156 1094 272 1132; x_wconf 78' lang='lat' dir='ltr'><strong>linteis,</strong></span> <span class='ocrx_word' id='word_1_103' title='bbox 289 1095 368 1123; x_wconf 77' lang='lat' dir='ltr'><strong>sicut</strong></span> <span class='ocrx_word' id='word_1_104' title='bbox 388 1093 531 1127; x_wconf 73' lang='lat' dir='ltr'><strong>cadaver,</strong></span> <span class='ocrx_word' id='word_1_105' title='bbox 551 1096 580 1121; x_wconf 79' lang='lat' dir='ltr'><strong>et</strong></span> <span class='ocrx_word' id='word_1_106' title='bbox 598 1093 815 1131; x_wconf 80' lang='lat' dir='ltr'><strong>praecipitare</strong></span> <span class='ocrx_word' id='word_1_107' title='bbox 834 1090 873 1119; x_wconf 82' lang='lat' dir='ltr'><strong>de</strong></span> <span class='ocrx_word' id='word_1_108' title='bbox 895 1093 1002 1119; x_wconf 84' lang='lat' dir='ltr'><strong>monte.</strong></span> <span class='ocrx_word' id='word_1_109' title='bbox 1048 1088 1128 1118; x_wconf 89' lang='lat' dir='ltr'><strong>Item</strong></span> 
     </span>
     <span class='ocr_line' id='line_1_20' title="bbox 156 1133 1129 1173; baseline -0.011 -4"><span class='ocrx_word' id='word_1_110' title='bbox 156 1138 188 1169; x_wconf 89' lang='lat' dir='ltr'><strong>in</strong></span> <span class='ocrx_word' id='word_1_111' title='bbox 210 1136 363 1168; x_wconf 79' lang='lat' dir='ltr'><strong>Michaea</strong></span> <span class='ocrx_word' id='word_1_112' title='bbox 386 1137 482 1173; x_wconf 87' lang='lat' dir='ltr'><strong>dicit,</strong></span> <span class='ocrx_word' id='word_1_113' title='bbox 517 1145 555 1166; x_wconf 88' lang='lat' dir='ltr'><strong>se</strong></span> <span class='ocrx_word' id='word_1_114' title='bbox 582 1133 668 1166; x_wconf 76' lang='lat' dir='ltr'><strong>velle</strong></span> <span class='ocrx_word' id='word_1_115' title='bbox 699 1134 831 1163; x_wconf 63' lang='lat' dir='ltr'><strong>abiit-ere</strong></span> <span class='ocrx_word' id='word_1_116' title='bbox 857 1135 991 1171; x_wconf 78' lang='lat' dir='ltr'><strong>peccata</strong></span> <span class='ocrx_word' id='word_1_117' title='bbox 1021 1133 1129 1159; x_wconf 80' lang='lat' dir='ltr'><strong>nostra</strong></span> 
     </span>
     <span class='ocr_line' id='line_1_21' title="bbox 156 1172 1128 1220; baseline -0.009 -10"><span class='ocrx_word' id='word_1_118' title='bbox 156 1181 189 1210; x_wconf 85' lang='lat' dir='ltr'><strong>in</strong></span> <span class='ocrx_word' id='word_1_119' title='bbox 225 1179 352 1220; x_wconf 79' lang='lat' dir='ltr'><em>abyssos</em></span> <span class='ocrx_word' id='word_1_120' title='bbox 381 1180 484 1207; x_wconf 81' lang='lat' dir='ltr'><strong>maris.</strong></span> <span class='ocrx_word' id='word_1_121' title='bbox 541 1177 613 1209; x_wconf 87' lang='lat' dir='ltr'><strong>Hoc</strong></span> <span class='ocrx_word' id='word_1_122' title='bbox 648 1175 888 1207; x_wconf 86' lang='lat' dir='ltr'><strong>transtulerunt</strong></span> <span class='ocrx_word' id='word_1_123' title='bbox 921 1174 1053 1215; x_wconf 89' lang='lat' dir='ltr'><strong>quidam</strong></span> <span class='ocrx_word' id='word_1_124' title='bbox 1087 1172 1128 1202; x_wconf 85' lang='lat' dir='ltr'><strong>ad</strong></span> 
     </span>
     <span class='ocr_line' id='line_1_22' title="bbox 159 1217 1129 1264; baseline -0.009 -11"><span class='ocrx_word' id='word_1_125' title='bbox 159 1223 373 1264; x_wconf 80' lang='lat' dir='ltr'><strong>baptismum,</strong></span> <span class='ocrx_word' id='word_1_126' title='bbox 395 1231 457 1252; x_wconf 92' lang='lat' dir='ltr'><strong>nec</strong></span> <span class='ocrx_word' id='word_1_127' title='bbox 480 1227 530 1251; x_wconf 85' lang='lat' dir='ltr'><strong>est</strong></span> <span class='ocrx_word' id='word_1_128' title='bbox 553 1221 748 1251; x_wconf 79' lang='lat' dir='ltr'><strong>inconcinna</strong></span> <span class='ocrx_word' id='word_1_129' title='bbox 773 1217 908 1250; x_wconf 84' lang='lat' dir='ltr'><strong>allusio:</strong></span> <span class='ocrx_word' id='word_1_130' title='bbox 938 1217 997 1247; x_wconf 87' lang='lat' dir='ltr'><strong>sed</strong></span> <span class='ocrx_word' id='word_1_131' title='bbox 1021 1222 1129 1246; x_wconf 70' lang='lat' dir='ltr'><strong>tax-tus</strong></span> 
     </span>
     <span class='ocr_line' id='line_1_23' title="bbox 156 1257 1130 1336; baseline -0.008 -40"><span class='ocrx_word' id='word_1_132' title='bbox 156 1264 222 1296; x_wconf 89' lang='lat' dir='ltr'><strong>hoc</strong></span> <span class='ocrx_word' id='word_1_133' title='bbox 246 1265 335 1302; x_wconf 87' lang='lat' dir='ltr'><strong>dicit,</strong></span> <span class='ocrx_word' id='word_1_134' title='bbox 358 1263 446 1336; x_wconf 59' lang='lat' dir='ltr'><strong>‹luod</strong></span> <span class='ocrx_word' id='word_1_135' title='bbox 470 1261 572 1293; x_wconf 86' lang='lat' dir='ltr'><strong>Filius</strong></span> <span class='ocrx_word' id='word_1_136' title='bbox 595 1262 659 1294; x_wconf 88' lang='lat' dir='ltr'><strong>Dei</strong></span> <span class='ocrx_word' id='word_1_137' title='bbox 682 1261 762 1293; x_wconf 85' lang='lat' dir='ltr'><strong>velit</strong></span> <span class='ocrx_word' id='word_1_138' title='bbox 785 1269 922 1302; x_wconf 81' lang='lat' dir='ltr'><strong>prorsus</strong></span> <span class='ocrx_word' id='word_1_139' title='bbox 945 1257 1074 1295; x_wconf 86' lang='lat' dir='ltr'><strong>tollere,</strong></span> <span class='ocrx_word' id='word_1_140' title='bbox 1100 1262 1130 1288; x_wconf 89' lang='lat' dir='ltr'><strong>et</strong></span> 
     </span>
     <span class='ocr_line' id='line_1_24' title="bbox 157 1306 641 1346; baseline -0.008 -7"><span class='ocrx_word' id='word_1_141' title='bbox 157 1306 302 1339; x_wconf 81' lang='lat' dir='ltr'><strong>funditus</strong></span> <span class='ocrx_word' id='word_1_142' title='bbox 325 1307 366 1337; x_wconf 91' lang='lat' dir='ltr'><strong>de</strong></span> <span class='ocrx_word' id='word_1_143' title='bbox 381 1316 436 1337; x_wconf 88' lang='lat' dir='ltr'><strong>ere</strong></span> <span class='ocrx_word' id='word_1_144' title='bbox 459 1310 641 1346; x_wconf 86' lang='lat' dir='ltr'><strong>peccatum.</strong></span> 
     </span>
    </p>

    <p class='ocr_par' dir='ltr' id='par_1_6' title="bbox 158 1341 1132 1636">
     <span class='ocr_line' id='line_1_25' title="bbox 243 1341 1132 1389; baseline -0.01 -9"><span class='ocrx_word' id='word_1_145' title='bbox 243 1348 444 1389; x_wconf 86' lang='lat' dir='ltr'><strong>Respondeo</strong></span> <span class='ocrx_word' id='word_1_146' title='bbox 471 1353 579 1379; x_wconf 88' lang='lat' dir='ltr'><strong>autem</strong></span> <span class='ocrx_word' id='word_1_147' title='bbox 609 1347 650 1378; x_wconf 89' lang='lat' dir='ltr'><strong>ad</strong></span> <span class='ocrx_word' id='word_1_148' title='bbox 678 1351 922 1388; x_wconf 80' lang='lat' dir='ltr'>argumentum:</span> <span class='ocrx_word' id='word_1_149' title='bbox 952 1343 1072 1374; x_wconf 90' lang='lat' dir='ltr'><strong>Sumus</strong></span> <span class='ocrx_word' id='word_1_150' title='bbox 1095 1341 1132 1372; x_wconf 86' lang='lat' dir='ltr'><strong>li-</strong></span> 
     </span>
     <span class='ocr_line' id='line_1_26' title="bbox 159 1385 1131 1432; baseline -0.009 -8"><span class='ocrx_word' id='word_1_151' title='bbox 159 1392 262 1425; x_wconf 85' lang='lat' dir='ltr'><strong>berati</strong></span> <span class='ocrx_word' id='word_1_152' title='bbox 284 1402 305 1423; x_wconf 87' lang='lat' dir='ltr'><strong>a</strong></span> <span class='ocrx_word' id='word_1_153' title='bbox 327 1397 467 1432; x_wconf 84' lang='lat' dir='ltr'><strong>peccato</strong></span> <span class='ocrx_word' id='word_1_154' title='bbox 498 1390 530 1420; x_wconf 91' lang='lat' dir='ltr'><strong>in</strong></span> <span class='ocrx_word' id='word_1_155' title='bbox 553 1390 616 1421; x_wconf 88' lang='lat' dir='ltr'><strong>hac</strong></span> <span class='ocrx_word' id='word_1_156' title='bbox 639 1389 722 1427; x_wconf 83' lang='lat' dir='ltr'><strong>vita,</strong></span> <span class='ocrx_word' id='word_1_157' title='bbox 750 1387 896 1425; x_wconf 60' lang='lat' dir='ltr'><strong>sedicet,</strong></span> <span class='ocrx_word' id='word_1_158' title='bbox 918 1385 1131 1426; x_wconf 87' lang='lat' dir='ltr'><strong>imputatione</strong></span> 
     </span>
     <span class='ocr_line' id='line_1_27' title="bbox 158 1427 1131 1469; baseline -0.01 -2"><span class='ocrx_word' id='word_1_159' title='bbox 158 1441 190 1467; x_wconf 85' lang='lat' dir='ltr'><strong>et</strong></span> <span class='ocrx_word' id='word_1_160' title='bbox 212 1433 429 1467; x_wconf 76' lang='lat' dir='ltr'><strong>inchoatione.</strong></span> <span class='ocrx_word' id='word_1_161' title='bbox 483 1432 627 1463; x_wconf 85' lang='lat' dir='ltr'><strong>Liberati</strong></span> <span class='ocrx_word' id='word_1_162' title='bbox 657 1431 753 1463; x_wconf 87' lang='lat' dir='ltr'><strong>etiam</strong></span> <span class='ocrx_word' id='word_1_163' title='bbox 780 1440 894 1462; x_wconf 85' lang='lat' dir='ltr'><strong>sumus</strong></span> <span class='ocrx_word' id='word_1_164' title='bbox 916 1439 936 1460; x_wconf 87' lang='lat' dir='ltr'><strong>a</strong></span> <span class='ocrx_word' id='word_1_165' title='bbox 959 1427 1131 1469; x_wconf 83' lang='lat' dir='ltr'><strong>tyrannide</strong></span> 
     </span>
     <span class='ocr_line' id='line_1_28' title="bbox 158 1471 1131 1515; baseline -0.009 -5"><span class='ocrx_word' id='word_1_166' title='bbox 158 1476 302 1515; x_wconf 89' lang='lat' dir='ltr'><strong>Diaboli,</strong></span> <span class='ocrx_word' id='word_1_167' title='bbox 349 1487 384 1508; x_wconf 89' lang='lat' dir='ltr'><strong>er</strong></span> <span class='ocrx_word' id='word_1_168' title='bbox 407 1474 646 1512; x_wconf 81' lang='lat' dir='ltr'><strong>defensionem,</strong></span> <span class='ocrx_word' id='word_1_169' title='bbox 664 1473 792 1505; x_wconf 84' lang='lat' dir='ltr'><strong>scilicet</strong></span> <span class='ocrx_word' id='word_1_170' title='bbox 815 1472 902 1514; x_wconf 91' lang='lat' dir='ltr'><strong>quod</strong></span> <span class='ocrx_word' id='word_1_171' title='bbox 926 1471 1131 1503; x_wconf 83' lang='lat' dir='ltr'><strong>defendimur</strong></span> 
     </span>
     <span class='ocr_line' id='line_1_29' title="bbox 158 1512 1130 1559; baseline -0.01 -6"><span class='ocrx_word' id='word_1_172' title='bbox 158 1531 178 1553; x_wconf 81' lang='lat' dir='ltr'><strong>a</strong></span> <span class='ocrx_word' id='word_1_173' title='bbox 200 1518 284 1552; x_wconf 90' lang='lat' dir='ltr'><strong>Filio</strong></span> <span class='ocrx_word' id='word_1_174' title='bbox 348 1520 387 1551; x_wconf 92' lang='lat' dir='ltr'><strong>ei.</strong></span> <span class='ocrx_word' id='word_1_175' title='bbox 442 1519 534 1554; x_wconf 83' lang='lat' dir='ltr'><strong>Non,</strong></span> <span class='ocrx_word' id='word_1_176' title='bbox 568 1517 643 1559; x_wconf 89' lang='lat' dir='ltr'><strong>quia</strong></span> <span class='ocrx_word' id='word_1_177' title='bbox 671 1515 727 1548; x_wconf 87' lang='lat' dir='ltr'><strong>ille</strong></span> <span class='ocrx_word' id='word_1_178' title='bbox 755 1526 821 1547; x_wconf 92' lang='lat' dir='ltr'><strong>non</strong></span> <span class='ocrx_word' id='word_1_179' title='bbox 852 1519 1038 1556; x_wconf 85' lang='lat' dir='ltr'><strong>oppugnet;</strong></span> <span class='ocrx_word' id='word_1_180' title='bbox 1070 1512 1130 1544; x_wconf 91' lang='lat' dir='ltr'><strong>sed</strong></span> 
     </span>
     <span class='ocr_line' id='line_1_30' title="bbox 159 1558 1132 1606; baseline -0.012 -10"><span class='ocrx_word' id='word_1_181' title='bbox 159 1564 235 1606; x_wconf 85' lang='lat' dir='ltr'><strong>quia</strong></span> <span class='ocrx_word' id='word_1_182' title='bbox 266 1572 333 1594; x_wconf 90' lang='lat' dir='ltr'><strong>non</strong></span> <span class='ocrx_word' id='word_1_183' title='bbox 362 1563 491 1599; x_wconf 82' lang='lat' dir='ltr'><strong>vincat,</strong></span> <span class='ocrx_word' id='word_1_184' title='bbox 524 1562 613 1592; x_wconf 58' lang='lat' dir='ltr'><strong>iuxta</strong></span> <span class='ocrx_word' id='word_1_185' title='bbox 640 1560 778 1592; x_wconf 80' lang='lat' dir='ltr'><strong>dictum:</strong></span> <span class='ocrx_word' id='word_1_186' title='bbox 812 1558 908 1588; x_wconf 85' lang='lat' dir='ltr'><strong>Nemo</strong></span> <span class='ocrx_word' id='word_1_187' title='bbox 936 1558 1039 1596; x_wconf 83' lang='lat' dir='ltr'><strong>rapiet</strong></span> <span class='ocrx_word' id='word_1_188' title='bbox 1062 1565 1132 1585; x_wconf 76' lang='lat' dir='ltr'><strong>oves</strong></span> 
     </span>
     <span class='ocr_line' id='line_1_31' title="bbox 159 1604 561 1636; baseline -0.005 0"><span class='ocrx_word' id='word_1_189' title='bbox 159 1616 240 1636; x_wconf 79' lang='lat' dir='ltr'><strong>meas</strong></span> <span class='ocrx_word' id='word_1_190' title='bbox 262 1616 302 1635; x_wconf 68' lang='lat' dir='ltr'><strong>ex</strong></span> <span class='ocrx_word' id='word_1_191' title='bbox 325 1604 461 1634; x_wconf 75' lang='lat' dir='ltr'><strong>manibus</strong></span> <span class='ocrx_word' id='word_1_192' title='bbox 479 1605 561 1634; x_wconf 78' lang='lat' dir='ltr'><strong>meis.</strong></span> 
     </span>
    </p>

    <p class='ocr_par' dir='ltr' id='par_1_7' title="bbox 160 1641 1164 2236">
     <span class='ocr_line' id='line_1_32' title="bbox 246 1641 1132 1690; baseline -0.012 -10"><span class='ocrx_word' id='word_1_193' title='bbox 246 1647 341 1683; x_wconf 86' lang='lat' dir='ltr'><strong>Quod</strong></span> <span class='ocrx_word' id='word_1_194' title='bbox 366 1658 447 1690; x_wconf 81' lang='lat' dir='ltr'><strong>ergo</strong></span> <span class='ocrx_word' id='word_1_195' title='bbox 476 1647 507 1678; x_wconf 94' lang='lat' dir='ltr'><strong>in</strong></span> <span class='ocrx_word' id='word_1_196' title='bbox 533 1644 748 1677; x_wconf 89' lang='lat' dir='ltr'><strong>conclusione</strong></span> <span class='ocrx_word' id='word_1_197' title='bbox 771 1644 902 1675; x_wconf 88' lang='lat' dir='ltr'><strong>dicitur:</strong></span> <span class='ocrx_word' id='word_1_198' title='bbox 931 1642 1039 1672; x_wconf 81' lang='lat' dir='ltr'><strong>Sumus</strong></span> <span class='ocrx_word' id='word_1_199' title='bbox 1062 1641 1132 1670; x_wconf 77' lang='lat' dir='ltr'><strong>libe-</strong></span> 
     </span>
     <span class='ocr_line' id='line_1_33' title="bbox 160 1684 1132 1731; baseline -0.008 -9"><span class='ocrx_word' id='word_1_200' title='bbox 160 1693 224 1722; x_wconf 85' lang='lat' dir='ltr'><strong>rati</strong></span> <span class='ocrx_word' id='word_1_201' title='bbox 246 1702 264 1720; x_wconf 90' lang='lat' dir='ltr'><strong>a</strong></span> <span class='ocrx_word' id='word_1_202' title='bbox 288 1692 435 1720; x_wconf 75' lang='lat' dir='ltr'><strong>miseriis:</strong></span> <span class='ocrx_word' id='word_1_203' title='bbox 459 1689 676 1731; x_wconf 69' lang='lat' dir='ltr'><strong>Responde0‚</strong></span> <span class='ocrx_word' id='word_1_204' title='bbox 700 1687 859 1719; x_wconf 77' lang='lat' dir='ltr'><strong>Essemus</strong></span> <span class='ocrx_word' id='word_1_205' title='bbox 883 1685 1011 1716; x_wconf 86' lang='lat' dir='ltr'><strong>liberati</strong></span> <span class='ocrx_word' id='word_1_206' title='bbox 1034 1695 1054 1715; x_wconf 83' lang='lat' dir='ltr'><strong>a</strong></span> <span class='ocrx_word' id='word_1_207' title='bbox 1076 1684 1132 1715; x_wconf 89' lang='lat' dir='ltr'><strong>mi-</strong></span> 
     </span>
     <span class='ocr_line' id='line_1_34' title="bbox 161 1728 1133 1772; baseline -0.01 -5"><span class='ocrx_word' id='word_1_208' title='bbox 161 1734 276 1772; x_wconf 75' lang='lat' dir='ltr'><strong>seriis,</strong></span> <span class='ocrx_word' id='word_1_209' title='bbox 307 1734 333 1764; x_wconf 83' lang='lat' dir='ltr'><strong>si</strong></span> <span class='ocrx_word' id='word_1_210' title='bbox 362 1742 512 1764; x_wconf 82' lang='lat' dir='ltr'><strong>essemus</strong></span> <span class='ocrx_word' id='word_1_211' title='bbox 541 1731 822 1762; x_wconf 80' lang='lat' dir='ltr'><strong>consummatione</strong></span> <span class='ocrx_word' id='word_1_212' title='bbox 851 1728 980 1760; x_wconf 78' lang='lat' dir='ltr'><strong>liberati</strong></span> <span class='ocrx_word' id='word_1_213' title='bbox 1009 1737 1028 1758; x_wconf 86' lang='lat' dir='ltr'><strong>a</strong></span> <span class='ocrx_word' id='word_1_214' title='bbox 1057 1737 1133 1768; x_wconf 84' lang='lat' dir='ltr'><strong>pec-</strong></span> 
     </span>
     <span class='ocr_line' id='line_1_35' title="bbox 163 1769 1132 1813; baseline -0.01 -4"><span class='ocrx_word' id='word_1_215' title='bbox 163 1784 253 1813; x_wconf 84' lang='lat' dir='ltr'><strong>cato;</strong></span> <span class='ocrx_word' id='word_1_216' title='bbox 282 1783 313 1807; x_wconf 92' lang='lat' dir='ltr'><strong>et</strong></span> <span class='ocrx_word' id='word_1_217' title='bbox 342 1777 390 1807; x_wconf 79' lang='lat' dir='ltr'><strong>sic</strong></span> <span class='ocrx_word' id='word_1_218' title='bbox 421 1782 510 1806; x_wconf 86' lang='lat' dir='ltr'><strong>certe</strong></span> <span class='ocrx_word' id='word_1_219' title='bbox 539 1773 749 1805; x_wconf 84' lang='lat' dir='ltr'><strong>liberabimur</strong></span> <span class='ocrx_word' id='word_1_220' title='bbox 777 1771 952 1813; x_wconf 79' lang='lat' dir='ltr'><strong>aliquando</strong></span> <span class='ocrx_word' id='word_1_221' title='bbox 980 1769 1078 1811; x_wconf 85' lang='lat' dir='ltr'><strong>plene</strong></span> <span class='ocrx_word' id='word_1_222' title='bbox 1101 1775 1132 1800; x_wconf 90' lang='lat' dir='ltr'><strong>et</strong></span> 
     </span>
     <span class='ocr_line' id='line_1_36' title="bbox 162 1813 1133 1861; baseline -0.01 -9"><span class='ocrx_word' id='word_1_223' title='bbox 162 1821 299 1861; x_wconf 84' lang='lat' dir='ltr'><strong>integre.</strong></span> <span class='ocrx_word' id='word_1_224' title='bbox 356 1819 489 1850; x_wconf 72' lang='lat' dir='ltr'><strong>Manent</strong></span> <span class='ocrx_word' id='word_1_225' title='bbox 520 1824 629 1849; x_wconf 81' lang='lat' dir='ltr'><strong>autem</strong></span> <span class='ocrx_word' id='word_1_226' title='bbox 659 1817 690 1847; x_wconf 93' lang='lat' dir='ltr'><strong>in</strong></span> <span class='ocrx_word' id='word_1_227' title='bbox 720 1817 783 1847; x_wconf 85' lang='lat' dir='ltr'><strong>hac</strong></span> <span class='ocrx_word' id='word_1_228' title='bbox 813 1816 880 1845; x_wconf 81' lang='lat' dir='ltr'><strong>vita</strong></span> <span class='ocrx_word' id='word_1_229' title='bbox 911 1824 998 1845; x_wconf 90' lang='lat' dir='ltr'><strong>mors</strong></span> <span class='ocrx_word' id='word_1_230' title='bbox 1022 1818 1055 1843; x_wconf 90' lang='lat' dir='ltr'><strong>et</strong></span> <span class='ocrx_word' id='word_1_231' title='bbox 1076 1813 1133 1843; x_wconf 87' lang='lat' dir='ltr'><strong>mi-</strong></span> 
     </span>
     <span class='ocr_line' id='line_1_37' title="bbox 162 1857 1133 1903; baseline -0.009 -9"><span class='ocrx_word' id='word_1_232' title='bbox 162 1863 266 1899; x_wconf 79' lang='lat' dir='ltr'><strong>seria3</strong></span> <span class='ocrx_word' id='word_1_233' title='bbox 300 1862 376 1903; x_wconf 90' lang='lat' dir='ltr'><strong>quia</strong></span> <span class='ocrx_word' id='word_1_234' title='bbox 404 1867 512 1892; x_wconf 87' lang='lat' dir='ltr'><strong>manet</strong></span> <span class='ocrx_word' id='word_1_235' title='bbox 542 1865 711 1900; x_wconf 86' lang='lat' dir='ltr'><strong>peccatum</strong></span> <span class='ocrx_word' id='word_1_236' title='bbox 741 1860 773 1889; x_wconf 90' lang='lat' dir='ltr'><strong>in</strong></span> <span class='ocrx_word' id='word_1_237' title='bbox 802 1858 946 1894; x_wconf 83' lang='lat' dir='ltr'><strong>sanetis,</strong></span> <span class='ocrx_word' id='word_1_238' title='bbox 979 1857 1012 1887; x_wconf 89' lang='lat' dir='ltr'><strong>in</strong></span> <span class='ocrx_word' id='word_1_239' title='bbox 1034 1865 1133 1886; x_wconf 88' lang='lat' dir='ltr'><strong>carne</strong></span> 
     </span>
     <span class='ocr_line' id='line_1_38' title="bbox 163 1898 1133 1944; baseline -0.008 -8"><span class='ocrx_word' id='word_1_240' title='bbox 163 1915 289 1942; x_wconf 87' lang='lat' dir='ltr'><strong>eorum,</strong></span> <span class='ocrx_word' id='word_1_241' title='bbox 309 1910 340 1935; x_wconf 86' lang='lat' dir='ltr'><strong>et</strong></span> <span class='ocrx_word' id='word_1_242' title='bbox 363 1903 426 1934; x_wconf 79' lang='lat' dir='ltr'><strong>hor.</strong></span> <span class='ocrx_word' id='word_1_243' title='bbox 449 1909 576 1944; x_wconf 77' lang='lat' dir='ltr'><strong>oportet</strong></span> <span class='ocrx_word' id='word_1_244' title='bbox 596 1901 751 1943; x_wconf 84' lang='lat' dir='ltr'><strong>paulatim</strong></span> <span class='ocrx_word' id='word_1_245' title='bbox 775 1899 914 1932; x_wconf 83' lang='lat' dir='ltr'><strong>aboleri:</strong></span> <span class='ocrx_word' id='word_1_246' title='bbox 938 1899 1031 1931; x_wconf 85' lang='lat' dir='ltr'><strong>Sicut</strong></span> <span class='ocrx_word' id='word_1_247' title='bbox 1050 1898 1133 1929; x_wconf 84' lang='lat' dir='ltr'><strong>Pau-</strong></span> 
     </span>
     <span class='ocr_line' id='line_1_39' title="bbox 162 1945 1132 1990; baseline -0.011 -10"><span class='ocrx_word' id='word_1_248' title='bbox 162 1947 215 1980; x_wconf 84' lang='lat' dir='ltr'><strong>lus</strong></span> <span class='ocrx_word' id='word_1_249' title='bbox 242 1948 359 1990; x_wconf 85' lang='lat' dir='ltr'><strong>inquit:</strong></span> <span class='ocrx_word' id='word_1_250' title='bbox 401 1946 522 1985; x_wconf 59' lang='lat' dir='ltr'><strong>(for-pus</strong></span> <span class='ocrx_word' id='word_1_251' title='bbox 548 1949 695 1974; x_wconf 73' lang='lat' dir='ltr'><strong>mortuum</strong></span> <span class='ocrx_word' id='word_1_252' title='bbox 730 1948 775 1973; x_wconf 73' lang='lat' dir='ltr'><strong>est</strong></span> <span class='ocrx_word' id='word_1_253' title='bbox 800 1947 932 1983; x_wconf 77' lang='lat' dir='ltr'><strong>propter</strong></span> <span class='ocrx_word' id='word_1_254' title='bbox 958 1945 1132 1981; x_wconf 70' lang='lat' dir='ltr'><strong>peccatum:</strong></span> 
     </span>
     <span class='ocr_line' id='line_1_40' title="bbox 163 1983 1134 2028; baseline -0.01 -5"><span class='ocrx_word' id='word_1_255' title='bbox 163 1992 195 2023; x_wconf 85' lang='lat' dir='ltr'><strong>id</strong></span> <span class='ocrx_word' id='word_1_256' title='bbox 218 1997 286 2028; x_wconf 82' lang='lat' dir='ltr'><strong>est,</strong></span> <span class='ocrx_word' id='word_1_257' title='bbox 309 1990 484 2021; x_wconf 77' lang='lat' dir='ltr'><strong>obnoxium</strong></span> <span class='ocrx_word' id='word_1_258' title='bbox 508 1995 556 2018; x_wconf 87' lang='lat' dir='ltr'><strong>est</strong></span> <span class='ocrx_word' id='word_1_259' title='bbox 581 1989 689 2025; x_wconf 88' lang='lat' dir='ltr'><strong>morti,</strong></span> <span class='ocrx_word' id='word_1_260' title='bbox 712 1997 781 2018; x_wconf 86' lang='lat' dir='ltr'><strong>seu.</strong></span> <span class='ocrx_word' id='word_1_261' title='bbox 805 1992 855 2017; x_wconf 81' lang='lat' dir='ltr'><strong>est</strong></span> <span class='ocrx_word' id='word_1_262' title='bbox 878 1983 1035 2021; x_wconf 85' lang='lat' dir='ltr'><strong>mortale,</strong></span> <span class='ocrx_word' id='word_1_263' title='bbox 1060 1994 1134 2024; x_wconf 88' lang='lat' dir='ltr'><strong>pro-</strong></span> 
     </span>
     <span class='ocr_line' id='line_1_41' title="bbox 162 2027 1135 2076; baseline -0.01 -10"><span class='ocrx_word' id='word_1_264' title='bbox 162 2039 236 2076; x_wconf 86' lang='lat' dir='ltr'><strong>pter</strong></span> <span class='ocrx_word' id='word_1_265' title='bbox 268 2039 439 2075; x_wconf 88' lang='lat' dir='ltr'><strong>peccatum</strong></span> <span class='ocrx_word' id='word_1_266' title='bbox 470 2029 656 2062; x_wconf 73' lang='lat' dir='ltr'><strong>inhaerens.</strong></span> <span class='ocrx_word' id='word_1_267' title='bbox 710 2030 784 2060; x_wconf 83' lang='lat' dir='ltr'><strong>Non</strong></span> <span class='ocrx_word' id='word_1_268' title='bbox 815 2029 899 2059; x_wconf 85' lang='lat' dir='ltr'><strong>enim</strong></span> <span class='ocrx_word' id='word_1_269' title='bbox 930 2027 1072 2068; x_wconf 88' lang='lat' dir='ltr'><strong>loquitur</strong></span> <span class='ocrx_word' id='word_1_270' title='bbox 1095 2027 1135 2057; x_wconf 89' lang='lat' dir='ltr'><strong>de</strong></span> 
     </span>
     <span class='ocr_line' id='line_1_42' title="bbox 164 2070 1134 2117; baseline -0.009 -8"><span class='ocrx_word' id='word_1_271' title='bbox 164 2077 262 2109; x_wconf 77' lang='lat' dir='ltr'><strong>sactis</strong></span> <span class='ocrx_word' id='word_1_272' title='bbox 296 2075 499 2117; x_wconf 70' lang='lat' dir='ltr'><strong>praeteritis,</strong></span> <span class='ocrx_word' id='word_1_273' title='bbox 533 2073 805 2115; x_wconf 85' lang='lat' dir='ltr'><strong>quemadmodum</strong></span> <span class='ocrx_word' id='word_1_274' title='bbox 840 2070 939 2111; x_wconf 81' lang='lat' dir='ltr'><strong>aliqui</strong></span> <span class='ocrx_word' id='word_1_275' title='bbox 975 2079 1134 2111; x_wconf 76' lang='lat' dir='ltr'><strong>exposue-</strong></span> 
     </span>
     <span class='ocr_line' id='line_1_43' title="bbox 164 2114 1136 2159; baseline -0.009 -8"><span class='ocrx_word' id='word_1_276' title='bbox 164 2126 254 2151; x_wconf 83' lang='lat' dir='ltr'><strong>runt:</strong></span> <span class='ocrx_word' id='word_1_277' title='bbox 283 2118 342 2149; x_wconf 81' lang='lat' dir='ltr'><strong>sed</strong></span> <span class='ocrx_word' id='word_1_278' title='bbox 373 2118 449 2159; x_wconf 87' lang='lat' dir='ltr'><strong>qnia</strong></span> <span class='ocrx_word' id='word_1_279' title='bbox 479 2117 510 2146; x_wconf 89' lang='lat' dir='ltr'><strong>in</strong></span> <span class='ocrx_word' id='word_1_280' title='bbox 539 2116 602 2147; x_wconf 84' lang='lat' dir='ltr'><strong>hac</strong></span> <span class='ocrx_word' id='word_1_281' title='bbox 627 2126 724 2146; x_wconf 72' lang='lat' dir='ltr'><strong>carne</strong></span> <span class='ocrx_word' id='word_1_282' title='bbox 748 2114 855 2145; x_wconf 83' lang='lat' dir='ltr'><strong>adhuc</strong></span> <span class='ocrx_word' id='word_1_283' title='bbox 878 2120 928 2144; x_wconf 81' lang='lat' dir='ltr'><strong>est</strong></span> <span class='ocrx_word' id='word_1_284' title='bbox 951 2118 1136 2153; x_wconf 84' lang='lat' dir='ltr'><strong>peccatum,</strong></span> 
     </span>
     <span class='ocr_line' id='line_1_44' title="bbox 164 2155 1164 2202; baseline -0.01 -8"><span class='ocrx_word' id='word_1_285' title='bbox 164 2163 240 2194; x_wconf 88' lang='lat' dir='ltr'><strong>ideo</strong></span> <span class='ocrx_word' id='word_1_286' title='bbox 264 2167 393 2202; x_wconf 84' lang='lat' dir='ltr'><strong>oportet</strong></span> <span class='ocrx_word' id='word_1_287' title='bbox 417 2158 541 2191; x_wconf 79' lang='lat' dir='ltr'><strong>aboleri</strong></span> <span class='ocrx_word' id='word_1_288' title='bbox 565 2165 596 2190; x_wconf 87' lang='lat' dir='ltr'><strong>et</strong></span> <span class='ocrx_word' id='word_1_289' title='bbox 620 2158 814 2199; x_wconf 73' lang='lat' dir='ltr'><strong>expurgari,</strong></span> <span class='ocrx_word' id='word_1_290' title='bbox 846 2163 879 2187; x_wconf 91' lang='lat' dir='ltr'><strong>ut</strong></span> <span class='ocrx_word' id='word_1_291' title='bbox 903 2162 1020 2197; x_wconf 79' lang='lat' dir='ltr'><strong>postea</strong></span> <span class='ocrx_word' id='word_1_292' title='bbox 1044 2155 1135 2185; x_wconf 68' lang='lat' dir='ltr'><strong>novi-</strong></span> <span class='ocrx_word' id='word_1_293' title='bbox 1158 2160 1164 2192; x_wconf 60' lang='lat' dir='ltr'><strong>l</strong></span> 
     </span>
     <span class='ocr_line' id='line_1_45' title="bbox 165 2205 442 2236; baseline -0.011 0"><span class='ocrx_word' id='word_1_294' title='bbox 165 2212 217 2236; x_wconf 79' lang='lat' dir='ltr'><strong>tas</strong></span> <span class='ocrx_word' id='word_1_295' title='bbox 241 2205 442 2235; x_wconf 79' lang='lat' dir='ltr'><strong>restituatur.</strong></span> 
     </span>
    </p>

    <p class='ocr_par' dir='ltr' id='par_1_8' title="bbox 251 2241 1134 2286">
     <span class='ocr_line' id='line_1_46' title="bbox 251 2241 1134 2286; baseline -0.009 -8"><span class='ocrx_word' id='word_1_296' title='bbox 251 2245 372 2279; x_wconf 83' lang='lat' dir='ltr'><strong>Similis</strong></span> <span class='ocrx_word' id='word_1_297' title='bbox 397 2245 570 2286; x_wconf 72' lang='lat' dir='ltr'><strong>responsio</strong></span> <span class='ocrx_word' id='word_1_298' title='bbox 594 2251 643 2275; x_wconf 86' lang='lat' dir='ltr'><strong>est</strong></span> <span class='ocrx_word' id='word_1_299' title='bbox 667 2249 699 2275; x_wconf 91' lang='lat' dir='ltr'><strong>et</strong></span> <span class='ocrx_word' id='word_1_300' title='bbox 722 2244 762 2274; x_wconf 89' lang='lat' dir='ltr'><strong>ad</strong></span> <span class='ocrx_word' id='word_1_301' title='bbox 788 2242 871 2273; x_wconf 76' lang='lat' dir='ltr'><strong>lianc</strong></span> <span class='ocrx_word' id='word_1_302' title='bbox 901 2241 1134 2272; x_wconf 82' lang='lat' dir='ltr'><strong>obiectionem:</strong></span> 
     </span>
    </p>
   </div>
   <div class='ocr_carea' id='block_1_5' title="bbox 1158 2039 1163 2157">
    <p class='ocr_par' dir='ltr' id='par_1_9' title="bbox 1158 2039 1163 2157">
     <span class='ocr_line' id='line_1_47' title="bbox 1158 2039 1163 2157; baseline 0 801"><span class='ocrx_word' id='word_1_303' title='bbox 1158 2039 1163 2157; x_wconf 95' lang='lat' dir='ltr'><strong> </strong></span> 
     </span>
    </p>
   </div>
   <div class='ocr_carea' id='block_1_6' title="bbox 253 2300 1136 2549">
    <p class='ocr_par' dir='ltr' id='par_1_10' title="bbox 253 2300 1136 2389">
     <span class='ocr_line' id='line_1_48' title="bbox 253 2300 1136 2337; baseline -0.007 -1"><span class='ocrx_word' id='word_1_304' title='bbox 253 2306 368 2336; x_wconf 73' lang='lat' dir='ltr'><strong>Orelc&#39;m&#39;</strong></span> <span class='ocrx_word' id='word_1_305' title='bbox 401 2307 540 2334; x_wconf 75' lang='lat' dir='ltr'><strong>iustiliae</strong></span> <span class='ocrx_word' id='word_1_306' title='bbox 573 2305 728 2337; x_wconf 72' lang='lat' dir='ltr'><strong>convenit,</strong></span> <span class='ocrx_word' id='word_1_307' title='bbox 764 2306 796 2332; x_wconf 83' lang='lat' dir='ltr'><strong>ut</strong></span> <span class='ocrx_word' id='word_1_308' title='bbox 828 2303 918 2330; x_wconf 75' lang='lat' dir='ltr'><strong>iustis</strong></span> <span class='ocrx_word' id='word_1_309' title='bbox 953 2300 1055 2329; x_wconf 75' lang='lat' dir='ltr'><strong>melius</strong></span> <span class='ocrx_word' id='word_1_310' title='bbox 1086 2302 1136 2330; x_wconf 72' lang='lat' dir='ltr'><strong>sit.</strong></span> 
     </span>
     <span class='ocr_line' id='line_1_49' title="bbox 295 2350 522 2389; baseline -0.013 -11"><span class='ocrx_word' id='word_1_311' title='bbox 295 2360 382 2389; x_wconf 74' lang='lat' dir='ltr'><strong>qttam</strong></span> <span class='ocrx_word' id='word_1_312' title='bbox 405 2350 522 2387; x_wconf 74' lang='lat' dir='ltr'><strong>impiis:</strong></span> 
     </span>
    </p>

    <p class='ocr_par' dir='ltr' id='par_1_11' title="bbox 253 2391 648 2422">
     <span class='ocr_line' id='line_1_50' title="bbox 253 2391 648 2422; baseline -0.008 0"><span class='ocrx_word' id='word_1_313' title='bbox 253 2393 293 2422; x_wconf 80' lang='grc' dir='ltr'><strong>ΑΙ</strong></span> <span class='ocrx_word' id='word_1_314' title='bbox 319 2391 459 2420; x_wconf 49' lang='lat' dir='ltr'><strong>Erpa-sin</strong></span> <span class='ocrx_word' id='word_1_315' title='bbox 484 2395 528 2420; x_wconf 74' lang='lat' dir='ltr'><strong>rs!</strong></span> <span class='ocrx_word' id='word_1_316' title='bbox 550 2393 648 2420; x_wconf 71' lang='lat' dir='ltr'><strong>insta:</strong></span> 
     </span>
    </p>

    <p class='ocr_par' dir='ltr' id='par_1_12' title="bbox 254 2431 1136 2549">
     <span class='ocr_line' id='line_1_51' title="bbox 254 2431 1136 2474; baseline -0.008 -10"><span class='ocrx_word' id='word_1_317' title='bbox 254 2434 339 2474; x_wconf 69' lang='lat' dir='ltr'><strong>Eryo</strong></span> <span class='ocrx_word' id='word_1_318' title='bbox 363 2435 489 2463; x_wconf 60' lang='lat' dir='ltr'><strong>arla-hat</strong></span> <span class='ocrx_word' id='word_1_319' title='bbox 520 2436 549 2463; x_wconf 51' lang='grc' dir='ltr'><strong>ρι’</strong></span> <span class='ocrx_word' id='word_1_320' title='bbox 577 2433 681 2463; x_wconf 68' lang='lat' dir='ltr'><strong>melius</strong></span> <span class='ocrx_word' id='word_1_321' title='bbox 710 2443 774 2461; x_wconf 71' lang='lat' dir='ltr'><strong>csse</strong></span> <span class='ocrx_word' id='word_1_322' title='bbox 803 2433 834 2460; x_wconf 81' lang='grc' dir='ltr'><em>ιή</em></span> <span class='ocrx_word' id='word_1_323' title='bbox 857 2431 915 2460; x_wconf 77' lang='lat' dir='ltr'><strong>lim·</strong></span> <span class='ocrx_word' id='word_1_324' title='bbox 938 2432 1018 2462; x_wconf 69' lang='lat' dir='ltr'><strong>vita.</strong></span> <span class='ocrx_word' id='word_1_325' title='bbox 1049 2440 1136 2469; x_wconf 78' lang='lat' dir='ltr'><strong>quum</strong></span> 
     </span>
     <span class='ocr_line' id='line_1_52' title="bbox 295 2473 1136 2514; baseline -0.006 -9"><span class='ocrx_word' id='word_1_326' title='bbox 295 2478 367 2506; x_wconf 72' lang='lat' dir='ltr'><strong>aliis</strong></span> <span class='ocrx_word' id='word_1_327' title='bbox 395 2477 563 2505; x_wconf 75' lang='lat' dir='ltr'><strong>lmmim&#39;lms</strong></span> <span class='ocrx_word' id='word_1_328' title='bbox 592 2477 729 2506; x_wconf 70' lang='lat' dir='ltr'><strong>iniustis.</strong></span> <span class='ocrx_word' id='word_1_329' title='bbox 759 2485 883 2514; x_wconf 82' lang='lat' dir='ltr'><strong>qnorum</strong></span> <span class='ocrx_word' id='word_1_330' title='bbox 914 2473 1001 2503; x_wconf 77' lang='lat' dir='ltr'><strong>mulli</strong></span> <span class='ocrx_word' id='word_1_331' title='bbox 1024 2474 1136 2511; x_wconf 66' lang='lat' dir='ltr'><strong>floren!</strong></span> 
     </span>
     <span class='ocr_line' id='line_1_53' title="bbox 296 2522 611 2549; baseline 0.006 -2"><span class='ocrx_word' id='word_1_332' title='bbox 296 2524 323 2549; x_wconf 70' lang='lat' dir='ltr'><strong>rt</strong></span> <span class='ocrx_word' id='word_1_333' title='bbox 347 2522 473 2549; x_wconf 67' lang='lat' dir='ltr'><strong>snm-im</strong></span> <span class='ocrx_word' id='word_1_334' title='bbox 504 2522 611 2549; x_wconf 60' lang='lat' dir='ltr'><strong>vivunt.</strong></span> 
     </span>
    </p>
   </div>
   <div class='ocr_carea' id='block_1_7' title="bbox 170 2576 1136 2662">
    <p class='ocr_par' dir='ltr' id='par_1_13' title="bbox 170 2576 1136 2662">
     <span class='ocr_line' id='line_1_54' title="bbox 255 2576 1136 2621; baseline -0.008 -11"><span class='ocrx_word' id='word_1_335' title='bbox 255 2579 454 2621; x_wconf 72' lang='lat' dir='ltr'><strong>{tospomteo</strong></span> <span class='ocrx_word' id='word_1_336' title='bbox 477 2579 516 2609; x_wconf 84' lang='lat' dir='ltr'><strong>nd</strong></span> <span class='ocrx_word' id='word_1_337' title='bbox 543 2578 716 2609; x_wconf 75' lang='lat' dir='ltr'><strong>Maiorem:</strong></span> <span class='ocrx_word' id='word_1_338' title='bbox 742 2578 836 2606; x_wconf 72' lang='lat' dir='ltr'><strong>Iustis</strong></span> <span class='ocrx_word' id='word_1_339' title='bbox 858 2577 946 2606; x_wconf 66' lang='lat' dir='ltr'><strong>debe!</strong></span> <span class='ocrx_word' id='word_1_340' title='bbox 969 2576 1040 2605; x_wconf 66' lang='lat' dir='ltr'><strong>lieni·</strong></span> <span class='ocrx_word' id='word_1_341' title='bbox 1063 2586 1136 2607; x_wconf 69' lang='lat' dir='ltr'><strong>csse,</strong></span> 
     </span>
     <span class='ocr_line' id='line_1_55' title="bbox 170 2619 1135 2662; baseline -0.007 -8"><span class='ocrx_word' id='word_1_342' title='bbox 170 2622 294 2655; x_wconf 76' lang='lat' dir='ltr'><strong>scilicet</strong></span> <span class='ocrx_word' id='word_1_343' title='bbox 325 2624 413 2654; x_wconf 78' lang='lat' dir='ltr'><strong>iuxta</strong></span> <span class='ocrx_word' id='word_1_344' title='bbox 444 2621 696 2653; x_wconf 63' lang='lat' dir='ltr'><strong>«leviorationem</strong></span> <span class='ocrx_word' id='word_1_345' title='bbox 728 2619 913 2662; x_wconf 76' lang='lat' dir='ltr'><strong>Evangelii:</strong></span> <span class='ocrx_word' id='word_1_346' title='bbox 942 2625 974 2651; x_wconf 87' lang='lat' dir='ltr'><strong>et</strong></span> <span class='ocrx_word' id='word_1_347' title='bbox 1004 2625 1135 2650; x_wconf 72' lang='lat' dir='ltr'><strong>servato</strong></span> 
     </span>
    </p>
   </div>
   <div class='ocr_carea' id='block_1_8' title="bbox 1176 269 2151 1036">
    <p class='ocr_par' dir='ltr' id='par_1_14' title="bbox 1176 269 2150 728">
     <span class='ocr_line' id='line_1_56' title="bbox 1177 269 2148 312; baseline 0.001 -10"><span class='ocrx_word' id='word_1_348' title='bbox 1177 272 1365 303; x_wconf 81' lang='lat' dir='ltr'><strong>discrimine</strong></span> <span class='ocrx_word' id='word_1_349' title='bbox 1393 271 1478 302; x_wconf 88' lang='lat' dir='ltr'><strong>inter</strong></span> <span class='ocrx_word' id='word_1_350' title='bbox 1507 270 1652 312; x_wconf 89' lang='lat' dir='ltr'><strong>praemia</strong></span> <span class='ocrx_word' id='word_1_351' title='bbox 1682 269 1796 309; x_wconf 75' lang='lat' dir='ltr'><strong>huius,</strong></span> <span class='ocrx_word' id='word_1_352' title='bbox 1829 277 1862 302; x_wconf 88' lang='lat' dir='ltr'><strong>et</strong></span> <span class='ocrx_word' id='word_1_353' title='bbox 1891 269 2022 303; x_wconf 81' lang='lat' dir='ltr'><strong>futurae</strong></span> <span class='ocrx_word' id='word_1_354' title='bbox 2050 272 2148 303; x_wconf 85' lang='lat' dir='ltr'><strong>vitae.</strong></span> 
     </span>
     <span class='ocr_line' id='line_1_57' title="bbox 1176 313 2148 347; baseline 0 -2"><span class='ocrx_word' id='word_1_355' title='bbox 1176 314 1305 345; x_wconf 86' lang='lat' dir='ltr'><strong>Deinde</strong></span> <span class='ocrx_word' id='word_1_356' title='bbox 1334 314 1376 345; x_wconf 86' lang='lat' dir='ltr'><strong>ad</strong></span> <span class='ocrx_word' id='word_1_357' title='bbox 1399 313 1575 345; x_wconf 85' lang='lat' dir='ltr'><strong>Minorem:</strong></span> <span class='ocrx_word' id='word_1_358' title='bbox 1603 313 1746 342; x_wconf 80' lang='lat' dir='ltr'><strong>Ecclesia</strong></span> <span class='ocrx_word' id='word_1_359' title='bbox 1768 316 1813 343; x_wconf 81' lang='lat' dir='ltr'><strong>est</strong></span> <span class='ocrx_word' id='word_1_360' title='bbox 1835 315 1936 347; x_wconf 76' lang='lat' dir='ltr'><strong>imea,</strong></span> <span class='ocrx_word' id='word_1_361' title='bbox 1966 314 2093 346; x_wconf 83' lang='lat' dir='ltr'><strong>scilicet</strong></span> <span class='ocrx_word' id='word_1_362' title='bbox 2115 315 2148 345; x_wconf 83' lang='lat' dir='ltr'><strong>in</strong></span> 
     </span>
     <span class='ocr_line' id='line_1_58' title="bbox 1176 355 2148 397; baseline 0.001 -10"><span class='ocrx_word' id='word_1_363' title='bbox 1176 356 1239 387; x_wconf 86' lang='lat' dir='ltr'><strong>hac</strong></span> <span class='ocrx_word' id='word_1_364' title='bbox 1262 357 1329 387; x_wconf 85' lang='lat' dir='ltr'><strong>vita</strong></span> <span class='ocrx_word' id='word_1_365' title='bbox 1351 361 1494 394; x_wconf 86' lang='lat' dir='ltr'><strong>tantum,</strong></span> <span class='ocrx_word' id='word_1_366' title='bbox 1525 356 1737 397; x_wconf 83' lang='lat' dir='ltr'><strong>imputatione</strong></span> <span class='ocrx_word' id='word_1_367' title='bbox 1765 362 1796 386; x_wconf 86' lang='lat' dir='ltr'><strong>et</strong></span> <span class='ocrx_word' id='word_1_368' title='bbox 1818 355 2039 388; x_wconf 80' lang='lat' dir='ltr'><strong>inchoatione:</strong></span> <span class='ocrx_word' id='word_1_369' title='bbox 2068 366 2148 388; x_wconf 87' lang='lat' dir='ltr'><strong>non·</strong></span> 
     </span>
     <span class='ocr_line' id='line_1_59' title="bbox 1177 396 2148 440; baseline 0 -11"><span class='ocrx_word' id='word_1_370' title='bbox 1177 400 1252 430; x_wconf 91' lang='lat' dir='ltr'><strong>dum</strong></span> <span class='ocrx_word' id='word_1_371' title='bbox 1276 409 1356 430; x_wconf 82' lang='lat' dir='ltr'><strong>vero</strong></span> <span class='ocrx_word' id='word_1_372' title='bbox 1379 399 1672 430; x_wconf 80' lang='lat' dir='ltr'><strong>consummatione.</strong></span> <span class='ocrx_word' id='word_1_373' title='bbox 1725 396 1806 429; x_wconf 91' lang='lat' dir='ltr'><strong>Cum</strong></span> <span class='ocrx_word' id='word_1_374' title='bbox 1828 400 1926 440; x_wconf 86' lang='lat' dir='ltr'><strong>igitur</strong></span> <span class='ocrx_word' id='word_1_375' title='bbox 1949 399 2093 430; x_wconf 89' lang='lat' dir='ltr'><strong>nondum</strong></span> <span class='ocrx_word' id='word_1_376' title='bbox 2115 399 2148 430; x_wconf 75' lang='lat' dir='ltr'><strong>in</strong></span> 
     </span>
     <span class='ocr_line' id='line_1_60' title="bbox 1177 439 2148 483; baseline 0.001 -11"><span class='ocrx_word' id='word_1_377' title='bbox 1177 441 1241 473; x_wconf 89' lang='lat' dir='ltr'><strong>hac</strong></span> <span class='ocrx_word' id='word_1_378' title='bbox 1270 442 1339 472; x_wconf 73' lang='lat' dir='ltr'><strong>vita</strong></span> <span class='ocrx_word' id='word_1_379' title='bbox 1366 441 1493 483; x_wconf 85' lang='lat' dir='ltr'><strong>integre</strong></span> <span class='ocrx_word' id='word_1_380' title='bbox 1527 442 1569 472; x_wconf 88' lang='lat' dir='ltr'><strong>sit</strong></span> <span class='ocrx_word' id='word_1_381' title='bbox 1602 439 1752 473; x_wconf 84' lang='lat' dir='ltr'><strong>Ecclesia</strong></span> <span class='ocrx_word' id='word_1_382' title='bbox 1783 439 1922 472; x_wconf 87' lang='lat' dir='ltr'><strong>liberata</strong></span> <span class='ocrx_word' id='word_1_383' title='bbox 1949 451 1970 472; x_wconf 89' lang='lat' dir='ltr'><strong>a</strong></span> <span class='ocrx_word' id='word_1_384' title='bbox 1991 448 2148 482; x_wconf 88' lang='lat' dir='ltr'><strong>peccato:</strong></span> 
     </span>
     <span class='ocr_line' id='line_1_61' title="bbox 1176 482 2150 525; baseline -0.001 -10"><span class='ocrx_word' id='word_1_385' title='bbox 1176 482 1246 515; x_wconf 88' lang='lat' dir='ltr'><strong>vult</strong></span> <span class='ocrx_word' id='word_1_386' title='bbox 1279 483 1372 515; x_wconf 85' lang='lat' dir='ltr'><strong>Deus</strong></span> <span class='ocrx_word' id='word_1_387' title='bbox 1410 482 1569 525; x_wconf 75' lang='lat' dir='ltr'><strong>singulari</strong></span> <span class='ocrx_word' id='word_1_388' title='bbox 1611 482 1750 515; x_wconf 89' lang='lat' dir='ltr'><strong>consilio</strong></span> <span class='ocrx_word' id='word_1_389' title='bbox 1791 484 1969 525; x_wconf 78' lang='lat' dir='ltr'><strong>praecipua</strong></span> <span class='ocrx_word' id='word_1_390' title='bbox 2007 484 2150 515; x_wconf 87' lang='lat' dir='ltr'><strong>iustitiae</strong></span> 
     </span>
     <span class='ocr_line' id='line_1_62' title="bbox 1177 527 2150 568; baseline 0 -11"><span class='ocrx_word' id='word_1_391' title='bbox 1177 527 1338 567; x_wconf 79' lang='lat' dir='ltr'><strong>praemia,</strong></span> <span class='ocrx_word' id='word_1_392' title='bbox 1368 532 1398 557; x_wconf 89' lang='lat' dir='ltr'><strong>et</strong></span> <span class='ocrx_word' id='word_1_393' title='bbox 1422 527 1618 568; x_wconf 81' lang='lat' dir='ltr'><strong>praecipuas</strong></span> <span class='ocrx_word' id='word_1_394' title='bbox 1648 535 1772 566; x_wconf 90' lang='lat' dir='ltr'><strong>poenas</strong></span> <span class='ocrx_word' id='word_1_395' title='bbox 1803 527 1980 558; x_wconf 87' lang='lat' dir='ltr'><strong>iniustitiae</strong></span> <span class='ocrx_word' id='word_1_396' title='bbox 2002 535 2150 567; x_wconf 83' lang='lat' dir='ltr'><strong>eousque</strong></span> 
     </span>
     <span class='ocr_line' id='line_1_63' title="bbox 1178 567 2150 610; baseline 0 -10"><span class='ocrx_word' id='word_1_397' title='bbox 1178 568 1326 607; x_wconf 77' lang='lat' dir='ltr'><strong>dill&#39;erre,</strong></span> <span class='ocrx_word' id='word_1_398' title='bbox 1360 569 1467 601; x_wconf 89' lang='lat' dir='ltr'><strong>donec</strong></span> <span class='ocrx_word' id='word_1_399' title='bbox 1497 568 1622 600; x_wconf 88' lang='lat' dir='ltr'><strong>abolito</strong></span> <span class='ocrx_word' id='word_1_400' title='bbox 1649 578 1789 610; x_wconf 82' lang='lat' dir='ltr'><strong>prorsus</strong></span> <span class='ocrx_word' id='word_1_401' title='bbox 1812 575 1968 610; x_wconf 82' lang='lat' dir='ltr'><strong>peceato,</strong></span> <span class='ocrx_word' id='word_1_402' title='bbox 2002 569 2046 609; x_wconf 83' lang='lat' dir='ltr'><strong>pti</strong></span> <span class='ocrx_word' id='word_1_403' title='bbox 2069 567 2150 600; x_wconf 78' lang='lat' dir='ltr'><strong>libe-</strong></span> 
     </span>
     <span class='ocr_line' id='line_1_64' title="bbox 1178 610 2150 653; baseline 0 -11"><span class='ocrx_word' id='word_1_404' title='bbox 1178 617 1291 642; x_wconf 87' lang='lat' dir='ltr'><strong>rentur</strong></span> <span class='ocrx_word' id='word_1_405' title='bbox 1323 611 1355 642; x_wconf 92' lang='lat' dir='ltr'><strong>in</strong></span> <span class='ocrx_word' id='word_1_406' title='bbox 1383 610 1624 653; x_wconf 79' lang='lat' dir='ltr'><strong>glorificatione</strong></span> <span class='ocrx_word' id='word_1_407' title='bbox 1652 618 1807 642; x_wconf 67' lang='lat' dir='ltr'><strong>secutura</strong></span> <span class='ocrx_word' id='word_1_408' title='bbox 1835 610 1980 642; x_wconf 82' lang='lat' dir='ltr'><strong>totaliter</strong></span> <span class='ocrx_word' id='word_1_409' title='bbox 2002 621 2022 642; x_wconf 85' lang='lat' dir='ltr'><strong>a</strong></span> <span class='ocrx_word' id='word_1_410' title='bbox 2044 616 2150 642; x_wconf 69' lang='lat' dir='ltr'><strong>morte</strong></span> 
     </span>
     <span class='ocr_line' id='line_1_65' title="bbox 1177 652 2149 685; baseline 0.001 -1"><span class='ocrx_word' id='word_1_411' title='bbox 1177 660 1210 685; x_wconf 89' lang='lat' dir='ltr'><strong>et</strong></span> <span class='ocrx_word' id='word_1_412' title='bbox 1233 654 1384 685; x_wconf 90' lang='lat' dir='ltr'><strong>omnibus</strong></span> <span class='ocrx_word' id='word_1_413' title='bbox 1407 653 1480 685; x_wconf 89' lang='lat' dir='ltr'><strong>aliis</strong></span> <span class='ocrx_word' id='word_1_414' title='bbox 1503 652 1761 685; x_wconf 79' lang='lat' dir='ltr'><strong>calamitatibus:</strong></span> <span class='ocrx_word' id='word_1_415' title='bbox 1786 654 1841 685; x_wconf 86' lang='lat' dir='ltr'><strong>ubi</strong></span> <span class='ocrx_word' id='word_1_416' title='bbox 1860 653 1977 685; x_wconf 84' lang='lat' dir='ltr'><strong>hostes</strong></span> <span class='ocrx_word' id='word_1_417' title='bbox 1994 654 2026 685; x_wconf 90' lang='lat' dir='ltr'><strong>in</strong></span> <span class='ocrx_word' id='word_1_418' title='bbox 2044 660 2149 685; x_wconf 85' lang='lat' dir='ltr'><strong>aeter-</strong></span> 
     </span>
     <span class='ocr_line' id='line_1_66' title="bbox 1178 695 1778 728; baseline -0.002 -1"><span class='ocrx_word' id='word_1_419' title='bbox 1178 707 1238 727; x_wconf 85' lang='lat' dir='ltr'><strong>nas</strong></span> <span class='ocrx_word' id='word_1_420' title='bbox 1262 697 1412 727; x_wconf 74' lang='lat' dir='ltr'><strong>miserias</strong></span> <span class='ocrx_word' id='word_1_421' title='bbox 1435 707 1454 727; x_wconf 88' lang='lat' dir='ltr'><strong>a</strong></span> <span class='ocrx_word' id='word_1_422' title='bbox 1477 695 1551 728; x_wconf 88' lang='lat' dir='ltr'><strong>Deo</strong></span> <span class='ocrx_word' id='word_1_423' title='bbox 1574 697 1778 728; x_wconf 84' lang='lat' dir='ltr'><strong>abiicientur.</strong></span> 
     </span>
    </p>

    <p class='ocr_par' dir='ltr' id='par_1_15' title="bbox 1178 738 2151 950">
     <span class='ocr_line' id='line_1_67' title="bbox 1262 738 2151 781; baseline 0 -12"><span class='ocrx_word' id='word_1_424' title='bbox 1262 738 1435 780; x_wconf 81' lang='lat' dir='ltr'><strong>Explicate</strong></span> <span class='ocrx_word' id='word_1_425' title='bbox 1458 745 1662 781; x_wconf 86' lang='lat' dir='ltr'><strong>argumento,</strong></span> <span class='ocrx_word' id='word_1_426' title='bbox 1681 740 1744 770; x_wconf 86' lang='lat' dir='ltr'><strong>iam</strong></span> <span class='ocrx_word' id='word_1_427' title='bbox 1764 739 1954 770; x_wconf 88' lang='lat' dir='ltr'><strong>recitandae</strong></span> <span class='ocrx_word' id='word_1_428' title='bbox 1977 743 2053 769; x_wconf 89' lang='lat' dir='ltr'><strong>sunt</strong></span> <span class='ocrx_word' id='word_1_429' title='bbox 2075 748 2151 770; x_wconf 87' lang='lat' dir='ltr'><strong>cau·</strong></span> 
     </span>
     <span class='ocr_line' id='line_1_68' title="bbox 1178 780 2151 823; baseline 0 -11"><span class='ocrx_word' id='word_1_430' title='bbox 1178 791 1247 819; x_wconf 85' lang='lat' dir='ltr'><strong>sae,</strong></span> <span class='ocrx_word' id='word_1_431' title='bbox 1272 791 1376 822; x_wconf 89' lang='lat' dir='ltr'><strong>quare</strong></span> <span class='ocrx_word' id='word_1_432' title='bbox 1398 782 1503 823; x_wconf 83' lang='lat' dir='ltr'><strong>magis</strong></span> <span class='ocrx_word' id='word_1_433' title='bbox 1526 788 1692 822; x_wconf 85' lang='lat' dir='ltr'><strong>prematur</strong></span> <span class='ocrx_word' id='word_1_434' title='bbox 1714 780 1876 813; x_wconf 85' lang='lat' dir='ltr'><strong>Ecclesia.</strong></span> <span class='ocrx_word' id='word_1_435' title='bbox 1922 780 2030 812; x_wconf 87' lang='lat' dir='ltr'><strong>Prima</strong></span> <span class='ocrx_word' id='word_1_436' title='bbox 2053 781 2151 822; x_wconf 86' lang='lat' dir='ltr'><strong>igitur</strong></span> 
     </span>
     <span class='ocr_line' id='line_1_69' title="bbox 1179 822 2149 866; baseline -0.002 -10"><span class='ocrx_word' id='word_1_437' title='bbox 1179 833 1282 856; x_wconf 87' lang='lat' dir='ltr'><strong>causa</strong></span> <span class='ocrx_word' id='word_1_438' title='bbox 1309 829 1378 861; x_wconf 76' lang='lat' dir='ltr'><strong>est,</strong></span> <span class='ocrx_word' id='word_1_439' title='bbox 1411 829 1448 855; x_wconf 89' lang='lat' dir='ltr'><strong>ut</strong></span> <span class='ocrx_word' id='word_1_440' title='bbox 1477 822 1630 856; x_wconf 84' lang='lat' dir='ltr'><strong>Ecclesia</strong></span> <span class='ocrx_word' id='word_1_441' title='bbox 1657 831 1821 866; x_wconf 81' lang='lat' dir='ltr'><strong>agnoscat</strong></span> <span class='ocrx_word' id='word_1_442' title='bbox 1843 825 1923 855; x_wconf 91' lang='lat' dir='ltr'><strong>iram</strong></span> <span class='ocrx_word' id='word_1_443' title='bbox 1947 823 2009 855; x_wconf 90' lang='lat' dir='ltr'><strong>Dei</strong></span> <span class='ocrx_word' id='word_1_444' title='bbox 2033 830 2149 855; x_wconf 88' lang='lat' dir='ltr'><strong>contra</strong></span> 
     </span>
     <span class='ocr_line' id='line_1_70' title="bbox 1178 865 2150 908; baseline -0.001 -9"><span class='ocrx_word' id='word_1_445' title='bbox 1178 872 1349 908; x_wconf 87' lang='lat' dir='ltr'><strong>peccatum</strong></span> <span class='ocrx_word' id='word_1_446' title='bbox 1373 865 1515 897; x_wconf 87' lang='lat' dir='ltr'><strong>haerens</strong></span> <span class='ocrx_word' id='word_1_447' title='bbox 1544 867 1641 898; x_wconf 86' lang='lat' dir='ltr'><strong>etiam</strong></span> <span class='ocrx_word' id='word_1_448' title='bbox 1667 867 1700 898; x_wconf 88' lang='lat' dir='ltr'><strong>iu</strong></span> <span class='ocrx_word' id='word_1_449' title='bbox 1722 867 1864 905; x_wconf 88' lang='lat' dir='ltr'><strong>sanctis,</strong></span> <span class='ocrx_word' id='word_1_450' title='bbox 1899 867 1986 908; x_wconf 84' lang='lat' dir='ltr'><strong>quod</strong></span> <span class='ocrx_word' id='word_1_451' title='bbox 2010 866 2150 898; x_wconf 72' lang='lat' dir='ltr'><strong>mundus</strong></span> 
     </span>
     <span class='ocr_line' id='line_1_71' title="bbox 1178 909 1649 950; baseline -0.002 -9"><span class='ocrx_word' id='word_1_452' title='bbox 1178 920 1244 941; x_wconf 90' lang='lat' dir='ltr'><strong>non</strong></span> <span class='ocrx_word' id='word_1_453' title='bbox 1267 909 1436 950; x_wconf 84' lang='lat' dir='ltr'><strong>agnoscit,</strong></span> <span class='ocrx_word' id='word_1_454' title='bbox 1459 918 1522 939; x_wconf 91' lang='lat' dir='ltr'><strong>nee</strong></span> <span class='ocrx_word' id='word_1_455' title='bbox 1545 915 1649 940; x_wconf 86' lang='lat' dir='ltr'><strong>curat.</strong></span> 
     </span>
    </p>

    <p class='ocr_par' dir='ltr' id='par_1_16' title="bbox 1178 950 2148 1036">
     <span class='ocr_line' id='line_1_72' title="bbox 1265 950 2148 993; baseline 0 -10"><span class='ocrx_word' id='word_1_456' title='bbox 1265 951 1418 983; x_wconf 87' lang='lat' dir='ltr'><strong>Secunda</strong></span> <span class='ocrx_word' id='word_1_457' title='bbox 1449 961 1551 982; x_wconf 88' lang='lat' dir='ltr'><strong>causa</strong></span> <span class='ocrx_word' id='word_1_458' title='bbox 1581 957 1650 990; x_wconf 86' lang='lat' dir='ltr'><strong>est,</strong></span> <span class='ocrx_word' id='word_1_459' title='bbox 1683 952 1759 993; x_wconf 86' lang='lat' dir='ltr'><strong>quia</strong></span> <span class='ocrx_word' id='word_1_460' title='bbox 1788 950 1952 983; x_wconf 88' lang='lat' dir='ltr'><strong>Diabolus</strong></span> <span class='ocrx_word' id='word_1_461' title='bbox 1982 952 2148 983; x_wconf 80' lang='lat' dir='ltr'><strong>rabiosius</strong></span> 
     </span>
     <span class='ocr_line' id='line_1_73' title="bbox 1178 992 1883 1036; baseline -0.001 -10"><span class='ocrx_word' id='word_1_462' title='bbox 1178 995 1386 1036; x_wconf 83' lang='lat' dir='ltr'><strong>persequitur</strong></span> <span class='ocrx_word' id='word_1_463' title='bbox 1408 992 1593 1025; x_wconf 83' lang='lat' dir='ltr'><strong>Ecclesiam</strong></span> <span class='ocrx_word' id='word_1_464' title='bbox 1618 994 1692 1026; x_wconf 87' lang='lat' dir='ltr'><strong>odio</strong></span> <span class='ocrx_word' id='word_1_465' title='bbox 1715 992 1787 1025; x_wconf 87' lang='lat' dir='ltr'><strong>Filii</strong></span> <span class='ocrx_word' id='word_1_466' title='bbox 1810 994 1883 1025; x_wconf 89' lang='lat' dir='ltr'><strong>Dei.</strong></span> 
     </span>
    </p>
   </div>
   <div class='ocr_carea' id='block_1_9' title="bbox 1180 1051 2155 1383">
    <p class='ocr_par' dir='ltr' id='par_1_17' title="bbox 1180 1051 2155 1383">
     <span class='ocr_line' id='line_1_74' title="bbox 1264 1051 2153 1095; baseline -0.002 -10"><span class='ocrx_word' id='word_1_467' title='bbox 1264 1053 1375 1085; x_wconf 85' lang='lat' dir='ltr'><strong>Tertia</strong></span> <span class='ocrx_word' id='word_1_468' title='bbox 1393 1063 1506 1091; x_wconf 87' lang='lat' dir='ltr'><strong>causa,</strong></span> <span class='ocrx_word' id='word_1_469' title='bbox 1525 1054 1601 1095; x_wconf 87' lang='lat' dir='ltr'><strong>quia</strong></span> <span class='ocrx_word' id='word_1_470' title='bbox 1623 1054 1655 1084; x_wconf 89' lang='lat' dir='ltr'><strong>in</strong></span> <span class='ocrx_word' id='word_1_471' title='bbox 1678 1051 1831 1084; x_wconf 85' lang='lat' dir='ltr'><strong>Ecclesia</strong></span> <span class='ocrx_word' id='word_1_472' title='bbox 1854 1058 1930 1084; x_wconf 85' lang='lat' dir='ltr'><strong>sunt</strong></span> <span class='ocrx_word' id='word_1_473' title='bbox 1951 1051 2055 1084; x_wconf 84' lang='lat' dir='ltr'><strong>multa</strong></span> <span class='ocrx_word' id='word_1_474' title='bbox 2076 1061 2153 1093; x_wconf 87' lang='lat' dir='ltr'><strong>peo-</strong></span> 
     </span>
     <span class='ocr_line' id='line_1_75' title="bbox 1181 1095 2154 1138; baseline -0.002 -10"><span class='ocrx_word' id='word_1_475' title='bbox 1181 1103 1254 1128; x_wconf 87' lang='lat' dir='ltr'><strong>cata</strong></span> <span class='ocrx_word' id='word_1_476' title='bbox 1277 1095 1433 1134; x_wconf 82' lang='lat' dir='ltr'><strong>actualia,</strong></span> <span class='ocrx_word' id='word_1_477' title='bbox 1457 1103 1592 1138; x_wconf 86' lang='lat' dir='ltr'><strong>propter</strong></span> <span class='ocrx_word' id='word_1_478' title='bbox 1615 1105 1700 1138; x_wconf 86' lang='lat' dir='ltr'><strong>quae</strong></span> <span class='ocrx_word' id='word_1_479' title='bbox 1722 1095 1816 1127; x_wconf 90' lang='lat' dir='ltr'><strong>Deus</strong></span> <span class='ocrx_word' id='word_1_480' title='bbox 1839 1096 1931 1137; x_wconf 89' lang='lat' dir='ltr'><strong>punit</strong></span> <span class='ocrx_word' id='word_1_481' title='bbox 1954 1101 1986 1126; x_wconf 91' lang='lat' dir='ltr'><strong>et</strong></span> <span class='ocrx_word' id='word_1_482' title='bbox 2010 1095 2154 1136; x_wconf 78' lang='lat' dir='ltr'><strong>castigat</strong></span> 
     </span>
     <span class='ocr_line' id='line_1_76' title="bbox 1181 1138 2155 1179; baseline -0.002 -9"><span class='ocrx_word' id='word_1_483' title='bbox 1181 1141 1278 1170; x_wconf 84' lang='lat' dir='ltr'><strong>etiam</strong></span> <span class='ocrx_word' id='word_1_484' title='bbox 1303 1145 1456 1176; x_wconf 60' lang='lat' dir='ltr'><strong>santam,</strong></span> <span class='ocrx_word' id='word_1_485' title='bbox 1487 1146 1519 1170; x_wconf 93' lang='lat' dir='ltr'><strong>ut</strong></span> <span class='ocrx_word' id='word_1_486' title='bbox 1544 1139 1752 1170; x_wconf 78' lang='lat' dir='ltr'><strong>retrahantur</strong></span> <span class='ocrx_word' id='word_1_487' title='bbox 1782 1139 1823 1169; x_wconf 89' lang='lat' dir='ltr'><strong>ad</strong></span> <span class='ocrx_word' id='word_1_488' title='bbox 1847 1138 2096 1179; x_wconf 85' lang='lat' dir='ltr'><strong>poenitentiam,</strong></span> <span class='ocrx_word' id='word_1_489' title='bbox 2118 1143 2155 1169; x_wconf 83' lang='lat' dir='ltr'><strong>ut</strong></span> 
     </span>
     <span class='ocr_line' id='line_1_77' title="bbox 1180 1179 2155 1224; baseline -0.002 -11"><span class='ocrx_word' id='word_1_490' title='bbox 1180 1181 1289 1213; x_wconf 82' lang='lat' dir='ltr'><strong>David</strong></span> <span class='ocrx_word' id='word_1_491' title='bbox 1312 1181 1410 1212; x_wconf 82' lang='lat' dir='ltr'><strong>habet</strong></span> <span class='ocrx_word' id='word_1_492' title='bbox 1435 1192 1558 1224; x_wconf 76' lang='lat' dir='ltr'><strong>magna</strong></span> <span class='ocrx_word' id='word_1_493' title='bbox 1577 1187 1608 1212; x_wconf 87' lang='lat' dir='ltr'><strong>et</strong></span> <span class='ocrx_word' id='word_1_494' title='bbox 1631 1182 1756 1212; x_wconf 86' lang='lat' dir='ltr'><strong>atrocia</strong></span> <span class='ocrx_word' id='word_1_495' title='bbox 1779 1188 1934 1221; x_wconf 83' lang='lat' dir='ltr'><strong>peccata,</strong></span> <span class='ocrx_word' id='word_1_496' title='bbox 1962 1187 1993 1211; x_wconf 90' lang='lat' dir='ltr'><strong>et</strong></span> <span class='ocrx_word' id='word_1_497' title='bbox 2017 1179 2155 1211; x_wconf 87' lang='lat' dir='ltr'><strong>horribi-</strong></span> 
     </span>
     <span class='ocr_line' id='line_1_78' title="bbox 1182 1222 2155 1265; baseline -0.002 -10"><span class='ocrx_word' id='word_1_498' title='bbox 1182 1224 1255 1256; x_wconf 92' lang='lat' dir='ltr'><strong>litcr</strong></span> <span class='ocrx_word' id='word_1_499' title='bbox 1279 1223 1412 1262; x_wconf 78' lang='lat' dir='ltr'><strong>labitur,</strong></span> <span class='ocrx_word' id='word_1_500' title='bbox 1436 1225 1518 1264; x_wconf 83' lang='lat' dir='ltr'><strong>rapit</strong></span> <span class='ocrx_word' id='word_1_501' title='bbox 1541 1224 1713 1265; x_wconf 84' lang='lat' dir='ltr'><strong>coniugem</strong></span> <span class='ocrx_word' id='word_1_502' title='bbox 1738 1223 1855 1261; x_wconf 87' lang='lat' dir='ltr'><strong>Uriae,</strong></span> <span class='ocrx_word' id='word_1_503' title='bbox 1886 1222 2037 1254; x_wconf 86' lang='lat' dir='ltr'><strong>interficit</strong></span> <span class='ocrx_word' id='word_1_504' title='bbox 2061 1223 2155 1254; x_wconf 72' lang='lat' dir='ltr'><strong>mari·</strong></span> 
     </span>
     <span class='ocr_line' id='line_1_79' title="bbox 1182 1266 2154 1307; baseline -0.002 -9"><span class='ocrx_word' id='word_1_505' title='bbox 1182 1274 1266 1307; x_wconf 88' lang='lat' dir='ltr'><strong>tum,</strong></span> <span class='ocrx_word' id='word_1_506' title='bbox 1302 1267 1404 1297; x_wconf 79' lang='lat' dir='ltr'><strong>virum</strong></span> <span class='ocrx_word' id='word_1_507' title='bbox 1438 1267 1612 1306; x_wconf 85' lang='lat' dir='ltr'><strong>optimum,</strong></span> <span class='ocrx_word' id='word_1_508' title='bbox 1645 1272 1675 1297; x_wconf 88' lang='lat' dir='ltr'><strong>et</strong></span> <span class='ocrx_word' id='word_1_509' title='bbox 1704 1266 2022 1307; x_wconf 77' lang='lat' dir='ltr'><strong>praestantissimum</strong></span> <span class='ocrx_word' id='word_1_510' title='bbox 2050 1266 2154 1296; x_wconf 76' lang='lat' dir='ltr'><strong>civem</strong></span> 
     </span>
     <span class='ocr_line' id='line_1_80' title="bbox 1182 1307 2153 1383; baseline -0.001 -44"><span class='ocrx_word' id='word_1_511' title='bbox 1182 1309 1399 1383; x_wconf 49' lang='lat' dir='ltr'><strong>{tlamicunh</strong></span> <span class='ocrx_word' id='word_1_512' title='bbox 1432 1309 1506 1340; x_wconf 88' lang='lat' dir='ltr'><strong>ideo</strong></span> <span class='ocrx_word' id='word_1_513' title='bbox 1540 1309 1631 1350; x_wconf 88' lang='lat' dir='ltr'><strong>punit</strong></span> <span class='ocrx_word' id='word_1_514' title='bbox 1665 1319 1738 1340; x_wconf 90' lang='lat' dir='ltr'><strong>eum</strong></span> <span class='ocrx_word' id='word_1_515' title='bbox 1770 1308 1864 1339; x_wconf 87' lang='lat' dir='ltr'><strong>Deus</strong></span> <span class='ocrx_word' id='word_1_516' title='bbox 1898 1314 2015 1349; x_wconf 78' lang='lat' dir='ltr'><strong>postea</strong></span> <span class='ocrx_word' id='word_1_517' title='bbox 2048 1307 2153 1339; x_wconf 54' lang='lat' dir='ltr'><strong>horr‘b</strong></span> 
     </span>
    </p>

    <p class='ocr_par' dir='ltr' id='par_1_18' title="bbox 1207 1352 1302 1383">
     <span class='ocr_line' id='line_1_81' title="bbox 1207 1352 1302 1383; baseline -0.011 -1"><span class='ocrx_word' id='word_1_518' title='bbox 1207 1353 1214 1382; x_wconf 89' lang='lat' dir='ltr'><strong>i</strong></span> <span class='ocrx_word' id='word_1_519' title='bbox 1230 1352 1302 1383; x_wconf 89' lang='lat' dir='ltr'><strong>iter.</strong></span> 
     </span>
    </p>
   </div>
   <div class='ocr_carea' id='block_1_10' title="bbox 1182 1408 2157 2007">
    <p class='ocr_par' dir='ltr' id='par_1_19' title="bbox 1182 1408 2157 2007">
     <span class='ocr_line' id='line_1_82' title="bbox 1268 1408 2155 1451; baseline -0.002 -10"><span class='ocrx_word' id='word_1_520' title='bbox 1268 1409 1304 1441; x_wconf 83' lang='lat' dir='ltr'><strong>ld</strong></span> <span class='ocrx_word' id='word_1_521' title='bbox 1331 1408 1516 1451; x_wconf 79' lang='lat' dir='ltr'><strong>exemplum</strong></span> <span class='ocrx_word' id='word_1_522' title='bbox 1546 1419 1646 1450; x_wconf 87' lang='lat' dir='ltr'><strong>saepe</strong></span> <span class='ocrx_word' id='word_1_523' title='bbox 1675 1409 1886 1440; x_wconf 83' lang='lat' dir='ltr'><strong>considerare</strong></span> <span class='ocrx_word' id='word_1_524' title='bbox 1913 1408 2091 1446; x_wconf 80' lang='lat' dir='ltr'><strong>debemus,</strong></span> <span class='ocrx_word' id='word_1_525' title='bbox 2111 1417 2155 1440; x_wconf 78' lang='lat' dir='ltr'><strong>ne</strong></span> 
     </span>
     <span class='ocr_line' id='line_1_83' title="bbox 1183 1449 2154 1492; baseline -0.003 -8"><span class='ocrx_word' id='word_1_526' title='bbox 1183 1453 1280 1485; x_wconf 90' lang='lat' dir='ltr'><strong>nobis</strong></span> <span class='ocrx_word' id='word_1_527' title='bbox 1310 1453 1360 1484; x_wconf 88' lang='lat' dir='ltr'><strong>sic</strong></span> <span class='ocrx_word' id='word_1_528' title='bbox 1390 1451 1612 1489; x_wconf 82' lang='lat' dir='ltr'><strong>blandiamur,</strong></span> <span class='ocrx_word' id='word_1_529' title='bbox 1646 1458 1679 1482; x_wconf 86' lang='lat' dir='ltr'><strong>ut</strong></span> <span class='ocrx_word' id='word_1_530' title='bbox 1708 1452 1858 1483; x_wconf 90' lang='lat' dir='ltr'><strong>homines</strong></span> <span class='ocrx_word' id='word_1_531' title='bbox 1888 1449 2079 1492; x_wconf 87' lang='lat' dir='ltr'><strong>plerumque</strong></span> <span class='ocrx_word' id='word_1_532' title='bbox 2108 1449 2154 1482; x_wconf 75' lang='lat' dir='ltr'><strong>sa-</strong></span> 
     </span>
     <span class='ocr_line' id='line_1_84' title="bbox 1184 1492 2156 1537; baseline -0.005 -10"><span class='ocrx_word' id='word_1_533' title='bbox 1184 1496 1284 1534; x_wconf 88' lang='lat' dir='ltr'><strong>ciunt,</strong></span> <span class='ocrx_word' id='word_1_534' title='bbox 1308 1495 1363 1537; x_wconf 91' lang='lat' dir='ltr'><strong>qui</strong></span> <span class='ocrx_word' id='word_1_535' title='bbox 1386 1495 1513 1526; x_wconf 86' lang='lat' dir='ltr'><strong>dicunt:</strong></span> <span class='ocrx_word' id='word_1_536' title='bbox 1531 1495 1640 1524; x_wconf 80' lang='lat' dir='ltr'><strong>Sumus</strong></span> <span class='ocrx_word' id='word_1_537' title='bbox 1652 1493 1813 1524; x_wconf 81' lang='lat' dir='ltr'><strong>Ecclesiae</strong></span> <span class='ocrx_word' id='word_1_538' title='bbox 1835 1493 1974 1527; x_wconf 79' lang='lat' dir='ltr'><strong>membra,</strong></span> <span class='ocrx_word' id='word_1_539' title='bbox 1994 1492 2156 1523; x_wconf 72' lang='lat' dir='ltr'><strong>Ecclesiae</strong></span> 
     </span>
     <span class='ocr_line' id='line_1_85' title="bbox 1183 1536 2154 1577; baseline -0.003 -9"><span class='ocrx_word' id='word_1_540' title='bbox 1183 1540 1242 1569; x_wconf 81' lang='lat' dir='ltr'><strong>erit</strong></span> <span class='ocrx_word' id='word_1_541' title='bbox 1265 1538 1352 1568; x_wconf 85' lang='lat' dir='ltr'><strong>bene:</strong></span> <span class='ocrx_word' id='word_1_542' title='bbox 1386 1538 1550 1567; x_wconf 67' lang='lat' dir='ltr'><strong>Faciamus</strong></span> <span class='ocrx_word' id='word_1_543' title='bbox 1577 1548 1655 1577; x_wconf 81' lang='lat' dir='ltr'><strong>quae</strong></span> <span class='ocrx_word' id='word_1_544' title='bbox 1685 1537 1783 1571; x_wconf 75' lang='lat' dir='ltr'><strong>Iubet,</strong></span> <span class='ocrx_word' id='word_1_545' title='bbox 1818 1537 1904 1566; x_wconf 77' lang='lat' dir='ltr'><strong>Deus</strong></span> <span class='ocrx_word' id='word_1_546' title='bbox 1926 1547 1987 1566; x_wconf 82' lang='lat' dir='ltr'><strong>non</strong></span> <span class='ocrx_word' id='word_1_547' title='bbox 2011 1536 2090 1566; x_wconf 78' lang='lat' dir='ltr'><strong>adeo</strong></span> <span class='ocrx_word' id='word_1_548' title='bbox 2113 1546 2154 1565; x_wconf 75' lang='lat' dir='ltr'><strong>so-</strong></span> 
     </span>
     <span class='ocr_line' id='line_1_86' title="bbox 1182 1580 2155 1620; baseline -0.002 -9"><span class='ocrx_word' id='word_1_549' title='bbox 1182 1591 1250 1611; x_wconf 81' lang='lat' dir='ltr'><strong>vere</strong></span> <span class='ocrx_word' id='word_1_550' title='bbox 1272 1591 1329 1610; x_wconf 78' lang='lat' dir='ltr'><strong>nos</strong></span> <span class='ocrx_word' id='word_1_551' title='bbox 1347 1582 1465 1620; x_wconf 80' lang='lat' dir='ltr'><strong>puniet.</strong></span> <span class='ocrx_word' id='word_1_552' title='bbox 1512 1580 1577 1611; x_wconf 78' lang='lat' dir='ltr'><strong>ista</strong></span> <span class='ocrx_word' id='word_1_553' title='bbox 1601 1590 1686 1611; x_wconf 78' lang='lat' dir='ltr'><strong>vana</strong></span> <span class='ocrx_word' id='word_1_554' title='bbox 1714 1581 1832 1612; x_wconf 82' lang='lat' dir='ltr'><strong>fiducia</strong></span> <span class='ocrx_word' id='word_1_555' title='bbox 1855 1580 2007 1610; x_wconf 87' lang='lat' dir='ltr'><strong>omnibus</strong></span> <span class='ocrx_word' id='word_1_556' title='bbox 2031 1585 2155 1619; x_wconf 86' lang='lat' dir='ltr'><strong>tempo-</strong></span> 
     </span>
     <span class='ocr_line' id='line_1_87' title="bbox 1183 1619 2155 1665; baseline -0.006 -9"><span class='ocrx_word' id='word_1_557' title='bbox 1183 1625 1274 1656; x_wconf 89' lang='lat' dir='ltr'><strong>ribus</strong></span> <span class='ocrx_word' id='word_1_558' title='bbox 1299 1624 1427 1665; x_wconf 88' lang='lat' dir='ltr'><strong>decepit</strong></span> <span class='ocrx_word' id='word_1_559' title='bbox 1449 1622 1613 1654; x_wconf 77' lang='lat' dir='ltr'><strong>homines:</strong></span> <span class='ocrx_word' id='word_1_560' title='bbox 1636 1629 1688 1658; x_wconf 80' lang='lat' dir='ltr'><strong>ut,</strong></span> <span class='ocrx_word' id='word_1_561' title='bbox 1718 1623 1826 1654; x_wconf 83' lang='lat' dir='ltr'><strong>ludaei</strong></span> <span class='ocrx_word' id='word_1_562' title='bbox 1850 1619 2062 1662; x_wconf 72' lang='lat' dir='ltr'><strong>indulgebant</strong></span> <span class='ocrx_word' id='word_1_563' title='bbox 2085 1621 2155 1652; x_wconf 67' lang='lat' dir='ltr'><strong>suis</strong></span> 
     </span>
     <span class='ocr_line' id='line_1_88' title="bbox 1185 1664 2155 1707; baseline -0.005 -8"><span class='ocrx_word' id='word_1_564' title='bbox 1185 1667 1434 1707; x_wconf 82' lang='lat' dir='ltr'><strong>cupiditatibus,</strong></span> <span class='ocrx_word' id='word_1_565' title='bbox 1463 1673 1556 1697; x_wconf 85' lang='lat' dir='ltr'><strong>erant</strong></span> <span class='ocrx_word' id='word_1_566' title='bbox 1584 1665 1728 1703; x_wconf 89' lang='lat' dir='ltr'><strong>moechi,</strong></span> <span class='ocrx_word' id='word_1_567' title='bbox 1757 1664 2000 1701; x_wconf 80' lang='lat' dir='ltr'><strong>foeneratores,</strong></span> <span class='ocrx_word' id='word_1_568' title='bbox 2023 1673 2155 1695; x_wconf 58' lang='lat' dir='ltr'><strong>exerce-</strong></span> 
     </span>
     <span class='ocr_line' id='line_1_89' title="bbox 1185 1706 2155 1747; baseline -0.004 -6"><span class='ocrx_word' id='word_1_569' title='bbox 1185 1711 1264 1741; x_wconf 86' lang='lat' dir='ltr'><strong>bant</strong></span> <span class='ocrx_word' id='word_1_570' title='bbox 1287 1709 1369 1740; x_wconf 86' lang='lat' dir='ltr'><strong>inter</strong></span> <span class='ocrx_word' id='word_1_571' title='bbox 1393 1719 1430 1740; x_wconf 81' lang='lat' dir='ltr'><strong>se</strong></span> <span class='ocrx_word' id='word_1_572' title='bbox 1455 1709 1547 1747; x_wconf 85' lang='lat' dir='ltr'><strong>odia,</strong></span> <span class='ocrx_word' id='word_1_573' title='bbox 1569 1707 1731 1740; x_wconf 71' lang='lat' dir='ltr'><strong>iaciebant</strong></span> <span class='ocrx_word' id='word_1_574' title='bbox 1756 1708 1893 1743; x_wconf 83' lang='lat' dir='ltr'><strong>caedes;</strong></span> <span class='ocrx_word' id='word_1_575' title='bbox 1925 1706 2045 1737; x_wconf 81' lang='lat' dir='ltr'><strong>Postea</strong></span> <span class='ocrx_word' id='word_1_576' title='bbox 2068 1706 2155 1737; x_wconf 83' lang='lat' dir='ltr'><strong>dice-</strong></span> 
     </span>
     <span class='ocr_line' id='line_1_90' title="bbox 1186 1748 2156 1791; baseline -0.003 -8"><span class='ocrx_word' id='word_1_577' title='bbox 1186 1754 1281 1783; x_wconf 87' lang='lat' dir='ltr'><strong>bant:</strong></span> <span class='ocrx_word' id='word_1_578' title='bbox 1313 1752 1383 1783; x_wconf 76' lang='lat' dir='ltr'><strong>Nos</strong></span> <span class='ocrx_word' id='word_1_579' title='bbox 1407 1762 1521 1783; x_wconf 89' lang='lat' dir='ltr'><strong>sumus</strong></span> <span class='ocrx_word' id='word_1_580' title='bbox 1550 1749 1691 1791; x_wconf 87' lang='lat' dir='ltr'><strong>populus</strong></span> <span class='ocrx_word' id='word_1_581' title='bbox 1715 1750 1793 1788; x_wconf 85' lang='lat' dir='ltr'><strong>Dei,</strong></span> <span class='ocrx_word' id='word_1_582' title='bbox 1822 1757 1851 1781; x_wconf 91' lang='lat' dir='ltr'><strong>et</strong></span> <span class='ocrx_word' id='word_1_583' title='bbox 1877 1748 2046 1785; x_wconf 80' lang='lat' dir='ltr'><strong>Ecclesia,</strong></span> <span class='ocrx_word' id='word_1_584' title='bbox 2071 1757 2156 1790; x_wconf 83' lang='lat' dir='ltr'><strong>qnae</strong></span> 
     </span>
     <span class='ocr_line' id='line_1_91' title="bbox 1186 1789 2154 1835; baseline -0.004 -9"><span class='ocrx_word' id='word_1_585' title='bbox 1186 1795 1448 1827; x_wconf 76' lang='lat' dir='ltr'><strong>conservabitur.</strong></span> <span class='ocrx_word' id='word_1_586' title='bbox 1512 1794 1612 1835; x_wconf 82' lang='lat' dir='ltr'><strong>igitur</strong></span> <span class='ocrx_word' id='word_1_587' title='bbox 1651 1789 1730 1824; x_wconf 69' lang='lat' dir='ltr'><strong>nihii</strong></span> <span class='ocrx_word' id='word_1_588' title='bbox 1771 1791 1844 1823; x_wconf 89' lang='lat' dir='ltr'><strong>mali</strong></span> <span class='ocrx_word' id='word_1_589' title='bbox 1887 1792 1982 1822; x_wconf 87' lang='lat' dir='ltr'><strong>nobis</strong></span> <span class='ocrx_word' id='word_1_590' title='bbox 2017 1791 2154 1822; x_wconf 82' lang='lat' dir='ltr'><strong>accidet.</strong></span> 
     </span>
     <span class='ocr_line' id='line_1_92' title="bbox 1185 1834 2155 1871; baseline -0.005 -2"><span class='ocrx_word' id='word_1_591' title='bbox 1185 1838 1309 1869; x_wconf 86' lang='lat' dir='ltr'><strong>Eodem</strong></span> <span class='ocrx_word' id='word_1_592' title='bbox 1338 1837 1435 1868; x_wconf 82' lang='lat' dir='ltr'><strong>modo</strong></span> <span class='ocrx_word' id='word_1_593' title='bbox 1462 1837 1566 1868; x_wconf 86' lang='lat' dir='ltr'><strong>nostri</strong></span> <span class='ocrx_word' id='word_1_594' title='bbox 1591 1835 1738 1867; x_wconf 86' lang='lat' dir='ltr'><strong>homines</strong></span> <span class='ocrx_word' id='word_1_595' title='bbox 1764 1835 1972 1866; x_wconf 81' lang='lat' dir='ltr'><strong>blandiuntur</strong></span> <span class='ocrx_word' id='word_1_596' title='bbox 1994 1834 2074 1871; x_wconf 84' lang='lat' dir='ltr'><strong>sibi,</strong></span> <span class='ocrx_word' id='word_1_597' title='bbox 2099 1834 2155 1864; x_wconf 90' lang='lat' dir='ltr'><strong>do-</strong></span> 
     </span>
     <span class='ocr_line' id='line_1_93' title="bbox 1185 1876 2156 1922; baseline -0.005 -11"><span class='ocrx_word' id='word_1_598' title='bbox 1185 1891 1246 1911; x_wconf 78' lang='lat' dir='ltr'><strong>nec</strong></span> <span class='ocrx_word' id='word_1_599' title='bbox 1275 1878 1416 1922; x_wconf 86' lang='lat' dir='ltr'><strong>publicis</strong></span> <span class='ocrx_word' id='word_1_600' title='bbox 1445 1878 1686 1911; x_wconf 85' lang='lat' dir='ltr'><strong>calamitatibus</strong></span> <span class='ocrx_word' id='word_1_601' title='bbox 1716 1879 1950 1919; x_wconf 83' lang='lat' dir='ltr'><strong>opprimantur.</strong></span> <span class='ocrx_word' id='word_1_602' title='bbox 2003 1876 2156 1907; x_wconf 78' lang='lat' dir='ltr'><strong>Sciamus</strong></span> 
     </span>
     <span class='ocr_line' id='line_1_94' title="bbox 1185 1917 2157 1966; baseline -0.005 -12"><span class='ocrx_word' id='word_1_603' title='bbox 1185 1924 1283 1966; x_wconf 83' lang='lat' dir='ltr'><strong>igitur</strong></span> <span class='ocrx_word' id='word_1_604' title='bbox 1316 1921 1434 1954; x_wconf 82' lang='lat' dir='ltr'><strong>multas</strong></span> <span class='ocrx_word' id='word_1_605' title='bbox 1470 1921 1675 1954; x_wconf 86' lang='lat' dir='ltr'><strong>calamitates</strong></span> <span class='ocrx_word' id='word_1_606' title='bbox 1708 1923 1803 1952; x_wconf 86' lang='lat' dir='ltr'><strong>etiam</strong></span> <span class='ocrx_word' id='word_1_607' title='bbox 1839 1921 1871 1952; x_wconf 92' lang='lat' dir='ltr'><strong>in</strong></span> <span class='ocrx_word' id='word_1_608' title='bbox 1899 1917 2051 1951; x_wconf 85' lang='lat' dir='ltr'><strong>Ecclesia</strong></span> <span class='ocrx_word' id='word_1_609' title='bbox 2080 1928 2157 1950; x_wconf 85' lang='lat' dir='ltr'><strong>esse</strong></span> 
     </span>
     <span class='ocr_line' id='line_1_95' title="bbox 1186 1966 1890 2007; baseline -0.006 -10"><span class='ocrx_word' id='word_1_610' title='bbox 1186 1970 1347 2007; x_wconf 73' lang='grc' dir='ltr'><strong><em>τιμωρίας,</em></strong></span> <span class='ocrx_word' id='word_1_611' title='bbox 1371 1966 1402 1996; x_wconf 87' lang='lat' dir='ltr'><strong>id</strong></span> <span class='ocrx_word' id='word_1_612' title='bbox 1425 1971 1494 2002; x_wconf 87' lang='lat' dir='ltr'><strong>est,</strong></span> <span class='ocrx_word' id='word_1_613' title='bbox 1518 1975 1644 2005; x_wconf 84' lang='lat' dir='ltr'><strong>poenas</strong></span> <span class='ocrx_word' id='word_1_614' title='bbox 1667 1971 1890 2005; x_wconf 78' lang='lat' dir='ltr'><strong>peccatorum.</strong></span> 
     </span>
    </p>
   </div>
   <div class='ocr_carea' id='block_1_11' title="bbox 1186 2023 2160 2494">
    <p class='ocr_par' dir='ltr' id='par_1_20' title="bbox 1186 2023 2160 2494">
     <span class='ocr_line' id='line_1_96' title="bbox 1273 2023 2157 2061; baseline -0.006 -5"><span class='ocrx_word' id='word_1_615' title='bbox 1273 2025 1396 2060; x_wconf 84' lang='lat' dir='ltr'><strong>Quarta</strong></span> <span class='ocrx_word' id='word_1_616' title='bbox 1427 2035 1526 2055; x_wconf 82' lang='lat' dir='ltr'><strong>causa</strong></span> <span class='ocrx_word' id='word_1_617' title='bbox 1551 2031 1618 2061; x_wconf 82' lang='lat' dir='ltr'><strong>est,</strong></span> <span class='ocrx_word' id='word_1_618' title='bbox 1649 2031 1682 2055; x_wconf 87' lang='lat' dir='ltr'><strong>ut</strong></span> <span class='ocrx_word' id='word_1_619' title='bbox 1712 2030 1906 2055; x_wconf 77' lang='lat' dir='ltr'><strong>exerceatur</strong></span> <span class='ocrx_word' id='word_1_620' title='bbox 1925 2023 1956 2053; x_wconf 89' lang='lat' dir='ltr'><strong>in</strong></span> <span class='ocrx_word' id='word_1_621' title='bbox 1980 2031 2081 2053; x_wconf 79' lang='lat' dir='ltr'><strong>sensu</strong></span> <span class='ocrx_word' id='word_1_622' title='bbox 2104 2031 2157 2052; x_wconf 66' lang='lat' dir='ltr'><strong>cad</strong></span> 
     </span>
     <span class='ocr_line' id='line_1_97' title="bbox 1186 2064 2158 2105; baseline -0.005 -6"><span class='ocrx_word' id='word_1_623' title='bbox 1186 2067 1363 2099; x_wconf 69' lang='lat' dir='ltr'><strong>launituunu</strong></span> <span class='ocrx_word' id='word_1_624' title='bbox 1388 2068 1482 2104; x_wconf 65' lang='lat' dir='ltr'><strong>tides,</strong></span> <span class='ocrx_word' id='word_1_625' title='bbox 1506 2067 1682 2102; x_wconf 78' lang='lat' dir='ltr'><strong>invocatio,</strong></span> <span class='ocrx_word' id='word_1_626' title='bbox 1707 2074 1737 2097; x_wconf 86' lang='lat' dir='ltr'><strong>et</strong></span> <span class='ocrx_word' id='word_1_627' title='bbox 1762 2074 1830 2097; x_wconf 81' lang='lat' dir='ltr'><strong>tota</strong></span> <span class='ocrx_word' id='word_1_628' title='bbox 1854 2067 1983 2097; x_wconf 75' lang='lat' dir='ltr'><strong>novitus</strong></span> <span class='ocrx_word' id='word_1_629' title='bbox 2008 2064 2158 2105; x_wconf 81' lang='lat' dir='ltr'><strong>spiritua-</strong></span> 
     </span>
     <span class='ocr_line' id='line_1_98' title="bbox 1187 2105 2159 2152; baseline -0.006 -10"><span class='ocrx_word' id='word_1_630' title='bbox 1187 2111 1246 2148; x_wconf 80' lang='lat' dir='ltr'><strong>tis,</strong></span> <span class='ocrx_word' id='word_1_631' title='bbox 1281 2112 1355 2152; x_wconf 80' lang='lat' dir='ltr'><strong>qnia</strong></span> <span class='ocrx_word' id='word_1_632' title='bbox 1390 2121 1504 2141; x_wconf 78' lang='lat' dir='ltr'><strong>omnes</strong></span> <span class='ocrx_word' id='word_1_633' title='bbox 1538 2111 1570 2140; x_wconf 93' lang='lat' dir='ltr'><strong>in</strong></span> <span class='ocrx_word' id='word_1_634' title='bbox 1598 2111 1698 2141; x_wconf 84' lang='lat' dir='ltr'><strong>rebus</strong></span> <span class='ocrx_word' id='word_1_635' title='bbox 1729 2109 1884 2141; x_wconf 80' lang='lat' dir='ltr'><strong>secundis</strong></span> <span class='ocrx_word' id='word_1_636' title='bbox 1913 2117 2027 2140; x_wconf 86' lang='lat' dir='ltr'><strong>sumus</strong></span> <span class='ocrx_word' id='word_1_637' title='bbox 2055 2105 2159 2148; x_wconf 79' lang='lat' dir='ltr'><strong>negli-</strong></span> 
     </span>
     <span class='ocr_line' id='line_1_99' title="bbox 1188 2148 2158 2197; baseline -0.006 -12"><span class='ocrx_word' id='word_1_638' title='bbox 1188 2154 1363 2197; x_wconf 67' lang='lat' dir='ltr'><strong>gentiores.</strong></span> <span class='ocrx_word' id='word_1_639' title='bbox 1420 2154 1501 2184; x_wconf 61' lang='lat' dir='ltr'><strong>sum</strong></span> <span class='ocrx_word' id='word_1_640' title='bbox 1532 2154 1737 2184; x_wconf 85' lang='lat' dir='ltr'><strong>abundamus</strong></span> <span class='ocrx_word' id='word_1_641' title='bbox 1767 2153 1866 2183; x_wconf 84' lang='lat' dir='ltr'><strong>rebus</strong></span> <span class='ocrx_word' id='word_1_642' title='bbox 1894 2150 2094 2182; x_wconf 82' lang='lat' dir='ltr'><strong>necessariis</strong></span> <span class='ocrx_word' id='word_1_643' title='bbox 2116 2148 2158 2179; x_wconf 79' lang='lat' dir='ltr'><strong>ad</strong></span> 
     </span>
     <span class='ocr_line' id='line_1_100' title="bbox 1190 2189 2159 2233; baseline -0.006 -5"><span class='ocrx_word' id='word_1_644' title='bbox 1190 2198 1325 2233; x_wconf 70' lang='lat' dir='ltr'><strong>virtum,</strong></span> <span class='ocrx_word' id='word_1_645' title='bbox 1349 2195 1572 2227; x_wconf 74' lang='lat' dir='ltr'><strong>obliviscimur</strong></span> <span class='ocrx_word' id='word_1_646' title='bbox 1600 2195 1678 2227; x_wconf 84' lang='lat' dir='ltr'><strong>Dei.</strong></span> <span class='ocrx_word' id='word_1_647' title='bbox 1710 2202 1741 2227; x_wconf 91' lang='lat' dir='ltr'><strong>et</strong></span> <span class='ocrx_word' id='word_1_648' title='bbox 1772 2195 1936 2226; x_wconf 83' lang='lat' dir='ltr'><strong>reddimur</strong></span> <span class='ocrx_word' id='word_1_649' title='bbox 1965 2192 2087 2224; x_wconf 81' lang='lat' dir='ltr'><strong>securi:</strong></span> <span class='ocrx_word' id='word_1_650' title='bbox 2119 2189 2159 2222; x_wconf 83' lang='lat' dir='ltr'><strong>Et</strong></span> 
     </span>
     <span class='ocr_line' id='line_1_101' title="bbox 1189 2237 2159 2280; baseline -0.005 -10"><span class='ocrx_word' id='word_1_651' title='bbox 1189 2240 1271 2270; x_wconf 70' lang='lat' dir='ltr'><strong>liaeo</strong></span> <span class='ocrx_word' id='word_1_652' title='bbox 1294 2241 1472 2270; x_wconf 73' lang='lat' dir='ltr'><strong>securitas.</strong></span> <span class='ocrx_word' id='word_1_653' title='bbox 1504 2239 1597 2280; x_wconf 71' lang='lat' dir='ltr'><strong>«prasi</strong></span> <span class='ocrx_word' id='word_1_654' title='bbox 1628 2239 1770 2269; x_wconf 81' lang='lat' dir='ltr'><strong>ebrietas</strong></span> <span class='ocrx_word' id='word_1_655' title='bbox 1800 2237 1959 2278; x_wconf 81' lang='lat' dir='ltr'><strong>quaedam</strong></span> <span class='ocrx_word' id='word_1_656' title='bbox 1983 2243 2051 2273; x_wconf 85' lang='lat' dir='ltr'><strong>cst,</strong></span> <span class='ocrx_word' id='word_1_657' title='bbox 2075 2244 2159 2276; x_wconf 79' lang='lat' dir='ltr'><strong>quae</strong></span> 
     </span>
     <span class='ocr_line' id='line_1_102' title="bbox 1189 2278 2160 2322; baseline -0.006 -9"><span class='ocrx_word' id='word_1_658' title='bbox 1189 2281 1385 2322; x_wconf 62' lang='lat' dir='ltr'><strong>languebat-it</strong></span> <span class='ocrx_word' id='word_1_659' title='bbox 1421 2282 1679 2314; x_wconf 66' lang='lat' dir='ltr'><strong>invocationem.</strong></span> <span class='ocrx_word' id='word_1_660' title='bbox 1714 2288 1741 2311; x_wconf 89' lang='lat' dir='ltr'><strong>et</strong></span> <span class='ocrx_word' id='word_1_661' title='bbox 1778 2281 1954 2321; x_wconf 79' lang='lat' dir='ltr'><strong>gratiarum</strong></span> <span class='ocrx_word' id='word_1_662' title='bbox 1985 2278 2160 2314; x_wconf 70' lang='lat' dir='ltr'><strong>notionem,</strong></span> 
     </span>
     <span class='ocr_line' id='line_1_103' title="bbox 1190 2318 2158 2366; baseline -0.007 -10"><span class='ocrx_word' id='word_1_663' title='bbox 1190 2326 1344 2366; x_wconf 72' lang='lat' dir='ltr'><strong>extinguit</strong></span> <span class='ocrx_word' id='word_1_664' title='bbox 1372 2326 1519 2356; x_wconf 87' lang='lat' dir='ltr'><strong>timorem</strong></span> <span class='ocrx_word' id='word_1_665' title='bbox 1545 2324 1614 2356; x_wconf 83' lang='lat' dir='ltr'><strong>Dei.</strong></span> <span class='ocrx_word' id='word_1_666' title='bbox 1670 2324 1792 2354; x_wconf 67' lang='lat' dir='ltr'><strong>fonti-n</strong></span> <span class='ocrx_word' id='word_1_667' title='bbox 1813 2333 1892 2353; x_wconf 76' lang='lat' dir='ltr'><strong>vero</strong></span> <span class='ocrx_word' id='word_1_668' title='bbox 1916 2331 2034 2352; x_wconf 70' lang='lat' dir='ltr'><strong>sensus</strong></span> <span class='ocrx_word' id='word_1_669' title='bbox 2058 2318 2158 2350; x_wconf 82' lang='lat' dir='ltr'><strong>malo·</strong></span> 
     </span>
     <span class='ocr_line' id='line_1_104' title="bbox 1190 2362 2160 2403; baseline -0.008 -3"><span class='ocrx_word' id='word_1_670' title='bbox 1190 2380 1259 2400; x_wconf 84' lang='lat' dir='ltr'><strong>rum</strong></span> <span class='ocrx_word' id='word_1_671' title='bbox 1289 2369 1408 2399; x_wconf 67' lang='lat' dir='ltr'><strong>excitat</strong></span> <span class='ocrx_word' id='word_1_672' title='bbox 1438 2370 1584 2399; x_wconf 80' lang='lat' dir='ltr'><strong>timorem</strong></span> <span class='ocrx_word' id='word_1_673' title='bbox 1615 2366 1696 2403; x_wconf 77' lang='lat' dir='ltr'><strong>Dei,</strong></span> <span class='ocrx_word' id='word_1_674' title='bbox 1727 2366 1966 2397; x_wconf 71' lang='lat' dir='ltr'><strong>invocationem</strong></span> <span class='ocrx_word' id='word_1_675' title='bbox 1991 2370 2020 2394; x_wconf 80' lang='lat' dir='ltr'><strong>et</strong></span> <span class='ocrx_word' id='word_1_676' title='bbox 2045 2362 2160 2396; x_wconf 63' lang='lat' dir='ltr'><strong>fidenis</strong></span> 
     </span>
     <span class='ocr_line' id='line_1_105' title="bbox 1189 2405 2160 2451; baseline -0.009 -9"><span class='ocrx_word' id='word_1_677' title='bbox 1189 2413 1270 2442; x_wconf 65' lang='lat' dir='ltr'><strong>sicut</strong></span> <span class='ocrx_word' id='word_1_678' title='bbox 1297 2413 1412 2442; x_wconf 82' lang='lat' dir='ltr'><strong>dicitnr</strong></span> <span class='ocrx_word' id='word_1_679' title='bbox 1435 2412 1518 2451; x_wconf 78' lang='lat' dir='ltr'><strong>apud</strong></span> <span class='ocrx_word' id='word_1_680' title='bbox 1544 2410 1688 2441; x_wconf 70' lang='lat' dir='ltr'><strong>Esaiam:</strong></span> <span class='ocrx_word' id='word_1_681' title='bbox 1725 2410 1876 2448; x_wconf 73' lang='lat' dir='ltr'><strong>Anyuste&#39;a</strong></span> <span class='ocrx_word' id='word_1_682' title='bbox 1901 2407 2045 2437; x_wconf 69' lang='lat' dir='ltr'><strong>cla-nuris</strong></span> <span class='ocrx_word' id='word_1_683' title='bbox 2067 2405 2160 2434; x_wconf 71' lang='lat' dir='ltr'><strong>din-n·-</strong></span> 
     </span>
     <span class='ocr_line' id='line_1_106' title="bbox 1187 2455 1426 2494; baseline -0.004 -12"><span class='ocrx_word' id='word_1_684' title='bbox 1187 2455 1274 2494; x_wconf 74' lang='lat' dir='ltr'><strong>plina</strong></span> <span class='ocrx_word' id='word_1_685' title='bbox 1300 2459 1351 2483; x_wconf 77' lang='lat' dir='ltr'><strong>tna</strong></span> <span class='ocrx_word' id='word_1_686' title='bbox 1375 2456 1426 2482; x_wconf 78' lang='lat' dir='ltr'><strong>ris.</strong></span> 
     </span>
    </p>
   </div>
   <div class='ocr_carea' id='block_1_12' title="bbox 2299 0 2320 421">
    <p class='ocr_par' dir='ltr' id='par_1_21' title="bbox 2299 0 2320 421">
     <span class='ocr_line' id='line_1_107' title="bbox 2299 0 2320 421; baseline 0 2537"><span class='ocrx_word' id='word_1_687' title='bbox 2299 0 2320 421; x_wconf 95' lang='lat' dir='ltr'><strong> </strong></span> 
     </span>
    </p>
   </div>
   <div class='ocr_carea' id='block_1_13' title="bbox 2320 1356 2324 1415">
    <p class='ocr_par' dir='ltr' id='par_1_22' title="bbox 2320 1356 2324 1415">
     <span class='ocr_line' id='line_1_108' title="bbox 2320 1356 2322 1367; baseline 0 0"><span class='ocrx_word' id='word_1_688' title='bbox 2320 1356 2322 1367; x_wconf 75' lang='lat' dir='ltr'><strong>l</strong></span> 
     </span>
     <span class='ocr_line' id='line_1_109' title="bbox 2320 1399 2324 1415; baseline 0 0"><span class='ocrx_word' id='word_1_689' title='bbox 2320 1399 2324 1415; x_wconf 73' lang='lat' dir='ltr'><strong>t</strong></span> 
     </span>
    </p>
   </div>
  </div>
 </body>
</html>
