2324 2958
843 137 852 150 ἱ

118 187 182 221 937

119 282 278 320 ctionem,
313 281 400 313 sicut
433 281 560 312 dieunt:
593 280 665 311 Non
698 279 771 310 licet
806 279 895 310 nobis
922 280 1091 318 interficere

117 334 301 365 quemquam.
347 324 418 355 Nos
436 324 472 355 iu
487 324 677 355 Academiis
696 323 855 354 habemus
878 323 974 353 etiam
996 322 1091 353 iuris-

119 367 293 398 dictionem
316 364 515 398 inferiorem.
560 366 804 407 Erphordensis
828 365 957 403 civitas,
981 375 1090 406 quam-

117 419 215 451 quam
238 407 394 450 opulenta
417 415 486 447 est,
508 416 617 440 tamen
641 415 766 439 tantum
789 406 976 439 inferiorem
1000 408 1090 439 iuris·

117 452 294 483 dictionem
325 450 434 482 habet.
487 451 672 493 Episcopus
703 450 967 492 moguntinensis
991 450 1091 481 habet

117 494 373 526 iurisdictionem
397 495 428 524 in
452 493 508 524 illa
533 495 664 525 civitate
687 494 900 534 superiorem.
941 492 997 524 Sic-
1016 502 1090 524 cen·

117 538 280 574 turiones,
315 537 369 578 qui
404 538 434 567 in
470 537 643 577 praesidiis
677 542 769 566 eraut
805 537 936 566 nomine
967 536 1090 576 imperii

119 579 255 611 Romani
289 580 320 609 in
355 579 492 617 Iudaea,
526 579 692 610 habebant
726 579 928 619 superiorem
962 578 1090 609 iurisdi-

116 623 268 653 ctionem.

202 665 276 696 Non
298 674 478 705 possumus
502 670 592 694 certo
624 662 806 700 affirmare,
835 669 941 694 utrum
965 662 1087 693 Corne-

115 706 178 738 lius
201 709 264 738 iste
286 705 382 738 suerit
406 717 445 737 ex
469 705 589 737 familia
614 704 787 743 Cornelia,
817 706 846 736 iel
872 712 941 744 est,
965 706 1090 747 Scipio—

114 760 202 782 num.
258 749 342 781 Tota
382 748 502 780 familia
538 747 694 779 Cornelia
733 748 846 779 habuit
880 754 1115 792 praestantes¹

116 793 215 824 viros.
261 792 435 833 Scipiones
458 791 505 822 illi
528 790 656 823 suerunt
682 800 748 821 non
767 790 875 821 sotum
893 790 1010 828 sortes,
1029 791 1089 821 sed
1114 814 1115 824 ,

114 836 213 867 etiam
242 835 382 866 modesti
410 834 570 865 homines.
623 834 749 864 Nomen
776 834 937 872 Scipionis
966 833 1089 875 signiti—
1113 825 1115 872 4

114 884 168 910 cat
197 879 366 916 baculum,
396 888 462 919 quo
493 877 566 918 quis
593 877 750 908 innititur.
802 875 890 907 Vere
915 876 1088 917 Scipiones
1112 875 1116 921 ξ

113 919 247 953 fuerunt
275 919 414 952 baculus
443 921 585 961 imperii,
614 921 644 950 id
675 925 745 956 est,
779 919 832 960 qui
862 924 1115 967 sustentaruntss

113 963 290 1006 imperium.
1114 976 1118 982 ’

201 1007 272 1037 Hoc
305 1012 429 1037 certum
465 1013 532 1043 est,
565 1006 653 1047 quod
688 1003 862 1035 Cornelius
895 1004 959 1035 iste
992 984 1117 1043 fueriti

113 1048 212 1080 homo
244 1047 362 1086 Italus,
396 1055 427 1079 et
459 1047 608 1079 habuerit
638 1048 700 1079 sub
731 1057 768 1077 se
797 1046 915 1078 milites
945 1045 1088 1077 Italicos.
1114 1055 1116 1061 ’

114 1092 210 1132 Apud
240 1091 301 1122 hos
331 1090 404 1132 plus
432 1091 491 1122 suit
523 1089 734 1132 disciplinae,
768 1100 865 1131 quam
894 1090 981 1130 apud
1003 1088 1088 1121 alios

112 1135 345 1176 stipendiarius
370 1134 500 1171 milites,
524 1135 607 1164 inter
630 1143 713 1174 quos
734 1139 827 1163 erant
848 1133 990 1170 Amnes,
1011 1132 1087 1163 Cre—

113 1185 236 1215 tenses,
261 1183 294 1208 et
317 1187 436 1219 magna
460 1176 622 1208 colluvies
647 1176 809 1205 variarum
833 1177 986 1216 gentium.
1022 1174 1087 1205 Ηο-

112 1221 164 1251 die
188 1221 284 1251 etiatn
307 1230 462 1262 magnum
487 1225 537 1249 est
561 1218 736 1248 discrimen
760 1215 906 1248 militum.
950 1216 1086 1258 Hispani

112 1273 153 1294 ne
177 1263 306 1304 quidem
334 1263 446 1293 amicis
477 1261 546 1292 suis
576 1266 731 1302 parcunt:
768 1261 896 1301 rapiunt
927 1258 1084 1290 honestas

111 1311 277 1336 matronas
313 1311 343 1335 et
382 1306 542 1346 virgines,
578 1309 608 1334 et
643 1313 702 1344 per
735 1303 799 1333 vim
833 1313 890 1333 eas
921 1309 1084 1343 stuprant.

111 1348 265 1378 Germani
293 1348 373 1378 ebrii
394 1346 642 1378 tumultuantur.
687 1345 869 1385 Imperator
888 1344 1029 1376 Carolus
1043 1345 1083 1375 V.

111 1391 191 1421 dixit
213 1398 289 1421 ante
312 1390 376 1421 huc
400 1390 566 1431 oppidum,
585 1388 716 1430 quando
740 1388 861 1419 audivit
885 1386 1012 1418 scelera
1030 1388 1084 1419 Hi-

111 1443 306 1474 spanorum:
339 1432 409 1471 Eyo
440 1432 529 1461 valde
562 1435 680 1464 metuo,
715 1440 752 1459 ne
782 1430 901 1459 cladem
930 1432 1084 1469 accipiam

111 1476 280 1516 aliquando
299 1479 432 1515 propter
454 1476 618 1514 nequitiam
640 1483 770 1503 mcor-mn
791 1473 953 1503 hominnm.
998 1474 1085 1504 Ante

111 1528 262 1560 magnam
298 1517 386 1549 illam
420 1527 580 1559 pugnam,
614 1517 646 1547 in
680 1526 743 1557 qua
777 1515 978 1547 Francis-cus
1013 1515 1084 1547 Rex

110 1562 185 1592 vicit
206 1560 383 1600 Helvetios,
407 1561 564 1591 scribitur
587 1559 692 1590 fuisse
714 1559 875 1600 quosdam
899 1557 1083 1596 delvetios‚

110 1604 182 1645 qui,
213 1614 286 1635 cum
317 1604 442 1645 hospes
470 1601 634 1633 attulisset
657 1603 785 1640 vinum,
813 1602 902 1643 quod
925 1611 990 1632 non
1014 1600 1083 1642 pla-

110 1647 206 1678 cebat
226 1650 296 1683 eis,
320 1647 382 1687 ipsi
406 1646 650 1677 descenderunt
674 1646 705 1675 in
729 1643 859 1682 cellam,
889 1651 921 1676 et
950 1651 1083 1686 gustato

109 1690 185 1720 vino
214 1688 356 1727 meliori,
387 1689 568 1720 iniecerunt
595 1687 759 1729 hospitem
790 1688 822 1718 in
846 1698 925 1726 vas,
954 1697 994 1718 ex
1017 1657 1112 2005 (1ου,

1113 605 1116 630 l

109 1731 263 1763 attulerat
295 1731 360 1763 illis
397 1732 515 1762 vinum.
580 1731 673 1761 Hanc
707 1729 919 1771 petulantiam
954 1731 1082 1771 punivit

110 1774 213 1806 Deus.
269 1774 355 1805 Victi
388 1780 463 1805 sunt
498 1774 583 1805 enim
613 1783 732 1814 magna
761 1771 873 1811 clade,
908 1780 940 1804 et
969 1774 1083 1804 occisa

109 1823 184 1848 sunt
207 1816 328 1858 aliquot
355 1816 453 1848 millia
478 1815 710 1847 Helvetiorum.

196 1859 260 1890 Istc
284 1859 458 1891 Cornelius
483 1858 541 1891 fuit
566 1860 615 1890 tir
637 1859 809 1890 honestus.
854 1859 927 1890 Non
953 1857 1012 1890 fuit
1038 1867 1080 1889 te-

110 1901 292 1934 mulentus.
328 1913 392 1933 nou
423 1903 551 1940 ebrius,
585 1913 650 1933 non
682 1912 798 1943 rapax,
833 1912 897 1933 non
927 1904 1079 1933 iniustus.

109 1945 326 1976 Nominantur
350 1945 415 1976 hoc
437 1943 678 1986 eleemosynae,
702 1955 785 1986 quae
810 1956 873 1975 non
894 1946 1080 1987 significant

108 1994 233 2020 tantum
266 1987 495 2019 liberalitatem
531 1990 562 2018 in
597 1988 713 2019 dandis
745 1987 940 2029 fragmentis
974 1989 1080 2029 panis,

100 2039 162 2075 ‘aut
187 2031 410 2062 distribuenda
435 2031 574 2071 pecunia
597 2031 680 2061 iuter
707 2039 862 2073 egente-S,
896 2033 956 2063 sed
984 2030 1079 2062 simul

108 2072 372 2114 complectuntur
390 2073 626 2111 defensionem,
644 2084 739 2114 quam
754 2075 969 2116 Magistratus
988 2084 1079 2115 prae-

108 2124 197 2148 stare
221 2117 317 2147 debet
342 2117 529 2157 oppressis,
553 2117 715 2148 adversus
738 2118 890 2148 iniustos:
925 2118 994 2147 Das
1011 2129 1079 2147 mun

108 2160 167 2189 den
191 2170 291 2189 armen
315 2159 413 2188 leutcu
436 2159 537 2188 sebur:
559 2159 650 2189 holte.

193 2201 276 2234 Cum
307 2201 424 2233 Daniel
457 2203 607 2234 hortatur
638 2201 759 2244 Regem
790 2202 1080 2235 Nabuchdonosor

107 2246 149 2276 ad
172 2246 420 2286 poenitentiam,
453 2245 607 2286 praecipit
633 2246 678 2283 ei,
705 2251 740 2276 ut
763 2255 799 2276 se
822 2245 937 2277 liberet
961 2257 979 2277 a
1005 2257 1077 2286 Jec-

107 2296 200 2326 cato,
223 2289 354 2322 iustitia,
373 2295 403 2319 et
428 2288 660 2329 eleemosynis.
706 2287 787 2320 Vult
809 2299 882 2320 eum
905 2290 1077 2320 discedere

107 2341 126 2362 a
150 2333 387 2364 consuetudine
416 2332 592 2373 peccandi,
620 2341 756 2363 cessare
779 2343 798 2363 a
821 2333 986 2373 peccatis,
1009 2334 1077 2374 qui-

107 2375 170 2405 bus
193 2373 325 2405 indulsit
348 2375 520 2406 hactenus.
572 2373 683 2415 Magni
713 2374 844 2406 Domini
867 2386 931 2407 non
957 2376 1077 2407 habent

107 2416 192 2448 levia
215 2425 367 2458 peccata:
386 2416 418 2447 Ὁ
441 2416 532 2447 nesta*
555 2417 702 2456 πράττων,
721 2417 819 2448 πολλὰ
837 2421 887 2449 καὶ
905 2419 1076 2461 ἁμαρτάνει.

106 2459 234 2491 Deinde
259 2459 327 2492 vult
349 2471 420 2492 eum
445 2460 513 2491 fieri
537 2461 663 2491 iustum.
709 2462 880 2502 Significat
901 2469 1008 2494 autem
1032 2464 1077 2494 iu-

105 2503 194 2534 stitia
224 2513 289 2534 non
320 2510 440 2535 tantum
471 2513 571 2544 opera
602 2513 680 2544 erga
704 2503 870 2542 homines,
897 2506 956 2536 sed
980 2506 1075 2537 simul

106 2547 351 2586 comprehendit
381 2553 484 2577 totum
509 2545 629 2577 cultum
654 2547 775 2587 primae
798 2547 939 2579 tabulae.
992 2549 1074 2581 Nam

106 2589 224 2619 iustitia
252 2588 450 2620 universalis
475 2590 613 2630 pertinet
637 2591 677 2620 ad
703 2591 809 2621 omnia
832 2597 1007 2633 praecepta
1032 2591 1075 2623 lc·

105 2632 173 2672 gis:
204 2631 245 2662 Et
269 2641 333 2672 quo
355 2633 455 2662 motio
478 2631 664 2663 inchoanda
689 2634 729 2663 ⁴sit
753 2632 836 2665 haec
859 2634 996 2671 iustitia,
1027 2636 1076 2667 sic

799 185 1014 218 PosTlLLA
1040 184 1435 222 MELANTHONIANA.

2052 191 2115 223 938

1141 288 1177 313 ut
1199 281 1290 322 prius
1312 291 1456 323 persona
1480 283 1607 324 placeat
1628 284 1711 319 Deo,
1730 291 1762 316 et
1781 285 1809 316 ei
1829 285 1872 315 sit
1890 284 2115 323 reconciliata,

1142 324 1174 354 id
1197 323 1284 355 haud
1313 325 1410 356 dubie
1442 336 1482 357 ex
1505 326 1689 369 Evangelio
1713 328 1824 359 docuit
1846 327 1966 359 Daniel
1989 327 2115 370 Regem

1142 376 1247 398 suum.

1228 407 1482 451 Eleemosynam
1505 412 1649 442 nominat
1671 411 1921 443 beneficentiam
1941 423 2020 455 erga
2039 415 2115 444 sub-

1143 451 1240 482 ditos.
1297 451 1388 483 Sicut
1419 462 1484 482 non
1514 452 1581 484 vult
1611 464 1684 485 eum
1715 464 1791 485 esse
1814 453 2038 486 idololatram:
2072 457 2115 487 ita

1142 503 1206 524 non
1232 493 1299 525 vult
1323 505 1398 525 esse
1422 501 1605 536 tyrannum.
1652 496 1753 527 Erant
1776 505 1841 528 tum
1865 497 1975 529 ludaei
2000 497 2115 530 exules

1143 537 1176 567 in
1201 547 1304 578 regno
1328 536 1663 575 Nabuchdonosoris3
1689 539 1753 571 hos
1783 550 1848 570 non
1877 539 1947 571 vult
1976 551 2114 582 prorsus

1143 580 1291 620 opprimi.
1342 579 1403 611 Est
1426 581 1562 619 concio,
1591 591 1676 622 quae
1698 588 1808 621 potest
1832 583 2115 615 commonefacere

1114 645 1116 651 .
1142 623 1397 664 gubernatorem
1428 633 1494 654 non
1524 623 1682 655 stolidum
1713 624 1754 655 de
1783 623 1893 656 multis
1915 626 2043 667 magnis
2067 636 2114 657 re—

1144 666 1221 696 bus:
1244 666 1308 696 imo
1327 666 1368 696 de
1386 676 1512 697 summa
1525 667 1785 709 gubernationis.
1819 666 1983 709 Cogitate,
1995 677 2115 710 quanta

1143 717 1197 738 res
1220 708 1281 745 sit,
1311 709 1363 739 ubi
1387 716 1439 740 est
1463 710 1494 740 in
1515 719 1636 751 regno,
1666 716 1722 740 aut
1745 711 1892 741 exercitu
1916 712 2115 752 gubernator

1142 749 1229 788 talis,
1251 752 1422 792 praeditus
1446 752 1498 783 bis
1523 753 1713 784 virtutibus:
1736 753 1855 793 pietate
1878 754 1909 783 in
1929 753 2047 792 Deum,
2071 755 2115 786 iu-

1141 794 1227 824 stitia
1250 804 1330 835 erga
1353 794 1519 832 homines,
1537 795 1754 826 beneficentia
1772 806 1853 836 erga
1871 797 2021 828 miseros.
2056 796 2114 828 Ta-

1141 834 1190 867 les
1214 835 1405 878 plerumque
1427 837 1520 869 Deus
1543 845 1648 869 armat
1671 839 1877 869 auctoritate.

1226 878 1406 911 Pulchrum
1429 886 1481 912 est
1504 881 1612 918 etiam,
1631 881 1719 923 quod
1741 882 1772 912 in
1796 880 1859 912 hae
1877 880 2016 914 historia
2034 884 2115 913 scri-

1142 921 1239 959 bitur,
1255 921 1444 954 Cornelium
1468 922 1571 955 fuisse
1595 925 1693 964 pium,
1715 930 1746 954 et
1768 923 1831 955 Dei
1855 925 2018 956 timentem
2043 936 2114 956 cum

1142 965 1228 995 omni
1263 965 1360 996 domo
1394 976 1464 997 sua.
1521 966 1599 998 Item
1634 967 1721 1008 quod
1755 967 1879 998 miserit
1911 968 1953 998 ad
1983 968 2114 999 Petrum

1142 1007 1226 1038 duos
1250 1008 1452 1039 domesticos
1475 1019 1569 1047 sum,
1589 1016 1620 1040 et
1645 1008 1778 1041 militem
1802 1011 1889 1051 pium
1913 1020 1953 1041 ex
1976 1009 2040 1047 his,
2060 1012 2114 1052 qni

1141 1048 1187 1080 illi
1210 1052 1381 1091 parebant.
1427 1051 1486 1083 Est
1516 1053 1670 1083 usitatum
1699 1053 1838 1084 dictum:
1875 1052 1986 1086 Qualis
2009 1053 2113 1083 Domi-

1140 1102 1214 1126 nus,
1246 1093 1294 1122 tol
1305 1104 1320 1121 s
1349 1104 1471 1123 servus:
1504 1095 1578 1124 talis
1601 1095 1743 1133 γ’ὶιιιιίΙὶα,
1779 1095 1857 1125 tales
1886 1097 2028 1126 ministri.
2074 1095 2113 1127 Et

1142 1135 1256 1168 Quales
1286 1136 1444 1170 dorninae,
1479 1137 1557 1166 tales
1585 1138 1731 1172 catellae,
1765 1142 1795 1168 et
1818 1138 1960 1168 ancillae.
2017 1139 2112 1180 Apud

1140 1177 1355 1209 Claudianum
1379 1186 1456 1210 sunt
1478 1180 1561 1211 haec
1586 1181 1685 1212 dicta:

1219 1238 1347 1268 Scilicet
1366 1241 1401 1269 in
1426 1240 1532 1279 mdyns
1554 1245 1679 1270 manant
1703 1241 1843 1280 exempla
1862 1246 2026 1281 reyentnm.

1581 1310 1658 1341 item
1666 1333 1676 1348 ‚

1195 1367 1294 1407 thue
1317 1368 1426 1397 ducum
1451 1369 1546 1399 lituos
1568 1371 1614 1399 sic
1636 1380 1735 1400 mores
1757 1374 1863 1400 castra
1885 1375 2059 1411 sequuntur.

1591 1445 1652 1484 Et,

1223 1503 1320 1544 Reyt's
1343 1505 1387 1534 ad
1409 1505 1577 1545 exemplum
1602 1511 1686 1537 tolus
1709 1508 1901 1546 componitur
1924 1507 2018 1539 orbis.

1575 1583 1654 1615 Item
1663 1607 1672 1622 ‚

1244 1661 1284 1664 -—-
1308 1642 1364 1671 sed
1386 1652 1447 1672 non
1469 1644 1624 1681 inflectere
1647 1654 1752 1673 sensus

1245 1684 1402 1714 Humanas
1424 1686 1529 1716 edicta
1551 1686 1669 1721 valent,
1693 1690 1726 1716 nt
1748 1688 1813 1716 vita
1835 1689 1980 1727 reyeutis.

1135 1743 1166 1774 id
1189 1750 1252 1782 est,
1272 1755 1337 1775 non
1362 1746 1468 1777 edicta
1491 1752 1615 1778 tantum
1636 1746 1758 1785 valent,
1776 1754 1933 1788 quantum
1959 1748 2108 1790 exempla

1135 1796 1195 1818 seu
1230 1787 1297 1818 vita
1331 1789 1572 1829 gubernatoris.
1628 1788 1712 1821 Tota
1741 1790 1808 1820 vita
1836 1791 1961 1832 regitur
1992 1792 2106 1832 partim

1135 1829 1269 1869 regulis,
1288 1833 1404 1871 partim
1427 1831 1596 1873 exemplis
1642 1832 1708 1863 Sed
1733 1831 1883 1873 exempla
1906 1841 1979 1864 sunt
2003 1835 2108 1876 magis

1134 1872 1283 1904 efficacia
1307 1875 1336 1904 in
1362 1881 1532 1916 utrumque
1555 1881 1692 1916 partem.
1745 1875 1816 1906 Nos
1845 1876 2002 1908 Germani
2030 1878 2107 1909 diei-

1133 1925 1221 1946 inus:
1268 1916 1367 1945 ῙΓιιηη
1398 1918 1454 1946 der
1483 1918 1544 1946 Am
1573 1918 1626 1947 die
1655 1918 1772 1956 tcnrffel
1797 1918 1876 1958 Ieyt,
1912 1930 1946 1949 so
1975 1921 2017 1949 ist
2040 1921 2106 1949 dem

1135 1958 1269 1988 Conveni
1293 1959 1410 1989 erlanbt
1434 1972 1469 1991 :n
1492 1960 1618 2000 spitlcn.

1241 2020 1334 2049 Forte
1358 2020 1451 2050 cubos
1469 2022 1589 2059 primus
1608 2022 1716 2059 pos-uit
1739 2032 1804 2050 cnm
1823 2022 1927 2059 futilis
1950 2023 2072 2052 Almus:

1247 2061 1327 2091 Tunc
1350 2073 1415 2092 sese
1438 2063 1586 2093 Monaeln‘
1608 2064 1713 2093 ludere
1735 2066 1800 2093 iure
1818 2068 1942 2104 putant.

1133 2122 1162 2152 id
1186 2128 1254 2159 est,
1289 2121 1406 2163 quales
1435 2130 1511 2154 sunt
1535 2134 1643 2155 mores
1667 2126 1891 2164 superiorum,
1921 2126 2005 2157 tales
2028 2134 2102 2157 sunt

1132 2175 1242 2195 mores
1265 2165 1466 2197 ini'etiorum.
1513 2166 1585 2197 Hoc
1609 2166 1801 2208 plerumque
1825 2167 1869 2198 fit.
1905 2169 2033 2200 Videtis
2051 2169 2103 2200 hic

1132 2208 1217 2247 pium
1251 2208 1519 2248 patremfamilias
1554 2208 1753 2243 Cornelium.
1811 2210 1840 2240 {s
1875 2211 1973 2243 habet
2007 2213 2101 2243 etiam

1133 2251 1299 2281 ministros
1323 2252 1410 2292 pios3
1435 2253 1632 2283 contrarium
1659 2258 1707 2283 est
1732 2253 1762 2282 in
1783 2252 1970 2285 Salomonis
1995 2256 2100 2286 dicto:

1133 2293 1242 2322 Omnes
1275 2295 1409 2323 ministri
1442 2297 1523 2333 refis
1556 2296 1658 2333 impii,
1693 2297 1784 2324 ctiam
1817 2298 1880 2335 ipsi
1907 2301 1975 2327 snut
2003 2300 2098 2337 impii.

1130 2335 1226 2373 Item,
1249 2337 1329 2366 Mali
1351 2338 1483 2372 domiui,
1508 2337 1580 2366 mali
1602 2341 1670 2366 sunt
1693 2339 1782 2368 servi.

1218 2379 1354 2411 Debetis
1378 2388 1487 2411 autem
1512 2387 1543 2410 et
1567 2380 1630 2411 boc
1654 2381 1783 2411 discere
1807 2381 1837 2412 in
1861 2383 1924 2413 ista
1948 2381 2099 2414 historia:

1130 2423 1219 2463 quod
1243 2422 1352 2453 militia
1376 2433 1441 2454 non
1465 2423 1505 2453 sit
1530 2433 1636 2464 genus
1660 2423 1745 2453 vitae
1769 2434 1920 2464 pugnans
1946 2437 2018 2457 cnm
2044 2437 2099 2457 vo—

1130 2463 1253 2495 luntate
1286 2467 1363 2501 Dei,
1398 2473 1428 2496 et
1459 2467 1544 2507 quod
1574 2464 1690 2496 milites
1721 2464 1852 2507 quoque
1880 2470 2007 2508 po.=sint
2031 2468 2099 2510 pia-

1130 2518 1204 2539 ccre
1228 2507 1311 2539 Deo.
1368 2507 1479 2538 Potest
1503 2507 1619 2550 aliquis
1646 2519 1720 2537 esso
1744 2509 1833 2550 piuS,
1856 2518 1886 2541 et
1913 2518 2018 2543 tamen
2043 2513 2099 2543 mi-

1129 2550 1196 2581 les:
1224 2552 1307 2581 sicut
1337 2558 1370 2581 tu
1401 2558 1496 2591 potes
1526 2562 1602 2582 esse
1631 2550 1873 2590 scholasticus,
1903 2560 1935 2584 et
1965 2553 2099 2595 placere

1129 2593 1223 2630 Deo,
1247 2595 1273 2624 si
1298 2604 1333 2624 es
1356 2594 1439 2633 pius.
1492 2593 1635 2625 Econtra
1666 2601 1773 2635 potest
1801 2594 1919 2637 aliquis
1943 2607 2019 2629 esse
2042 2599 2098 2629 mi-

1128 2637 1231 2666 nister
1255 2635 1425 2677 Evangelii
1449 2637 1578 2677 impius:
1602 2639 1650 2668 ,sic
1669 2643 1776 2679 potest
1794 2640 1888 2670 etiam
1907 2638 2001 2671 miles
2021 2651 2096 2672 esse
