2324 2958
98 213 158 246 181

97 309 219 343 tierent,
241 306 324 336 inter
344 309 454 332 semen
475 303 564 330 tumn
586 302 619 329 et
643 305 753 329 semen
781 298 934 327 mulieris.
999 294 1071 326 Hoc

97 359 166 381 non
197 345 318 378 frustra
351 348 404 374 est
430 341 644 383 praedictum.
711 337 874 369 Diabolus
898 336 990 369 nullo
1013 348 1072 369 un-

99 401 203 433 quam·
217 395 363 427 tempore
386 390 508 421 cessat,
532 383 593 414 sed
611 383 744 413 assidue
767 388 909 422 vagatur
933 382 1068 412 eircum-

100 435 181 471 iens,
198 440 286 463 more
307 427 414 459 leonis
439 426 611 469 rugientis,
677 425 713 455 ld
736 424 937 464 experientia
960 430 1069 454 esten-

99 477 156 509 dit.
197 473 326 510 Videte,
349 476 506 512 quantum
526 468 561 499 tit
583 468 800 505 miseriarum,
825 465 1069 503 confusionum,

99 517 317 551 calamitatum
344 514 376 544 in
407 519 476 545 toto
500 522 623 554 genere
645 510 812 541 humano?
842 516 999 550 quantuni
1023 509 1069 539 di-

99 560 310 593 stractionum
331 553 364 588 et
382 556 661 597 persecutionum,
683 554 714 584 in
737 553 811 592 ipsa
830 551 1006 583 Ecclesia?

182 601 285 633 Etiam
310 610 384 630 cum
407 600 527 640 exigua
549 603 638 628 esset
666 594 788 627 familia
819 595 925 632 Adae,
959 594 1069 625 statim

97 642 257 678 Diabolus
279 643 391 673 incitat
415 640 508 678 Cain,
531 647 565 671 ut
588 639 760 670 interficiat
783 637 937 669 Abelum.
966 637 1069 668 Huius

95 686 258 730 parricidii
281 684 471 726 magnitudo
492 694 556 714 non
580 688 689 723 potest
711 681 822 713 verbis
846 682 927 711 satis
940 683 1070 721 exponi.

95 730 198 762 Erant
230 735 309 760 tunc
342 727 492 758 homines
524 725 633 757 adhuc
666 725 698 755 in
728 734 848 765 magna
869 723 1071 764 praestantia

95 778 241 809 naturae,
270 780 454 812 quanquam
479 768 625 809 corrupti
649 778 708 809 per
729 766 870 807 lapsum.
936 766 1071 797 Fratres

97 815 178 847 Cain
207 821 239 845 et
275 811 357 844 Abel
380 813 552 843 audierant
574 821 612 842 se
635 820 711 841 esse
737 810 880 851 primos,
911 815 1007 839 natos
1031 818 1071 839 ex

97 857 285 900 parentibus
308 855 492 887 immediate
516 854 658 886 conditis
681 864 701 884 a
723 852 818 884 Deo:
842 852 1003 883 Videt-ant
1025 858 1071 882 te-

98 901 245 932 stimonia
268 898 522 939 patefactionutn
547 898 747 928 divinarum:
779 895 941 926 Viderunt
968 895 1071 925 sacri·

98 943 171 975 ficia
182 942 433 984 patrisincensa
453 941 623 971 divinitus:
637 939 796 970 Videt-ant
816 935 966 979 Angelos
981 936 1071 968 locu·

95 991 149 1017 tos
168 995 241 1016 cum
263 985 455 1026 parentibus
468 984 498 1014 in
529 982 584 1013 illa
618 983 721 1023 prima
745 980 931 1012 solitudine.
960 979 1070 1011 Credo

95 1028 191 1059 etiam
209 1028 315 1068 ipsum
339 1025 439 1057 fitium
463 1026 525 1056 Dei
549 1036 650 1066 saepe
674 1023 874 1057 collocutum
898 1033 974 1054 esse
997 1033 1072 1054 cum

94 1071 201 1102 Adam
225 1077 256 1101 et
275 1069 354 1101 Eva.
410 1069 451 1099 Et
475 1074 584 1099 tamen
607 1068 762 1099 incitatur
784 1065 886 1097 frater
904 1076 923 1096 a
947 1065 1069 1096 Diabo-

93 1111 139 1150 lo,
161 1119 197 1144 ut
220 1111 353 1143 fratrem
372 1111 557 1143 interficiat.
603 1111 675 1142 Hoc
699 1108 797 1141 efficit
810 1107 972 1140 Diabolus
995 1109 1071 1140 odio

93 1162 212 1186 contra
235 1153 336 1186 filium
360 1154 436 1185 Dei:
459 1154 534 1185 Non
557 1155 642 1184 enim
665 1151 890 1194 principaliter
913 1152 980 1182 odit
1008 1161 1072 1181 nos

92 1197 258 1230 Diabolus
293 1204 429 1238 propter
469 1206 532 1228 nos
565 1197 674 1237 ipsos,
709 1196 768 1226 sed
801 1201 937 1236 propter
970 1192 1072 1225 filium

93 1240 168 1272 Dei.

180 1283 228 1314 lta
250 1282 305 1313 hio
328 1283 441 1314 incitat
464 1281 628 1313 Herodem
651 1281 693 1312 ad
705 1280 982 1321 persecutionem,
1001 1280 1072 1310 sive

93 1327 191 1357 scivit
213 1325 390 1362 Diabolus,
413 1324 500 1355 hunc
523 1334 600 1355 esse
622 1323 792 1361 Messinm,
816 1324 888 1355 sive
907 1332 984 1353 non.
1009 1322 1072 1353 Po-

93 1370 154 1400 tuit
182 1375 290 1399 tamen
324 1368 549 1408 suspicionem
584 1366 709 1398 habere
738 1376 779 1397 ex
812 1364 923 1396 multis
952 1366 1073 1407 Signis,

94 1411 180 1442 sicut
217 1411 313 1442 etiam
349 1410 488 1441 Mariam
516 1415 549 1441 et
571 1409 690 1451 loseph
713 1407 886 1446 intellexit,
912 1408 1073 1440 custodiri

96 1452 308 1496 singulariter
330 1463 349 1483 a
373 1452 458 1483 Deo.

182 1495 278 1526 fiunt
300 1500 409 1526 autem
426 1495 458 1525 in
482 1494 544 1525 hae
567 1494 810 1534 persecutione,
832 1503 929 1534 quam
947 1491 1074 1524 Diabo-

96 1538 325 1570 lusexcitavtt
348 1544 426 1568 nato
453 1536 597 1574 Christo,
632 1534 811 1567 dissimilia.
873 1536 956 1566 Sunt
989 1537 1074 1566 enim

96 1582 150 1612 hic
175 1579 284 1617 exilia,
309 1586 342 1611 et
366 1586 442 1610 sunt
466 1589 586 1609 neces:
622 1578 705 1614 Quia
728 1578 892 1609 Diabolus
926 1588 992 1609 non
1015 1588 1073 1619 po-

96 1629 161 1654 test
184 1623 348 1653 devorare
371 1628 471 1653 totam
484 1620 682 1652 Ecclesiam:
702 1620 837 1652 Etiamsi
855 1620 964 1662 aliqua
978 1632 1075 1652 mem-

96 1667 157 1697 bra
192 1664 442 1701 interficiuntur,
478 1670 586 1695 tamen
622 1663 715 1694 Deus
738 1669 851 1694 servat
874 1663 1073 1695 Ecclesiam.

96 1708 172 1740 Non
205 1707 310 1750 potuit
345 1706 495 1738 Herodes
531 1706 728 1744 interficere,
763 1716 860 1748 quem
883 1707 1074 1747 quaerebat,

99 1751 183 1782 sicut
215 1750 338 1782 caeteri
372 1759 505 1791 qnoque
538 1748 682 1790 Tyranni
709 1759 775 1780 non
799 1756 938 1789 possunt
963 1747 1075 1780 faeere

101 1793 187 1835 quod
208 1792 336 1831 volunt,
359 1793 566 1834 quantumvis
591 1798 790 1834 grassantur
812 1790 1024 1823 horribiliter.

374 2000 438 2040 De
469 1999 598 2040 Exilio
632 1999 790 2041 Christi.

183 2090 328 2123 Primum
360 2091 459 2131 igitur
489 2090 736 2122 consideremus
769 2089 909 2122 Exilium
940 2090 1074 2122 Christi.

97 2134 173 2175 lpse
196 2133 356 2165 Dominus
381 2134 510 2175 cogitur
533 2131 666 2164 exulare
690 2144 762 2165 cum
777 2133 880 2165 Maria
893 2140 926 2165 et
939 2133 1075 2175 loseph:

65 2188 68 2192 ’
97 2177 183 2209 Fieri
207 2177 302 2208 etiam
324 2183 448 2218 potest,
471 2182 507 2208 ut
530 2177 687 2207 traxerint
708 2187 821 2208 seeum
844 2176 998 2208 familiam
1018 2175 1075 2207 ali-

97 2231 205 2262 quam.
251 2220 512 2251 Proficiscunttrr
534 2226 641 2250 autem
664 2220 695 2250 in
719 2220 925 2261 Aegyptum,
960 2220 1075 2250 itinere

97 2264 179 2294 satis
213 2262 327 2305 longo,
362 2263 434 2294 sive
467 2263 499 2293 in
534 2261 735 2293 Alexandria
758 2263 883 2294 sivein
906 2262 1074 2294 Thebaide

96 2306 273 2347 hospitium
296 2306 529 2347 quaesiverint.

186 2348 257 2379 Hoc
280 2347 419 2379 Exilium
443 2353 575 2379 moneat
603 2357 678 2384 nos,
712 2348 799 2389 quod
833 2346 931 2380 valde
954 2349 1075 2379 usitata

99 2392 163 2422 sint
186 2391 360 2422 Ecclesiae
385 2391 500 2424 Exilia.
546 2390 680 2425 Quare?
704 2392 779 2432 quia
802 2390 897 2422 Deus
921 2390 991 2422 vult
1013 2402 1074 2422 nos

99 2433 384 2466 commonefacere
418 2435 459 2465 de
493 2435 595 2475 ptimo
630 2432 728 2465 exilio
770 2436 902 2476 generis
935 2433 1075 2466 humani.

98 2476 171 2508 Nos
204 2487 246 2507 ex
281 2476 441 2509 Paradiso
465 2486 578 2508 sumus
603 2475 717 2508 exules
739 2484 875 2518 propter
893 2484 1073 2518 peccatum.

100 2519 279 2551 Amisimus
313 2521 344 2551 in
369 2518 465 2560 lapsu
496 2520 672 2560 primorum
695 2528 865 2560 parentum
889 2530 1001 2551 veram
1020 2530 1076 2561 pa·

99 2562 207 2599 triam,
229 2572 342 2593 sumus
367 2559 523 2594 eiecti‘ex
544 2560 599 2593 illa
624 2563 719 2593 beata
742 2564 826 2601 vita,
863 2563 894 2593 in
923 2573 987 2604 qua
1010 2573 1075 2594 non

99 2604 220 2636 luisset
241 2612 413 2645 peceatum
437 2612 467 2636 et
491 2615 594 2643 morS,
615 2612 649 2636 et
671 2614 710 2635 ex
734 2615 798 2646 qua
820 2603 971 2636 translati
984 2615 1076 2637 esse-

100 2657 174 2679 mus
195 2648 229 2679 in
251 2649 352 2679 vitam
374 2646 553 2680 coelestem
575 2654 607 2679 et
629 2654 796 2680 aeternam
817 2648 889 2679 sine
916 2654 1033 2680 morte.

775 201 993 234 POSTlLLA
1015 200 1412 232 MELANTHONIANA.

2034 196 2095 227 182

1210 293 1263 324 Ab
1286 293 1352 324 hoe
1375 292 1473 324 exilio
1495 298 1531 323 ut
1552 290 1742 329 liberemur,
1762 290 1849 322 filius
1871 289 1935 321 Dei
1959 291 2097 322 descen·

1123 337 1170 367 dit
1192 337 1233 368 de
1257 335 1372 373 coelo,
1407 336 1543 367 assumit
1566 333 1738 365 humanam
1762 341 1930 371 naturam,
1966 334 2002 364 fit
2019 333 2098 364 obe-

1123 381 1216 410 diens
1240 379 1324 420 patri
1347 388 1452 420 usque
1476 378 1518 408 ad
1541 383 1689 408 mortem.
1757 376 1847 407 Haec
1875 377 1983 408 onmia
2002 375 2098 417 perti-

1122 429 1200 453 nent
1222 423 1265 453 ad
1287 420 1418 452 exilium
1443 420 1575 451 Christi.
1606 421 1679 460 lpse
1702 429 1766 450 non
1790 426 1915 450 tantum
1939 426 1990 450 est
2013 416 2098 458 exul,

1122 466 1198 506 qnia
1233 463 1346 496 exulat
1378 465 1411 494 in
1439 465 1614 505 Aegypto,
1647 462 1704 493 sed
1735 463 1808 503 quia
1833 462 1868 493 fit
1890 462 2038 499 victima,
2066 467 2099 492 et

1122 509 1197 549 quia
1220 508 1388 539 derivatur
1410 508 1441 537 in
1464 507 1573 548 ipsum
1596 506 1645 536 ira
1656 503 1731 542 Dei,
1750 506 1858 535 debita
1883 506 2005 535 nostris
2024 513 2099 546 pec-

1122 551 1215 582 catis.
1260 550 1338 581 ldeo
1361 556 1471 580 autem
1493 550 1527 579 tit
1552 547 1639 585 exul,
1661 554 1695 579 ut
1718 557 1780 578 nos
1800 548 1945 578 reducat.

1207 592 1319 628 Quare
1358 591 1455 624 exilia
1496 590 1668 623 Ecclesiae
1711 589 1807 621 simul
1840 599 1902 620 nos
1935 595 2100 628 moveant,

1123 637 1210 677 quod
1234 646 1391 667 vocemur
1414 636 1455 666 ad
1479 634 1574 666 aliam
1588 634 1738 675 patriani,
1762 639 1794 664 et
1817 633 1905 674 qnod
1928 632 2011 664 haee
2033 643 2100 664 non

1123 680 1164 709 sit
1187 689 1268 710 vera
1290 679 1394 720 patria
1419 684 1546 714 nostra,
1569 678 1602 707 in
1622 687 1686 718 qua
1699 676 1838 706 vivimus
1862 675 1893 706 in
1918 674 1969 705 his
1993 676 2099 706 terris.

1209 722 1345 752 Accedit
1370 728 1403 752 et
1425 721 1511 751 ltaee
1535 729 1647 757 eausa,
1682 724 1718 749 ut
1751 728 1975 759 agnoscamus
2008 728 2100 759 prae-

1123 765 1274 802 sentiam,
1309 770 1341 795 et
1363 764 1543 794 mirandam
1578 761 1804 794 defensionem
1834 760 1896 792 Dei
1923 761 1955 791 in
1978 761 2101 791 nostris

1124 813 1156 837 et
1178 806 1314 838 aliorum
1340 806 1457 838 exiliis.
1520 805 1715 846 Quanquam
1739 805 1824 834 enim
1849 804 1964 835 (lurum
1987 810 2039 834 est
2062 814 2102 834 ex

1124 849 1197 880 solo
1217 850 1323 890 patrio
1342 850 1524 887 exturbari,
1549 855 1579 880 et
1603 846 1703 879 multa
1726 849 1846 887 aspera
1870 847 2025 877 eveniunt
2047 856 2102 877 va-

1125 894 1279 934 gantibus
1299 893 1330 923 in
1354 891 1474 930 Exilio,
1498 891 1691 932 praesertim
1712 891 1738 920 si
1768 891 1842 930 quis
1870 888 1989 921 habeat
2012 887 2102 920 fami-

1123 935 1211 973 liam,
1235 941 1343 966 tamen
1366 934 1460 966 Deus
1483 940 1588 972 curat,
1612 941 1643 965 et
1655 933 1799 964 defendit
1819 933 1958 963 miseros
1978 930 2102 963 exules.

1210 978 1307 1019 Apud
1329 984 1447 1019 poetas
1469 976 1570 1008 multa
1594 982 1671 1007 sunt
1694 976 1781 1007 dicta
1804 975 1845 1006 de
1859 974 2104 1007 difficultatibus

1125 1020 1308 1059 exiliorum,
1338 1027 1373 1052 ut
1408 1031 1481 1051 cum
1504 1020 1678 1061 Euripides
1698 1019 1815 1060 inquit:
1851 1020 1883 1050 ln
1908 1017 2005 1049 exilio
2030 1017 2104 1059 plus

1124 1063 1200 1094 mali
1224 1070 1285 1101 est,
1322 1074 1420 1103 quam
1454 1063 1517 1093 dici
1540 1069 1665 1104 potest:
1695 1068 1727 1092 et
1761 1061 1847 1102 apud
1870 1061 2049 1091 Homerum
2072 1061 2104 1092 in

1124 1108 1248 1148 Odys-s.
1279 1107 1412 1137 dicitur:
1446 1106 1668 1144 πλαγκιοσιῐνης
1691 1104 1741 1135 σι’-κ
1765 1105 1828 1135 ἔστι
1850 1104 2016 1144 κακώτερον
2028 1102 2103 1134 ἄλλο

1123 1152 1266 1191 βροτοῖσι.
1344 1148 1433 1179 Nihil
1463 1155 1515 1180 est
1537 1149 1766 1179 aerumnosius
1789 1148 2021 1184 errationibus,
2045 1156 2106 1179 seu

1126 1191 1332 1234 vagabundis
1354 1192 1687 1233 peregrinationibus.
1756 1188 1890 1221 prolixa
1925 1190 2021 1221 etiam
2052 1195 2105 1220 est

1125 1236 1304 1275 descriptio
1337 1245 1566 1265 aerumnarum
1601 1233 1687 1265 exilii
1716 1234 1748 1264 in
1785 1233 1928 1264 carmine
1956 1231 2104 1273 Tyrtaei:

1124 1279 1168 1309 At
1188 1278 1341 1309 miserum
1355 1283 1406 1308 est
1418 1278 1523 1318 patria
1536 1279 1671 1315 amissa,
1690 1275 1880 1317 laribusque
1891 1275 2018 1317 vagari,
2041 1281 2104 1306 etc.

1210 1319 1310 1352 Aliud
1345 1327 1407 1357 est,
1438 1331 1512 1352 eum
1546 1319 1745 1351 adolescens
1771 1318 1890 1360 aliquis
1914 1325 1963 1349 est
1985 1318 2106 1349 instru-

1126 1371 1200 1394 ctus
1223 1364 1374 1404 pecunia,
1395 1369 1428 1395 et
1451 1369 1591 1403 vagatur
1612 1372 1672 1404 per
1695 1363 1850 1403 regiones
1873 1360 2016 1403 aliquot,
2048 1371 2105 1392 vo—

1128 1405 1260 1446 luptatis
1287 1417 1400 1438 causa.
1466 1405 1566 1437 Aliud
1600 1416 1674 1436 cum
1706 1403 1943 1446 paterfamilias
1977 1404 2107 1446 cogitur

1127 1460 1201 1480 cum
1235 1448 1369 1486 familia,
1403 1449 1434 1479 in
1459 1459 1526 1490 qna
1546 1449 1646 1480 habet
1670 1454 1815 1479 teneram
1843 1445 2012 1485 sobolem,
2048 1457 2106 1477 va-

1130 1492 1213 1533 gari,
1236 1492 1429 1532 praesertim
1449 1493 1476 1522 si
1500 1501 1566 1522 non
1591 1496 1643 1522 est
1665 1491 1843 1521 instructus
1871 1490 2003 1521 viatico.
2070 1489 2105 1520 ln

1126 1534 1177 1565 his
1201 1533 1307 1565 exiliis
1321 1544 1422 1575 saepe
1445 1533 1510 1566 hoe
1533 1535 1580 1570 fit,
1603 1534 1691 1575 quod
1712 1532 1864 1564 Christus
1888 1533 1928 1563 de
1951 1542 1989 1564 se
2012 1532 2106 1564 dicit:

1125 1577 1228 1608 I‘i'lt'us
1249 1577 1386 1608 hominis
1407 1587 1470 1608 non
1492 1578 1597 1614 habet,
1621 1578 1676 1607 ubi
1695 1575 1831 1607 reclinet
1845 1580 1944 1615 caput
1962 1585 2062 1607 suum.

1213 1619 1280 1650 Dat
1305 1626 1411 1650 tamer.
1431 1619 1524 1650 Deus
1544 1618 1735 1650 mirabiliter
1764 1616 1961 1649 adminicula
1983 1617 2105 1660 aliqua,

1127 1663 1183 1693 dat
1216 1663 1382 1700 viaticum,
1417 1662 1519 1693 flectit
1549 1663 1677 1693 animos
1707 1661 1893 1703 aliquorum
1915 1662 1959 1691 ad
1981 1661 2106 1692 miseri·

1127 1705 1274 1743 cordiam
1297 1711 1330 1736 et
1349 1705 1595 1736 beneficentiam
1619 1715 1701 1746 erga
1723 1703 1850 1742 exules,
1871 1705 2013 1745 protegit
2036 1704 2107 1745 ipse

1128 1749 1278 1778 custodia
1311 1746 1504 1788 angelorum
1539 1757 1674 1778 suorum
1708 1745 1834 1778 exules.
1901 1746 1956 1778 Sic
1982 1745 2105 1778 Mariae

1127 1789 1306 1821 attulerunt
1328 1789 1420 1832 Magi
1443 1789 1566 1831 aliquid
1590 1790 1711 1821 viatici.
1779 1789 1814 1820 ln
1837 1789 1993 1832 Aegypto
2016 1790 2106 1821 inve·

1127 1834 1174 1864 nit
1207 1832 1397 1874 hospitium,
1430 1833 1466 1863 in
1496 1833 1611 1870 itinere
1647 1831 1786 1863 defensa
1821 1838 1871 1863 est
1896 1843 1968 1863 eum
1991 1842 2106 1874 puero,

1128 1886 1201 1906 cum
1235 1882 1413 1917 cogeretur
1445 1876 1493 1906 ire
1521 1886 1581 1917 per
1613 1874 1668 1906 illa
1702 1874 1777 1907 loca
1809 1875 1919 1907 vicina
1948 1876 2103 1913 Arabiae,

1127 1928 1212 1960 quae
1233 1917 1364 1949 fuerunt
1387 1917 1485 1960 plena
1507 1916 1780 1956 latrunculorum,
1811 1919 1897 1949 sieut
1915 1918 2023 1949 adhuc
2046 1917 2104 1948 ho-

1128 1963 1179 1992 die
1211 1962 1243 1992 in
1278 1960 1341 1992 illis
1364 1960 1448 1992 locis
1470 1962 1596 2002 passim
1615 1969 1779 2003 vagantur
1801 1959 1986 1992 latrunculi.
2053 1960 2105 1992 De

1128 2015 1192 2046 quo
1216 2015 1318 2046 saepe
1340 2005 1437 2035 vobis
1476 2005 1612 2036 recitavi
1648 2003 1818 2035 historiam
1847 2004 1889 2035 de
1911 2004 2105 2036 Sanseveri—

1128 2053 1216 2085 nate,
1240 2058 1339 2088 quam
1362 2054 1394 2078 et
1416 2057 1505 2079 nunc
1527 2048 1711 2078 iunioribus
1735 2047 1892 2077 recitabo.

1214 2089 1288 2121 Fuit
1313 2100 1379 2121 non
1403 2089 1505 2121 multo
1517 2096 1592 2121 ante
1605 2096 1745 2121 aetatem
1758 2096 1945 2121 nostrorum
1963 2095 2104 2130 patrum,

1128 2135 1193 2164 dux
1228 2132 1395 2164 Robertus
1430 2133 1689 2170 Sanseverinas,
1724 2133 1778 2174 qui
1814 2131 1874 2163 fuit
1891 2132 2048 2173 princeps
2071 2132 2105 2163 in

1128 2176 1243 2218 Regno
1257 2175 1488 2217 Neapolitano,
1511 2177 1636 2207 amiens
1656 2175 1777 2207 loviani
1798 2175 1948 2213 Pontani,
1971 2175 2025 2215 qui
2049 2175 2104 2206 de-

1128 2220 1261 2260 scripsit
1285 2218 1372 2249 hanc
1395 2218 1583 2249 historiam:
1614 2219 1644 2249 ls
1668 2217 1840 2260 profectus
1869 2223 1918 2248 est
1941 2216 2104 2259 lerosoly-

1127 2273 1225 2299 mam,
1249 2267 1283 2292 ut
1305 2261 1454 2303 pleiique
1478 2262 1664 2293 Germanici
1684 2262 1849 2302 principes
1863 2270 1993 2302 quoque
2017 2258 2102 2291 sece-

1127 2311 1203 2336 runt
1224 2311 1301 2336 ante
1323 2311 1436 2335 nostra
1455 2311 1613 2345 tempora.
1660 2304 1802 2335 Fuerunt
1825 2305 1910 2335 enim
1939 2302 2102 2345 lerosoly—

1127 2349 1189 2379 mis
1223 2347 1332 2379 adhuc
1365 2357 1497 2385 recens,
1531 2348 1596 2378 dux
1630 2347 1830 2384 Friclerieus,
1865 2353 1982 2387 postea
2007 2347 2103 2377 etiam

1128 2392 1193 2422 dux
1216 2389 1388 2427 Albertus,
1411 2390 1477 2421 dux
1502 2390 1677 2427 Henrieus.
1700 2390 1864 2430 principes
1888 2389 2062 2420 Saxoniae.

1215 2432 1328 2464 Voluit
1360 2440 1468 2464 autem
1498 2434 1734 2465 Sansexerinas
1759 2434 1805 2463 ire
1828 2433 1923 2463 etiam
1948 2432 1989 2463 ad
2013 2442 2103 2463 mon-

1128 2483 1193 2508 t'em
1228 2476 1331 2513 Sinai,
1364 2477 1419 2507 ubi
1454 2476 1552 2507 hodie
1583 2482 1633 2507 est
1657 2475 1812 2516 tempium
1835 2474 1866 2505 S.
1891 2473 2100 2507 Catharinae.

1128 2520 1206 2551 lnde
1230 2519 1384 2560 progredi
1410 2517 1510 2550 voluit
1534 2520 1564 2550 in
1584 2519 1780 2560 Aegyptum.
1826 2518 1980 2559 Oportuit
2004 2519 2102 2561 igitur

1128 2573 1201 2594 eum
1214 2563 1283 2593 'iter
1307 2561 1418 2592 facere
1436 2571 1494 2602 per
1507 2561 1703 2599 ldumaeam,
1725 2567 1758 2591 et
1779 2559 1855 2592 loca
1873 2559 1928 2592 illa
1943 2561 2102 2592 Arabica:

1128 2606 1176 2636 Ibi
1199 2606 1343 2636 occurrit
1366 2605 1394 2635 ei
1418 2614 1535 2645 magna
1554 2611 1688 2636 caterva
1711 2602 1885 2635 latronum.
1930 2603 2102 2635 Deductor

1128 2649 1200 2680 sive
1233 2649 1397 2689 interpres
1431 2648 1541 2679 statim
1573 2647 1710 2689 agnovit
1741 2647 1928 2688 praedones
1955 2656 2044 2685 esse,
2068 2653 2100 2678 et

1899 2707 1946 2730 12·
