2324 2958
19 207 82 241 641

20 303 106 334 diem
129 311 149 332 a
170 307 310 339 vespera
338 292 566 337 praecedentis
595 292 670 323 diei.
716 290 865 322 Comedit
891 290 989 332 igitur

21 347 138 378 eodem
160 343 230 380 die,
263 346 294 371 et
324 348 444 379 passus
467 341 516 367 est
539 335 654 366 eodem
678 334 744 364 die:
779 333 893 374 Coepit
918 333 988 363 dies

24 389 74 420 14.
87 385 227 426 vesperi,
247 382 417 414 occidente
428 378 511 417 sole,
523 384 554 409 et
568 377 664 409 desiit
675 377 717 407 ad
741 385 893 408 occasum
907 374 989 405 sotts

21 429 170 473 sequenti
182 428 248 459 die:
271 424 416 456 servavit
428 432 508 464 ergo
530 419 705 461 legitimum
728 419 829 454 diem
852 423 884 448 et
906 419 990 448 haec

21 481 72 506 est
97 481 175 503 vera
197 466 394 501 conciliatio.
439 465 473 495 ln
496 465 569 504 ipso
592 467 699 493 autem
728 461 791 492 ritu
813 461 989 491 manduca-

21 516 118 548 tionis
152 513 238 554 agni,
272 506 439 549 multiplex
472 511 522 537 est
555 504 726 545 sapientia.
781 503 889 534 Antea
924 502 989 532 dixi

21 556 213 590 sumendum
235 551 338 583 fuisse
360 560 481 591 agnum
504 558 545 579 ex
568 556 680 589 grege.
726 545 799 580 Quo
823 544 989 586 significa-

21 607 90 633 mm
112 597 181 635 fuit,
203 600 356 637 oportere
374 592 531 624 Messiam
553 599 630 621 esse
653 599 695 619 ex
719 587 835 626 lsrael,
859 597 924 618 non
948 597 989 617 ex

21 647 119 685 geute
159 638 344 680 peregrina.
403 634 471 666 Sed
509 638 578 664 erat
623 631 845 663 comedendus
887 639 989 669 agnus

19 693 115 716 assus
136 687 167 714 et
187 690 248 712 non
266 683 383 710 coctus.
428 677 461 709 Id
480 676 575 707 etiam
599 673 872 714 significationem
895 682 988 703 suam

19 725 135 758 habet:
169 722 269 755 Filius
293 721 355 752 Dei
378 726 427 751 est
450 724 605 750 assatus:
640 717 671 747 id
696 722 756 754 est,
780 717 812 747 in
835 726 906 747 eum
938 720 989 746 est

20 768 145 801 effusus
169 767 254 809 ignis
276 766 344 796 irae
366 762 512 795 divinae;
534 767 566 791 et
589 769 650 790 nos
674 760 830 790 debemus
842 763 988 790 assatum

21 811 132 848 edere,
155 810 187 840 id
211 814 271 846 est,
294 814 480 847 agnoscere
503 804 586 834 iram
604 802 756 840 divinam,
780 811 877 842 quam
899 798 989 831 nulla

21 858 174 885 ereatura
217 849 338 890 alioqui
383 847 544 877 sustinere
588 845 760 886 potuisset.
833 843 988 884 Magnum

20 895 174 938 quiddam
201 898 269 930 est,
300 890 430 931 quando
459 888 597 919 sentitur
628 884 806 918 scintillula
835 886 902 916 irae
925 883 988 915 Dei

19 938 183 970 adversus
204 939 353 975 peccata.
398 931 463 962 Ubi
481 936 556 961 sunt
578 930 667 960 initia
686 929 811 960 timoris
834 927 907 964 Dei,
930 925 989 957 ali-

19 989 86 1021 quo
108 978 207 1010 modo
231 977 272 1007 de
294 985 330 1006 re
352 980 442 1005 tanta
464 973 601 1015 cogitari
624 977 748 1012 potest:
776 980 838 1001 nee
861 969 988 1000 debetis

19 1031 97 1054 ὅδε
120 1027 184 1052 tam
206 1017 412 1060 negligentes
437 1023 467 1047 et
491 1015 666 1058 prophani,
698 1020 733 1045 ut
766 1013 885 1054 putetis
909 1009 988 1042 nihil

19 1063 232 1106 cogitandum
256 1070 331 1092 esse
354 1059 394 1089 de
417 1059 489 1090 istis
524 1059 634 1090 rebus.
680 1055 773 1087 Multi
797 1055 989 1096 extinguun-

20 1112 74 1138 tur
97 1106 218 1141 subito,
243 1114 316 1135 cum
340 1102 477 1143 exiguus
511 1110 630 1131 sensus
658 1099 726 1130 irae
749 1098 811 1129 Dei
839 1101 989 1138 penetrat

20 1159 91 1181 cor.
134 1147 205 1178 Erit
227 1144 384 1177 horribile
413 1143 535 1185 aliquid
558 1144 589 1173 in
613 1141 757 1173 aeternis
780 1140 913 1180 poenis,
934 1138 990 1170 ubi

18 1198 138 1223 natura
159 1199 225 1221 non
247 1188 365 1229 poterit
399 1187 528 1227 quidem
552 1184 674 1216 destrui
697 1185 729 1214 in
760 1182 934 1219 damnatis,
960 1185 992 1212 et

20 1240 127 1265 tamen
150 1231 266 1262 sentiet
290 1231 370 1260 iram
394 1228 456 1259 Dei
480 1230 547 1258 sine
568 1225 759 1267 refre‘yem'o,
784 1226 869 1256 sicut
887 1224 992 1265 loqui-

19 1282 73 1307 tur
105 1274 242 1309 Petrus,
264 1276 298 1302 nt
338 1271 484 1302 habentis
516 1268 724 1311 refriyerz‘um
768 1269 801 1299 in
833 1269 890 1299 illo
921 1268 986 1304 die,

18 1318 149 1359 quando
171 1314 323 1346 iudicabit
346 1313 512 1344 Dominus.

105 1359 180 1391 Non
203 1363 313 1398 potest
347 1357 457 1387 verbis
479 1355 626 1395 exprimi.
661 1359 784 1395 quanta
817 1362 871 1383 res
893 1350 992 1383 fuerit

20 1401 78 1434 ula
101 1402 239 1437 assatio,
274 1409 369 1440 quam
393 1398 546 1429 Christus
582 1403 632 1427 est
656 1402 824 1436 expertus,
861 1394 992 1436 quando

20 1444 121 1476 iacuit
142 1448 331 1484 prostratus
356 1450 466 1472 coram
491 1440 579 1476 Deo,
602 1439 727 1470 sudans
751 1439 943 1478 sanguinem
961 1437 993 1467 in

20 1487 158 1518 nummis
180 1484 361 1516 terroribus
385 1490 417 1514 et
439 1482 621 1513 doloribus.
645 1480 706 1511 Illa
728 1479 886 1511 resolutio
905 1484 996 1510 tanta

22 1528 93 1566 fuit,
114 1534 150 1560 ut
172 1526 262 1558 nulla
275 1526 338 1557 alia
351 1531 502 1557 creatura
518 1524 661 1565 potuerit
674 1524 846 1554 sustinere.
870 1522 993 1552 Omnes

19 1569 76 1603 alii
108 1571 269 1606 homines,
299 1569 393 1599 etiam
417 1566 600 1605 fortissimi,
635 1567 742 1597 subito
774 1564 915 1597 fuissent
938 1574 993 1595 ex-

20 1613 131 1644 stincti
154 1613 184 1643 in
209 1609 405 1642 illoasensu:
435 1620 496 1640 nos
519 1619 585 1641 non
609 1610 806 1650 cogitamuS,
830 1618 899 1639 rem
923 1613 993 1638 tan-

19 1663 86 1687 tam
109 1661 141 1687 et
164 1661 230 1686 tam
247 1652 435 1684 horribilem
459 1662 534 1683 esse
557 1653 635 1683 iram
661 1651 732 1682 Dei.

348 1695 405 1727 Sic
429 1701 664 1737 argumentor:

147 1756 259 1788 Minus
281 1756 391 1787 dolens
413 1759 460 1786 est
477 1752 616 1794 fm·tt‘m·:

148 1798 574 1872 Lauremiuz'llrffizllffsfidet
597 1799 630 1828 in
641 1806 702 1828 sua
712 1797 876 1837 passione,
899 1805 993 1836 quam

149 1884 237 1925 Ergo
260 1883 407 1915 Christus
429 1863 598 1914 est’mmus
612 1880 724 1922 fortis.

105 1951 317 1993 Respondes».
362 1950 557 1982 Laurentius
579 1950 686 1982 minus
709 1950 808 1981 sentit
830 1948 990 1987 dolorem,

23 2001 56 2028 et
78 2002 128 2027 est
152 1993 280 2031 fortior,
303 1993 429 2024 scilicet
453 1994 483 2024 in
506 1992 563 2024 illo
587 2000 678 2029 actu3
706 1993 765 2024 sed
787 1993 861 2024 ideo
886 1993 991 2023 minus

21 2037 120 2075 dolet,
145 2038 239 2079 quia,
263 2047 359 2077 quem
383 2038 454 2076 ipse
478 2034 564 2066 serre
585 2046 651 2066 non
673 2042 800 2077 poterat
831 2034 990 2072 dolorem,

22 2091 96 2113 eum
118 2079 269 2111 Christus
291 2078 380 2111 tulit:
410 2078 606 2110 Laurentius
629 2088 692 2109 non
717 2085 769 2109 est
792 2077 902 2118 λύτρον,
927 2088 991 2108 non

22 2123 120 2154 sentit
143 2122 231 2153 illam
265 2122 345 2153 iram
363 2121 437 2159 Dei,
466 2121 549 2152 sicut
572 2119 672 2151 Filius
694 2120 768 2152 Dei.
814 2120 936 2151 Omnes
961 2122 990 2151 in

21 2166 164 2197 motibus
187 2165 406 2206 poenitentiae
430 2163 588 2194 habemns
601 2163 740 2204 aliquem
754 2170 884 2205 gustum
903 2162 991 2194 illius

21 2217 158 2245 sensus3
182 2207 242 2239 sed
260 2207 325 2238 hoc
338 2206 416 2238 nihil
441 2213 491 2237 est
515 2207 555 2237 ad
573 2204 650 2237 illud
665 2216 754 2237 mare
777 2213 807 2237 et
833 2216 991 2237 oceanum

22 2249 171 2282 dolorum
205 2251 236 2281 in
277 2249 425 2287 Christo,
468 2248 584 2290 quaies
622 2257 684 2280 nos
717 2259 782 2279 non
817 2258 992 2289 possemus

21 2291 118 2324 ferre.
172 2293 244 2323 Nos
279 2293 429 2333 cogimur
469 2291 631 2328 clamare,
666 2297 701 2322 ut
735 2291 840 2322 David
874 2292 991 2333 inquit:

21 2335 62 2367 Si
89 2336 274 2376 iniquitates
296 2335 518 2366 omem-araris
540 2334 687 2370 Domine,
710 2335 781 2374 q‘m’s
808 2335 993 2365 sustinvln't?

21 2377 98 2410 tdeo
129 2379 227 2409 toties
261 2378 335 2409 dicit
367 2378 535 2418 Scriptura
570 2377 611 2407 de
644 2376 756 2407 nobis:
786 2377 871 2417 qvod
902 2377 1019 2413 Dms,

21 2429 86 2451 non
107 2421 263 2452 accerulat
286 2425 385 2452 totam
408 2421 491 2451 iram
520 2429 620 2450 suam.
666 2420 754 2457 Item,
777 2420 861 2460 quod
884 2420 916 2450 1'n
939 2421 993 2451 ira

22 2463 263 2494 misericordiae
288 2464 488 2495 recordetur.
533 2464 622 2499 ltem,
656 2471 719 2492 non
743 2459 829 2500 facit
847 2459 992 2501 furorem

22 2504 95 2535 irae
116 2514 204 2542 suae,
227 2506 311 2537 sicut
335 2507 452 2537 dicitur
474 2506 505 2536 in
530 2505 635 2535 Osea:
660 2504 793 2535 Exarsit
816 2515 873 2535 cor
894 2516 991 2536 meum

22 2547 243 2585 miserationae
271 2558 332 2580 nort
356 2550 427 2579 volo
454 2547 618 2587 eslimdcre
641 2551 737 2578 totam
767 2548 851 2578 iram
875 2548 990 2579 adfer-

22 2599 78 2620 sus
99 2590 292 2622 miserrimos
314 2591 463 2623 Iwnn'nes.
503 2590 574 2621 Nos
597 2599 709 2621 sumus
733 2589 855 2620 similes
878 2590 990 2622 miser-

22 2632 113 2664 rimis
131 2632 336 2672 vermiculis,
358 2635 411 2675 qui
434 2634 573 2675 pedibus
597 2638 824 2670 conteruntur:
847 2633 910 2664 imo
934 2634 990 2664 mi-

174 2699 316 2721 m.
332 2701 411 2720 orn
427 2700 488 2720 ΥΟῑ,
504 2699 584 2721 xm.

701 196 918 230 POSTILLA
940 193 1337 228 MELANTHONIANA,
1349 193 1353 196 '

1947 191 2010 223 642

1041 288 1185 320 sen‘ores
1229 296 1341 318 sumus
1376 292 1406 316 et
1440 284 1670 318 imbecilliores
1709 285 1750 317 ad
1785 284 2009 317 sustinendam

1041 329 1296 372 magnitudinem
1318 329 1386 359 irae
1409 328 1581 358 divinaem.

1126 372 1216 403 Haec
1250 383 1310 403 oro
1343 381 1416 407 VOS,
1455 375 1489 401 ut
1523 369 1630 401 velitis
1665 370 1863 411 cogitatione
1899 375 2012 400 vestra

1042 415 1212 456 subsequi,
1246 413 1341 445 simul
1375 413 1472 443 etiam
1505 418 1538 443 ut
1572 411 1679 443 velitis
1703 413 1869 443 abducere
1892 422 1912 442 a
1934 421 2008 452 pro-

1042 457 1150 498 phana
1173 458 1250 495 vita,
1274 466 1335 487 von
1357 456 1426 486 dem
1448 455 1558 485 wilden
1572 456 1689 484 u-iisten
1704 455 1767 485 und
1785 454 1891 486 rehem
1914 454 2010 485 leben.

1041 500 1235 542 Experimur
1253 499 1412 530 maximas
1435 506 1578 537 poenas:
1603 497 1641 527 Et
1666 496 1715 527 his
1736 507 1841 537 paene
1864 506 2014 528 succum·

1043 544 1161 580 bimus,
1194 548 1225 573 et
1248 548 1355 572 tamen
1374 541 1458 571 inter
1479 540 1570 580 ipsas
1592 549 1718 579 poenas
1742 540 1905 570 reddimur
1928 537 2013 570 fero-

1041 586 1159 616 ciores.
1204 585 1239 615 ld
1261 582 1411 625 profecto
1435 589 1485 613 est
1508 581 1676 613 horribile.
1718 581 1884 612 Pertinent
1906 588 2014 613 autem

1041 628 1125 659 haec
1152 628 1194 659 ad
1223 626 1499 658 circumstantiam
1533 625 1575 655 de
1611 624 1814 655 comedendo
1845 634 1932 665 agno
1963 634 2014 654 as-

1041 676 1124 702 sato.
1168 670 1204 701 ln
1227 669 1394 701 Christum
1422 667 1597 698 effunditur
1621 666 1667 697 ira
1691 665 1773 703 Dei,
1805 672 1835 696 et
1863 676 1924 697 nos
1948 667 2014 697 edi-

1041 724 1114 744 mus
1138 718 1297 750 assatum,
1320 712 1351 742 id
1365 716 1426 748 est,
1450 710 1608 741 debemus
1620 718 1805 751 agnoscere
1816 707 1926 749 aliquo
1949 719 2014 739 mo-

1042 756 1083 787 do
1107 756 1187 787 iram
1210 755 1289 792 Dei,
1320 759 1352 785 et
1379 753 1503 784 habere
1525 752 1614 783 initia
1635 751 1866 792 poenitentiae,
1889 757 1920 782 et
1942 761 2014 782 sen-

1041 808 1113 830 sum
1140 797 1319 829 assationis
1343 794 1440 827 illius.

1071 953 1180 1003 Quid
1210 952 1408 1006 signifieat
1437 950 1520 991 hic:
1555 964 1619 987 mm
1641 955 1810 987 comedetis
1831 950 1986 992 crudum?

1128 1051 1296 1093 Significat
1319 1060 1384 1081 non
1397 1050 1587 1082 miscendas
1610 1059 1687 1080 esse
1710 1049 1881 1089 opiniones
1904 1059 2016 1080 carna-

1041 1094 1102 1133 les,
1125 1104 1184 1126 seu
1207 1092 1373 1126 carnalem
1396 1094 1608 1134 sapientiam3
1631 1093 1706 1123 item
1725 1091 1771 1123 illi
1795 1092 1869 1133 ipsi,
1893 1092 1946 1133 qui
1960 1092 2017 1123 ad-

1041 1137 1108 1169 'nuc
1130 1143 1205 1168 sunt
1229 1136 1336 1173 crudi,
1366 1145 1432 1167 non
1458 1137 1577 1167 debent
1599 1135 1786 1166 comedere:
1821 1135 1852 1165 id
1876 1141 1938 1172 est,
1961 1134 2017 1176 qui

1044 1191 1110 1212 non
1133 1178 1388 1216 mortificantur,
1415 1179 1435 1209 ii
1459 1189 1524 1209 non
1548 1177 1707 1209 fruuntur·
1754 1177 1856 1207 Latro
1880 1187 2017 1208 conver-

1045 1234 1102 1254 sus
1125 1223 1157 1254 in
1182 1231 1281 1253 cruce
1303 1231 1369 1252 non
1393 1222 1532 1252 eomedit
1555 1221 1713 1257 crudum;
1743 1221 1818 1261 quia
1842 1219 2017 1251 mortifica-

1046 1273 1110 1303 tur,
1133 1265 1285 1306 agnoscit
1308 1270 1457 1305 peccata,
1491 1263 1589 1295 habet
1622 1265 1773 1306 ingentes
1804 1261 1949 1301 dolores,
1984 1267 2017 1293 et

1047 1310 1079 1340 in
1102 1307 1272 1340 doloribus
1294 1306 1490 1338 vivificatur.

1133 1351 1256 1382 Postea
1279 1350 1411 1381 dicitur:
1446 1349 1554 1390 Caput
1576 1359 1644 1380 cum
1675 1348 1810 1389 pedibus
1832 1348 2018 1379 comedetis:

1047 1395 1078 1425 id
1101 1399 1163 1432 est,
1186 1398 1288 1424 totum
1323 1393 1445 1423 edetis:
1478 1402 1543 1423 non
1576 1389 1645 1423 vult
1678 1389 1800 1432 aliquid
1821 1400 2016 1432 superesse3

1048 1437 1122 1477 quia
1146 1434 1261 1476 religio
1285 1440 1335 1466 est
1358 1445 1422 1465 una
1435 1433 1632 1476 copulativa,
1656 1444 1721 1465 non
1735 1434 1892 1464 debemus
1915 1431 2017 1464 divel-

1046 1478 1116 1510 lere
1154 1476 1311 1509 articulos
1341 1476 1427 1507 fidei.
1493 1476 1551 1508 llle
1589 1487 1654 1507 non
1694 1483 1745 1507 est
1779 1486 1856 1507 vere
1899 1475 2019 1514 fidelis,

1047 1532 1112 1552 non
1135 1520 1244 1562 placet
1266 1519 1358 1558 Deo,
1393 1520 1447 1560 qui
1469 1530 1534 1551 non
1557 1520 1673 1551 retinet
1694 1517 1936 1550 fundamentum
1971 1518 2018 1549 in-

1046 1571 1188 1606 tegrum3
1210 1563 1342 1594 Arriani
1363 1572 1430 1593 non
1452 1560 1584 1603 placent
1602 1561 1675 1593 Deo
1698 1562 1874 1593 retinentes
1897 1561 2018 1593 articu-

1045 1606 1122 1645 lum,
1157 1607 1244 1648 quod
1267 1604 1419 1636 Christus
1442 1605 1484 1637 sit
1507 1611 1602 1636 natus
1631 1614 1671 1636 ex
1693 1603 1808 1642 Maria,
1841 1611 1874 1635 et
1896 1613 2020 1646 passus

1046 1661 1105 1691 pro
1128 1649 1240 1685 nobis;
1264 1648 1391 1679 interim
1414 1658 1494 1679 vero
1516 1648 1671 1679 abiiciunt
1700 1645 1869 1678 articulum
1892 1647 2018 1688 praeci-

1045 1703 1162 1734 puum,
1186 1691 1272 1733 quod
1296 1691 1337 1721 sit
1359 1696 1475 1722 natura
1499 1689 1611 1727 Deus3
1639 1690 1689 1721 sic
1719 1700 1832 1721 omnes
1861 1689 2017 1721 haeretici

1046 1745 1110 1766 nou
1135 1740 1312 1766 vescuntur
1345 1733 1474 1775 integro
1497 1743 1597 1774 agno,
1630 1731 1790 1770 mutilant,
1812 1733 2018 1773 disrumpunt

1046 1777 1163 1815 frusta,
1187 1775 1308 1808 laniant
1327 1778 1425 1808 tinam
1447 1781 1584 1817 partem,
1607 1781 1639 1806 et
1660 1774 1819 1816 reliquam
1850 1775 2016 1807 abiiciunt.

1046 1821 1184 1862 Oportet
1207 1825 1313 1851 autem
1343 1825 1444 1850 totum
1468 1817 1633 1850 Christum
1655 1828 1858 1860 agnoscere,
1882 1827 1947 1849 non
1971 1817 2015 1849 di-

1045 1862 1180 1901 vellere,
1205 1873 1271 1894 non
1305 1860 1498 1900 dilacerare,
1531 1871 1596 1892 non
1631 1871 1822 1903 oppugnare
1857 1859 2015 1892 articulos

1046 1907 1130 1937 fidei.

1131 1947 1243 1979 Potest
1277 1947 1405 1989 quidem
1429 1956 1505 1978 esse
1527 1946 1715 1984 infirmitas,
1745 1953 1778 1977 ut
1804 1945 1926 1987 aliquid
1949 1956 2015 1978 non

1045 1990 1255 2033 intelligatur,
1299 1991 1385 2021 sicut
1424 1989 1653 2021 universaliter
1697 1990 1727 2020 in
1773 1989 1922 2019 omnibus
1965 1995 2016 2020 est

1045 2045 1162 2076 magna
1191 2033 1379 2064 infirmitas:
1415 2033 1558 2073 ipsarum
1588 2043 1695 2063 rerum
1727 2032 1916 2073 magnitudo
1950 2042 2015 2063 non

1045 2083 1153 2119 potest
1177 2076 1421 2117 comprehendi,
1455 2076 1539 2107 sicut
1568 2075 1633 2107 hoc
1657 2085 1808 2117 magnum
1832 2081 1893 2112 est,
1928 2075 2016 2115 quod

1045 2120 1130 2152 filius
1145 2120 1206 2150 Dei
1230 2119 1348 2160 pendet
1369 2119 1401 2148 in
1417 2129 1532 2155 erut-03
1556 2119 1629 2149 item
1649 2119 1733 2159 quod
1757 2123 1889 2158 propter
1911 2118 2016 2157 ipsum

1044 2169 1190 2195 assatum
1214 2169 1245 2193 et
1268 2171 1466 2202 suspensum
1496 2161 1666 2192 remittitur
1694 2166 1873 2201 peccatum.
1919 2159 2015 2201 Cogi-

1044 2212 1121 2243 tate,
1145 2216 1240 2247 quam
1264 2215 1415 2246 magnum
1440 2204 1505 2235 hoc
1528 2205 1586 2241 sit,
1615 2204 1687 2244 quis
1710 2209 1818 2244 potest
1840 2201 1905 2233 hoc
1929 2212 2016 2233 com-

1044 2248 1270 2290 prehendere?
1314 2247 1347 2278 ln
1374 2247 1523 2278 omnihus
1548 2247 1645 2287 igitur
1668 2253 1739 2275 sunt
1764 2255 1905 2285 magnae
1928 2244 2016 2275 infir-

1045 2294 1186 2329 mitates.
1199 2298 1305 2322 tamen
1320 2291 1383 2320 sint
1406 2291 1505 2327 initia,
1530 2291 1592 2319 sint
1611 2287 1785 2324 scintillae,
1809 2288 1908 2318 simus
1921 2286 2016 2326 tales,

1045 2342 1076 2366 ut
1097 2344 1161 2365 non
1198 2342 1424 2374 oppugnemus
1460 2331 1597 2373 aliquem
1621 2329 1791 2361 articulum
1811 2330 1876 2361 fide
1898 2353 1907 2368 ‚
1929 2331 2015 2361 sicut

1045 2377 1121 2408 fecit
1144 2377 1393 2413 Samosatenus,
1427 2374 1622 2411 Manichaei,
1655 2380 1685 2404 et
1710 2372 1774 2410 alii,
1808 2373 1862 2414 qui
1891 2371 2015 2415 aliquid

1044 2421 1254 2453 retinuerunt,
1278 2425 1309 2449 et
1331 2417 1489 2459 reliquum
1514 2418 1712 2447 abiecerunt.

1128 2462 1227 2494 Turci
1256 2462 1352 2492 etiam
1375 2461 1495 2501 aliquid
1527 2460 1682 2490 retinent:
1713 2458 1825 2489 dicunt
1848 2458 2014 2490 Chn-:stum

1042 2504 1144 2536 fuisse
1178 2505 1358 2545 sapientem
1390 2504 1574 2538 doctorem,
1606 2501 1739 2532 dedisse
1768 2501 1874 2531 bonas
1908 2500 2013 2543 lega,

1043 2549 1102 2579 sed
1116 2547 1348 2584 mahometum,
1371 2546 1423 2587 qui
1449 2543 1768 2582 reformatiuvmnia,
1792 2542 1946 2575 meliores
1969 2542 2014 2574 le-

1041 2601 1101 2633 ges
1123 2589 1289 2622 attulisse:
1324 2588 1388 2619 hoc
1412 2595 1461 2618 est
1484 2586 1632 2618 lacerare
1655 2597 1791 2627 agnum,
1813 2587 2014 2628 discerpere,

1042 2632 1161 2675 aliquid
1186 2633 1325 2663 retinere
1347 2637 1377 2662 et
1402 2629 1558 2672 reliquum
1582 2629 1736 2660 abiicere.

1604 2690 1635 2713 41
