2324 2958
171 180 235 211 ⁷55
807 178 916 212 PHlL.
940 179 1041 211 MEL.
1065 177 1252 212 SCRIPTA
1274 177 1536 212 EXEGETlCA.
2101 185 2166 218 756

170 272 298 307 facere,
328 272 417 314 quod
446 273 544 304 iussit
571 272 750 314 Princeps,
784 271 863 304 nihil
886 273 1065 304 diminuere
1087 271 1142 303 vel

170 316 292 347 addere
326 316 498 353 mandato,
533 316 595 346 nisi
628 315 781 356 Principe
814 316 961 347 conscio.
1005 315 1055 346 Ex
1078 316 1140 346 isto

195 358 277 389 rada
301 368 415 389 sumus
439 359 533 388 etiam
556 368 634 394 n0s;
664 359 738 390 ideo
765 368 965 399 exequamur
987 358 1142 388 mandata

170 369 343 440 {incipis
364 411 424 432 nec
443 401 616 442 quicquam
631 407 802 433 mutemus.
838 401 931 432 llane
948 400 1142 431 sententiam

169 444 274 476 secuti
296 449 373 474 sunt
396 442 522 485 reliqui.

255 484 348 517 Talia
370 484 519 527 exempla
541 491 619 518 sunt
641 486 867 522 observanda3
889 491 936 522 ut,
959 485 987 515 si
1011 484 1065 525 qui
1088 493 1142 515 ac-

170 529 297 561 cessuri
319 535 396 560 sunt
419 527 596 570 aliquando
620 529 660 560 ad
675 528 931 570 Rempublicam,
950 528 1077 558 discant
1097 527 1142 557 di-

169 571 376 603 stinctionem
406 569 608 613 legatorum,
638 578 669 603 et
697 571 918 603 assuefaciant
940 581 996 608 se,
1019 576 1054 601 ut
1075 579 1141 600 ma—

169 621 268 646 neant
292 615 375 645 intra
399 621 502 645 metas
525 615 751 645 mandatorum
761 637 778 652 ‚.
793 624 877 656 quae
899 619 1099 654 acceperunt
1121 622 1142 642 a

169 658 240 689 suis
262 656 431 688 Dominis:
462 656 502 688 Et
525 656 626 689 multo
650 658 764 698 magis,
788 664 823 688 ut
846 656 890 694 hi,
913 657 966 697 qui
989 656 1030 686 ad
1050 655 1141 686 mini-

168 701 304 732 sterium
327 698 500 730 Ecclesiae
523 707 599 731 sunt
623 700 802 737 accessuri,
827 700 954 730 discant
977 708 1043 729 non
1066 707 1140 735 sua,

169 754 236 775 non
257 741 382 779 aliena,
405 743 464 773 sed
489 741 609 774 Christi
633 743 786 773 mandata
809 751 974 782 exponere
996 739 1080 771 aliis·

255 785 386 817 Memini
405 786 511 818 etiam,
531 786 606 826 quid
626 785 781 817 acciderit
799 786 829 816 in
848 784 898 815 his
917 784 1026 815 terris.
1065 783 1140 814 Dux

169 829 334 870 Georgius
352 829 483 859 miserat
497 827 675 859 Ductorem
689 827 930 864 Brefflenbach,
949 825 1141 867 expediendi

170 873 251 904 certi
274 871 418 902 mandati
449 881 560 902 causa.
616 870 844 901 Breidenbach
870 876 939 901 erat
962 868 1061 901 homo
1085 869 1141 899 do-

169 921 243 946 ctus
267 921 297 946 et
322 914 526 955 ingeninsm,
544 919 575 944 et
598 912 730 944 valebat
753 914 926 944 autoritate
949 912 1035 953 apud
1050 911 1142 942 Prin-

169 958 286 999 cipem.
320 956 453 998 Reperit
482 957 678 988 occasiones
705 956 789 987 alias
809 957 850 987 ad
874 956 1041 997 negotium
1064 964 1142 986 con-

170 1000 359 1036 ficiendunu
393 999 547 1031 discessit
576 1010 594 1030 a
624 999 783 1030 mandatis
809 998 986 1040 Principis,
1022 1004 1053 1029 et
1076 997 1142 1038 egit

169 1042 234 1074 alio
257 1042 354 1074 modo
378 1053 437 1083 pro
461 1053 521 1073 suo
545 1043 688 1073 arbitrio.
735 1041 816 1073 Cum
841 1043 993 1073 rediisset
1011 1041 1142 1072 domurn

169 1096 206 1118 re
230 1086 313 1117 bene
332 1086 498 1126 expedita,
517 1085 784 1116 commemoravit
800 1085 953 1126 Principi,
977 1083 1141 1126 quomodo

169 1129 303 1171 negotia
325 1129 433 1159 omnia
446 1129 625 1168 reperisset
648 1129 837 1167 constituta,
860 1134 892 1159 et
913 1128 991 1170 quid
1009 1128 1091 1169 ipse,
1110 1131 1143 1156 et

170 1171 335 1214 quomodo
371 1171 506 1211 egisset.
574 1171 618 1202 lbi
653 1173 807 1212 princeps
842 1171 1007 1213 Georgius
1046 1169 1142 1206 sedit,

169 1221 284 1246 tacens
314 1212 526 1255 aliquamdiu:
555 1215 685 1245 tandem
711 1214 806 1245 dixit:
835 1213 876 1245 D.
901 1210 1141 1249 Breidenbach,

170 1257 241 1288 Vos
265 1257 348 1287 bene
367 1257 590 1297 expedivi-stis,
610 1267 682 1289 sum
704 1264 876 1288 contentus
895 1257 960 1287 hoc
979 1261 1139 1296 tempore:

169 1300 230 1332 sed
254 1297 356 1330 nolite
379 1298 442 1329 hoc
466 1297 578 1330 facere
599 1298 749 1340 amplius,
766 1305 799 1330 ut
819 1299 997 1330 discedatis
1017 1309 1036 1329 a
1059 1299 1140 1329 rneis

169 1342 344 1374 mandati&
391 1341 446 1370 Iltr
473 1341 564 1371 habts
592 1342 653 1371 wol
674 1353 760 1381 ynuy
786 1341 967 1375 verrit-latet,
1001 1341 1050 1370 iltr
1073 1341 1141 1370 set‘d

169 1385 242 1415 aber
264 1386 386 1413 meinent
410 1384 510 1422 befehl
530 1385 615 1415 nicht
637 1385 859 1419 nac-kkonnnen,
880 1384 947 1414 tlmt
964 1385 1038 1413 mirs
1056 1384 1141 1413 nicht

168 1427 259 1457 mehr.
303 1426 383 1458 Erat
405 1428 489 1458 enim
513 1437 651 1458 severus
669 1427 844 1468 Princeps3
868 1434 897 1458 et
918 1427 1048 1458 Doctor
1069 1427 1141 1467 ipse

167 1471 253 1502 lnter
275 1470 476 1501 recitandum
501 1468 572 1509 illa,
607 1481 692 1512 quae
723 1476 854 1512 egerat,
887 1476 1036 1501 metuens
1060 1470 1140 1501 iram

169 1513 350 1553 Principis,
375 1511 521 1544 nonnihil
546 1514 738 1553 trepidabat.

254 1556 310 1588 Sic
344 1556 443 1597 igitur
465 1555 616 1587 differunt
646 1557 799 1588 mandata
822 1555 1007 1597 legatorum
1031 1556 1142 1587 restri-

169 1606 240 1637 cta,
264 1605 296 1630 et
318 1597 431 1629 libera.
483 1598 637 1630 Christus
667 1599 723 1630 dat
749 1600 905 1630 mandata
929 1598 1088 1641 specialia
1110 1604 1142 1630 et

168 1643 330 1674 restricta.
375 1641 447 1672 Non
467 1640 536 1672 vult
556 1641 736 1683 Apostolos
756 1643 927 1674 discedere
945 1653 964 1672 a
989 1642 1141 1673 mandato

169 1696 244 1723 auo,
264 1685 349 1715 sicut
367 1683 441 1715 alibi
461 1685 577 1725 inquit:
602 1685 791 1714 Praedicare
803 1685 1014 1725 Evartyelium.
1052 1685 1142 1721 hem,

168 1727 361 1758 Praedicate
383 1729 415 1756 ιἰι
439 1729 557 1757 nomine
580 1739 643 1757 mm
669 1730 910 1767 poenitentium,
941 1732 970 1758 et
993 1729 1142 1757 remissio-

170 1781 235 1801 nem
262 1774 470 1810 peccator-1111).
523 1770 619 1809 ltem,
655 1771 774 1801 Docete
803 1782 855 1801 eos
883 1782 1006 1801 servare
1030 1773 1141 1805 omnia,

170 1824 249 1854 quae
269 1815 419 1852 praecepi
442 1813 534 1842 robis.

257 1855 316 1888 Hic
336 1857 498 1897 cogitetur
517 1857 611 1887 etiam
629 1857 670 1888 de
682 1857 869 1888 discrimine
888 1856 973 1897 tegis
991 1862 1022 1888 et
1034 1856 1142 1888 Evan-

195 1898 258 1931 elii.
309 1898 426 1930 Nonne
456 1899 569 1931 Moses
599 1910 729 1941 quoque
758 1899 817 1931 fuit
846 1896 966 1931 missus
996 1912 1015 1931 a
1045 1899 1142 1931 Deo?

182 1951 214 1974 ta
238 1949 337 1973 certe-
385 1942 451 1973 Sed
479 1942 519 1972 ad
550 1943 650 1984 quid?
686 1941 911 1984 principaliter
939 1941 996 1974 suit
1020 1943 1142 1973 missus

172 1985 285 2017 Moses
303 1985 342 2015 ad
361 1985 626 2016 constitutionem
646 1984 788 2026 politiae.
835 1985 903 2017 Fuit
926 1991 1069 2016 extrema
1087 1983 1143 2016 illa

171 2028 296 2061 functio
331 2026 428 2058 valde
462 2029 660 2068 conspicua.
695 2035 725 2059 et
760 2030 931 2060 incurrens
966 2029 997 2059 in
1026 2027 1142 2059 oculos

171 2071 353 2103 bominum:
378 2081 572 2111 quamquam
596 2077 664 2101 tota
687 2070 742 2101 illa
766 2070 876 2112 politia
897 2071 1075 2103 constituta
1094 2077 1143 2101 est

171 2121 307 2157 propter
331 2112 531 2149 Ecclesiam,
560 2121 590 2143 et
616 2113 727 2144 Mose,
751 2113 846 2145 simul
870 2113 927 2145 suit
954 2113 1080 2144 Ductor
1103 2113 1143 2144 dc

172 2157 322 2193 Christo,
363 2157 447 2186 sicut
483 2155 536 2186 alii
572 2156 773 2197 Prophetae,
814 2156 943 2193 llelias,
978 2155 1142 2192 Elisaeus,

171 2198 306 2238 Daniel,
339 2197 435 2229 simul
471 2197 601 2230 suerunt
630 2206 662 2231 et
692 2201 933 2241 gubernatows
962 2199 1084 2241 politici
1113 2205 1143 2230 ct

173 2243 340 2275 Doctores
363 2242 403 2273 de
426 2241 570 2273 Christo.

314 2409 391 2450 Ubi
426 2409 546 2450 docet
577 2410 712 2449 Moses
745 2410 795 2449 de
830 2409 1002 2449 Messia?

262 2499 470 2541 Responderi.
518 2500 590 2531 Non
620 2501 725 2532 dicam
749 2511 834 2531 nunc
858 2501 898 2531 (lc
923 2499 1146 2541 promissioni-

177 2546 256 2578 bus,
291 2554 372 2584 siuas
402 2544 517 2574 scribit
546 2544 657 2574 Moses
687 2544 822 2574 traditas
853 2553 928 2573 esse
955 2542 1066 2583 primis
1092 2552 1146 2582 pa-

176 2587 321 2617 rentibus
340 2593 371 2617 et
397 2585 566 2618 Abrahae.
592 2597 698 2627 neque
723 2588 818 2617 etiam
842 2586 882 2616 da·
907 2586 1021 2616 ritibus
1045 2585 1146 2615 aneri-

176 2629 341 2664 flcioruin.
365 2629 418 2670 qui
443 2628 572 2661 suerunt
596 2636 693 2671 typus
717 2637 749 2660 et
773 2629 877 2671 ligura
901 2627 1035 2659 t‘hrisu.
1081 2627 1147 2658 Sed

1195 280 1252 302 ero
1286 281 1375 302 nune
1406 278 1582 305 contentus
1615 272 1672 305 illa
1710 273 1807 307 valde
1839 274 1958 308 illustri
1992 279 2165 319 concione,

1194 323 1292 354 quam
1321 314 1419 346 etiam
1449 315 1603 357 Apostoli
1635 317 1736 348 citant
1763 318 1796 349 in
1823 318 1920 351 Novo
1944 319 2166 361 Testamenta,

1194 366 1268 386 cum
1297 355 1432 388 Denter.
1456 358 1506 390 18.
1535 359 1656 400 inquit:
1688 359 1860 393 Suscitabit
1900 362 1986 392 vobis
2014 363 2166 395 Dominus

1193 397 1286 427 alium
1308 398 1513 439 Prophetam,
1537 412 1578 431 ex
1600 402 1754 440 fratribus
1774 406 1902 439 vestris,
1924 415 2009 445 quem
2031 408 2085 447 qui
2105 417 2167 437 non

1194 440 1367 477 audiverit,
1391 444 1456 472 cius
1478 446 1580 474 areima
1603 445 1815 476 eradicabitur
1836 457 1877 477 ex
1895 448 2025 487 populo.
2072 450 2167 483 Huno

1193 482 1369 515 Dominum
1391 485 1463 526 ipse
1485 487 1573 518 videt
1596 486 1680 520 facie
1703 489 1744 519 ad
1768 488 1900 529 faeiem,
1923 497 1957 522 et
1979 493 2069 524 audit
2092 503 2167 526 eum

1194 527 1459 560 concionantem:
1488 529 1614 560 Videbis
1632 533 1797 561 novlsn'ma
1820 543 1901 564 mea:
1924 535 1979 565 ubi
1998 536 2166 577 significa—

1192 573 1260 600 tum
1284 575 1345 620 est,
1365 569 1481 603 Filium
1504 571 1566 604 Dei
1589 583 1651 605 suo
1674 575 1805 606 tandem
1829 581 1974 618 tempore
1992 585 2166 611 venturum

1193 620 1270 642 esse
1293 622 1324 643 in
1348 622 1492 645 carnem.

1279 654 1401 686 Verum
1419 654 1476 687 illa
1499 663 1636 690 externa
1655 665 1686 690 et
1704 661 1886 701 conspicua
1905 659 2030 694 functio
2047 662 2166 702 Masis,

1191 693 1252 727 tuit
1275 698 1461 729 constitutio
1485 699 1617 739 politiae
1647 709 1677 733 ct
1707 704 1908 742 praedicatio
1931 703 2028 748 legis.
2073 706 2165 747 Apo-

1193 737 1270 769 stoli
1299 746 1408 771 autem
1438 741 1606 774 mittuntur
1633 755 1653 776 a
1682 743 1814 778 Chn‘sto
1841 747 1882 778 ad
1910 749 2167 788 praedicandum

1192 780 1427 832 Evaugeflum,
1456 785 1549 815 cuius
1577 795 1705 819 summa
1735 787 1787 819 hic
1816 790 1969 821 traditur:
2005 790 2168 831 Quidquid

1192 826 1380 859 retruseritis,
1398 827 1458 855 erit
1479 829 1634 857 remissum
1656 831 1688 859 in
1711 831 1813 862 coelo:
1836 829 1865 861 si
1887 834 2078 863 retinueritis
2095 844 2166 873 peo—

1193 870 1278 900 eata,
1293 871 1380 897 erunt
1403 872 1522 898 retenta
1544 871 1576 899 in
1599 874 1705 902 coelo·-
1728 874 1834 905 Adiun
1862 882 1959 906 antur
1981 875 2046 907 huc
2065 883 2098 908 et
2115 887 2167 909 re-

1193 908 1282 950 liqua
1305 910 1410 948 dieta,
1440 921 1526 952 quae
1547 920 1625 945 sunt
1647 914 1830 948 declaratio
1877 928 1984 949 orum:
2021 918 2083 952 Qui
2105 930 2167 950 cro

1193 952 1329 988 diderit,
1363 956 1393 983 et
1426 953 1600 992 baptizatus
1628 957 1740 994 fuerit,
1774 959 1876 989 salvus
1904 962 1981 990 erit:
2016 961 2078 995 Qui
2105 972 2168 992 non

1194 995 1374 1030 crediderit,
1394 997 1659 1030 condemnabitur.
1707 999 1828 1033 Paulus
1847 1003 1965 1043 inquit:
1988 1004 2099 1033 Sumus
2115 1007 2168 1034 rm'-

1192 1039 1286 1068 m'stri
1307 1041 1380 1069 novi
1408 1039 1601 1075 Testamenti,
1621 1052 1682 1072 non
1705 1043 1823 1077 literae,
1841 1045 1898 1073 sed
1919 1045 2068 1084 Spiritus.
2103 1046 2168 1078 Per

1193 1081 1406 1114 ministerium
1436 1081 1609 1126 Evangelii
1641 1085 1738 1117 datur
1767 1087 1917 1118 remissio
1940 1094 2169 1128 peccatorum,

1193 1124 1315 1156 iustitia
1337 1130 1370 1156 et
1392 1125 1532 1166 Spiritus
1556 1133 1703 1159 sanctus.

1279 1168 1331 1199 Sic
1358 1168 1458 1210 igitur
1490 1169 1585 1200 mittit
1618 1170 1671 1201 hic
1701 1170 1864 1203 Dominus
1891 1171 2100 1214 Apostolos,
2132 1180 2170 1206 ut

1192 1209 1302 1241 iubeat
1331 1220 1391 1241 eos
1425 1211 1588 1243 remittere
1622 1221 1773 1254 peccata.
1832 1214 1904 1246 Hoc
1937 1221 1988 1247 est
2023 1216 2169 1258 speciale

1191 1253 1391 1291 mandatum,
1409 1254 1497 1295 quod
1516 1254 1612 1286 datur
1634 1257 1802 1297 expressis
1821 1258 1943 1290 verbis.
1979 1258 2045 1290 Sed
2069 1259 2170 1292 habet

1192 1294 1256 1326 hoc
1301 1297 1489 1327 mandatum
1533 1297 1629 1329 etiam
1678 1300 1866 1331 adiunctam
1911 1300 2169 1334 ratificationem.

1192 1336 1346 1370 Christus
1377 1338 1447 1369 vult
1483 1339 1607 1370 habere
1640 1347 1745 1372 ratam
1779 1343 2008 1374 remissionem
2042 1354 2104 1376 suo
2138 1351 2170 1377 et

1191 1381 1314 1412 aeterni
1338 1380 1446 1412 Patris
1480 1382 1627 1413 nomine:
1663 1389 1695 1414 et
1717 1383 1805 1416 hanc
1838 1383 1908 1416 vult
1937 1386 2115 1427 obsignare
2135 1387 2170 1419 in

1192 1424 1361 1462 cordibus,
1384 1424 1459 1455 dato
1483 1424 1603 1465 Spiritu
1627 1433 1755 1458 sancto.

1280 1466 1352 1498 lloc
1376 1467 1460 1498 bene
1482 1477 1524 1498 ae
1547 1466 1720 1510 diligenter
1748 1470 2025 1502 considerandum
2055 1476 2106 1503 est
2129 1471 2171 1504 de

1193 1520 1320 1541 summa
1338 1508 1527 1552 Evangelii,
1557 1516 1589 1542 et
1612 1511 1684 1543 eius
1705 1512 1943 1547 ratificatione2
1979 1514 2056 1545 item
2080 1515 2169 1556 quod

1195 1563 1267 1585 cum
1301 1553 1497 1584 remissione
1533 1560 1745 1594 peccatorum
1773 1554 1870 1587 simul
1904 1557 2000 1587 detur
2027 1556 2170 1597 Spiritus

1194 1601 1342 1628 sanctus.
1388 1596 1527 1631 Quando
1550 1595 1648 1628 homo
1672 1599 1763 1629 audit
1792 1609 1907 1630 vocem
1931 1597 2115 1641 Evangelii,
2138 1607 2170 1632 et

1193 1639 1345 1680 erigitur;
1375 1645 1442 1671 tum
1466 1639 1497 1669 in
1521 1638 1583 1670 hae
1606 1640 1677 1681 ipsa
1709 1639 1935 1673 consolatione
1965 1651 2044 1673 vere
2073 1642 2171 1675 datur

1194 1683 1336 1724 Spiritus
1377 1688 1527 1714 sanctus.
1588 1681 1696 1714 David
1736 1685 1874 1715 audiens
1911 1683 1996 1715 hanc
2037 1695 2170 1717 vocem:

1193 1726 1353 1758 Dominus
1374 1726 1506 1757 abstulit
1520 1731 1688 1765 peccalum
1707 1731 1810 1766 tuum,
1840 1733 1872 1758 et
1895 1728 2114 1768 acquiescens
2137 1729 2170 1760 in

1194 1779 1246 1806 ea,
1269 1769 1367 1799 sentit
1390 1766 1665 1799 consolationem:
1690 1775 1721 1800 et
1746 1770 1923 1810 experitur,
1946 1779 1984 1800 se
2002 1771 2169 1813 obsignari

1194 1811 1318 1852 Spiritu
1336 1817 1469 1847 sancto;
1492 1811 1532 1842 de
1555 1821 1619 1852 quo
1643 1810 1765 1843 Paulus
1790 1813 1905 1853 inquit:
1929 1814 2005 1853 Ipse
2028 1814 2171 1853 Spin-mn

1193 1855 1250 1886 dat
1284 1858 1497 1886 testimonium
1519 1855 1650 1893 spitum·
1680 1860 1798 1886 nostro.
1856 1855 1949 1886 ltem:
1985 1857 2171 1896 Accepimu-

1193 1898 1361 1938 Spirilum,
1383 1907 1442 1937 quo
1464 1899 1649 1932 clanmnms,
1684 1899 1774 1929 Abba
1802 1899 1915 1929 Pater:
1947 1898 1979 1929 id
2003 1905 2073 1936 est,
2104 1909 2170 1941 quo

1194 1939 1424 1972 confirmamur
1447 1940 1487 1970 de
1510 1940 1704 1970 remissione
1727 1948 1952 1980 pcccatorum,
1984 1947 2014 1972 et
2038 1943 2170 1983 acqui&

1194 1989 1327 2015 scentes
1350 1983 1381 2014 in
1405 1983 1635 2023 promissione,
1665 1983 1837 2024 incipimus
1856 1984 1979 2014 sentire
2001 1981 2170 2018 laetitiam

1195 2026 1380 2067 experimur
1402 2026 1434 2056 in
1459 2026 1554 2056 nobis
1579 2026 1715 2057 accendi
1740 2027 1827 2057 initia
1851 2027 1937 2058 vitae
1958 2032 2126 2058 aeternae.

1282 2067 1353 2099 lloc
1387 2075 1439 2099 cst
1471 2069 1682 2099 ministerium
1708 2068 1895 2109 Evangelii,
1928 2079 1987 2100 seu
2011 2070 2088 2100 novi
2110 2068 2169 2101 Το

1195 2112 1357 2147 statuenti,
1383 2111 1423 2141 ‹le
1446 2121 1511 2153 quo
1531 2110 1583 2142 hic
1607 2112 1734 2143 (licitur.
1792 2112 1861 2143 Nec
1885 2118 1961 2142 sunt
1984 2112 2172 2144 miscendas

1195 2155 1248 2186 hic
1270 2153 1381 2185 sutiles
1405 2153 1480 2186 illae
1493 2154 1732 2194 disputationes
1756 2154 1796 2186 dc
1815 2155 1956 2196 imperiis
1973 2162 2028 2186 aut
2046 2155 2172 2198 tegniS,

1196 2207 1279 2239 quas
1322 2198 1458 2228 miscent
1500 2196 1668 2229 l'ontiswii.
1732 2197 1861 2228 llabent
1900 2198 2036 2238 imperia
2075 2207 2172 2229 suum

1196 2239 1317 2275 locum,
1341 2247 1369 2269 ct
1394 2247 1467 2271 sunt
1493 2241 1684 2271 necessaria
1707 2241 1737 2271 in
1763 2250 1885 2282 genere
1905 2239 2057 2271 hnmano.
2103 2240 2172 2273 Sed

1197 2293 1262 2314 non
1286 2290 1333 2313 cst
1360 2281 1512 2315 facienda
1547 2281 1698 2314 confusio
1733 2284 1980 2324 gubernationis
2005 2283 2170 2324 politicae,

1198 2333 1229 2357 et
1253 2327 1421 2357 ministerii
1445 2324 1625 2365 Evangelii.
1682 2325 1803 2362 Magna
1826 2336 1880 2356 res
1903 2333 1953 2357 cst
1977 2327 2172 2367 gubernatio

1198 2369 1416 2409 imperiorum,
1450 2376 1482 2400 et
1506 2361 1602 2400 valde
1626 2359 1795 2405 mirabilis,
1829 2379 1925 2410 quam
1949 2379 2012 2410 ego
2035 2379 2102 2400 non
2125 2370 2171 2400 in-

1199 2411 1324 2451 telligo,
1347 2413 1497 2453 qunnwis
1532 2413 1633 2443 sciam
1668 2422 1871 2443 communem
1900 2412 2073 2443 custodem
2095 2421 2173 2444 esso

1200 2454 1369 2486 Ecclesiae
1393 2462 1424 2487 et
1444 2456 1650 2496 imperiorum
1673 2454 1780 2486 Deum
1803 2455 1920 2495 ipsum.

1285 2498 1350 2528 sed
1376 2497 1646 2538 quommlolkus
1670 2508 1708 2529 ca
1732 2495 1923 2535 transferat,
1947 2495 2026 2528 nihil
2049 2498 2091 2529 ad
2109 2507 2172 2536 nto,

1199 2551 1303 2581 neque·
1327 2541 1367 2570 :ul
1393 2548 1423 2571 tc
1448 2542 1598 2580 pertinet,
1621 2541 1674 2581 qni
1687 2550 1800 2573 sumus
1818 2540 1850 2571 in
1868 2550 2000 2571 munere
2018 2540 2173 2571 docendi<

1199 2585 1243 2614 lta
1267 2582 1344 2613 nihil
1369 2584 1410 2613 nd
1435 2583 1572 2614 l'aulum
1597 2590 1625 2614 ct
1647 2583 1778 2614 Petrum
1801 2583 1953 2623 pertinet.
1977 2583 2064 2624 qttod
2085 2582 2173 2614 Nero

1199 2626 1289 2657 sedet
1318 2625 1441 2657 liomao
1465 2627 1497 2657 in
1521 2626 1671 2667 lmpcrio.
1697 2636 1762 2667 quo
1785 2624 1896 2657 nullu-1
1926 2625 1985 2657 fuit
2009 2625 2174 2657 hominnm
