2324 2958
66 168 128 200 169

67 262 159 294 Haec
182 267 233 292 est
254 268 335 301 ergo
357 255 565 299 Etymologia
588 254 729 286 nominis
752 253 906 292 Herodis,
938 259 974 285 ut
996 254 1038 284 sit

66 305 164 343 idem,
188 303 276 346 quod
293 302 404 337 heros,
427 297 481 331 vel
504 304 539 330 ut
561 307 624 329 nos
647 297 786 328 dicimus
811 299 884 328 herr.
928 296 1038 327 Nomi-

67 357 184 379 namus
206 350 315 378 autem
337 343 472 374 heroem
496 351 556 372 seu
589 341 693 371 virum
727 339 908 376 heroicum,
942 349 1038 370 orna-

68 397 135 422 tum
157 388 342 425 virtutibuS,
364 396 430 417 non
453 384 694 421 conununibus‚
727 382 788 413 sed
823 380 1038 419 coelestibus,

67 433 153 465 sicut
182 431 273 462 scitis
295 431 328 462 in
349 427 473 460 Ethicis
509 426 664 467 distingui
686 426 823 456 virtutes
849 435 1038 455 communes

68 477 110 507 ab
132 474 287 507 heroicis.
329 471 500 504 Fortitudo
523 470 555 501 in
578 468 782 506 Alexandro,
813 466 956 505 Achille,
992 467 1041 498 lu·

66 516 134 556 lio,
168 527 234 548 non
269 521 319 547 est
351 513 531 547 communis
565 511 745 549 fortitude,
783 509 890 552 qualis
925 516 975 541 est
1009 511 1041 540 in

31 588 33 590 .
69 560 223 603 gregario
246 558 356 600 aliquo
379 555 496 593 milite,
530 555 590 587 sed
615 553 793 596 singularis
821 559 940 584 motus.
993 552 1039 583 lta

71 605 102 635 in
126 600 366 634 excellentibus
389 599 495 642 poetis
518 596 661 629 facultas
695 597 863 627 scribendi
897 606 1040 633 carmen,

67 655 133 678 nen
155 650 207 676 est
230 653 402 676 commune
423 642 556 679 donum,
579 641 639 672 sed
652 639 818 671 heroicum
843 646 873 671 et
897 639 1041 670 divinum

66 687 199 730 aliquid.

219 851 282 891 De
313 850 525 904 antipam-0,
558 852 675 905 patre
707 844 890 891 Herodis.

153 942 246 977 Quae
268 940 327 972 fuit
350 939 473 971 familia
495 939 659 971 Herodis?
704 938 808 974 Quem
837 943 962 979 patrem
986 936 1041 966 lia-

67 985 156 1017 buit?
190 984 225 1015 ld
249 984 461 1015 considerare
484 983 632 1024 prodest,
655 988 690 1012 ut
713 979 927 1022 intelligatur,
953 978 1041 1020 quod

65 1038 203 1069 regnum
226 1025 337 1068 populi
361 1026 436 1063 Dei,
459 1032 537 1057 nato
560 1024 705 1061 Christo,
730 1023 825 1054 luerit
849 1023 910 1053 iam
934 1028 1042 1052 trans-

66 1070 167 1102 latum
190 1070 231 1100 ad
254 1069 402 1100 homines
432 1068 640 1110 peregrinos.
694 1066 768 1097 Non
801 1064 861 1096 tuit
890 1064 1040 1096 Herodes

66 1119 165 1145 natus
187 1112 337 1149 Iudaeus,
361 1112 420 1142 sed
444 1112 630 1148 Idumaeus,
664 1108 750 1140 filius
773 1108 952 1148 Antipatri,
988 1107 1040 1138 cui

67 1159 154 1193 (curn
177 1161 266 1186 esset
288 1154 413 1185 amicus
435 1153 503 1185 Iulii
523 1152 690 1189 Caesaris,
715 1157 747 1182 et
769 1161 889 1193 magno
915 1151 944 1181 ci
967 1150 1040 1181 usui

64 1199 181 1230 fuisset
214 1198 245 1228 in
270 1194 365 1227 bellis
389 1196 536 1237 Syriacis
560 1201 591 1226 et
613 1194 843 1237 Aegyptiacis)
877 1202 1041 1224 commen-

66 1241 154 1271 davit
177 1238 277 1270 lulius
300 1238 452 1269 iudaeam
476 1237 668 1279 regendam,
692 1247 756 1267 non
781 1237 874 1279 regio
898 1236 1041 1272 nomine,

64 1283 125 1314 sed
137 1289 172 1314 ut
183 1281 282 1313 tutori
298 1291 357 1312 seu
377 1279 554 1312 defensori.
585 1279 727 1311 Videbat
745 1280 829 1310 enim
847 1278 934 1309 hunc
948 1279 1040 1309 Anti-

63 1330 191 1367 patrum
214 1334 290 1355 esse
319 1324 424 1355 virum
458 1323 671 1362 industrium,
705 1329 736 1354 et
771 1323 974 1359 modestum,
1007 1327 1040 1352 et

63 1368 204 1409 peritum
216 1368 351 1397 istarum
364 1367 520 1407 gentium,
536 1365 699 1402 locorum,
719 1371 749 1396 et
764 1376 872 1396 rerunt
886 1365 1039 1402 omnium,

64 1409 292 1451 pertinentium
315 1409 357 1439 ad
381 1409 628 1450 gubernationis
651 1408 975 1438 administrationem.

151 1451 370 1483 Considerate
403 1457 510 1482 autem
545 1461 656 1481 curam
684 1456 717 1481 et
752 1449 953 1491 vigilantiam
976 1448 1041 1480 Dei

64 1505 125 1536 pro
147 1493 310 1526 Ecclesia.
356 1493 498 1524 Primum
521 1493 606 1524 enim
631 1503 703 1523 cum
727 1491 869 1533 populus
892 1492 1041 1523 iudaicus

64 1539 136 1578 ipse
159 1538 243 1567 inter
265 1546 302 1565 se
325 1534 576 1567 tumultuaretur
589 1533 788 1566 factionibus
812 1541 947 1575 propter
971 1545 1041 1566 cer-

63 1580 183 1610 tamina
208 1578 364 1615 fratrum,
399 1578 453 1619 qui
488 1584 580 1609 erant
615 1578 740 1619 posteri
763 1576 1041 1608 Maccahaeorum

64 1622 105 1653 de
139 1631 242 1662 regno
276 1625 310 1651 et
342 1621 550 1660 pontificatu,
595 1620 698 1651 voluit
739 1619 832 1651 Deus
874 1621 1041 1652 custodire

64 1663 248 1697 Ecclesiam
272 1663 437 1704 praesidio
461 1662 676 1694 Monarchiae
699 1662 878 1694 Romanae.

151 1705 280 1737 Deinde
302 1706 335 1736 in
360 1703 453 1736 bellis
476 1706 692 1747 Aegyptiacis
718 1716 874 1747 magnum
897 1705 962 1736 hoc
985 1706 1042 1736 mi-

66 1748 214 1781 raculum
241 1746 318 1786 fuit,
346 1754 378 1778 et
406 1748 600 1780 beneficium
632 1748 820 1789 singulare,
848 1748 935 1789 quod
967 1746 1042 1778 illae

70 1793 154 1823 duae
166 1789 306 1832 Aquilae
320 1791 566 1863 potentissimae
582 1790 866 1831 praetervolarunt
880 1790 1043 1828 Iudaeam,

69 1835 140 1866 sine
162 1834 283 1875 insigni
307 1844 326 1864 a
341 1834 415 1875 iqua
438 1833 525 1865 illius
550 1833 654 1865 clade.
688 1834 772 1865 Nam
792 1840 823 1865 et
838 1831 937 1865 lulius
954 1839 1044 1871 tunc,

70 1885 103 1908 et
136 1883 254 1918 postea
283 1876 454 1918 Augustus
488 1877 639 1908 iudaeam
672 1877 837 1917 praeteriit
872 1877 944 1907 sine
976 1874 1044 1907 ulla

70 1921 253 1951 vexatione.
299 1921 342 1950 lta
371 1919 518 1951 videmus
545 1919 731 1951 Ecclesiam
759 1920 885 1950 servari
916 1919 1045 1950 mirabi-

70 1961 156 1999 liter,
180 1972 246 1992 non
269 1962 420 1992 humanis
444 1962 603 2000 consiliis,
626 1969 682 1994 aut
704 1962 889 2003 praesidiis.

157 2003 238 2035 Cum
262 2012 372 2035 essent
399 2005 538 2036 maxima
561 2004 648 2036 bella
671 2007 702 2036 in
726 2006 841 2035 vicinis
869 2004 969 2042 locis,
998 2010 1044 2035 ta-

72 2057 144 2079 men
166 2046 260 2078 Deus
283 2047 443 2088 praestitit.
464 2045 541 2078 huic
562 2047 684 2089 populo
708 2058 844 2089 pacem,
874 2055 906 2078 et
933 2057 1044 2079 serva-

72 2090 118 2120 vit
136 2088 331 2126 Ecclesiam,
355 2090 442 2120 dedit
465 2089 645 2132 Halcyonia
669 2091 842 2132 quaedam,
867 2091 972 2121 donec
994 2100 1045 2121 re-

70 2132 197 2163 siduum
231 2132 484 2172 promissionum
517 2133 748 2174 perficeretur,
784 2140 815 2164 et
850 2140 1045 2164 nasceretur

71 2174 232 2212 Messias,
255 2175 405 2212 doceret,
429 2176 617 2207 ostenderet
639 2177 842 2216 testimonia,
865 2182 1044 2216 pateretur,

70 2224 102 2249 et
125 2219 388 2249 resuscitaretur.

157 2259 243 2294 Quid
266 2260 472 2291 nominantur
495 2259 701 2304 Halcyonia‘?
744 2261 953 2301 Bespondeo.
995 2261 1044 2293 ln-

70 2300 245 2334 tervallum
278 2301 487 2345 tranquillum
518 2303 549 2333 in
582 2303 672 2335 mari.
716 2299 835 2336 Et'sic
865 2313 968 2346 saepe
996 2303 1044 2336 lo-

68 2351 212 2419 ?uuntur
234 2352 384 2383 autores,
411 2352 445 2377 ut
463 2344 652 2387 Halcyonia
672 2346 781 2378 dicant
804 2358 864 2389 pro
889 2346 1044 2390 tranquil-

83 2389 161 2419 itate
183 2386 223 2418 ad
245 2386 378 2430 aliquod
403 2395 541 2430 tenipus,
564 2395 598 2419 ut
622 2385 694 2426 cum
716 2389 801 2430 apud
827 2389 975 2422 Plautum
999 2391 1044 2422 di-

71 2428 171 2473 citur:
189 2430 300 2461 .Nunc
321 2435 393 2461 sunt
417 2431 618 2462 Halcedmzia
636 2428 725 2473 apu'il
742 2430 861 2473 sorum.

155 2472 284 2515 Nomen
316 2474 421 2515 ipsum
452 2473 637 2517 llalcyoni‘a
670 2475 758 2515 venit
789 2477 831 2507 ab
861 2475 1044 2519 Halcyone,

71 2525 157 2557 quae
188 2522 239 2546 est
266 2517 338 2547 avis
367 2522 532 2547 certorum
560 2513 725 2555 locorum,
757 2519 828 2549 sive
856 2519 899 2550 sit
929 2520 1043 2550 eadem

70 2569 144 2590 cum
171 2556 228 2589 illa
255 2568 332 2595 ave,
355 2569 452 2600 quam
479 2569 542 2590 nos
565 2555 724 2591 vocamus
749 2560 815 2594 OEit'ss
840 2563 938 2604 rogel,
972 2562 1043 2593 sive

68 2601 146 2639 dia.
168 2599 348 2639 Derivatur
369 2609 479 2634 autem
501 2613 568 2634 vox
592 2601 743 2644 Haleyon
766 2604 808 2635 ab
830 2602 902 2642 ι’ἱλς,
925 2605 957 2635 id
981 2610 1044 2642 est,

704 201 707 205 s
745 159 960 192 PosTtLLA
984 157 1379 197 MELANTHQMANA.

2006 155 2066 187 170

1089 250 1219 289 salsum,
1243 249 1297 282 vel
1319 260 1420 288 mare,
1445 256 1476 282 et
1498 251 1587 289 κύειν,
1611 252 1643 282 id
1666 257 1727 291 est,
1752 261 1879 291 parere.
1914 249 2065 291 llalcyon

1089 295 1189 337 igitur
1217 299 1269 325 est
1299 293 1369 324 avis
1400 294 1532 334 pariens
1566 295 1598 324 in
1632 294 1723 324 mari.
1769 293 1930 324 Dicuntur
1959 300 2066 324 autem

1091 340 1178 369 circa
1202 337 1267 368 hoc
1296 337 1403 377 ipsum
1431 342 1559 377 tempus
1590 337 1622 366 in
1646 336 1768 367 Bruma
1792 335 1981 367 llalcxones
2011 346 2067 376 pa-

1091 390 1165 412 rere
1186 380 1219 411 in
1243 377 1390 419 scopulis
1414 379 1561 410 marinis:
1597 377 1722 419 Estque
1746 371 1965 419 n·anqu=llitas
1989 388 2067 418 qua·

1092 423 1271 455 tuordccim
1295 422 1420 452 dierum
1442 422 1474 452 in
1498 421 1596 458 mari,
1626 428 1752 461 septem
1776 422 1891 452 diebus
1914 426 2006 458 ante,
2034 426 2068 451 et

1092 472 1217 508 septem
1241 465 1357 496 diebus
1385 471 1461 505 post
1490 465 1653 501 brumam,
1690 465 1795 495 donet:
1819 463 1898 505 pulli
1923 463 2068 505 Halcyo-

1091 519 1168 541 num
1192 506 1421 540 excluduntur.

1178 551 1269 582 Haec
1293 557 1343 581 est
1367 548 1505 591 pulchra
1527 549 1636 590 imago
1661 548 1851 585 Ecclesiae,
1878 559 1961 590 quae
1985 549 2069 589 parit

1093 595 1125 625 in
1148 592 1316 635 scopulis,
1345 593 1429 623 inter
1455 601 1576 633 magna
1600 591 1747 632 pericula
1775 597 1804 621 et
1830 591 1948 622 ssuctus
1971 591 2069 632 impe-

1093 637 1233 674 riorum,
1268 637 1299 667 in
1334 636 1453 677 quibus
1488 640 1664 666 servantur
1694 640 1800 665 tamen
1836 635 1876 675 pii
1905 634 2068 665 divinitus.

1093 679 1160 710 Dat
1192 679 1286 710 Deus
1315 678 1455 709 subinde
1489 676 1631 718 aliquam
1661 675 1927 718 tranquillitatem
1955 675 2070 708 Eccle-

1094 723 1175 760 siae,
1198 729 1229 752 et
1244 732 1314 752 eam
1331 728 1443 752 servat
1461 722 1545 751 inter
1563 730 1701 761 magnas
1722 720 1833 750 ruinas
1852 720 2069 760 imperiorum.

1180 764 1227 795 lta
1247 764 1340 795 Deus
1364 764 1453 794 dedit
1481 773 1555 794 vere
1571 762 1755 804 Halcyonia
1777 762 1828 792 isti
1848 761 1986 792 Politiae
2009 762 2070 792 sub

1094 807 1173 839 lulio
1192 814 1221 838 et
1236 806 1402 849 Augusto.
1438 805 1605 837 Habuerat
1618 805 1720 837 lulius
1739 805 1950 836 occasionem
1971 803 2071 835 multa

1117 850 1226 881 ctendi
1247 860 1267 881 a
1291 849 1432 887 ludaeis,
1455 849 1540 879 sicut
1562 855 1661 879 antea
1686 848 1829 879 Crassus
1854 857 1973 888 magna
1997 857 2070 887 spo-

1108 894 1137 923 ia
1161 903 1201 924 ex
1225 891 1347 934 templo
1371 890 1565 923 abstulerat.
1610 891 1678 922 Sed
1705 889 1784 922 nihil
1812 891 1859 921 eis
1891 890 1998 920 damni
2026 890 2071 920 in-

1093 934 1176 967 tulit.
1222 936 1346 967 Postea
1374 935 1469 966 etiam
1492 933 1643 965 Herodes
1672 932 1729 965 fuit
1761 934 1902 975 partium
1927 932 2072 969 Antonii,

1094 989 1160 1009 non
1194 978 1348 1020 Augusti.
1395 977 1545 1018 Pepercit
1580 977 1754 1018 Augustus
1788 983 1895 1007 tamen
1932 975 2072 1011 ludaeis,

1094 1032 1168 1053 cum
1180 1021 1331 1052 Herodes
1355 1020 1397 1051 ad
1421 1031 1493 1051 eum
1507 1020 1655 1051 venisset
1677 1020 1709 1050 in
1722 1018 1886 1055 Rhodum,
1909 1025 1940 1049 et
1965 1018 2073 1049 sactus

1094 1070 1186 1095 esset
1209 1065 1237 1095 ei
1261 1063 1417 1105 supplex,
1447 1070 1564 1104 petens
1587 1072 1721 1104 pacem,
1747 1072 1844 1103 quain
1867 1068 1898 1092 et
1923 1062 2073 1101 impetra-

1093 1107 1150 1138 w‘t.
1196 1106 1287 1137 Haec
1310 1107 1418 1137 omnia
1441 1105 1533 1137 Deus
1557 1105 1606 1136 sic
1628 1105 1836 1147 gubernavit,
1863 1111 1896 1135 ut
1921 1103 2074 1134 Ecclesia

1092 1149 1231 1181 haberet
1252 1160 1314 1180 sua
1338 1148 1534 1190 Halcyonia.

1179 1191 1279 1224 lulius
1304 1202 1358 1223 res
1381 1202 1520 1234 magnas
1542 1192 1575 1222 in
1599 1190 1696 1233 Syria
1721 1196 1752 1222 et
1774 1191 1806 1221 in
1820 1190 1974 1231 Aegypto
1998 1199 2073 1230 ges-

1093 1236 1134 1267 sit
1159 1234 1297 1266 consilio
1321 1235 1503 1276 Antipatri:
1538 1234 1615 1265 ldeo
1638 1234 1667 1264 ei
1696 1234 1738 1265 ob
1767 1232 1957 1263 fidelitatem
1986 1242 2071 1262 coni-

1093 1279 1257 1310 mendavit
1280 1278 1445 1309 Iudaeam.
1489 1276 1585 1308 Hanc
1607 1277 1708 1308 tenuit
1733 1276 1915 1317 Antipater,
1939 1281 1973 1306 ut
1997 1274 2073 1311 dixi,

1093 1323 1165 1354 sine
1188 1322 1280 1363 regio
1304 1321 1452 1358 nomine,
1482 1325 1513 1351 et
1540 1318 1599 1350 fuit
1623 1320 1778 1361 princeps
1803 1319 1937 1360 sapiens
1961 1324 1991 1349 et
2016 1327 2073 1359 po-

1093 1371 1178 1396 tenS.
1225 1364 1293 1396 Sed
1315 1369 1454 1395 necatus
1481 1368 1533 1394 est
1555 1372 1701 1399 veneno,
1729 1372 1749 1392 a
1777 1362 1919 1403 quodam
1943 1361 2073 1396 Iudaeo,

1094 1409 1148 1449 qui
1172 1409 1204 1438 in
1228 1407 1375 1438 historiis
1399 1406 1585 1438 nominatur
1607 1404 1773 1436 Malchos.
1820 1404 1986 1435 Fortassis
2011 1404 2074 1434 iste

1093 1451 1135 1481 ad
1158 1461 1197 1482 se
1220 1448 1402 1482 transferre
1424 1447 1528 1480 voluit
1555 1459 1711 1490 regnum,
1740 1453 1796 1479 aut
1825 1446 1883 1478 suit
1913 1447 2073 1477 suborna-

1094 1499 1147 1523 tus
1170 1494 1211 1524 ab
1235 1492 1308 1523 aliis
1325 1492 1466 1528 ludaeis,
1489 1492 1543 1533 qui
1566 1501 1667 1532 aegre
1691 1489 1852 1528 serebant,
1877 1499 1915 1519 se
1938 1490 2008 1530 regi
2031 1489 2072 1520 ab

1095 1536 1226 1567 homine
1249 1535 1435 1577 peregrino.
1471 1534 1539 1565 Sed
1561 1533 1693 1565 sublato
1717 1532 1782 1564 hoc
1806 1534 1892 1564 bono
1917 1539 1947 1563 et
1963 1532 2073 1563 mode-

1095 1584 1168 1609 rato
1191 1578 1338 1619 principe
1361 1577 1448 1608 nacti
1472 1582 1547 1608 sunt
1569 1582 1687 1618 postea
1709 1575 1811 1607 multo
1836 1575 2010 1607 duriorem.

1177 1621 1260 1652 Nam
1268 1620 1353 1651 filins
1367 1620 1531 1661 Antipatri
1541 1618 1599 1650 fuit
1615 1619 1777 1657 Herodes,
1800 1619 1854 1660 qni
1871 1623 2072 1649 consecutus

1095 1671 1145 1695 est
1169 1662 1295 1695 titulum
1320 1662 1422 1705 Regis
1445 1663 1487 1693 ab
1512 1662 1656 1693 Antonio
1681 1667 1713 1693 et
1735 1662 1900 1703 Angusto,
1924 1660 1978 1702 qui
2001 1667 2073 1691 tan-

1095 1712 1160 1737 tum
1191 1707 1219 1738 ei
1252 1706 1413 1737 honorem
1443 1703 1645 1742 habuerunt,
1679 1711 1715 1736 ut
1744 1704 1868 1735 Romae
1901 1704 2074 1734 incesserit

1099 1750 1225 1780 medius
1243 1750 1326 1780 inter
1341 1749 1404 1779 hos
1424 1747 1520 1787 duos,
1543 1758 1616 1788 cum
1631 1747 1762 1779 solenni
1777 1757 1895 1789 pompa
1911 1747 2072 1778 deductus

1095 1793 1127 1823 in
1151 1790 1356 1834 Capitolium.

1346 1957 1410 1997 De
1442 1956 1610 1997 saevitia
1642 1955 1825 1996 Herodis.

1181 2048 1255 2080 Fuit
1277 2055 1385 2080 autem
1408 2054 1526 2079 natura
1547 2045 1690 2078 crudelis
1714 2053 1745 2078 et
1767 2056 1900 2084 saevus,
1923 2054 1954 2077 ct
1970 2044 2072 2077 multa

1097 2090 1184 2123 bella
1207 2092 1313 2134 gessit
1335 2098 1452 2123 contra
1472 2091 1623 2127 ludaeos,
1647 2091 1701 2132 qui
1720 2090 1781 2130 ipsi
1799 2089 2071 2120 adversabantur.

1095 2134 1284 2166 'trucidavit
1307 2133 1439 2172 multos,
1464 2140 1498 2165 ut
1522 2131 1682 2164 stabiliret
1700 2132 1859 2163 Rewnum.
1906 2130 2071 2162 lntersecit

1098 2184 1201 2209 totum
1227 2176 1402 2215 Senatum,
1425 2177 1479 2219 qui
1502 2160 1894 2212 vocabaturSaifliedi-in,
1923 2173 2071 2216 relSyn-

1067 2252 1070 2258 ,
1096 2221 1222 2257 edrion,
1253 2220 1284 2251 id
1309 2226 1370 2257 est,
1402 2219 1612 2261 septuaginta
1636 2224 1667 2250 et
1696 2219 1780 2250 duos
1803 2219 1963 2248 seniores.

1182 2262 1336 2294 Condidit
1357 2261 1527 2304 Templum
1552 2261 1723 2303 AugustO,
1748 2261 1834 2303 quod
1860 2266 1996 2291 coactus
2020 2266 2072 2291 est

1097 2304 1244 2337 demoliri
1264 2306 1305 2337 ad
1319 2305 1459 2337 ludaeos
1477 2304 1667 2346 placandos.
1702 2304 1757 2335 Sic
1775 2304 1857 2334 enim
1881 2303 1930 2333 fit:
1961 2303 2070 2344 Magni

1095 2347 1225 2379 Domini
1254 2347 1371 2379 ludunt
1400 2347 1633 2390 religionibus,
1669 2354 1698 2377 et
1732 2347 1908 2378 abutuntur
1943 2346 1981 2377 iis
2010 2356 2070 2387 pro

1096 2401 1157 2423 suo
1180 2392 1327 2432 arbitrio.
1414 2389 1415 2393 ’

1182 2434 1242 2465 Hic
1276 2435 1347 2476 ipse
1380 2433 1530 2466 Herodes
1564 2439 1632 2469 est,
1666 2433 1719 2473 qui
1755 2430 1915 2462 interfecit
1948 2441 2069 2473 pueros

1095 2476 1398 2508 Bethlehemiticos.
1443 2474 1605 2508 interfecit
1629 2475 1723 2506 etiam
1748 2474 1909 2517 quosdam
1931 2484 1970 2504 ex
1996 2473 2069 2505 liliis

1095 2520 1184 2558 suis,
1215 2530 1301 2561 quos
1330 2519 1561 2560 suspicabatur
1588 2518 1735 2549 insidiari
1758 2527 1838 2549 suae
1863 2518 1958 2548 vitae.
2005 2516 2068 2547 Ha-

1097 2563 1196 2594 bebat
1218 2562 1302 2594 enim
1326 2561 1410 2593 filios
1440 2560 1567 2602 plures,
1596 2567 1692 2592 natos
1719 2570 1760 2591 ex
1790 2560 1931 2592 diversis
1958 2560 2068 2591 uxori-

1095 2605 1168 2636 bus.
1220 2604 1307 2635 Inter
1340 2603 1424 2635 tales
1458 2604 1612 2634 usitatum
1651 2609 1718 2641 est,
1757 2613 1833 2634 esse
1867 2603 2002 2633 dissidia
2035 2603 2067 2633 in
