2324 2958
167 150 230 182 527
803 146 913 180 PfflL.
937 145 1039 179 MEL.
1062 145 1247 179 SCRIPTA
1267 144 1529 179 EXEGETICA.
2096 148 2161 182 528

167 249 203 276 ut
230 240 438 275 auferrentur
465 240 556 283 ligna
583 239 719 279 saltem,
747 247 782 273 ut
805 246 943 283 possent
966 249 1004 272 se
1025 246 1136 271 mutuo
1190 237 1310 271 multas
1333 240 1515 272 sententias
1537 248 1617 272 esse
1638 240 1788 272 traditas.

168 285 344 319 consolari.
396 284 442 315 lbi
470 283 566 314 lictor
592 284 766 322 misertus,
797 284 917 315 ademit
944 281 1009 314 illis
1037 282 1136 324 ligna.

167 329 275 371 Magis
293 337 429 359 moveor
446 327 543 368 signo
562 337 659 368 quam
677 326 776 358 facto.
822 325 945 357 Volunt
965 327 1139 357 obstruere

167 382 206 403 os
242 371 444 407 hominibus,
478 379 520 401 ne
553 368 741 402 celebretur
774 375 805 400 et
834 369 1005 400 invocetur
1031 366 1137 398 Deus.

168 414 237 447 Sed
264 424 328 445 non
360 414 532 445 obstruent
560 413 712 444 omnibus
741 422 815 442 ora:
860 411 975 442 Potius
1009 409 1136 451 lapides

168 456 357 490 clamabunt
383 465 404 486 a
432 454 549 486 Deum.
604 454 676 486 Vos
707 455 865 496 cogitate,
899 459 1056 494 quantum
1080 453 1138 484 ho·

167 510 244 532 num
266 500 309 530 sit
331 508 409 531 esse
431 498 462 529 in
486 508 566 530 vera
586 495 758 534 Ecclesia,
782 503 813 528 et
837 497 908 527 sitis
931 495 1082 533 modesti,
1105 500 1137 526 et

167 543 254 585 agite
274 541 349 574 Deo
373 541 519 584 gratias,
540 541 628 582 quod
650 539 720 570 sitis
743 539 853 570 vocati
876 538 918 569 ad
940 548 1051 569 veram
1074 537 1137 568 Ec-

168 584 318 624 clesiam,
345 590 377 616 et
400 585 500 624 petite
529 592 590 614 vos
615 583 685 624 regi
707 592 726 613 a
748 581 838 619 Deo,
860 586 893 612 et
915 581 1032 612 scitote
1056 579 1135 612 illos

167 638 234 660 non
266 637 343 660 esse
372 625 571 664 Ecclesiam,
605 627 660 667 qui
688 623 763 655 talia
791 623 926 656 faciunt.
980 621 1134 655 Ecclesia

168 681 234 703 non
257 669 403 702 defendit
425 668 529 706 idola,
558 678 623 699 non
652 667 803 699 interficit
827 666 977 697 homines
1000 672 1137 707 propter

168 713 433 750 contessionem,
455 718 489 743 ut
514 710 666 742 Christus
691 708 780 740 clare
803 709 894 740 dicit:
947 709 1013 747 Qui
1033 713 1079 740 est
1098 719 1137 740 ex

168 756 259 795 Deo,
291 756 420 788 verbum
453 755 518 785 Dei
549 754 657 785 amlit:
696 752 758 783 Vos
788 761 851 783 uon
878 752 1015 783 auditis:
1049 752 1136 793 Eryo

167 809 231 832 aon
258 800 335 831 estis
363 809 402 830 ar
428 800 505 830 Deo.
558 795 606 827 llli
630 806 696 826 non
719 795 868 832 audiunt,
893 793 1008 826 volunt
1030 795 1136 836 oppri-

167 852 256 874 mere
279 842 467 878 veritatem,
491 845 566 870 sunt
590 838 782 880 patricidae.

253 884 343 916 Haec
366 885 430 915 sint
454 883 540 914 dicta
563 882 604 913 de
627 881 785 912 doctrinis
808 880 993 921 praecipuis
1017 880 1049 911 in
1072 878 1137 912 hoc

168 926 338 959 miraculo,
383 927 418 957 ln
449 936 513 968 quo
538 925 634 956 etiam
663 931 714 955 est
738 922 854 965 pulcra
877 924 997 965 image.
1041 922 1136 954 Deus

167 971 274 1012 pascit
307 976 340 1001 et
371 967 516 1001 defendit
544 965 742 998 Ecclesiam:
776 967 861 997 sicut
895 965 947 997 hic
981 964 1135 997 Christus

167 1014 275 1054 pascit
308 1013 454 1050 turbam,
489 1021 573 1053 quae
606 1010 710 1051 ipsum
745 1010 903 1050 sequitur.
964 1009 1031 1041 Sed
1064 1009 1136 1049 ipse

167 1056 300 1087 mandat
333 1053 524 1096 Apostolis,
559 1059 594 1084 ut
627 1053 838 1088 distribuant3
872 1052 948 1093 quia
980 1050 1136 1093 Apostoli

168 1098 288 1130 debent
310 1096 432 1129 habere
455 1098 613 1128 rationem
641 1093 946 1137 eleemosynarum,
975 1100 1007 1126 et
1029 1094 1137 1125 distri·

168 1141 310 1173 butionis
332 1141 365 1171 in
387 1149 560 1181 paupereS.
607 1138 755 1180 Pingitur
772 1138 868 1169 etiam
888 1137 1137 1169 communicatio

168 1184 338 1215 doctrinae
360 1189 392 1214 et
415 1181 653 1214 consolationis
677 1190 736 1222 per
759 1181 982 1212 ministerium.

252 1225 348 1263 Item,
379 1224 532 1256 Christus
560 1224 613 1257 hic
643 1224 749 1254 bonus
773 1223 983 1254 Oeconomus
1007 1227 1077 1260 est,
1106 1227 1139 1253 et

168 1269 266 1300 docet
293 1273 384 1299 recte
417 1267 646 1298 administrare
681 1266 933 1302 Oeconomiam3
967 1263 1137 1307 colligere,

167 1321 253 1353 quae
275 1308 508 1351 superfuerunt
530 1309 723 1351 fragmenta.
772 1307 853 1339 Vult
881 1318 943 1339 nos
962 1317 1139 1339 asservare

168 1353 297 1395 aliqua,
320 1354 407 1384 unde
431 1352 595 1393 possimus
618 1352 697 1383 dare
720 1352 904 1393 egentibus
948 1349 1058 1382 Docet
1080 1350 1139 1392 igi-

168 1403 221 1429 tur
250 1406 312 1428 nos
334 1395 583 1437 parsimoniam,
608 1404 692 1436 quae
720 1400 772 1425 est
800 1395 903 1425 u'rtus
931 1393 1039 1425 vicina
1059 1391 1140 1424 libe·

168 1438 298 1471 rulitati.

384 1587 506 1628 Estne
538 1585 751 1628 liberalitas
778 1585 930 1626 virtus?

254 1670 325 1702 Est.

171 1828 241 1868 Ad
272 1842 394 1881 quam
426 1828 616 1867 virtutem
647 1825 905 1881 principalem
937 1824 1022 1865 sive
1054 1825 1168 1875 car-ff

459 1905 631 1944 dinalem
664 1902 861 1957 pertinet?

257 1995 308 2025 Ast
333 1994 499 2026 iustitiam.

173 2152 390 2203 Quomodo
422 2152 610 2193 differunt
640 2151 814 2201 Iustitia,
851 2165 954 2205 quac
985 2150 1141 2204 proprie
1166 2147 1168 2173 ¹

1166 2178 1169 2239 Ξ
1195 2210 1265 2230 rum
1287 2196 1591 2239 pulcherrimorum,
1609 2204 1642 2229 et
1664 2197 1762 2229 additi
1787 2204 1879 2228 crant
1902 2197 1946 2228 2⁰
1966 2198 2058 2228 aurei
2080 2195 2167 2228 Rhe—

1166 2243 1170 2275 ξ
1195 2252 1327 2273 nenses.
1373 2240 1594 2277 cubicularii,
1623 2241 1742 2281 quibus
1766 2247 1834 2270 erat
1859 2240 2055 2273 iniunctum,
2078 2238 2166 2270 exn}

1167 2282 1170 2306 ἓ
1197 2286 1333 2315 buerunt
1358 2293 1474 2315 munus
1497 2281 1711 2315 adolescenti.

254 2230 396 2270 dicitur
433 2229 693 2284 particularia,
723 2235 765 2268 et
795 2227 1054 2268 Liberalitas?

1838 240 1942 277 Date,
1970 245 2002 274 et
2027 241 2160 275 dubia:-

1189 282 1300 320 vobz's‚·
1322 288 1354 314 et
1376 288 1429 314 est
1450 289 1547 314 vetus
1570 288 1602 314 et
1624 282 1774 324 pulcrum
1797 283 1935 316 dictum:

1342 324 1486 357 Kirclten
1505 325 1604 367 ychen
1625 329 1800 357 eerseumet
1820 326 1919 358 nicht.

1344 368 1493 399 Almosen
1513 368 1611 410 yeben
1633 372 1794 399 verat-met
1814 369 1913 406 m'cltt,

1349 410 1489 442 Unrecht
1509 415 1566 452 yut
1585 408 1687 450 faselt
1709 411 1790 442 oder
1808 412 1941 453 yedeyet
1961 411 2056 444 m’cltt.

1189 451 1237 483 lta
1249 451 1408 485 Salomon
1426 454 1516 485 dicit:
1539 453 1688 485 Liberali
1703 454 1795 485 oculo
1813 455 2023 485 benedicetur.
2064 453 2158 486 Item«

1190 494 1256 533 Qui
1275 496 1334 527 dat
1353 497 1511 536 pauperi,
1541 494 1658 535 foenus
1685 500 1810 528 exercet
1832 506 1900 528 cum
1922 496 2012 535 Deo,
2040 498 2074 529 id
2095 504 2159 536 est,

1189 536 1282 570 Deus
1305 539 1395 570 dabit
1417 538 1511 580 plus,
1535 547 1632 580 quam
1654 545 1790 570 sortem.

1275 579 1354 612 Illae
1383 591 1573 613 communes
1603 582 1785 612 sententiae
1815 581 1935 613 debent
1964 582 2060 614 vobis
2082 591 2160 615 esse

1189 628 1298 654 notae.
1341 623 1414 655 Etsi
1443 624 1523 655 estis
1546 624 1700 662 iuvenes,
1730 634 1793 656 nec
1812 624 1941 656 habetis
1963 630 2160 666 potestatem

1189 664 1317 707 plenam
1351 666 1463 697 utendi
1494 667 1614 698 vestris
1649 667 1754 697 bonis.
1811 667 1909 705 ltem,
1941 673 2064 709 quanta
2084 677 2160 708 pro-

1188 708 1303 739 missio
1337 707 1410 740 est?
1454 710 1553 740 Amen
1586 710 1704 746 Amen,
1738 710 1795 750 qni
1824 710 1950 741 dederit
1977 711 2027 741 vel
2051 714 2160 751 potum

1185 749 1334 791 friyt'clae
1355 759 1479 791 aquae,
1517 761 1578 783 non
1605 752 1720 792 perdet
1753 753 1926 783 mercedem
1948 762 2049 784 suam.
2103 752 2160 784 Vt-

1190 793 1292 831 detis,
1321 793 1410 834 quod
1438 792 1532 825 Deus
1561 793 1724 825 benefacit
1752 793 1939 826 foventibus
1962 794 2159 827 Ecclesiam.

1188 835 1282 867 Deus
1305 835 1449 866 servavit
1470 841 1605 868 nostros
1627 837 1809 878 principes:
1855 837 2007 870 Servavit
2025 837 2086 869 has
2109 847 2160 869 r&

1189 878 1322 919 gion‹·s;
1350 878 1427 919 quia
1450 883 1527 909 sunt
1548 885 1736 911 nostrorum
1759 880 1923 911 hominum
1946 880 2105 912 beneficia
2126 881 2160 912 in

1188 919 1383 952 Ecclesiam.
1428 920 1485 952 Sic
1508 920 1660 952 Ieremias
1683 922 1760 952 dicit
1783 923 1824 954 de
1846 921 2087 954 Abedmelech:
2114 922 2161 955 Tu

1187 963 1371 995 sewaberfs
1392 964 1486 994 etiam
1509 963 1615 995 deleta
1637 963 1879 1005 Hierosolyma.-
1907 970 1941 996 et
1962 964 2078 996 mulier
2099 964 2160 997 Sar

1187 1012 1326 1081 {Eelptana
1348 1012 1495 1048 tempore
1518 1004 1613 1038 samis
1638 1012 1814 1044 servatur,
1837 1007 1913 1049 quia
1935 1007 2162 1039 benefaciebat

1231 1059 1291 1081 tae.

1419 1212 1528 1263 Quid
1563 1219 1625 1254 est
1657 1213 1931 1254 Parsimonia?

1275 1301 1337 1334 Est
1366 1302 1480 1334 eadem
1509 1303 1632 1341 virtus,
1667 1313 1752 1345 quae
1779 1310 1830 1335 est
1853 1302 2068 1342 Libet-alitae,
2100 1304 2164 1336 nisi

1192 1345 1282 1388 quod
1304 1344 1503 1377 Liberalitas
1531 1346 1666 1385 respicit
1694 1344 1839 1377 officium
1861 1347 1976 1378 dandi:
2000 1345 2165 1378 Parsimo

1192 1389 1265 1426 nia,
1296 1387 1474 1419 retinendi:
1510 1388 1585 1428 quia
1613 1389 1710 1419 debet
1737 1398 1815 1420 esse
1843 1390 2007 1421 concinna
2030 1389 2164 1421 donatio

1193 1430 1327 1470 εὔμελής,
1349 1431 1452 1472 inquit
1474 1429 1691 1462 Aristoteles:
1715 1440 1781 1462 non
1805 1432 1903 1463 debet
1925 1441 2003 1463 esse
2025 1431 2165 1473 dissipa·

1192 1475 1256 1512 tio,
1289 1483 1350 1505 seu
1383 1473 1537 1504 vastatio.
1593 1472 1686 1505 Deus
1715 1480 1801 1505 amat
1824 1474 2070 1515 parsimoniam:
2098 1484 2166 1506 non

1194 1515 1263 1548 vult
1286 1526 1348 1548 nos
1371 1516 1484 1553 bonis,
1507 1525 1592 1557 quae
1611 1516 1715 1554 dedit,
1737 1517 1836 1548 abuti.

1279 1559 1341 1591 Hic
1374 1557 1520 1590 solemus
1555 1559 1694 1590 recitare
1722 1565 1958 1599 argumentum.
2015 1559 2069 1591 An
2097 1568 2164 1591 non

1194 1607 1342 1644 pugnant
1368 1601 1472 1633 haec?
1516 1600 1662 1632 Hilarem
1690 1601 1836 1633 datorem
1863 1602 1969 1642 ‹liliyit
1999 1601 2103 1638 Deus,
2131 1607 2165 1633 et

1195 1645 1317 1676 dictum
1339 1643 1540 1685 Epicharmi:
1568 1644 1655 1674 νόσον
1677 1644 1772 1682 ἔχεις,
1794 1648 1909 1685 χαίρεις
1932 1643 2044 1679 διδοιῗς.
2088 1643 2164 1685 Ερὶ

1194 1687 1362 1719 channam
1374 1687 1522 1719 scribunt
1534 1686 1669 1727 primum
1686 1686 1875 1717 exhibuisse
1887 1686 2095 1717 Comoedias·
2129 1685 2165 1718 ld

1195 1730 1296 1763 credo
1325 1729 1375 1761 sic
1403 1727 1558 1770 intelligi,
1592 1729 1679 1770 quod
1708 1729 1830 1769 primus
1861 1727 1997 1760 multum
2019 1727 2165 1761 adhibuit

1194 1771 1376 1814 elegantiae
1403 1777 1435 1803 et
1462 1772 1552 1802 artis.
1609 1769 1713 1802 Valde
1744 1770 1882 1813 elegans
1911 1777 1979 1809 est,
2007 1771 2165 1813 quidquid

1193 1813 1356 1857 allegatur
1385 1824 1425 1845 ex
1452 1813 1666 1854 Epicharmo:
1697 1820 1749 1844 est
1777 1819 1885 1845 autem
1913 1813 1978 1845 hoc
2000 1824 2100 1846 unum
2122 1823 2164 1846 ex

1193 1856 1445 1900 elegantissimis
1469 1857 1577 1888 dictis.
1602 1857 1686 1885 rojam
1709 1857 1797 1895 ἔχεις,
1819 1860 1932 1896 χαίρεις
1950 1855 2060 1892 διδούς.
2106 1855 2164 1888 Sto

1193 1901 1271 1932 dicit
1293 1897 1528 1941 paterfamiiias
1551 1899 1593 1929 ad
1617 1897 1725 1930 filium.
1772 1898 1812 1929 Ut
1836 1900 1864 1930 si
1889 1900 2017 1939 cogites
2040 1900 2082 1930 de
2104 1898 2163 1930 lm

1193 1949 1345 1985 peratore
1365 1941 1530 1973 Friderico
1548 1948 1700 1972 monente
1720 1939 1820 1972 lilium
1840 1940 2083 1973 adolescentem
2097 1940 2166 1972 Μο-

1193 1985 1404 2017 ximilianum.
1460 1983 1554 2018 Quod
1588 1982 1771 2024 exemplum
1806 1984 1932 2015 debetis
1967 1984 2165 2015 meminisse

1194 2029 1293 2059 Pater
1325 2025 1534 2058 maximiliani
1575 2026 1763 2058 fridericus
1803 2028 1936 2058 vocavit
1977 2026 2076 2058 lilium
2116 2027 2168 2058 ein

1193 2075 1294 2102 strato
1316 2070 1377 2101 das
1397 2070 1526 2109 ffltllcin.
1583 2068 1660 2100 Erat
1687 2069 1773 2100 enim
1801 2079 1903 2100 senex
1927 2069 2101 2101 admodum
2124 2069 2165 2100 ri-

1194 2115 1301 2156 gidus.
1358 2111 1492 2143 Miserat
1525 2110 1747 2143 Maximiliano
1781 2110 1987 2144 adolescenti
2008 2118 2166 2150 strenam,

1194 2167 1268 2188 cum
1297 2162 1386 2187 esset
1418 2155 1634 2197 Noribergnc.
1690 2154 1763 2185 Fuit
1795 2155 1907 2195 patina
1935 2153 2033 2196 plena
2054 2164 2167 2196 pomo-

1762 2281 1931 2314 Venerunt
1962 2283 1993 2313 in
2017 2283 2087 2313 eius
2110 2281 2166 2313 lta·

260 2329 382 2360 lustitia
406 2327 613 2370 particularis
638 2329 744 2360 reddit
761 2329 878 2369 cuique
902 2327 1058 2363 debitum,
1081 2326 1144 2357 sci·
1168 2323 1170 2355 f
1196 2326 1393 2363 bitaculum,
1422 2332 1453 2357 ct
1481 2326 1634 2357 meditata
1658 2325 1806 2357 oratione
1820 2325 1995 2356 dixerunt:
2025 2323 2167 2366 impero-

173 2371 249 2403 licet
283 2373 460 2404 individuo.

174 2415 206 2445 id
237 2421 302 2446 est.
333 2415 495 2447 communi
520 2414 687 2450 societati3
710 2413 794 2449 Quia
818 2423 878 2444 nos
903 2413 994 2444 Deus
1018 2411 1143 2453 obliga-

176 2458 238 2494 vit,
268 2464 300 2487 ut
324 2459 469 2489 nwmbra
493 2456 629 2488 fortiora
654 2463 685 2487 et
709 2457 895 2497 copiosiora
919 2465 1014 2496 opem
1038 2455 1141 2486 tvi-nm

176 2498 443 2532 imbecillioribus
477 2507 507 2531 ct
543 2501 759 2531 tenuioribus:
793 2500 853 2530 iste
882 2506 931 2530 est
957 2499 1039 2528 ordo
1064 2497 1142 2528 Dei:
1168 2503 1169 2508 ¹

1168 2539 1406 2571 ζΑιὶοΙιιευοιιει
1447 2541 1594 2581 acceptis
1631 2539 1821 2570 muneribus
1855 2538 2044 2579 respondit:
2100 2538 2167 2568 Oro

1167 2595 1171 2622 g
1198 2583 1303 2615 Deum
1326 2589 1506 2620 aeternum,
1533 2588 1567 2614 ut
1589 2582 1661 2624 ipse
1683 2587 1811 2622 patrem
1833 2591 1939 2613 meutn
1963 2580 2168 2613 carissimum

175 2549 206 2574 et
231 2542 424 2574 Liberalitas
448 2551 497 2574 cst
522 2544 636 2576 virtus,
658 2543 733 2583 quia
753 2549 801 2573 est
821 2543 983 2573 destinata
1002 2542 1042 2571 ad
1067 2551 1143 2571 con-

174 2587 396 2618 aervationem
420 2587 550 2627 generis
573 2585 712 2617 humani.
759 2585 857 2617 Scitis
881 2585 921 2616 tlt·
945 2584 1006 2615 hac
1025 2584 1143 2614 virtute

518 2369 715 2403 Liberalitas
750 2372 803 2402 dat
837 2370 981 2401 debitum
1009 2369 1143 2410 speciei,
1168 2368 1169 2392 i
1196 2376 1248 2401 tor
1278 2377 1370 2410 pater
1398 2375 1526 2407 vester,
1554 2369 1648 2400 mittit
1675 2368 1770 2399 vobis
1794 2367 1859 2398 hoc
1882 2377 2018 2404 munuS‚
2040 2373 2072 2398 et
2094 2376 2167 2408 pn>

1197 2419 1290 2444 catur
1314 2413 1409 2443 vobis
1431 2411 1561 2443 felicem
1584 2421 1720 2443 annum.
1750 2416 1780 2441 et
1804 2408 1967 2451 postulat,
1996 2416 2030 2441 ut
2053 2419 2167 2450 preco-

1196 2457 1271 2487 mini
1296 2455 1418 2491 Deum,
1450 2460 1485 2486 ut
1508 2464 1581 2485 eum
1603 2454 1717 2490 vobis,
1751 2453 1904 2494 imperio,
1939 2459 1970 2483 et
1994 2453 2090 2483 nobie
2113 2453 2168 2483 diu

1197 2497 1392 2529 inu-olumem
1411 2503 1539 2532 seri-cu
1562 2503 1734 2537 praeterea
1752 2502 1784 2526 ut
1804 2495 1964 2527 studeatis
1983 2493 2166 2536 diligenter.

2315 2627 2319 2666 l

2317 2711 2319 2737 t
