2324 2958
49 187 113 220 517

223 357 438 408 Quomodo
469 362 636 396 vocatur
668 353 847 395 Graece?

135 445 252 488 Χοῖνιξ.
306 448 366 480 Est
400 447 485 489 apud
518 446 711 478 Homerum:
751 447 850 478 Nemo
882 448 916 477 in
947 454 1019 477 mea

50 497 142 527 domo
162 494 254 525 debet
273 493 453 524 chaenicem
475 491 570 522 edere
591 492 662 520 sine
679 490 801 520 labore:
827 488 935 519 Otiosi
951 498 1016 519 non

326 535 386 572 Qut
417 543 480 565 non
501 533 638 570 laborat,
673 541 736 563 non
764 533 943 569 manducet,
970 531 1017 562 in·

51 542 126 569 sunt
148 535 266 567 alendi.

51 579 118 621 quit
142 576 276 609 Paulus.

177 742 295 784 Unde
327 741 438 781 venit
470 739 710 779 vocabulum
745 738 888 781 2‘051‘15?

134 833 165 864 A
180 834 264 866 Chus
275 831 439 868 Hebraeo,
469 830 556 871 quod
572 829 708 861 culicem
722 828 900 870 significat,
923 830 1016 859 einen

48 877 147 916 kelch,
169 879 222 907 ein
231 876 457 914 schrisslichen,
480 874 556 904 item
571 871 742 915 pugillum,
772 875 824 903 ein
835 871 937 902 hande
947 872 1015 910 roll,

48 925 83 950 ut
111 917 213 950 multa
245 918 375 949 nomina
410 926 634 947 mensurarum
669 922 742 945 sunt
775 924 814 945 ex
849 913 1014 943 Hebraeo.

49 959 256 993 Vocabulum
294 961 437 992 modius.
485 965 536 991 est
581 956 773 999 simpliciter
818 955 1014 986 Hebraeum.

46 1002 136 1035 Mina
168 1004 263 1034 etiam
298 1008 347 1033 est
379 1002 575 1033 Hebraeum.
620 1001 758 1031 Nomina
781 999 960 1039 ponderum
984 1003 1015 1028 et

46 1056 273 1078 mensurarum
302 1051 377 1077 sunt
405 1051 544 1085 accepta
567 1055 586 1075 a
609 1044 720 1085 primis
749 1042 906 1083 patribus.
953 1040 1015 1083 lgi-

46 1094 100 1120 tur
132 1094 207 1119 sunt
241 1087 453 1130 pinorumque
484 1087 645 1118 Hebraea.
706 1083 853 1126 Singulis
886 1083 1015 1121 diebus,

46 1131 143 1163 datus
165 1136 215 1162 est
238 1130 377 1173 singulis
401 1130 585 1161 hominihus
612 1130 766 1164 Clzoenzsst,
794 1127 827 1158 id
850 1132 912 1164 est,
941 1136 1014 1157 sex-

47 1175 150 1205 tarius
173 1174 249 1212 vini,
268 1174 354 1215 quod
374 1174 454 1203 satis
474 1179 525 1204 est
548 1172 668 1203 homini
691 1170 858 1201 moderate
880 1169 1014 1207 viventi,

45 1221 79 1247 et
100 1217 303 1257 praesertim,
327 1216 356 1246 si
380 1221 431 1246 est
454 1216 572 1246 bonum
596 1214 715 1245 vinum.

225 1381 335 1431 Quid
366 1379 563 1434 significat-
594 1377 832 1419 sextarius?

132 1471 303 1503 Sextarius
335 1471 400 1501 vini
435 1473 478 1501 ist
509 1472 559 1500 ein
593 1471 712 1508 risisset,
746 1468 777 1498 id
801 1473 862 1506 est,
885 1467 1014 1498 dimidia

45 1523 124 1556 pars
146 1514 307 1552 canthari,
329 1511 382 1544 vel
401 1511 569 1553 aliquanto
593 1511 709 1542 minus.
742 1510 881 1541 Tantum
904 1510 1013 1541 datum

45 1563 96 1588 est
118 1556 291 1597 unicuique
313 1555 470 1597 quotidie:
506 1554 584 1585 item
617 1554 713 1585 datus
747 1559 798 1584 est
825 1563 885 1593 pro
908 1553 1014 1584 tribus

45 1599 183 1630 nummis
206 1599 409 1629 nostratibus
432 1597 538 1637 paniS.
594 1596 630 1627 Id
663 1596 758 1627 etiam
787 1594 909 1626 homini
936 1602 1014 1627 tem-

42 1642 172 1683 peranti
194 1641 276 1672 satis
300 1646 369 1678 est,
402 1639 597 1680 praesertim
620 1639 648 1669 si
671 1639 766 1679 panis
790 1644 840 1669 est
863 1648 903 1669 ex
927 1639 1014 1669 bono

43 1684 219 1722 frumento,
241 1689 274 1714 et
297 1683 381 1714 bene
405 1687 530 1714 coctus·
587 1681 694 1712 Datae
729 1686 805 1711 sunt
835 1681 931 1711 etiam
958 1680 1015 1711 ali-

45 1732 125 1768 quot
156 1735 288 1757 massae
310 1725 440 1762 ficuum,
463 1730 495 1755 et
517 1729 642 1755 certum
663 1724 793 1764 pondus
816 1724 972 1754 carnium.

132 1767 242 1810 Aliqui
275 1768 509 1805 vendiderunt,
543 1767 631 1808 quod
665 1765 865 1807 superfluum
887 1764 958 1803 fuit,
981 1770 1017 1797 ut

45 1810 102 1843 ille
136 1811 223 1853 apud
256 1810 460 1848 Terentium,
497 1810 709 1849 Defraudans
743 1809 873 1848 yem'um
910 1817 1015 1845 suum,

45 1857 221 1895 comparsit
240 1854 345 1884 miser.
379 1852 472 1884 Multi
490 1852 706 1883 vendiderunt
727 1851 850 1889 vinum,
872 1856 904 1882 et
926 1851 1015 1882 bibe-

45 1903 121 1929 runt
143 1906 262 1938 aquam
287 1894 338 1927 vel
361 1894 476 1926 loram.
519 1894 641 1926 Nostra
666 1894 837 1931 cerevisia,
872 1901 905 1925 ct
939 1893 1015 1925 vina

45 1938 118 1977 illa,
153 1949 238 1981 quae
271 1937 324 1969 hic
358 1948 477 1979 magna
510 1947 551 1968 ex
579 1944 673 1979 parte
699 1937 903 1975 venduntur,
938 1942 1014 1967 sunt

45 1993 112 2015 non
134 1981 236 2013 multo
259 1981 499 2023 praestantiora
523 1990 618 2021 quam
640 1978 722 2012 lora.

135 2024 223 2056 Vera
246 2023 318 2055 lora
343 2025 391 2055 sic
419 2022 470 2058 fit;
504 2023 635 2064 quando
663 2024 772 2054 w’num
801 2027 853 2054 est
880 2032 1013 2064 expres-

47 2078 118 2100 sum
142 2077 182 2099 ex
204 2067 290 2105 uvis,
325 2073 401 2098 tunc
423 2064 597 2096 affunditur
619 2075 715 2107 aqua,
748 2071 779 2096 et
802 2075 918 2097 rursus
940 2075 1012 2106 pre-

46 2116 177 2142 muntur
199 2119 291 2142 uvae.
340 2109 545 2139 Postremum
572 2107 671 2146 illud,
701 2109 788 2150 quod
811 2108 1012 2150 exprimitur,

48 2153 164 2190 dicitur
185 2151 276 2190 lora,
309 2163 406 2193 quam
439 2149 495 2182 alii
527 2149 711 2189 meliorem,
744 2150 800 2182 alii
832 2151 1013 2183 tenuiorem

48 2195 181 2228 faciunt.
236 2195 277 2227 Et
311 2193 426 2226 melior
460 2192 531 2225 lora
563 2192 614 2231 fit,
649 2203 721 2225 cum
755 2194 864 2226 adhuc
890 2192 1013 2235 aliquid

49 2239 124 2270 boni
147 2238 239 2269 succi
261 2238 294 2269 in
317 2239 390 2269 uvis
414 2235 562 2267 relictum
584 2234 654 2267 suit.

132 2280 204 2323 Ego
238 2281 366 2312 memini
399 2279 600 2321 capnionem
634 2288 746 2310 senem
779 2289 844 2311 non
883 2278 1014 2311 solitum

46 2325 175 2365 vaeperi
208 2324 284 2356 vino
317 2334 419 2361 mero,
452 2322 511 2353 sed
545 2320 616 2353 lora
659 2321 722 2357 uti;
756 2328 789 2353 et
819 2322 948 2364 quidem
981 2322 1015 2354 in

46 2372 182 2404 aestate,
215 2376 287 2398 cum
311 2372 418 2397 tamen
453 2364 529 2395 mihi
553 2374 620 2395 non
644 2365 840 2396 concederet
863 2365 909 2396 uti
931 2363 1015 2396 lora„

48 2409 95 2440 lta
115 2415 345 2450 temperanter,
369 2416 400 2439 et
419 2407 610 2448 simpliciter
623 2407 701 2438 vixit
722 2407 785 2438 ista
805 2413 909 2446 aetaS,
931 2417 1016 2449 quae

49 2458 101 2482 est
122 2451 228 2482 adhuc
246 2452 354 2483 w'cina
377 2451 484 2483 nohis.
529 2449 655 2490 Capnio
675 2455 743 2481 erat
766 2459 880 2489 senex,
915 2455 947 2481 et
969 2455 1016 2482 ta-

49 2503 123 2524 men
144 2493 285 2525 habebat
297 2495 461 2526 mediocre
482 2494 585 2524 robur
599 2493 759 2533 corporis,
781 2503 939 2535 egressus
961 2503 1014 2523 an-

48 2546 110 2567 nos
144 2538 330 2578 sexaginta,
376 2547 441 2568 non
473 2534 591 2578 procul
623 2537 738 2567 aberat
770 2536 811 2567 ab
844 2546 931 2568 anno
964 2536 1016 2567 70.

48 2577 162 2610 Coena
184 2578 232 2611 illi
253 2587 324 2611 erat
346 2579 468 2621 aliquid
491 2578 605 2610 hordei
629 2584 661 2610 et
682 2577 784 2610 lorae.

132 2621 272 2654 Veteres
295 2630 419 2655 certum
443 2622 590 2653 ordinem
613 2626 788 2653 tenuerunt
805 2621 836 2652 in
861 2622 965 2660 victu,
986 2626 1019 2653 et

738 181 954 218 POSTILLA
976 180 1372 217 MELANTHONJANA.

1978 185 2042 217 518

1068 281 1245 317 potuerunt
1266 276 1363 313 scire,
1387 275 1464 316 quid
1488 276 1604 318 cuique
1627 287 1710 318 opus
1732 283 1823 309 esset
1850 278 1882 309 in
1905 286 1967 310 sua
1988 288 2042 311 oe-

1070 318 1239 357 conomia,
1268 319 1328 350 wie
1356 321 1418 350 viel
1443 328 1480 350 er
1502 320 1561 350 mit
1579 323 1700 351 seluern
1719 321 1854 359 yet-inde
1882 324 2043 353 temer-ete

1070 365 1112 412 inf
1135 363 1198 411 ζαν.
1244 361 1300 393 Sic
1322 361 1421 403 igitur
1443 362 1706 403 supputationem
1729 361 1782 394 hic
1804 361 1972 405 Philippus
1996 364 2041 394 in-

1070 409 1183 436 stituit.

1071 568 1276 618 Quantum
1293 569 1490 623 accipient
1504 568 1673 622 singuli‚·
1688 568 1720 609 si
1740 583 1864 623 panes
1896 573 1950 612 20
1973 585 2041 611 co-

1105 651 1337 686 ronatorum
1369 651 1463 685 sunt
1493 645 1757 685 distribuendi
1788 645 1829 685 in
1862 647 2003 688 5000?

1155 735 1219 767 V‘uz
1248 747 1309 778 pro
1331 736 1598 777 sesquinumm0‚
1629 740 1733 767 elman
1761 739 1785 767 3
1814 737 1914 767 heller
1941 739 2044 768 werdt

1068 779 1177 817 brom,
1201 779 1277 821 quia
1298 788 1364 810 non
1386 777 1489 810 voluit
1512 776 1679 819 Philippus
1701 777 1777 809 illos
1799 777 1887 810 laute
1904 788 2043 820 pascere

1068 821 1100 851 in
1125 822 1267 853 deserto.
1312 821 1475 853 Exercete
1497 819 1742 852 Arithmeticam
1771 821 1803 852 in
1826 819 1881 852 illa
1904 819 2043 862 pulchra

1069 865 1324 906 computatione,
1347 871 1379 896 et
1403 864 1544 906 cogitate
1556 864 1597 895 de
1621 870 1768 895 veterum
1793 864 2042 902 consuetudine,

1067 907 1155 948 quod
1168 907 1283 938 ordine
1296 907 1464 943 vixerunt3
1486 904 1715 938 intellexerunt
1725 907 1937 938 oeconomias
1949 916 2041 944 suas,

1068 956 1098 980 et
1123 950 1300 989 sciverunt,
1324 950 1402 992 quid
1425 959 1509 991 opus
1533 956 1633 980 esset.
1678 949 1746 980 Iam
1769 950 1928 990 sequitur,
1952 950 2043 991 quod

1068 992 1144 1023 dicit
1166 992 1338 1024 Andreas:
1372 994 1459 1024 Puer
1491 993 1586 1024 habet
1606 995 1742 1032 quinque
1758 1002 1872 1033 pane-³,
1906 996 1938 1023 el
1963 993 2043 1024 duos

1064 1038 1180 1075 pisces.
1228 1035 1369 1076 Opsaria
1392 1034 1446 1067 vel
1468 1035 1587 1076 ὀψόιία.

1315 1205 1481 1254 Ὀψόνιον
1509 1201 1616 1241 unde
1648 1200 1820 1240 dicitur?

1151 1299 1205 1331 Ab
1218 1299 1294 1341 ὄψον
1305 1305 1337 1331 et
1359 1297 1445 1331 ὅνιον,
1462 1298 1560 1340 Ὄψον
1570 1300 1658 1341 quod
1682 1299 1845 1341 coquitur,
1868 1299 1957 1340 quod
1986 1309 2042 1332 co-

1066 1348 1153 1374 ctum
1165 1348 1227 1381 est,
1250 1344 1292 1375 ab
1311 1342 1389 1383 ἕψω,
1413 1341 1513 1380 elixo,
1535 1344 1636 1381 siden,
1658 1343 1735 1384 quia
1757 1342 1970 1374 usitatissima
1990 1348 2041 1373 est

1065 1386 1200 1417 mutatio
1223 1398 1236 1416 ε
1258 1387 1291 1417 in
1314 1398 1338 1417 ο.
1361 1388 1434 1425 λέγω
1462 1384 1557 1425 λόγος.
1590 1385 1666 1417 Non
1698 1386 1787 1417 venit
1812 1385 1853 1416 ab
1878 1384 1945 1425 ὀψὲ,
1967 1395 2042 1422 sero

1066 1429 1158 1470 (quia
1179 1427 1328 1460 homines
1358 1427 1404 1459 illi
1427 1427 1515 1460 soliti
1537 1434 1614 1459 sunt
1636 1433 1761 1460 tantum
1785 1432 1947 1466 coenate).
1971 1428 2040 1460 Ista

1067 1477 1118 1502 est
1139 1470 1313 1512 phantasia
1335 1472 1511 1503 inerudita:
1530 1471 1588 1502 sed
1613 1471 1700 1502 veuit
1711 1472 1753 1503 ab
1777 1471 1862 1512 ὄψον,
1887 1472 1946 1503 das
1963 1480 2040 1504 man

1063 1516 1200 1554 yekoclzt
1217 1516 1282 1546 liat.
1326 1513 1464 1546 Praeter
1491 1524 1609 1555 panem
1631 1521 1664 1545 et
1685 1514 1813 1553 vinum,
1842 1519 1974 1547 caetera
1996 1514 2041 1546 di·

1067 1558 1228 1589 cebantur
1250 1557 1399 1588 obsonia.

1336 1730 1452 1764 Ὄνιον
1478 1722 1586 1762 unde
1619 1721 1786 1763 dieitur?

1155 1820 1207 1851 Ab
1230 1820 1364 1860 ὀνοῦμαι,
1388 1821 1421 1852 id
1443 1827 1507 1859 est,
1530 1831 1613 1852 emo.

1315 1987 1434 2029 Unde
1467 1987 1610 2027 dicitur
1641 1987 1800 2027 vendo?

1151 2097 1182 2127 Α
1205 2106 1321 2127 venum
1346 2103 1377 2127 et
1402 2096 1455 2126 do.

1283 2262 1401 2303 Unde
1433 2268 1495 2302 est
1524 2261 1620 2301 illud
1649 2261 1825 2300 venum?

1153 2363 1184 2393 A
1217 2362 1346 2394 Graeco
1381 2362 1516 2400 ὀινοῦμαι,
1544 2361 1631 2402 quod
1654 2358 1815 2401 significat
1849 2360 1892 2390 ita
1914 2357 2038 2401 aliquid

1068 2405 1160 2443 dare,
1190 2411 1223 2436 ut
1252 2406 1294 2436 sit
1322 2405 1470 2447 pretium.
1537 2403 1619 2434 Nam
1649 2403 1780 2441 ὀιόὖμαι,
1804 2408 1853 2433 est
1876 2402 1917 2433 ab
1940 2400 2038 2441 ὅνημ,

1068 2452 1155 2481 iuro:
1173 2449 1249 2490 quia
1261 2456 1397 2490 uterque
1417 2448 1546 2478 iuvatur
1563 2447 1594 2477 in
1612 2446 1774 2487 emptione
1791 2451 1821 2476 et
1835 2445 2037 2477 venditione:

1067 2492 1098 2522 in
1133 2492 1308 2523 donatione
1342 2490 1426 2522 alter
1458 2495 1581 2521 tantum
1615 2490 1753 2520 iuvatur.
1808 2488 1885 2519 Ideo
1918 2488 2037 2529 emptio

1068 2541 1100 2565 et
1123 2535 1265 2566 venditio
1298 2534 1420 2566 habent
1448 2531 1617 2573 pulchrius
1640 2541 1774 2565 nomen:
1808 2531 1884 2573 quia
1919 2531 2037 2563 debent

1067 2578 1192 2609 servire
1221 2579 1360 2619 utrique.
1404 2575 1483 2607 Mihi
1507 2584 1589 2615 opus
1619 2580 1669 2605 est
1693 2572 1878 2611 frument03
1902 2573 2036 2605 Rustico

1068 2630 1152 2662 opus
1175 2628 1225 2652 est
1238 2620 1369 2652 calceis.
1403 2619 1502 2661 Igitur
1524 2627 1596 2648 emo
1619 2617 1660 2649 ab
1683 2627 1734 2655 eo,
1758 2623 1789 2648 et
1801 2618 1842 2649 do
1865 2617 2037 2660 pecuniam

1581 2677 1627 2701 ³3·
